PokerStars Hand #153324353046:  Hold'em Limit ($3/$6 USD) - 2016/05/14 19:33:31 ET
Table 'Laetitia' 6-max Seat #3 is the button
Seat 3: haagsemocro1 ($36.14 in chips)
Seat 4: BuzovaPro ($72 in chips)
haagsemocro1: posts small blind $1
BuzovaPro: posts big blind $3
*** HOLE CARDS ***
haagsemocro1: raises $3 to $6
BuzovaPro: calls $3
*** FLOP *** [2c 6c 8d]
BuzovaPro: checks
haagsemocro1: bets $3
BuzovaPro: calls $3
*** TURN *** [2c 6c 8d] [4s]
BuzovaPro: checks
haagsemocro1: bets $6
BuzovaPro: calls $6
*** RIVER *** [2c 6c 8d 4s] [Kd]
7 Huligan 7 joins the table at seat #2
BuzovaPro: checks
haagsemocro1: bets $6
BuzovaPro: raises $6 to $12
haagsemocro1: calls $6
*** SHOW DOWN ***
BuzovaPro: shows [Kh 3c] (a pair of Kings)
haagsemocro1: shows [As Ad] (a pair of Aces)
haagsemocro1 collected $53.50 from pot
*** SUMMARY ***
Total pot $54 | Rake $0.50
Board [2c 6c 8d 4s Kd]
Seat 3: haagsemocro1 (button) (small blind) showed [As Ad] and won ($53.50) with a pair of Aces
Seat 4: BuzovaPro (big blind) showed [Kh 3c] and lost with a pair of Kings


PokerStars Hand #153324398907:  Hold'em Limit ($3/$6 USD) - 2016/05/14 19:34:45 ET
Table 'Laetitia' 6-max Seat #4 is the button
Seat 3: haagsemocro1 ($62.64 in chips)
Seat 4: BuzovaPro ($100.20 in chips)
BuzovaPro: posts small blind $1
haagsemocro1: posts big blind $3
*** HOLE CARDS ***
BuzovaPro: raises $3 to $6
haagsemocro1: calls $3
*** FLOP *** [2s 4c 7s]
haagsemocro1: checks
BuzovaPro: bets $3
haagsemocro1: calls $3
*** TURN *** [2s 4c 7s] [7c]
haagsemocro1: checks
BuzovaPro: bets $6
haagsemocro1: calls $6
*** RIVER *** [2s 4c 7s 7c] [2d]
haagsemocro1: checks
BuzovaPro: bets $6
haagsemocro1: calls $6
*** SHOW DOWN ***
BuzovaPro: shows [Jh Jc] (two pair, Jacks and Sevens)
haagsemocro1: mucks hand
BuzovaPro collected $41.50 from pot
*** SUMMARY ***
Total pot $42 | Rake $0.50
Board [2s 4c 7s 7c 2d]
Seat 3: haagsemocro1 (big blind) mucked
Seat 4: BuzovaPro (button) (small blind) showed [Jh Jc] and won ($41.50) with two pair, Jacks and Sevens


PokerStars Hand #153324415876:  Hold'em Limit ($3/$6 USD) - 2016/05/14 19:35:13 ET
Table 'Laetitia' 6-max Seat #3 is the button
Seat 3: haagsemocro1 ($41.64 in chips)
Seat 4: BuzovaPro ($120.70 in chips)
haagsemocro1: posts small blind $1
BuzovaPro: posts big blind $3
*** HOLE CARDS ***
haagsemocro1: calls $2
BuzovaPro: checks
*** FLOP *** [2h 9h Ac]
BuzovaPro: checks
haagsemocro1: bets $3
BuzovaPro: folds
Uncalled bet ($3) returned to haagsemocro1
haagsemocro1 collected $5.88 from pot
haagsemocro1: doesn't show hand
*** SUMMARY ***
Total pot $6 | Rake $0.12
Board [2h 9h Ac]
Seat 3: haagsemocro1 (button) (small blind) collected ($5.88)
Seat 4: BuzovaPro (big blind) folded on the Flop


PokerStars Hand #153324597938:  Hold'em Limit ($3/$6 USD) - 2016/05/14 19:40:09 ET
Table 'Laetitia' 6-max Seat #4 is the button
Seat 3: haagsemocro1 ($63.08 in chips)
Seat 4: BuzovaPro ($140.07 in chips)
BuzovaPro: posts small blind $1
haagsemocro1: posts big blind $3
*** HOLE CARDS ***
BuzovaPro: folds
Uncalled bet ($2) returned to haagsemocro1
haagsemocro1 collected $2 from pot
haagsemocro1: doesn't show hand
*** SUMMARY ***
Total pot $2 | Rake $0
Seat 3: haagsemocro1 (big blind) collected ($2)
Seat 4: BuzovaPro (button) (small blind) folded before Flop


PokerStars Hand #153324594706:  Hold'em Limit ($3/$6 USD) - 2016/05/14 19:40:03 ET
Table 'Laetitia' 6-max Seat #3 is the button
Seat 3: haagsemocro1 ($60.08 in chips)
Seat 4: BuzovaPro ($143.07 in chips)
haagsemocro1: posts small blind $1
BuzovaPro: posts big blind $3
*** HOLE CARDS ***
haagsemocro1: raises $3 to $6
BuzovaPro: folds
Uncalled bet ($3) returned to haagsemocro1
haagsemocro1 collected $6 from pot
haagsemocro1: doesn't show hand
*** SUMMARY ***
Total pot $6 | Rake $0
Seat 3: haagsemocro1 (button) (small blind) collected ($6)
Seat 4: BuzovaPro (big blind) folded before Flop


PokerStars Hand #153324577820:  Hold'em Limit ($3/$6 USD) - 2016/05/14 19:39:35 ET
Table 'Laetitia' 6-max Seat #4 is the button
Seat 3: haagsemocro1 ($66.08 in chips)
Seat 4: BuzovaPro ($137.31 in chips)
BuzovaPro: posts small blind $1
haagsemocro1: posts big blind $3
*** HOLE CARDS ***
BuzovaPro: raises $3 to $6
haagsemocro1: calls $3
*** FLOP *** [2c Kd 8c]
haagsemocro1: checks
BuzovaPro: bets $3
haagsemocro1: folds
Uncalled bet ($3) returned to BuzovaPro
BuzovaPro collected $11.76 from pot
BuzovaPro: doesn't show hand
*** SUMMARY ***
Total pot $12 | Rake $0.24
Board [2c Kd 8c]
Seat 3: haagsemocro1 (big blind) folded on the Flop
Seat 4: BuzovaPro (button) (small blind) collected ($11.76)


PokerStars Hand #153324561427:  Hold'em Limit ($3/$6 USD) - 2016/05/14 19:39:09 ET
Table 'Laetitia' 6-max Seat #3 is the button
Seat 3: haagsemocro1 ($60.32 in chips)
Seat 4: BuzovaPro ($143.31 in chips)
haagsemocro1: posts small blind $1
BuzovaPro: posts big blind $3
*** HOLE CARDS ***
haagsemocro1: raises $3 to $6
7 Huligan 7 leaves the table
BuzovaPro: calls $3
*** FLOP *** [5h 3d Ac]
BuzovaPro: checks
haagsemocro1: checks
*** TURN *** [5h 3d Ac] [7s]
BuzovaPro: checks
haagsemocro1: bets $6
BuzovaPro: folds
Uncalled bet ($6) returned to haagsemocro1
haagsemocro1 collected $11.76 from pot
haagsemocro1: doesn't show hand
*** SUMMARY ***
Total pot $12 | Rake $0.24
Board [5h 3d Ac 7s]
Seat 3: haagsemocro1 (button) (small blind) collected ($11.76)
Seat 4: BuzovaPro (big blind) folded on the Turn


PokerStars Hand #153324615092:  Hold'em Limit ($3/$6 USD) - 2016/05/14 19:40:37 ET
Table 'Laetitia' 6-max Seat #3 is the button
Seat 3: haagsemocro1 ($82.58 in chips)
Seat 4: BuzovaPro ($120.07 in chips)
haagsemocro1: posts small blind $1
BuzovaPro: posts big blind $3
*** HOLE CARDS ***
haagsemocro1: raises $3 to $6
BuzovaPro: raises $3 to $9
haagsemocro1: calls $3
*** FLOP *** [Jh 4c 2c]
BuzovaPro: bets $3
haagsemocro1: calls $3
*** TURN *** [Jh 4c 2c] [9h]
BuzovaPro: bets $6
haagsemocro1: folds
Uncalled bet ($6) returned to BuzovaPro
BuzovaPro collected $23.52 from pot
BuzovaPro: doesn't show hand
*** SUMMARY ***
Total pot $24 | Rake $0.48
Board [Jh 4c 2c 9h]
Seat 3: haagsemocro1 (button) (small blind) folded on the Turn
Seat 4: BuzovaPro (big blind) collected ($23.52)


PokerStars Hand #153324612319:  Hold'em Limit ($3/$6 USD) - 2016/05/14 19:40:33 ET
Table 'Laetitia' 6-max Seat #4 is the button
Seat 3: haagsemocro1 ($81.58 in chips)
Seat 4: BuzovaPro ($121.07 in chips)
BuzovaPro: posts small blind $1
haagsemocro1: posts big blind $3
*** HOLE CARDS ***
BuzovaPro: folds
Uncalled bet ($2) returned to haagsemocro1
haagsemocro1 collected $2 from pot
haagsemocro1: doesn't show hand
*** SUMMARY ***
Total pot $2 | Rake $0
Seat 3: haagsemocro1 (big blind) collected ($2)
Seat 4: BuzovaPro (button) (small blind) folded before Flop


PokerStars Hand #153324600374:  Hold'em Limit ($3/$6 USD) - 2016/05/14 19:40:13 ET
Table 'Laetitia' 6-max Seat #3 is the button
Seat 3: haagsemocro1 ($64.08 in chips)
Seat 4: BuzovaPro ($139.07 in chips)
haagsemocro1: posts small blind $1
BuzovaPro: posts big blind $3
*** HOLE CARDS ***
haagsemocro1: raises $3 to $6
BuzovaPro: calls $3
*** FLOP *** [6c 2c Ac]
BuzovaPro: checks
haagsemocro1: checks
*** TURN *** [6c 2c Ac] [3d]
BuzovaPro: bets $6
haagsemocro1: calls $6
*** RIVER *** [6c 2c Ac 3d] [6h]
BuzovaPro: bets $6
haagsemocro1: raises $6 to $12
BuzovaPro: folds
Uncalled bet ($6) returned to haagsemocro1
haagsemocro1 collected $35.50 from pot
haagsemocro1: doesn't show hand
*** SUMMARY ***
Total pot $36 | Rake $0.50
Board [6c 2c Ac 3d 6h]
Seat 3: haagsemocro1 (button) (small blind) collected ($35.50)
Seat 4: BuzovaPro (big blind) folded on the River


PokerStars Hand #153324638078:  Hold'em Limit ($3/$6 USD) - 2016/05/14 19:41:16 ET
Table 'Laetitia' 6-max Seat #3 is the button
Seat 3: haagsemocro1 ($64.58 in chips)
Seat 4: BuzovaPro ($137.35 in chips)
haagsemocro1: posts small blind $1
BuzovaPro: posts big blind $3
*** HOLE CARDS ***
haagsemocro1: raises $3 to $6
BuzovaPro: raises $3 to $9
haagsemocro1: calls $3
*** FLOP *** [4c Ac 8s]
BuzovaPro: bets $3
haagsemocro1: calls $3
*** TURN *** [4c Ac 8s] [8d]
BuzovaPro: bets $6
haagsemocro1: calls $6
*** RIVER *** [4c Ac 8s 8d] [Kh]
BuzovaPro: bets $6
haagsemocro1: raises $6 to $12
BuzovaPro: raises $6 to $18
haagsemocro1: calls $6
*** SHOW DOWN ***
BuzovaPro: shows [8h 9h] (three of a kind, Eights)
haagsemocro1: shows [8c 5c] (three of a kind, Eights)
BuzovaPro collected $35.75 from pot
haagsemocro1 collected $35.75 from pot
*** SUMMARY ***
Total pot $72 | Rake $0.50
Board [4c Ac 8s 8d Kh]
Seat 3: haagsemocro1 (button) (small blind) showed [8c 5c] and won ($35.75) with three of a kind, Eights
Seat 4: BuzovaPro (big blind) showed [8h 9h] and won ($35.75) with three of a kind, Eights


PokerStars Hand #153324624262:  Hold'em Limit ($3/$6 USD) - 2016/05/14 19:40:53 ET
Table 'Laetitia' 6-max Seat #4 is the button
Seat 3: haagsemocro1 ($70.58 in chips)
Seat 4: BuzovaPro ($131.59 in chips)
BuzovaPro: posts small blind $1
haagsemocro1: posts big blind $3
*** HOLE CARDS ***
BuzovaPro: raises $3 to $6
haagsemocro1: calls $3
*** FLOP *** [Kd 2s Ac]
haagsemocro1: checks
BuzovaPro: bets $3
haagsemocro1: folds
Uncalled bet ($3) returned to BuzovaPro
BuzovaPro collected $11.76 from pot
BuzovaPro: doesn't show hand
*** SUMMARY ***
Total pot $12 | Rake $0.24
Board [Kd 2s Ac]
Seat 3: haagsemocro1 (big blind) folded on the Flop
Seat 4: BuzovaPro (button) (small blind) collected ($11.76)


PokerStars Hand #153324694541:  Hold'em Limit ($3/$6 USD) - 2016/05/14 19:42:51 ET
Table 'Laetitia' 6-max Seat #4 is the button
Seat 3: haagsemocro1 ($42.15 in chips)
Seat 4: BuzovaPro ($158.42 in chips)
BuzovaPro: posts small blind $1
haagsemocro1: posts big blind $3
*** HOLE CARDS ***
BuzovaPro: raises $3 to $6
haagsemocro1: calls $3
*** FLOP *** [6c Ks Th]
haagsemocro1: checks
BuzovaPro: bets $3
haagsemocro1: folds
Uncalled bet ($3) returned to BuzovaPro
BuzovaPro collected $11.76 from pot
BuzovaPro: doesn't show hand
*** SUMMARY ***
Total pot $12 | Rake $0.24
Board [6c Ks Th]
Seat 3: haagsemocro1 (big blind) folded on the Flop
Seat 4: BuzovaPro (button) (small blind) collected ($11.76)


PokerStars Hand #153324691541:  Hold'em Limit ($3/$6 USD) - 2016/05/14 19:42:46 ET
Table 'Laetitia' 6-max Seat #3 is the button
Seat 3: haagsemocro1 ($43.15 in chips)
Seat 4: BuzovaPro ($157.42 in chips)
haagsemocro1: posts small blind $1
BuzovaPro: posts big blind $3
*** HOLE CARDS ***
haagsemocro1: folds
Uncalled bet ($2) returned to BuzovaPro
BuzovaPro collected $2 from pot
BuzovaPro: doesn't show hand
*** SUMMARY ***
Total pot $2 | Rake $0
Seat 3: haagsemocro1 (button) (small blind) folded before Flop
Seat 4: BuzovaPro (big blind) collected ($2)


PokerStars Hand #153324676900:  Hold'em Limit ($3/$6 USD) - 2016/05/14 19:42:22 ET
Table 'Laetitia' 6-max Seat #4 is the button
Seat 3: haagsemocro1 ($43.33 in chips)
Seat 4: BuzovaPro ($157.60 in chips)
BuzovaPro: posts small blind $1
haagsemocro1: posts big blind $3
*** HOLE CARDS ***
BuzovaPro: raises $3 to $6
haagsemocro1: calls $3
*** FLOP *** [Th 7c 4d]
haagsemocro1: checks
BuzovaPro: bets $3
haagsemocro1: calls $3
*** TURN *** [Th 7c 4d] [5h]
haagsemocro1: checks
BuzovaPro: checks
*** RIVER *** [Th 7c 4d 5h] [Ad]
haagsemocro1: checks
BuzovaPro: checks
*** SHOW DOWN ***
haagsemocro1: shows [Ks Jc] (high card Ace)
BuzovaPro: shows [Kc Js] (high card Ace)
haagsemocro1 collected $8.82 from pot
BuzovaPro collected $8.82 from pot
*** SUMMARY ***
Total pot $18 | Rake $0.36
Board [Th 7c 4d 5h Ad]
Seat 3: haagsemocro1 (big blind) showed [Ks Jc] and won ($8.82) with high card Ace
Seat 4: BuzovaPro (button) (small blind) showed [Kc Js] and won ($8.82) with high card Ace


PokerStars Hand #153324672235:  Hold'em Limit ($3/$6 USD) - 2016/05/14 19:42:14 ET
Table 'Laetitia' 6-max Seat #3 is the button
Seat 3: haagsemocro1 ($40.33 in chips)
Seat 4: BuzovaPro ($160.60 in chips)
haagsemocro1: posts small blind $1
BuzovaPro: posts big blind $3
*** HOLE CARDS ***
haagsemocro1: raises $3 to $6
BuzovaPro: folds
Uncalled bet ($3) returned to haagsemocro1
haagsemocro1 collected $6 from pot
haagsemocro1: doesn't show hand
*** SUMMARY ***
Total pot $6 | Rake $0
Seat 3: haagsemocro1 (button) (small blind) collected ($6)
Seat 4: BuzovaPro (big blind) folded before Flop


PokerStars Hand #153324656412:  Hold'em Limit ($3/$6 USD) - 2016/05/14 19:41:47 ET
Table 'Laetitia' 6-max Seat #4 is the button
Seat 3: haagsemocro1 ($64.33 in chips)
Seat 4: BuzovaPro ($137.10 in chips)
BuzovaPro: posts small blind $1
haagsemocro1: posts big blind $3
*** HOLE CARDS ***
BuzovaPro: raises $3 to $6
haagsemocro1: calls $3
*** FLOP *** [8h 7d Kd]
haagsemocro1: checks
BuzovaPro: checks
*** TURN *** [8h 7d Kd] [Ah]
haagsemocro1: bets $6
BuzovaPro: calls $6
*** RIVER *** [8h 7d Kd Ah] [3h]
haagsemocro1: bets $6
BuzovaPro: raises $6 to $12
haagsemocro1: calls $6
*** SHOW DOWN ***
BuzovaPro: shows [Qh Kh] (a flush, Ace high)
haagsemocro1: mucks hand
BuzovaPro collected $47.50 from pot
*** SUMMARY ***
Total pot $48 | Rake $0.50
Board [8h 7d Kd Ah 3h]
Seat 3: haagsemocro1 (big blind) mucked
Seat 4: BuzovaPro (button) (small blind) showed [Qh Kh] and won ($47.50) with a flush, Ace high


PokerStars Hand #153324715473:  Hold'em Limit ($3/$6 USD) - 2016/05/14 19:43:26 ET
Table 'Laetitia' 6-max Seat #4 is the button
Seat 3: haagsemocro1 ($47.67 in chips)
Seat 4: BuzovaPro ($152.18 in chips)
BuzovaPro: posts small blind $1
haagsemocro1: posts big blind $3
*** HOLE CARDS ***
BuzovaPro: raises $3 to $6
haagsemocro1: calls $3
*** FLOP *** [4h 2s Ks]
haagsemocro1: checks
BuzovaPro: bets $3
haagsemocro1: folds
Uncalled bet ($3) returned to BuzovaPro
BuzovaPro collected $11.76 from pot
BuzovaPro: doesn't show hand
*** SUMMARY ***
Total pot $12 | Rake $0.24
Board [4h 2s Ks]
Seat 3: haagsemocro1 (big blind) folded on the Flop
Seat 4: BuzovaPro (button) (small blind) collected ($11.76)


PokerStars Hand #153324701480:  Hold'em Limit ($3/$6 USD) - 2016/05/14 19:43:03 ET
Table 'Laetitia' 6-max Seat #3 is the button
Seat 3: haagsemocro1 ($36.15 in chips)
Seat 4: BuzovaPro ($164.18 in chips)
haagsemocro1: posts small blind $1
BuzovaPro: posts big blind $3
*** HOLE CARDS ***
haagsemocro1: raises $3 to $6
BuzovaPro: calls $3
*** FLOP *** [9s 9d 5d]
BuzovaPro: checks
haagsemocro1: checks
*** TURN *** [9s 9d 5d] [Qc]
BuzovaPro: checks
haagsemocro1: bets $6
BuzovaPro: calls $6
*** RIVER *** [9s 9d 5d Qc] [7c]
BuzovaPro: checks
haagsemocro1: checks
*** SHOW DOWN ***
BuzovaPro: shows [5s 7h] (two pair, Nines and Sevens)
haagsemocro1: shows [7s Qh] (two pair, Queens and Nines)
haagsemocro1 collected $23.52 from pot
*** SUMMARY ***
Total pot $24 | Rake $0.48
Board [9s 9d 5d Qc 7c]
Seat 3: haagsemocro1 (button) (small blind) showed [7s Qh] and won ($23.52) with two pair, Queens and Nines
Seat 4: BuzovaPro (big blind) showed [5s 7h] and lost with two pair, Nines and Sevens


