PokerStars Hand #165154964915:  Hold'em Limit ($3/$6 USD) - 2017/01/25 13:52:39 ET
Table 'Laetitia II' 6-max Seat #4 is the button
Seat 4: Great_Kang ($135.50 in chips)
Seat 5: Schampo1891 ($84 in chips)
Great_Kang: posts small blind $1
Schampo1891: posts big blind $3
*** HOLE CARDS ***
Great_Kang: raises $3 to $6
Capone_TS joins the table at seat #2
Schampo1891: calls $3
*** FLOP *** [2d Td 7s]
Schampo1891: checks
Great_Kang: bets $3
Schampo1891: raises $3 to $6
Great_Kang: folds
Uncalled bet ($3) returned to Schampo1891
Schampo1891 collected $17.64 from pot
Schampo1891: doesn't show hand
*** SUMMARY ***
Total pot $18 | Rake $0.36
Board [2d Td 7s]
Seat 4: Great_Kang (button) (small blind) folded on the Flop
Seat 5: Schampo1891 (big blind) collected ($17.64)


PokerStars Hand #165154960985:  Hold'em Limit ($3/$6 USD) - 2017/01/25 13:52:35 ET
Table 'Laetitia II' 6-max Seat #5 is the button
Seat 4: Great_Kang ($134.50 in chips)
Seat 5: Schampo1891 ($85 in chips)
Schampo1891: posts small blind $1
Great_Kang: posts big blind $3
*** HOLE CARDS ***
Schampo1891: folds
Uncalled bet ($2) returned to Great_Kang
Great_Kang collected $2 from pot
Great_Kang: doesn't show hand
*** SUMMARY ***
Total pot $2 | Rake $0
Seat 4: Great_Kang (big blind) collected ($2)
Seat 5: Schampo1891 (button) (small blind) folded before Flop


PokerStars Hand #165154955289:  Hold'em Limit ($3/$6 USD) - 2017/01/25 13:52:29 ET
Table 'Laetitia II' 6-max Seat #4 is the button
Seat 4: Great_Kang ($135.50 in chips)
Seat 5: Schampo1891 ($84 in chips)
Great_Kang: posts small blind $1
Schampo1891: posts big blind $3
*** HOLE CARDS ***
Great_Kang: folds
Uncalled bet ($2) returned to Schampo1891
Schampo1891 collected $2 from pot
Schampo1891: doesn't show hand
*** SUMMARY ***
Total pot $2 | Rake $0
Seat 4: Great_Kang (button) (small blind) folded before Flop
Seat 5: Schampo1891 (big blind) collected ($2)


PokerStars Hand #165154950465:  Hold'em Limit ($3/$6 USD) - 2017/01/25 13:52:24 ET
Table 'Laetitia II' 6-max Seat #5 is the button
Seat 4: Great_Kang ($134.50 in chips)
Seat 5: Schampo1891 ($85 in chips)
Schampo1891: posts small blind $1
Great_Kang: posts big blind $3
*** HOLE CARDS ***
Schampo1891: folds
Uncalled bet ($2) returned to Great_Kang
Great_Kang collected $2 from pot
Great_Kang: doesn't show hand
*** SUMMARY ***
Total pot $2 | Rake $0
Seat 4: Great_Kang (big blind) collected ($2)
Seat 5: Schampo1891 (button) (small blind) folded before Flop


PokerStars Hand #165154924220:  Hold'em Limit ($3/$6 USD) - 2017/01/25 13:51:55 ET
Table 'Laetitia II' 6-max Seat #4 is the button
Seat 4: Great_Kang ($120 in chips)
Seat 5: Schampo1891 ($100 in chips)
Great_Kang: posts small blind $1
Schampo1891: posts big blind $3
*** HOLE CARDS ***
Great_Kang: raises $3 to $6
Schampo1891: calls $3
*** FLOP *** [6c Qc 7s]
Schampo1891: checks
Great_Kang: bets $3
Schampo1891: calls $3
*** TURN *** [6c Qc 7s] [5s]
Schampo1891: checks
Great_Kang: bets $6
Schampo1891: calls $6
*** RIVER *** [6c Qc 7s 5s] [8s]
Schampo1891: checks
Great_Kang: bets $6
Schampo1891: folds
Uncalled bet ($6) returned to Great_Kang
Great_Kang collected $29.50 from pot
Great_Kang: doesn't show hand
*** SUMMARY ***
Total pot $30 | Rake $0.50
Board [6c Qc 7s 5s 8s]
Seat 4: Great_Kang (button) (small blind) collected ($29.50)
Seat 5: Schampo1891 (big blind) folded on the River


PokerStars Hand #165155018934:  Hold'em Limit ($3/$6 USD) - 2017/01/25 13:53:38 ET
Table 'Laetitia II' 6-max Seat #5 is the button
Seat 4: Great_Kang ($161.42 in chips)
Seat 5: Schampo1891 ($103.88 in chips)
Schampo1891: posts small blind $1
Great_Kang: posts big blind $3
*** HOLE CARDS ***
Schampo1891: folds
Uncalled bet ($2) returned to Great_Kang
Great_Kang collected $2 from pot
Great_Kang: doesn't show hand
*** SUMMARY ***
Total pot $2 | Rake $0
Seat 4: Great_Kang (big blind) collected ($2)
Seat 5: Schampo1891 (button) (small blind) folded before Flop


PokerStars Hand #165155086513:  Hold'em Limit ($3/$6 USD) - 2017/01/25 13:54:52 ET
Table 'Laetitia II' 6-max Seat #5 is the button
Seat 4: Great_Kang ($161.92 in chips)
Seat 5: Schampo1891 ($102.16 in chips)
Schampo1891: posts small blind $1
Great_Kang: posts big blind $3
*** HOLE CARDS ***
Schampo1891: raises $3 to $6
Great_Kang: folds
Uncalled bet ($3) returned to Schampo1891
Schampo1891 collected $6 from pot
Schampo1891: doesn't show hand
*** SUMMARY ***
Total pot $6 | Rake $0
Seat 4: Great_Kang (big blind) folded before Flop
Seat 5: Schampo1891 (button) (small blind) collected ($6)


PokerStars Hand #165155062236:  Hold'em Limit ($3/$6 USD) - 2017/01/25 13:54:26 ET
Table 'Laetitia II' 6-max Seat #4 is the button
Seat 4: Great_Kang ($173.92 in chips)
Seat 5: Schampo1891 ($90.64 in chips)
Great_Kang: posts small blind $1
Schampo1891: posts big blind $3
*** HOLE CARDS ***
Great_Kang: raises $3 to $6
Schampo1891: raises $3 to $9
Great_Kang: calls $3
*** FLOP *** [5c 7c 6c]
Schampo1891: bets $3
Great_Kang: calls $3
*** TURN *** [5c 7c 6c] [9c]
Schampo1891: bets $6
Great_Kang: folds
Uncalled bet ($6) returned to Schampo1891
Schampo1891 collected $23.52 from pot
Schampo1891: doesn't show hand
*** SUMMARY ***
Total pot $24 | Rake $0.48
Board [5c 7c 6c 9c]
Seat 4: Great_Kang (button) (small blind) folded on the Turn
Seat 5: Schampo1891 (big blind) collected ($23.52)


PokerStars Hand #165155048534:  Hold'em Limit ($3/$6 USD) - 2017/01/25 13:54:10 ET
Table 'Laetitia II' 6-max Seat #5 is the button
Seat 4: Great_Kang ($179.92 in chips)
Seat 5: Schampo1891 ($84.88 in chips)
Schampo1891: posts small blind $1
Great_Kang: posts big blind $3
*** HOLE CARDS ***
Schampo1891: raises $3 to $6
Great_Kang: calls $3
*** FLOP *** [4d Jc Js]
Great_Kang: checks
Schampo1891: bets $3
Great_Kang: folds
Uncalled bet ($3) returned to Schampo1891
Schampo1891 collected $11.76 from pot
Schampo1891: doesn't show hand
*** SUMMARY ***
Total pot $12 | Rake $0.24
Board [4d Jc Js]
Seat 4: Great_Kang (big blind) folded on the Flop
Seat 5: Schampo1891 (button) (small blind) collected ($11.76)


PokerStars Hand #165155023034:  Hold'em Limit ($3/$6 USD) - 2017/01/25 13:53:43 ET
Table 'Laetitia II' 6-max Seat #4 is the button
Seat 4: Great_Kang ($162.42 in chips)
Seat 5: Schampo1891 ($102.88 in chips)
Capone_TS leaves the table
Great_Kang: posts small blind $1
Schampo1891: posts big blind $3
*** HOLE CARDS ***
Great_Kang: raises $3 to $6
Schampo1891: raises $3 to $9
Great_Kang: calls $3
*** FLOP *** [2s Ad 2h]
Schampo1891: bets $3
Great_Kang: calls $3
*** TURN *** [2s Ad 2h] [Ac]
Schampo1891: bets $6
Great_Kang: raises $6 to $12
Schampo1891: folds
Uncalled bet ($6) returned to Great_Kang
Great_Kang collected $35.50 from pot
*** SUMMARY ***
Total pot $36 | Rake $0.50
Board [2s Ad 2h Ac]
Seat 4: Great_Kang (button) (small blind) collected ($35.50)
Seat 5: Schampo1891 (big blind) folded on the Turn


PokerStars Hand #165155093578:  Hold'em Limit ($3/$6 USD) - 2017/01/25 13:55:00 ET
Table 'Laetitia II' 6-max Seat #4 is the button
Seat 4: Great_Kang ($158.92 in chips)
Seat 5: Schampo1891 ($105.16 in chips)
Great_Kang: posts small blind $1
Schampo1891: posts big blind $3
*** HOLE CARDS ***
Great_Kang: raises $3 to $6
Schampo1891: calls $3
*** FLOP *** [2s 9h 5c]
Schampo1891: checks
Great_Kang: bets $3
Schampo1891: raises $3 to $6
Great_Kang: calls $3
*** TURN *** [2s 9h 5c] [9d]
Schampo1891: bets $6
Great_Kang: raises $6 to $12
Schampo1891: calls $6
*** RIVER *** [2s 9h 5c 9d] [6c]
Schampo1891: checks
Great_Kang: bets $6
Schampo1891: calls $6
*** SHOW DOWN ***
Great_Kang: shows [6s 4s] (two pair, Nines and Sixes)
Schampo1891: shows [8h 6d] (two pair, Nines and Sixes - Eight kicker)
Schampo1891 collected $59.50 from pot
*** SUMMARY ***
Total pot $60 | Rake $0.50
Board [2s 9h 5c 9d 6c]
Seat 4: Great_Kang (button) (small blind) showed [6s 4s] and lost with two pair, Nines and Sixes
Seat 5: Schampo1891 (big blind) showed [8h 6d] and won ($59.50) with two pair, Nines and Sixes


PokerStars Hand #165155140339:  Hold'em Limit ($3/$6 USD) - 2017/01/25 13:56:02 ET
Table 'Laetitia II' 6-max Seat #5 is the button
Seat 4: Great_Kang ($128.92 in chips)
Seat 5: Schampo1891 ($134.66 in chips)
Schampo1891: posts small blind $1
Great_Kang: posts big blind $3
*** HOLE CARDS ***
Schampo1891: raises $3 to $6
Great_Kang: folds
Uncalled bet ($3) returned to Schampo1891
Schampo1891 collected $6 from pot
Schampo1891: doesn't show hand
*** SUMMARY ***
Total pot $6 | Rake $0
Seat 4: Great_Kang (big blind) folded before Flop
Seat 5: Schampo1891 (button) (small blind) collected ($6)


PokerStars Hand #165164269292:  Hold'em Limit ($3/$6 USD) - 2017/01/25 16:38:55 ET
Table 'Laetitia II' 6-max Seat #4 is the button
Seat 4: 40 ft cliff ($89.76 in chips)
Seat 6: AzureCaper ($149.51 in chips)
40 ft cliff: posts small blind $1
AzureCaper: posts big blind $3
*** HOLE CARDS ***
40 ft cliff: raises $3 to $6
AzureCaper: calls $3
*** FLOP *** [Ah 3h 2c]
AzureCaper: checks
40 ft cliff: bets $3
AzureCaper: folds
Uncalled bet ($3) returned to 40 ft cliff
40 ft cliff collected $11.76 from pot
40 ft cliff: doesn't show hand
*** SUMMARY ***
Total pot $12 | Rake $0.24
Board [Ah 3h 2c]
Seat 4: 40 ft cliff (button) (small blind) collected ($11.76)
Seat 6: AzureCaper (big blind) folded on the Flop


