PokerStars Hand #166776088911:  Hold'em Limit ($3/$6 USD) - 2017/02/25 19:10:17 ET
Table 'Laetitia II' 6-max Seat #1 is the button
Seat 1: Velbor107 ($477.36 in chips)
Seat 3: todemoon ($51.17 in chips)
Velbor107: posts small blind $1
todemoon: posts big blind $3
*** HOLE CARDS ***
Velbor107: raises $3 to $6
todemoon: calls $3
*** FLOP *** [4s 7s Ks]
todemoon: checks
Velbor107: bets $3
todemoon: folds
Uncalled bet ($3) returned to Velbor107
Velbor107 collected $11.76 from pot
*** SUMMARY ***
Total pot $12 | Rake $0.24
Board [4s 7s Ks]
Seat 1: Velbor107 (button) (small blind) collected ($11.76)
Seat 3: todemoon (big blind) folded on the Flop


PokerStars Hand #166776074146:  Hold'em Limit ($3/$6 USD) - 2017/02/25 19:09:54 ET
Table 'Laetitia II' 6-max Seat #3 is the button
Seat 1: Velbor107 ($483.36 in chips)
Seat 3: todemoon ($45.41 in chips)
todemoon: posts small blind $1
Velbor107: posts big blind $3
*** HOLE CARDS ***
todemoon: calls $2
Velbor107: checks
*** FLOP *** [9c Kc 3d]
Velbor107: bets $3
todemoon: raises $3 to $6
Velbor107: folds
Uncalled bet ($3) returned to todemoon
todemoon collected $11.76 from pot
todemoon: doesn't show hand
*** SUMMARY ***
Total pot $12 | Rake $0.24
Board [9c Kc 3d]
Seat 1: Velbor107 (big blind) folded on the Flop
Seat 3: todemoon (button) (small blind) collected ($11.76)


PokerStars Hand #166776131288:  Hold'em Limit ($3/$6 USD) - 2017/02/25 19:11:24 ET
Table 'Laetitia II' 6-max Seat #3 is the button
Seat 1: Velbor107 ($463.12 in chips)
Seat 3: todemoon ($64.45 in chips)
todemoon: posts small blind $1
Velbor107: posts big blind $3
*** HOLE CARDS ***
todemoon: folds
Uncalled bet ($2) returned to Velbor107
Velbor107 collected $2 from pot
*** SUMMARY ***
Total pot $2 | Rake $0
Seat 1: Velbor107 (big blind) collected ($2)
Seat 3: todemoon (button) (small blind) folded before Flop


PokerStars Hand #166776123014:  Hold'em Limit ($3/$6 USD) - 2017/02/25 19:11:11 ET
Table 'Laetitia II' 6-max Seat #1 is the button
Seat 1: Velbor107 ($472.12 in chips)
Seat 3: todemoon ($55.81 in chips)
Velbor107: posts small blind $1
todemoon: posts big blind $3
*** HOLE CARDS ***
Velbor107: raises $3 to $6
todemoon: raises $3 to $9
Velbor107: calls $3
*** FLOP *** [Qc Ah 7d]
todemoon: bets $3
Velbor107: folds
Uncalled bet ($3) returned to todemoon
todemoon collected $17.64 from pot
todemoon: doesn't show hand
*** SUMMARY ***
Total pot $18 | Rake $0.36
Board [Qc Ah 7d]
Seat 1: Velbor107 (button) (small blind) folded on the Flop
Seat 3: todemoon (big blind) collected ($17.64)


PokerStars Hand #166776119873:  Hold'em Limit ($3/$6 USD) - 2017/02/25 19:11:06 ET
Table 'Laetitia II' 6-max Seat #3 is the button
Seat 1: Velbor107 ($471.12 in chips)
Seat 3: todemoon ($56.81 in chips)
todemoon: posts small blind $1
Velbor107: posts big blind $3
*** HOLE CARDS ***
todemoon: folds
Uncalled bet ($2) returned to Velbor107
Velbor107 collected $2 from pot
*** SUMMARY ***
Total pot $2 | Rake $0
Seat 1: Velbor107 (big blind) collected ($2)
Seat 3: todemoon (button) (small blind) folded before Flop


PokerStars Hand #166776105783:  Hold'em Limit ($3/$6 USD) - 2017/02/25 19:10:44 ET
Table 'Laetitia II' 6-max Seat #1 is the button
Seat 1: Velbor107 ($480.12 in chips)
Seat 3: todemoon ($48.17 in chips)
Velbor107: posts small blind $1
todemoon: posts big blind $3
*** HOLE CARDS ***
Velbor107: raises $3 to $6
todemoon: raises $3 to $9
Velbor107: calls $3
*** FLOP *** [2c 2d Qc]
todemoon: bets $3
Velbor107: folds
Uncalled bet ($3) returned to todemoon
todemoon collected $17.64 from pot
todemoon: doesn't show hand
*** SUMMARY ***
Total pot $18 | Rake $0.36
Board [2c 2d Qc]
Seat 1: Velbor107 (button) (small blind) folded on the Flop
Seat 3: todemoon (big blind) collected ($17.64)


PokerStars Hand #166776100308:  Hold'em Limit ($3/$6 USD) - 2017/02/25 19:10:36 ET
Table 'Laetitia II' 6-max Seat #3 is the button
Seat 1: Velbor107 ($483.12 in chips)
Seat 3: todemoon ($45.17 in chips)
todemoon: posts small blind $1
Velbor107: posts big blind $3
*** HOLE CARDS ***
todemoon: raises $3 to $6
Velbor107: folds
Uncalled bet ($3) returned to todemoon
todemoon collected $6 from pot
todemoon: doesn't show hand
*** SUMMARY ***
Total pot $6 | Rake $0
Seat 1: Velbor107 (big blind) folded before Flop
Seat 3: todemoon (button) (small blind) collected ($6)


PokerStars Hand #166776134392:  Hold'em Limit ($3/$6 USD) - 2017/02/25 19:11:29 ET
Table 'Laetitia II' 6-max Seat #1 is the button
Seat 1: Velbor107 ($464.12 in chips)
Seat 3: todemoon ($63.45 in chips)
Velbor107: posts small blind $1
todemoon: posts big blind $3
*** HOLE CARDS ***
Velbor107: folds
Uncalled bet ($2) returned to todemoon
todemoon collected $2 from pot
todemoon: doesn't show hand
*** SUMMARY ***
Total pot $2 | Rake $0
Seat 1: Velbor107 (button) (small blind) folded before Flop
Seat 3: todemoon (big blind) collected ($2)


PokerStars Hand #166776146201:  Hold'em Limit ($3/$6 USD) - 2017/02/25 19:11:47 ET
Table 'Laetitia II' 6-max Seat #1 is the button
Seat 1: Velbor107 ($464.12 in chips)
Seat 3: todemoon ($63.45 in chips)
Velbor107: posts small blind $1
todemoon: posts big blind $3
*** HOLE CARDS ***
Velbor107: folds
Uncalled bet ($2) returned to todemoon
todemoon collected $2 from pot
todemoon: doesn't show hand
*** SUMMARY ***
Total pot $2 | Rake $0
Seat 1: Velbor107 (button) (small blind) folded before Flop
Seat 3: todemoon (big blind) collected ($2)


PokerStars Hand #166776142605:  Hold'em Limit ($3/$6 USD) - 2017/02/25 19:11:42 ET
Table 'Laetitia II' 6-max Seat #3 is the button
Seat 1: Velbor107 ($463.12 in chips)
Seat 3: todemoon ($64.45 in chips)
todemoon: posts small blind $1
Velbor107: posts big blind $3
*** HOLE CARDS ***
todemoon: folds
Uncalled bet ($2) returned to Velbor107
Velbor107 collected $2 from pot
*** SUMMARY ***
Total pot $2 | Rake $0
Seat 1: Velbor107 (big blind) collected ($2)
Seat 3: todemoon (button) (small blind) folded before Flop


PokerStars Hand #166776150254:  Hold'em Limit ($3/$6 USD) - 2017/02/25 19:11:54 ET
Table 'Laetitia II' 6-max Seat #3 is the button
Seat 1: Velbor107 ($463.12 in chips)
Seat 3: todemoon ($64.45 in chips)
todemoon: posts small blind $1
Velbor107: posts big blind $3
*** HOLE CARDS ***
todemoon: folds
Uncalled bet ($2) returned to Velbor107
Velbor107 collected $2 from pot
*** SUMMARY ***
Total pot $2 | Rake $0
Seat 1: Velbor107 (big blind) collected ($2)
Seat 3: todemoon (button) (small blind) folded before Flop


PokerStars Hand #166776153745:  Hold'em Limit ($3/$6 USD) - 2017/02/25 19:11:59 ET
Table 'Laetitia II' 6-max Seat #1 is the button
Seat 1: Velbor107 ($464.12 in chips)
Seat 3: todemoon ($63.45 in chips)
Velbor107: posts small blind $1
todemoon: posts big blind $3
*** HOLE CARDS ***
Velbor107: raises $3 to $6
todemoon: calls $3
*** FLOP *** [7s Kd 6h]
todemoon: checks
Velbor107: bets $3
todemoon: raises $3 to $6
Velbor107: calls $3
*** TURN *** [7s Kd 6h] [3c]
todemoon: bets $6
Velbor107: raises $6 to $12
todemoon: calls $6
*** RIVER *** [7s Kd 6h 3c] [5s]
todemoon: bets $6
Velbor107: calls $6
*** SHOW DOWN ***
todemoon: shows [8h 9h] (a straight, Five to Nine)
Velbor107: mucks hand
todemoon collected $59.50 from pot
*** SUMMARY ***
Total pot $60 | Rake $0.50
Board [7s Kd 6h 3c 5s]
Seat 1: Velbor107 (button) (small blind) mucked
Seat 3: todemoon (big blind) showed [8h 9h] and won ($59.50) with a straight, Five to Nine


PokerStars Hand #166776174525:  Hold'em Limit ($3/$6 USD) - 2017/02/25 19:12:32 ET
Table 'Laetitia II' 6-max Seat #3 is the button
Seat 1: Velbor107 ($434.12 in chips)
Seat 3: todemoon ($92.95 in chips)
todemoon: posts small blind $1
Velbor107: posts big blind $3
*** HOLE CARDS ***
todemoon: folds
Uncalled bet ($2) returned to Velbor107
Velbor107 collected $2 from pot
*** SUMMARY ***
Total pot $2 | Rake $0
Seat 1: Velbor107 (big blind) collected ($2)
Seat 3: todemoon (button) (small blind) folded before Flop


PokerStars Hand #166776177686:  Hold'em Limit ($3/$6 USD) - 2017/02/25 19:12:37 ET
Table 'Laetitia II' 6-max Seat #1 is the button
Seat 1: Velbor107 ($435.12 in chips)
Seat 3: todemoon ($91.95 in chips)
Velbor107: posts small blind $1
todemoon: posts big blind $3
*** HOLE CARDS ***
Velbor107: raises $3 to $6
todemoon: calls $3
*** FLOP *** [4h Jc 3h]
todemoon: checks
Velbor107: bets $3
todemoon: calls $3
*** TURN *** [4h Jc 3h] [Kh]
todemoon: checks
Velbor107: checks
*** RIVER *** [4h Jc 3h Kh] [3c]
todemoon: bets $6
Velbor107: calls $6
*** SHOW DOWN ***
todemoon: shows [3d Kd] (a full house, Threes full of Kings)
Velbor107: mucks hand
todemoon collected $29.50 from pot
*** SUMMARY ***
Total pot $30 | Rake $0.50
Board [4h Jc 3h Kh 3c]
Seat 1: Velbor107 (button) (small blind) mucked
Seat 3: todemoon (big blind) showed [3d Kd] and won ($29.50) with a full house, Threes full of Kings


PokerStars Hand #166776192922:  Hold'em Limit ($3/$6 USD) - 2017/02/25 19:13:01 ET
Table 'Laetitia II' 6-max Seat #3 is the button
Seat 1: Velbor107 ($420.12 in chips)
Seat 3: todemoon ($106.45 in chips)
todemoon: posts small blind $1
Velbor107: posts big blind $3
*** HOLE CARDS ***
todemoon: calls $2
Velbor107: raises $3 to $6
todemoon: calls $3
*** FLOP *** [Th 5h 2s]
Velbor107: bets $3
todemoon: raises $3 to $6
Velbor107: calls $3
*** TURN *** [Th 5h 2s] [8d]
Velbor107: checks
todemoon: bets $6
Velbor107: calls $6
*** RIVER *** [Th 5h 2s 8d] [8c]
Velbor107: checks
todemoon: checks
*** SHOW DOWN ***
Velbor107: shows [Ks Ah] (a pair of Eights)
todemoon: shows [7d 5d] (two pair, Eights and Fives)
todemoon collected $35.50 from pot
*** SUMMARY ***
Total pot $36 | Rake $0.50
Board [Th 5h 2s 8d 8c]
Seat 1: Velbor107 (big blind) showed [Ks Ah] and lost with a pair of Eights
Seat 3: todemoon (button) (small blind) showed [7d 5d] and won ($35.50) with two pair, Eights and Fives


PokerStars Hand #166776224456:  Hold'em Limit ($3/$6 USD) - 2017/02/25 19:13:51 ET
Table 'Laetitia II' 6-max Seat #3 is the button
Seat 1: Velbor107 ($384.12 in chips)
Seat 3: todemoon ($141.45 in chips)
todemoon: posts small blind $1
Velbor107: posts big blind $3
*** HOLE CARDS ***
todemoon: folds
Uncalled bet ($2) returned to Velbor107
Velbor107 collected $2 from pot
*** SUMMARY ***
Total pot $2 | Rake $0
Seat 1: Velbor107 (big blind) collected ($2)
Seat 3: todemoon (button) (small blind) folded before Flop


PokerStars Hand #166776207257:  Hold'em Limit ($3/$6 USD) - 2017/02/25 19:13:24 ET
Table 'Laetitia II' 6-max Seat #1 is the button
Seat 1: Velbor107 ($402.12 in chips)
Seat 3: todemoon ($123.95 in chips)
Velbor107: posts small blind $1
todemoon: posts big blind $3
*** HOLE CARDS ***
Velbor107: raises $3 to $6
todemoon: calls $3
*** FLOP *** [3c 5s 5d]
todemoon: bets $3
Velbor107: raises $3 to $6
todemoon: calls $3
*** TURN *** [3c 5s 5d] [7d]
todemoon: checks
Velbor107: bets $6
todemoon: calls $6
*** RIVER *** [3c 5s 5d 7d] [Jc]
todemoon: checks
Velbor107: checks
*** SHOW DOWN ***
todemoon: shows [6c 6d] (two pair, Sixes and Fives)
Velbor107: mucks hand
todemoon collected $35.50 from pot
*** SUMMARY ***
Total pot $36 | Rake $0.50
Board [3c 5s 5d 7d Jc]
Seat 1: Velbor107 (button) (small blind) mucked
Seat 3: todemoon (big blind) showed [6c 6d] and won ($35.50) with two pair, Sixes and Fives


PokerStars Hand #166776227570:  Hold'em Limit ($3/$6 USD) - 2017/02/25 19:13:56 ET
Table 'Laetitia II' 6-max Seat #1 is the button
Seat 1: Velbor107 ($385.12 in chips)
Seat 3: todemoon ($140.45 in chips)
Velbor107: posts small blind $1
todemoon: posts big blind $3
*** HOLE CARDS ***
Velbor107: folds
Uncalled bet ($2) returned to todemoon
todemoon collected $2 from pot
todemoon: doesn't show hand
*** SUMMARY ***
Total pot $2 | Rake $0
Seat 1: Velbor107 (button) (small blind) folded before Flop
Seat 3: todemoon (big blind) collected ($2)


PokerStars Hand #166776230359:  Hold'em Limit ($3/$6 USD) - 2017/02/25 19:14:00 ET
Table 'Laetitia II' 6-max Seat #3 is the button
Seat 1: Velbor107 ($384.12 in chips)
Seat 3: todemoon ($141.45 in chips)
todemoon: posts small blind $1
Velbor107: posts big blind $3
*** HOLE CARDS ***
todemoon: calls $2
Velbor107: checks
*** FLOP *** [Kd Qd 5s]
Velbor107: bets $3
todemoon: folds
Uncalled bet ($3) returned to Velbor107
Velbor107 collected $5.88 from pot
*** SUMMARY ***
Total pot $6 | Rake $0.12
Board [Kd Qd 5s]
Seat 1: Velbor107 (big blind) collected ($5.88)
Seat 3: todemoon (button) (small blind) folded on the Flop


PokerStars Hand #166776238464:  Hold'em Limit ($3/$6 USD) - 2017/02/25 19:14:13 ET
Table 'Laetitia II' 6-max Seat #1 is the button
Seat 1: Velbor107 ($387 in chips)
Seat 3: todemoon ($138.45 in chips)
Velbor107: posts small blind $1
todemoon: posts big blind $3
*** HOLE CARDS ***
Velbor107: raises $3 to $6
todemoon: raises $3 to $9
Velbor107: calls $3
*** FLOP *** [3c 5d 9s]
todemoon: bets $3
Velbor107: calls $3
*** TURN *** [3c 5d 9s] [7s]
todemoon: bets $6
Velbor107: calls $6
*** RIVER *** [3c 5d 9s 7s] [Td]
todemoon: checks
Velbor107: checks
*** SHOW DOWN ***
todemoon: shows [Ac 5h] (a pair of Fives)
Velbor107: mucks hand
todemoon collected $35.50 from pot
*** SUMMARY ***
Total pot $36 | Rake $0.50
Board [3c 5d 9s 7s Td]
Seat 1: Velbor107 (button) (small blind) mucked
Seat 3: todemoon (big blind) showed [Ac 5h] and won ($35.50) with a pair of Fives


PokerStars Hand #166776255432:  Hold'em Limit ($3/$6 USD) - 2017/02/25 19:14:40 ET
Table 'Laetitia II' 6-max Seat #3 is the button
Seat 1: Velbor107 ($369 in chips)
Seat 3: todemoon ($155.95 in chips)
todemoon: posts small blind $1
Velbor107: posts big blind $3
*** HOLE CARDS ***
todemoon: raises $3 to $6
Velbor107: calls $3
*** FLOP *** [Th Ac 6s]
Velbor107: checks
todemoon: bets $3
Velbor107: folds
Uncalled bet ($3) returned to todemoon
todemoon collected $11.76 from pot
todemoon: doesn't show hand
*** SUMMARY ***
Total pot $12 | Rake $0.24
Board [Th Ac 6s]
Seat 1: Velbor107 (big blind) folded on the Flop
Seat 3: todemoon (button) (small blind) collected ($11.76)


PokerStars Hand #166776263285:  Hold'em Limit ($3/$6 USD) - 2017/02/25 19:14:53 ET
Table 'Laetitia II' 6-max Seat #1 is the button
Seat 1: Velbor107 ($363 in chips)
Seat 3: todemoon ($161.71 in chips)
Velbor107: posts small blind $1
todemoon: posts big blind $3
*** HOLE CARDS ***
Velbor107: raises $3 to $6
todemoon: raises $3 to $9
Velbor107: calls $3
*** FLOP *** [Jh 7c 4s]
todemoon: checks
Velbor107: bets $3
todemoon: calls $3
*** TURN *** [Jh 7c 4s] [Ah]
todemoon: checks
Velbor107: checks
*** RIVER *** [Jh 7c 4s Ah] [5c]
todemoon: bets $6
Velbor107: calls $6
*** SHOW DOWN ***
todemoon: shows [Tc Ad] (a pair of Aces)
Velbor107: mucks hand
todemoon collected $35.50 from pot
*** SUMMARY ***
Total pot $36 | Rake $0.50
Board [Jh 7c 4s Ah 5c]
Seat 1: Velbor107 (button) (small blind) mucked
Seat 3: todemoon (big blind) showed [Tc Ad] and won ($35.50) with a pair of Aces


PokerStars Hand #166776277659:  Hold'em Limit ($3/$6 USD) - 2017/02/25 19:15:15 ET
Table 'Laetitia II' 6-max Seat #3 is the button
Seat 1: Velbor107 ($345 in chips)
Seat 3: todemoon ($179.21 in chips)
todemoon: posts small blind $1
Velbor107: posts big blind $3
*** HOLE CARDS ***
todemoon: raises $3 to $6
Velbor107: raises $3 to $9
todemoon: calls $3
*** FLOP *** [Qh 7s Td]
Velbor107: bets $3
todemoon: calls $3
*** TURN *** [Qh 7s Td] [Jc]
Velbor107: bets $6
todemoon: calls $6
*** RIVER *** [Qh 7s Td Jc] [8h]
Velbor107: bets $6
todemoon: folds
Uncalled bet ($6) returned to Velbor107
Velbor107 collected $35.50 from pot
*** SUMMARY ***
Total pot $36 | Rake $0.50
Board [Qh 7s Td Jc 8h]
Seat 1: Velbor107 (big blind) collected ($35.50)
Seat 3: todemoon (button) (small blind) folded on the River


PokerStars Hand #166776293630:  Hold'em Limit ($3/$6 USD) - 2017/02/25 19:15:41 ET
Table 'Laetitia II' 6-max Seat #1 is the button
Seat 1: Velbor107 ($362.50 in chips)
Seat 3: todemoon ($161.21 in chips)
Velbor107: posts small blind $1
todemoon: posts big blind $3
*** HOLE CARDS ***
Velbor107: raises $3 to $6
todemoon: raises $3 to $9
Velbor107: calls $3
*** FLOP *** [7s 9c 3h]
todemoon: bets $3
Velbor107: calls $3
*** TURN *** [7s 9c 3h] [Td]
todemoon: bets $6
Velbor107: raises $6 to $12
todemoon: calls $6
*** RIVER *** [7s 9c 3h Td] [Ac]
todemoon: checks
Velbor107: checks
*** SHOW DOWN ***
todemoon: shows [Qs Qc] (a pair of Queens)
Velbor107: mucks hand
todemoon collected $47.50 from pot
*** SUMMARY ***
Total pot $48 | Rake $0.50
Board [7s 9c 3h Td Ac]
Seat 1: Velbor107 (button) (small blind) mucked
Seat 3: todemoon (big blind) showed [Qs Qc] and won ($47.50) with a pair of Queens


PokerStars Hand #166776308536:  Hold'em Limit ($3/$6 USD) - 2017/02/25 19:16:04 ET
Table 'Laetitia II' 6-max Seat #3 is the button
Seat 1: Velbor107 ($338.50 in chips)
Seat 3: todemoon ($184.71 in chips)
todemoon: posts small blind $1
Velbor107: posts big blind $3
*** HOLE CARDS ***
todemoon: folds
Uncalled bet ($2) returned to Velbor107
Velbor107 collected $2 from pot
*** SUMMARY ***
Total pot $2 | Rake $0
Seat 1: Velbor107 (big blind) collected ($2)
Seat 3: todemoon (button) (small blind) folded before Flop


PokerStars Hand #166776311630:  Hold'em Limit ($3/$6 USD) - 2017/02/25 19:16:09 ET
Table 'Laetitia II' 6-max Seat #1 is the button
Seat 1: Velbor107 ($339.50 in chips)
Seat 3: todemoon ($183.71 in chips)
Velbor107: posts small blind $1
todemoon: posts big blind $3
*** HOLE CARDS ***
Velbor107: raises $3 to $6
todemoon: calls $3
*** FLOP *** [Qd 2c 5d]
todemoon: checks
Velbor107: bets $3
todemoon: folds
Uncalled bet ($3) returned to Velbor107
Velbor107 collected $11.76 from pot
*** SUMMARY ***
Total pot $12 | Rake $0.24
Board [Qd 2c 5d]
Seat 1: Velbor107 (button) (small blind) collected ($11.76)
Seat 3: todemoon (big blind) folded on the Flop


PokerStars Hand #166776321391:  Hold'em Limit ($3/$6 USD) - 2017/02/25 19:16:25 ET
Table 'Laetitia II' 6-max Seat #3 is the button
Seat 1: Velbor107 ($345.26 in chips)
Seat 3: todemoon ($177.71 in chips)
todemoon: posts small blind $1
Velbor107: posts big blind $3
*** HOLE CARDS ***
todemoon: raises $3 to $6
Velbor107: calls $3
*** FLOP *** [Kc 9d 7c]
Velbor107: checks
todemoon: bets $3
Velbor107: raises $3 to $6
todemoon: calls $3
*** TURN *** [Kc 9d 7c] [4c]
Velbor107: bets $6
todemoon: calls $6
*** RIVER *** [Kc 9d 7c 4c] [Jc]
Velbor107: bets $6
todemoon: folds
Uncalled bet ($6) returned to Velbor107
Velbor107 collected $35.50 from pot
*** SUMMARY ***
Total pot $36 | Rake $0.50
Board [Kc 9d 7c 4c Jc]
Seat 1: Velbor107 (big blind) collected ($35.50)
Seat 3: todemoon (button) (small blind) folded on the River


PokerStars Hand #166776340378:  Hold'em Limit ($3/$6 USD) - 2017/02/25 19:16:55 ET
Table 'Laetitia II' 6-max Seat #1 is the button
Seat 1: Velbor107 ($362.76 in chips)
Seat 3: todemoon ($159.71 in chips)
Velbor107: posts small blind $1
todemoon: posts big blind $3
*** HOLE CARDS ***
Velbor107: folds
Uncalled bet ($2) returned to todemoon
todemoon collected $2 from pot
todemoon: doesn't show hand
*** SUMMARY ***
Total pot $2 | Rake $0
Seat 1: Velbor107 (button) (small blind) folded before Flop
Seat 3: todemoon (big blind) collected ($2)


PokerStars Hand #166776346912:  Hold'em Limit ($3/$6 USD) - 2017/02/25 19:17:06 ET
Table 'Laetitia II' 6-max Seat #3 is the button
Seat 1: Velbor107 ($361.76 in chips)
Seat 3: todemoon ($160.71 in chips)
todemoon: posts small blind $1
Velbor107: posts big blind $3
*** HOLE CARDS ***
todemoon: calls $2
Velbor107: checks
*** FLOP *** [7h 3c Ac]
Velbor107: bets $3
todemoon: raises $3 to $6
Velbor107: folds
Uncalled bet ($3) returned to todemoon
todemoon collected $11.76 from pot
todemoon: doesn't show hand
*** SUMMARY ***
Total pot $12 | Rake $0.24
Board [7h 3c Ac]
Seat 1: Velbor107 (big blind) folded on the Flop
Seat 3: todemoon (button) (small blind) collected ($11.76)


PokerStars Hand #166776354106:  Hold'em Limit ($3/$6 USD) - 2017/02/25 19:17:17 ET
Table 'Laetitia II' 6-max Seat #1 is the button
Seat 1: Velbor107 ($355.76 in chips)
Seat 3: todemoon ($166.47 in chips)
Velbor107: posts small blind $1
todemoon: posts big blind $3
*** HOLE CARDS ***
Velbor107: raises $3 to $6
todemoon: calls $3
*** FLOP *** [2d 7d 9c]
todemoon: checks
Velbor107: checks
*** TURN *** [2d 7d 9c] [Jh]
todemoon: checks
Velbor107: checks
*** RIVER *** [2d 7d 9c Jh] [9s]
todemoon: bets $6
Velbor107: calls $6
*** SHOW DOWN ***
todemoon: shows [3c 3s] (two pair, Nines and Threes)
SevenTeen79 joins the table at seat #4
Velbor107: mucks hand
todemoon collected $23.52 from pot
*** SUMMARY ***
Total pot $24 | Rake $0.48
Board [2d 7d 9c Jh 9s]
Seat 1: Velbor107 (button) (small blind) mucked
Seat 3: todemoon (big blind) showed [3c 3s] and won ($23.52) with two pair, Nines and Threes


PokerStars Hand #166777407315:  Hold'em Limit ($3/$6 USD) - 2017/02/25 19:46:15 ET
Table 'Laetitia II' 6-max Seat #5 is the button
Seat 3: todemoon ($64.77 in chips)
Seat 5: Fabulous108 ($181.91 in chips)
Fabulous108: posts small blind $1
Velbor107: is sitting out
todemoon: posts big blind $3
*** HOLE CARDS ***
Fabulous108: folds
Uncalled bet ($2) returned to todemoon
todemoon collected $2 from pot
todemoon: doesn't show hand
*** SUMMARY ***
Total pot $2 | Rake $0
Seat 3: todemoon (big blind) collected ($2)
Seat 5: Fabulous108 (button) (small blind) folded before Flop


PokerStars Hand #166777411826:  Hold'em Limit ($3/$6 USD) - 2017/02/25 19:46:23 ET
Table 'Laetitia II' 6-max Seat #3 is the button
Seat 3: todemoon ($65.77 in chips)
Seat 5: Fabulous108 ($180.91 in chips)
Velbor107 leaves the table
todemoon: posts small blind $1
Fabulous108: posts big blind $3
*** HOLE CARDS ***
todemoon: raises $3 to $6
Fabulous108: folds
Uncalled bet ($3) returned to todemoon
todemoon collected $6 from pot
todemoon: doesn't show hand
*** SUMMARY ***
Total pot $6 | Rake $0
Seat 3: todemoon (button) (small blind) collected ($6)
Seat 5: Fabulous108 (big blind) folded before Flop


PokerStars Hand #166777417369:  Hold'em Limit ($3/$6 USD) - 2017/02/25 19:46:33 ET
Table 'Laetitia II' 6-max Seat #5 is the button
Seat 3: todemoon ($68.77 in chips)
Seat 5: Fabulous108 ($177.91 in chips)
Fabulous108: posts small blind $1
todemoon: posts big blind $3
*** HOLE CARDS ***
Fabulous108: raises $3 to $6
todemoon: folds
Uncalled bet ($3) returned to Fabulous108
Fabulous108 collected $6 from pot
Fabulous108: doesn't show hand
*** SUMMARY ***
Total pot $6 | Rake $0
Seat 3: todemoon (big blind) folded before Flop
Seat 5: Fabulous108 (button) (small blind) collected ($6)


PokerStars Hand #166777426190:  Hold'em Limit ($3/$6 USD) - 2017/02/25 19:46:48 ET
Table 'Laetitia II' 6-max Seat #5 is the button
Seat 3: todemoon ($64.77 in chips)
Seat 5: Fabulous108 ($181.91 in chips)
Fabulous108: posts small blind $1
todemoon: posts big blind $3
*** HOLE CARDS ***
Fabulous108: folds
Uncalled bet ($2) returned to todemoon
todemoon collected $2 from pot
todemoon: doesn't show hand
*** SUMMARY ***
Total pot $2 | Rake $0
Seat 3: todemoon (big blind) collected ($2)
Seat 5: Fabulous108 (button) (small blind) folded before Flop


PokerStars Hand #166777423365:  Hold'em Limit ($3/$6 USD) - 2017/02/25 19:46:43 ET
Table 'Laetitia II' 6-max Seat #3 is the button
Seat 3: todemoon ($65.77 in chips)
Seat 5: Fabulous108 ($180.91 in chips)
todemoon: posts small blind $1
Fabulous108: posts big blind $3
*** HOLE CARDS ***
todemoon: folds
Uncalled bet ($2) returned to Fabulous108
Fabulous108 collected $2 from pot
Fabulous108: doesn't show hand
*** SUMMARY ***
Total pot $2 | Rake $0
Seat 3: todemoon (button) (small blind) folded before Flop
Seat 5: Fabulous108 (big blind) collected ($2)


PokerStars Hand #166777429359:  Hold'em Limit ($3/$6 USD) - 2017/02/25 19:46:54 ET
Table 'Laetitia II' 6-max Seat #3 is the button
Seat 3: todemoon ($65.77 in chips)
Seat 5: Fabulous108 ($180.91 in chips)
todemoon: posts small blind $1
Fabulous108: posts big blind $3
*** HOLE CARDS ***
todemoon: raises $3 to $6
Fabulous108: calls $3
*** FLOP *** [7c Qh 2h]
Fabulous108: checks
todemoon: bets $3
Fabulous108: calls $3
*** TURN *** [7c Qh 2h] [5c]
Fabulous108: checks
todemoon: bets $6
Fabulous108: folds
Uncalled bet ($6) returned to todemoon
todemoon collected $17.64 from pot
todemoon: doesn't show hand
*** SUMMARY ***
Total pot $18 | Rake $0.36
Board [7c Qh 2h 5c]
Seat 3: todemoon (button) (small blind) collected ($17.64)
Seat 5: Fabulous108 (big blind) folded on the Turn


PokerStars Hand #166777439353:  Hold'em Limit ($3/$6 USD) - 2017/02/25 19:47:11 ET
Table 'Laetitia II' 6-max Seat #5 is the button
Seat 3: todemoon ($74.41 in chips)
Seat 5: Fabulous108 ($171.91 in chips)
Fabulous108: posts small blind $1
todemoon: posts big blind $3
*** HOLE CARDS ***
Fabulous108: raises $3 to $6
todemoon: raises $3 to $9
Fabulous108: calls $3
*** FLOP *** [6c 4h Ah]
todemoon: bets $3
Fabulous108: folds
Uncalled bet ($3) returned to todemoon
todemoon collected $17.64 from pot
todemoon: doesn't show hand
*** SUMMARY ***
Total pot $18 | Rake $0.36
Board [6c 4h Ah]
Seat 3: todemoon (big blind) collected ($17.64)
Seat 5: Fabulous108 (button) (small blind) folded on the Flop


