PokerStars Hand #171903368854:  Hold'em Limit ($3/$6 USD) - 2017/06/17 16:45:33 ET
Table 'Lagrula' 6-max Seat #2 is the button
Seat 2: scorpio04 ($263.99 in chips)
Seat 5: favete lin ($181.78 in chips)
scorpio04: posts small blind $1
Mccormick213: is sitting out
favete lin: posts big blind $3
*** HOLE CARDS ***
scorpio04: raises $3 to $6
favete lin: calls $3
*** FLOP *** [Ah Ad 2s]
Mccormick213 leaves the table
favete lin: checks
scorpio04: bets $3
favete lin: folds
Uncalled bet ($3) returned to scorpio04
scorpio04 collected $11.76 from pot
scorpio04: doesn't show hand
*** SUMMARY ***
Total pot $12 | Rake $0.24
Board [Ah Ad 2s]
Seat 2: scorpio04 (button) (small blind) collected ($11.76)
Seat 5: favete lin (big blind) folded on the Flop


PokerStars Hand #171903383857:  Hold'em Limit ($3/$6 USD) - 2017/06/17 16:45:53 ET
Table 'Lagrula' 6-max Seat #5 is the button
Seat 2: scorpio04 ($269.75 in chips)
Seat 5: favete lin ($175.78 in chips)
favete lin: posts small blind $1
scorpio04: posts big blind $3
*** HOLE CARDS ***
favete lin: raises $3 to $6
scorpio04: folds
Uncalled bet ($3) returned to favete lin
favete lin collected $6 from pot
favete lin: doesn't show hand
*** SUMMARY ***
Total pot $6 | Rake $0
Seat 2: scorpio04 (big blind) folded before Flop
Seat 5: favete lin (button) (small blind) collected ($6)


PokerStars Hand #171903392722:  Hold'em Limit ($3/$6 USD) - 2017/06/17 16:46:05 ET
Table 'Lagrula' 6-max Seat #2 is the button
Seat 2: scorpio04 ($266.75 in chips)
Seat 5: favete lin ($178.78 in chips)
scorpio04: posts small blind $1
favete lin: posts big blind $3
*** HOLE CARDS ***
scorpio04: raises $3 to $6
favete lin: calls $3
*** FLOP *** [3d Ah 3s]
favete lin: checks
scorpio04: bets $3
favete lin: calls $3
*** TURN *** [3d Ah 3s] [5c]
favete lin: checks
scorpio04: checks
*** RIVER *** [3d Ah 3s 5c] [8d]
favete lin: checks
scorpio04: bets $6
favete lin: calls $6
*** SHOW DOWN ***
scorpio04: shows [Qc 8h] (two pair, Eights and Threes)
favete lin: mucks hand
scorpio04 collected $29.50 from pot
*** SUMMARY ***
Total pot $30 | Rake $0.50
Board [3d Ah 3s 5c 8d]
Seat 2: scorpio04 (button) (small blind) showed [Qc 8h] and won ($29.50) with two pair, Eights and Threes
Seat 5: favete lin (big blind) mucked


PokerStars Hand #171903411091:  Hold'em Limit ($3/$6 USD) - 2017/06/17 16:46:30 ET
Table 'Lagrula' 6-max Seat #5 is the button
Seat 2: scorpio04 ($281.25 in chips)
Seat 5: favete lin ($163.78 in chips)
favete lin: posts small blind $1
scorpio04: posts big blind $3
*** HOLE CARDS ***
favete lin: raises $3 to $6
scorpio04: calls $3
*** FLOP *** [Ks Qd 7c]
scorpio04: checks
favete lin: bets $3
scorpio04: raises $3 to $6
favete lin: calls $3
*** TURN *** [Ks Qd 7c] [5h]
scorpio04: bets $6
favete lin: calls $6
*** RIVER *** [Ks Qd 7c 5h] [4h]
scorpio04: bets $6
favete lin: calls $6
*** SHOW DOWN ***
scorpio04: shows [Kc Jd] (a pair of Kings)
favete lin: mucks hand
scorpio04 collected $47.50 from pot
*** SUMMARY ***
Total pot $48 | Rake $0.50
Board [Ks Qd 7c 5h 4h]
Seat 2: scorpio04 (big blind) showed [Kc Jd] and won ($47.50) with a pair of Kings
Seat 5: favete lin (button) (small blind) mucked


PokerStars Hand #171903435354:  Hold'em Limit ($3/$6 USD) - 2017/06/17 16:47:03 ET
Table 'Lagrula' 6-max Seat #2 is the button
Seat 2: scorpio04 ($304.75 in chips)
Seat 5: favete lin ($139.78 in chips)
scorpio04: posts small blind $1
favete lin: posts big blind $3
*** HOLE CARDS ***
scorpio04: raises $3 to $6
favete lin: calls $3
*** FLOP *** [Qd 4c 4d]
favete lin: checks
scorpio04: bets $3
favete lin: folds
Uncalled bet ($3) returned to scorpio04
scorpio04 collected $11.76 from pot
scorpio04: doesn't show hand
*** SUMMARY ***
Total pot $12 | Rake $0.24
Board [Qd 4c 4d]
Seat 2: scorpio04 (button) (small blind) collected ($11.76)
Seat 5: favete lin (big blind) folded on the Flop


PokerStars Hand #171903449397:  Hold'em Limit ($3/$6 USD) - 2017/06/17 16:47:18 ET
Table 'Lagrula' 6-max Seat #5 is the button
Seat 2: scorpio04 ($310.51 in chips)
Seat 5: favete lin ($133.78 in chips)
favete lin: posts small blind $1
scorpio04: posts big blind $3
*** HOLE CARDS ***
favete lin: raises $3 to $6
scorpio04: calls $3
*** FLOP *** [Qd Ks Td]
scorpio04: checks
favete lin: bets $3
scorpio04: raises $3 to $6
favete lin: folds
Uncalled bet ($3) returned to scorpio04
scorpio04 collected $17.64 from pot
scorpio04: doesn't show hand
*** SUMMARY ***
Total pot $18 | Rake $0.36
Board [Qd Ks Td]
Seat 2: scorpio04 (big blind) collected ($17.64)
Seat 5: favete lin (button) (small blind) folded on the Flop


PokerStars Hand #171903482655:  Hold'em Limit ($3/$6 USD) - 2017/06/17 16:48:00 ET
Table 'Lagrula' 6-max Seat #2 is the button
Seat 2: scorpio04 ($319.15 in chips)
Seat 5: favete lin ($124.78 in chips)
scorpio04: posts small blind $1
favete lin: posts big blind $3
*** HOLE CARDS ***
scorpio04: raises $3 to $6
favete lin: folds
Uncalled bet ($3) returned to scorpio04
scorpio04 collected $6 from pot
scorpio04: doesn't show hand
*** SUMMARY ***
Total pot $6 | Rake $0
Seat 2: scorpio04 (button) (small blind) collected ($6)
Seat 5: favete lin (big blind) folded before Flop


PokerStars Hand #171903493156:  Hold'em Limit ($3/$6 USD) - 2017/06/17 16:48:09 ET
Table 'Lagrula' 6-max Seat #5 is the button
Seat 2: scorpio04 ($322.15 in chips)
Seat 5: favete lin ($121.78 in chips)
favete lin: posts small blind $1
scorpio04: posts big blind $3
*** HOLE CARDS ***
favete lin: raises $3 to $6
scorpio04: calls $3
*** FLOP *** [As 8c Qh]
scorpio04: checks
favete lin: bets $3
scorpio04: folds
Uncalled bet ($3) returned to favete lin
favete lin collected $11.76 from pot
favete lin: doesn't show hand
*** SUMMARY ***
Total pot $12 | Rake $0.24
Board [As 8c Qh]
Seat 2: scorpio04 (big blind) folded on the Flop
Seat 5: favete lin (button) (small blind) collected ($11.76)


PokerStars Hand #171903512075:  Hold'em Limit ($3/$6 USD) - 2017/06/17 16:48:36 ET
Table 'Lagrula' 6-max Seat #2 is the button
Seat 2: scorpio04 ($316.15 in chips)
Seat 5: favete lin ($127.54 in chips)
scorpio04: posts small blind $1
favete lin: posts big blind $3
*** HOLE CARDS ***
scorpio04: raises $3 to $6
favete lin: calls $3
*** FLOP *** [9h Th Ah]
favete lin: checks
scorpio04: bets $3
favete lin: raises $3 to $6
scorpio04: calls $3
*** TURN *** [9h Th Ah] [Tc]
favete lin: bets $6
scorpio04: calls $6
*** RIVER *** [9h Th Ah Tc] [Td]
favete lin: bets $6
scorpio04: raises $6 to $12
favete lin: calls $6
*** SHOW DOWN ***
scorpio04: shows [7d Ad] (a full house, Tens full of Aces)
favete lin: shows [As 6h] (a full house, Tens full of Aces)
favete lin collected $29.75 from pot
scorpio04 collected $29.75 from pot
*** SUMMARY ***
Total pot $60 | Rake $0.50
Board [9h Th Ah Tc Td]
Seat 2: scorpio04 (button) (small blind) showed [7d Ad] and won ($29.75) with a full house, Tens full of Aces
Seat 5: favete lin (big blind) showed [As 6h] and won ($29.75) with a full house, Tens full of Aces


PokerStars Hand #171903541575:  Hold'em Limit ($3/$6 USD) - 2017/06/17 16:49:15 ET
Table 'Lagrula' 6-max Seat #5 is the button
Seat 2: scorpio04 ($315.90 in chips)
Seat 5: favete lin ($127.29 in chips)
favete lin: posts small blind $1
scorpio04: posts big blind $3
*** HOLE CARDS ***
favete lin: raises $3 to $6
scorpio04: calls $3
*** FLOP *** [Qc Kh Jh]
scorpio04: checks
favete lin: bets $3
scorpio04: raises $3 to $6
favete lin: calls $3
*** TURN *** [Qc Kh Jh] [2d]
scorpio04: bets $6
favete lin: raises $6 to $12
scorpio04: calls $6
*** RIVER *** [Qc Kh Jh 2d] [3h]
scorpio04: checks
favete lin: bets $6
scorpio04: folds
Uncalled bet ($6) returned to favete lin
favete lin collected $47.50 from pot
favete lin: doesn't show hand
*** SUMMARY ***
Total pot $48 | Rake $0.50
Board [Qc Kh Jh 2d 3h]
Seat 2: scorpio04 (big blind) folded on the River
Seat 5: favete lin (button) (small blind) collected ($47.50)


PokerStars Hand #171903566350:  Hold'em Limit ($3/$6 USD) - 2017/06/17 16:49:48 ET
Table 'Lagrula' 6-max Seat #2 is the button
Seat 2: scorpio04 ($291.90 in chips)
Seat 5: favete lin ($150.79 in chips)
scorpio04: posts small blind $1
favete lin: posts big blind $3
*** HOLE CARDS ***
scorpio04: raises $3 to $6
favete lin: raises $3 to $9
scorpio04: calls $3
*** FLOP *** [5s Ts 4s]
favete lin: bets $3
scorpio04: calls $3
*** TURN *** [5s Ts 4s] [9d]
favete lin: bets $6
scorpio04: calls $6
*** RIVER *** [5s Ts 4s 9d] [6h]
favete lin: bets $6
scorpio04: calls $6
*** SHOW DOWN ***
favete lin: shows [8c 9c] (a pair of Nines)
scorpio04: mucks hand
favete lin collected $47.50 from pot
*** SUMMARY ***
Total pot $48 | Rake $0.50
Board [5s Ts 4s 9d 6h]
Seat 2: scorpio04 (button) (small blind) mucked
Seat 5: favete lin (big blind) showed [8c 9c] and won ($47.50) with a pair of Nines


PokerStars Hand #171903606867:  Hold'em Limit ($3/$6 USD) - 2017/06/17 16:50:42 ET
Table 'Lagrula' 6-max Seat #5 is the button
Seat 2: scorpio04 ($267.90 in chips)
Seat 5: favete lin ($174.29 in chips)
favete lin: posts small blind $1
scorpio04: posts big blind $3
*** HOLE CARDS ***
favete lin: raises $3 to $6
scorpio04: calls $3
*** FLOP *** [Js As 8c]
scorpio04: checks
favete lin: bets $3
scorpio04: raises $3 to $6
favete lin: folds
Uncalled bet ($3) returned to scorpio04
scorpio04 collected $17.64 from pot
scorpio04: doesn't show hand
*** SUMMARY ***
Total pot $18 | Rake $0.36
Board [Js As 8c]
Seat 2: scorpio04 (big blind) collected ($17.64)
Seat 5: favete lin (button) (small blind) folded on the Flop


PokerStars Hand #171903679746:  Hold'em Limit ($3/$6 USD) - 2017/06/17 16:52:22 ET
Table 'Lagrula' 6-max Seat #2 is the button
Seat 2: scorpio04 ($313.04 in chips)
Seat 5: favete lin ($128.29 in chips)
scorpio04: posts small blind $1
favete lin: posts big blind $3
*** HOLE CARDS ***
scorpio04: raises $3 to $6
favete lin: calls $3
*** FLOP *** [4c 6d Kd]
favete lin: checks
scorpio04: bets $3
favete lin: calls $3
*** TURN *** [4c 6d Kd] [2c]
favete lin: checks
scorpio04: bets $6
favete lin: folds
Uncalled bet ($6) returned to scorpio04
scorpio04 collected $17.64 from pot
scorpio04: doesn't show hand
*** SUMMARY ***
Total pot $18 | Rake $0.36
Board [4c 6d Kd 2c]
Seat 2: scorpio04 (button) (small blind) collected ($17.64)
Seat 5: favete lin (big blind) folded on the Turn


PokerStars Hand #171903675150:  Hold'em Limit ($3/$6 USD) - 2017/06/17 16:52:16 ET
Table 'Lagrula' 6-max Seat #5 is the button
Seat 2: scorpio04 ($312.04 in chips)
Seat 5: favete lin ($129.29 in chips)
favete lin: posts small blind $1
scorpio04: posts big blind $3
*** HOLE CARDS ***
Hannibal2211 joins the table at seat #6
favete lin: folds
Uncalled bet ($2) returned to scorpio04
scorpio04 collected $2 from pot
scorpio04: doesn't show hand
*** SUMMARY ***
Total pot $2 | Rake $0
Seat 2: scorpio04 (big blind) collected ($2)
Seat 5: favete lin (button) (small blind) folded before Flop


PokerStars Hand #171903636469:  Hold'em Limit ($3/$6 USD) - 2017/06/17 16:51:23 ET
Table 'Lagrula' 6-max Seat #2 is the button
Seat 2: scorpio04 ($276.54 in chips)
Seat 5: favete lin ($165.29 in chips)
scorpio04: posts small blind $1
favete lin: posts big blind $3
*** HOLE CARDS ***
scorpio04: raises $3 to $6
favete lin: raises $3 to $9
scorpio04: calls $3
*** FLOP *** [7d 4h Ah]
favete lin: bets $3
scorpio04: calls $3
*** TURN *** [7d 4h Ah] [Qs]
favete lin: bets $6
scorpio04: raises $6 to $12
favete lin: raises $6 to $18
scorpio04: calls $6
*** RIVER *** [7d 4h Ah Qs] [Tc]
favete lin: bets $6
scorpio04: calls $6
*** SHOW DOWN ***
favete lin: shows [Ks Ad] (a pair of Aces)
scorpio04: shows [4c Ac] (two pair, Aces and Fours)
scorpio04 collected $71.50 from pot
*** SUMMARY ***
Total pot $72 | Rake $0.50
Board [7d 4h Ah Qs Tc]
Seat 2: scorpio04 (button) (small blind) showed [4c Ac] and won ($71.50) with two pair, Aces and Fours
Seat 5: favete lin (big blind) showed [Ks Ad] and lost with a pair of Aces


PokerStars Hand #171903812728:  Hold'em Limit ($3/$6 USD) - 2017/06/17 16:55:23 ET
Table 'Lagrula' 6-max Seat #2 is the button
Seat 2: scorpio04 ($371.95 in chips)
Seat 5: favete lin ($107.54 in chips)
scorpio04: posts small blind $1
favete lin: posts big blind $3
*** HOLE CARDS ***
scorpio04: raises $3 to $6
favete lin: calls $3
*** FLOP *** [Ts As 5c]
favete lin: checks
StoneFace007 joins the table at seat #6
scorpio04: bets $3
favete lin: folds
Uncalled bet ($3) returned to scorpio04
scorpio04 collected $11.76 from pot
scorpio04: doesn't show hand
*** SUMMARY ***
Total pot $12 | Rake $0.24
Board [Ts As 5c]
Seat 2: scorpio04 (button) (small blind) collected ($11.76)
Seat 5: favete lin (big blind) folded on the Flop


PokerStars Hand #171903809253:  Hold'em Limit ($3/$6 USD) - 2017/06/17 16:55:17 ET
Table 'Lagrula' 6-max Seat #5 is the button
Seat 2: scorpio04 ($370.95 in chips)
Seat 5: favete lin ($108.54 in chips)
favete lin: posts small blind $1
Hannibal2211: is sitting out
scorpio04: posts big blind $3
*** HOLE CARDS ***
Hannibal2211 leaves the table
favete lin: folds
Uncalled bet ($2) returned to scorpio04
scorpio04 collected $2 from pot
scorpio04: doesn't show hand
*** SUMMARY ***
Total pot $2 | Rake $0
Seat 2: scorpio04 (big blind) collected ($2)
Seat 5: favete lin (button) (small blind) folded before Flop


PokerStars Hand #171904159590:  Hold'em Limit ($3/$6 USD) - 2017/06/17 17:04:24 ET
Table 'Lagrula' 6-max Seat #5 is the button
Seat 2: scorpio04 ($302.85 in chips)
Seat 5: favete lin ($171.63 in chips)
favete lin: posts small blind $1
scorpio04: posts big blind $3
*** HOLE CARDS ***
favete lin: raises $3 to $6
scorpio04: calls $3
*** FLOP *** [4c 2s Ts]
scorpio04: checks
favete lin: checks
*** TURN *** [4c 2s Ts] [7h]
scorpio04: bets $6
favete lin: folds
Uncalled bet ($6) returned to scorpio04
scorpio04 collected $11.76 from pot
scorpio04: doesn't show hand
*** SUMMARY ***
Total pot $12 | Rake $0.24
Board [4c 2s Ts 7h]
Seat 2: scorpio04 (big blind) collected ($11.76)
Seat 5: favete lin (button) (small blind) folded on the Turn


PokerStars Hand #171904199350:  Hold'em Limit ($3/$6 USD) - 2017/06/17 17:05:18 ET
Table 'Lagrula' 6-max Seat #5 is the button
Seat 2: scorpio04 ($314.37 in chips)
Seat 5: favete lin ($159.63 in chips)
favete lin: posts small blind $1
scorpio04: posts big blind $3
*** HOLE CARDS ***
favete lin: raises $3 to $6
scorpio04: calls $3
*** FLOP *** [8s 5s 5c]
scorpio04: checks
favete lin: bets $3
scorpio04: folds
Uncalled bet ($3) returned to favete lin
favete lin collected $11.76 from pot
favete lin: doesn't show hand
*** SUMMARY ***
Total pot $12 | Rake $0.24
Board [8s 5s 5c]
Seat 2: scorpio04 (big blind) folded on the Flop
Seat 5: favete lin (button) (small blind) collected ($11.76)


PokerStars Hand #171904213957:  Hold'em Limit ($3/$6 USD) - 2017/06/17 17:05:39 ET
Table 'Lagrula' 6-max Seat #2 is the button
Seat 2: scorpio04 ($308.37 in chips)
Seat 5: favete lin ($165.39 in chips)
scorpio04: posts small blind $1
favete lin: posts big blind $3
*** HOLE CARDS ***
scorpio04: raises $3 to $6
favete lin: raises $3 to $9
scorpio04: calls $3
*** FLOP *** [Jd 6s Qd]
favete lin: bets $3
scorpio04: folds
Uncalled bet ($3) returned to favete lin
favete lin collected $17.64 from pot
favete lin: doesn't show hand
*** SUMMARY ***
Total pot $18 | Rake $0.36
Board [Jd 6s Qd]
Seat 2: scorpio04 (button) (small blind) folded on the Flop
Seat 5: favete lin (big blind) collected ($17.64)


PokerStars Hand #171904191053:  Hold'em Limit ($3/$6 USD) - 2017/06/17 17:05:07 ET
Table 'Lagrula' 6-max Seat #2 is the button
Seat 2: scorpio04 ($308.61 in chips)
Seat 5: favete lin ($165.63 in chips)
scorpio04: posts small blind $1
favete lin: posts big blind $3
*** HOLE CARDS ***
scorpio04: raises $3 to $6
favete lin: calls $3
*** FLOP *** [Ac Ks Qd]
favete lin: checks
scorpio04: bets $3
favete lin: folds
Uncalled bet ($3) returned to scorpio04
scorpio04 collected $11.76 from pot
scorpio04: doesn't show hand
*** SUMMARY ***
Total pot $12 | Rake $0.24
Board [Ac Ks Qd]
Seat 2: scorpio04 (button) (small blind) collected ($11.76)
Seat 5: favete lin (big blind) folded on the Flop


PokerStars Hand #171904243361:  Hold'em Limit ($3/$6 USD) - 2017/06/17 17:06:19 ET
Table 'Lagrula' 6-max Seat #2 is the button
Seat 2: scorpio04 ($322.87 in chips)
Seat 5: favete lin ($150.03 in chips)
scorpio04: posts small blind $1
favete lin: posts big blind $3
*** HOLE CARDS ***
scorpio04: folds
Uncalled bet ($2) returned to favete lin
favete lin collected $2 from pot
favete lin: doesn't show hand
*** SUMMARY ***
Total pot $2 | Rake $0
Seat 2: scorpio04 (button) (small blind) folded before Flop
Seat 5: favete lin (big blind) collected ($2)


PokerStars Hand #171904247813:  Hold'em Limit ($3/$6 USD) - 2017/06/17 17:06:25 ET
Table 'Lagrula' 6-max Seat #5 is the button
Seat 2: scorpio04 ($321.87 in chips)
Seat 5: favete lin ($151.03 in chips)
favete lin: posts small blind $1
scorpio04: posts big blind $3
*** HOLE CARDS ***
favete lin: raises $3 to $6
scorpio04: calls $3
*** FLOP *** [3s Kh Qd]
scorpio04: checks
favete lin: bets $3
scorpio04: raises $3 to $6
favete lin: calls $3
*** TURN *** [3s Kh Qd] [Th]
scorpio04: checks
favete lin: bets $6
scorpio04: calls $6
*** RIVER *** [3s Kh Qd Th] [4h]
scorpio04: checks
favete lin: bets $6
scorpio04: raises $6 to $12
favete lin: calls $6
*** SHOW DOWN ***
scorpio04: shows [Tc 4d] (two pair, Tens and Fours)
favete lin: mucks hand
scorpio04 collected $59.50 from pot
*** SUMMARY ***
Total pot $60 | Rake $0.50
Board [3s Kh Qd Th 4h]
Seat 2: scorpio04 (big blind) showed [Tc 4d] and won ($59.50) with two pair, Tens and Fours
Seat 5: favete lin (button) (small blind) mucked


PokerStars Hand #171904224597:  Hold'em Limit ($3/$6 USD) - 2017/06/17 17:05:54 ET
Table 'Lagrula' 6-max Seat #5 is the button
Seat 2: scorpio04 ($299.37 in chips)
Seat 5: favete lin ($174.03 in chips)
favete lin: posts small blind $1
scorpio04: posts big blind $3
*** HOLE CARDS ***
favete lin: raises $3 to $6
scorpio04: raises $3 to $9
favete lin: calls $3
*** FLOP *** [9s 4s Ks]
scorpio04: bets $3
favete lin: calls $3
*** TURN *** [9s 4s Ks] [Jh]
scorpio04: bets $6
favete lin: calls $6
*** RIVER *** [9s 4s Ks Jh] [Th]
scorpio04: bets $6
favete lin: calls $6
*** SHOW DOWN ***
scorpio04: shows [Td Tc] (three of a kind, Tens)
favete lin: mucks hand
scorpio04 collected $47.50 from pot
*** SUMMARY ***
Total pot $48 | Rake $0.50
Board [9s 4s Ks Jh Th]
Seat 2: scorpio04 (big blind) showed [Td Tc] and won ($47.50) with three of a kind, Tens
Seat 5: favete lin (button) (small blind) mucked


PokerStars Hand #171904278400:  Hold'em Limit ($3/$6 USD) - 2017/06/17 17:07:06 ET
Table 'Lagrula' 6-max Seat #2 is the button
Seat 2: scorpio04 ($351.37 in chips)
Seat 5: favete lin ($121.03 in chips)
scorpio04: posts small blind $1
favete lin: posts big blind $3
*** HOLE CARDS ***
scorpio04: raises $3 to $6
favete lin: raises $3 to $9
scorpio04: calls $3
*** FLOP *** [Ah Ac Kc]
favete lin: bets $3
scorpio04: calls $3
*** TURN *** [Ah Ac Kc] [9c]
favete lin: bets $6
scorpio04: raises $6 to $12
favete lin: calls $6
*** RIVER *** [Ah Ac Kc 9c] [4d]
favete lin: checks
scorpio04: checks
*** SHOW DOWN ***
favete lin: shows [As Ts] (three of a kind, Aces)
scorpio04: mucks hand
favete lin collected $47.50 from pot
*** SUMMARY ***
Total pot $48 | Rake $0.50
Board [Ah Ac Kc 9c 4d]
Seat 2: scorpio04 (button) (small blind) mucked
Seat 5: favete lin (big blind) showed [As Ts] and won ($47.50) with three of a kind, Aces


PokerStars Hand #171904310008:  Hold'em Limit ($3/$6 USD) - 2017/06/17 17:07:49 ET
Table 'Lagrula' 6-max Seat #5 is the button
Seat 2: scorpio04 ($327.37 in chips)
Seat 5: favete lin ($144.53 in chips)
favete lin: posts small blind $1
scorpio04: posts big blind $3
*** HOLE CARDS ***
favete lin: raises $3 to $6
scorpio04: raises $3 to $9
favete lin: calls $3
*** FLOP *** [Ts 8c 5d]
scorpio04: bets $3
favete lin: raises $3 to $6
scorpio04: raises $3 to $9
favete lin: calls $3
*** TURN *** [Ts 8c 5d] [8s]
scorpio04: bets $6
favete lin: raises $6 to $12
scorpio04: folds
Uncalled bet ($6) returned to favete lin
favete lin collected $47.50 from pot
favete lin: doesn't show hand
*** SUMMARY ***
Total pot $48 | Rake $0.50
Board [Ts 8c 5d 8s]
Seat 2: scorpio04 (big blind) folded on the Turn
Seat 5: favete lin (button) (small blind) collected ($47.50)


PokerStars Hand #171904326404:  Hold'em Limit ($3/$6 USD) - 2017/06/17 17:08:11 ET
Table 'Lagrula' 6-max Seat #2 is the button
Seat 2: scorpio04 ($303.37 in chips)
Seat 5: favete lin ($168.03 in chips)
scorpio04: posts small blind $1
favete lin: posts big blind $3
*** HOLE CARDS ***
scorpio04: raises $3 to $6
favete lin: calls $3
*** FLOP *** [Kd Jd 3c]
favete lin: checks
scorpio04: bets $3
favete lin: calls $3
*** TURN *** [Kd Jd 3c] [2c]
favete lin: checks
scorpio04: bets $6
favete lin: folds
Uncalled bet ($6) returned to scorpio04
scorpio04 collected $17.64 from pot
scorpio04: doesn't show hand
*** SUMMARY ***
Total pot $18 | Rake $0.36
Board [Kd Jd 3c 2c]
Seat 2: scorpio04 (button) (small blind) collected ($17.64)
Seat 5: favete lin (big blind) folded on the Turn


PokerStars Hand #171904336741:  Hold'em Limit ($3/$6 USD) - 2017/06/17 17:08:25 ET
Table 'Lagrula' 6-max Seat #5 is the button
Seat 2: scorpio04 ($312.01 in chips)
Seat 5: favete lin ($159.03 in chips)
favete lin: posts small blind $1
scorpio04: posts big blind $3
*** HOLE CARDS ***
favete lin: raises $3 to $6
scorpio04: raises $3 to $9
favete lin: calls $3
*** FLOP *** [4c Jd Td]
scorpio04: bets $3
favete lin: calls $3
*** TURN *** [4c Jd Td] [Jh]
scorpio04: bets $6
favete lin: calls $6
*** RIVER *** [4c Jd Td Jh] [Qd]
scorpio04: bets $6
favete lin: folds
Uncalled bet ($6) returned to scorpio04
scorpio04 collected $35.50 from pot
scorpio04: doesn't show hand
*** SUMMARY ***
Total pot $36 | Rake $0.50
Board [4c Jd Td Jh Qd]
Seat 2: scorpio04 (big blind) collected ($35.50)
Seat 5: favete lin (button) (small blind) folded on the River


PokerStars Hand #171904374571:  Hold'em Limit ($3/$6 USD) - 2017/06/17 17:09:17 ET
Table 'Lagrula' 6-max Seat #5 is the button
Seat 2: scorpio04 ($353.01 in chips)
Seat 5: favete lin ($117.03 in chips)
favete lin: posts small blind $1
scorpio04: posts big blind $3
*** HOLE CARDS ***
favete lin: raises $3 to $6
scorpio04: calls $3
*** FLOP *** [Qc 7s 7d]
scorpio04: checks
favete lin: bets $3
scorpio04: folds
Uncalled bet ($3) returned to favete lin
favete lin collected $11.76 from pot
favete lin: doesn't show hand
*** SUMMARY ***
Total pot $12 | Rake $0.24
Board [Qc 7s 7d]
Seat 2: scorpio04 (big blind) folded on the Flop
Seat 5: favete lin (button) (small blind) collected ($11.76)


PokerStars Hand #171904386152:  Hold'em Limit ($3/$6 USD) - 2017/06/17 17:09:32 ET
Table 'Lagrula' 6-max Seat #2 is the button
Seat 2: scorpio04 ($347.01 in chips)
Seat 5: favete lin ($122.79 in chips)
scorpio04: posts small blind $1
favete lin: posts big blind $3
*** HOLE CARDS ***
scorpio04: raises $3 to $6
favete lin: calls $3
*** FLOP *** [Ad 9h Tc]
favete lin: checks
scorpio04: checks
*** TURN *** [Ad 9h Tc] [Td]
favete lin: checks
scorpio04: bets $6
favete lin: folds
Uncalled bet ($6) returned to scorpio04
scorpio04 collected $11.76 from pot
scorpio04: doesn't show hand
*** SUMMARY ***
Total pot $12 | Rake $0.24
Board [Ad 9h Tc Td]
Seat 2: scorpio04 (button) (small blind) collected ($11.76)
Seat 5: favete lin (big blind) folded on the Turn


PokerStars Hand #171904351797:  Hold'em Limit ($3/$6 USD) - 2017/06/17 17:08:46 ET
Table 'Lagrula' 6-max Seat #2 is the button
Seat 2: scorpio04 ($329.51 in chips)
Seat 5: favete lin ($141.03 in chips)
scorpio04: posts small blind $1
favete lin: posts big blind $3
*** HOLE CARDS ***
scorpio04: raises $3 to $6
favete lin: calls $3
*** FLOP *** [As Kd 7h]
favete lin: checks
scorpio04: bets $3
favete lin: raises $3 to $6
scorpio04: calls $3
*** TURN *** [As Kd 7h] [9c]
favete lin: bets $6
scorpio04: calls $6
*** RIVER *** [As Kd 7h 9c] [4h]
favete lin: bets $6
scorpio04: calls $6
*** SHOW DOWN ***
favete lin: shows [8d Tc] (high card Ace)
scorpio04: shows [Kc 3d] (a pair of Kings)
scorpio04 collected $47.50 from pot
*** SUMMARY ***
Total pot $48 | Rake $0.50
Board [As Kd 7h 9c 4h]
Seat 2: scorpio04 (button) (small blind) showed [Kc 3d] and won ($47.50) with a pair of Kings
Seat 5: favete lin (big blind) showed [8d Tc] and lost with high card Ace


PokerStars Hand #171904418893:  Hold'em Limit ($3/$6 USD) - 2017/06/17 17:10:17 ET
Table 'Lagrula' 6-max Seat #2 is the button
Seat 2: scorpio04 ($382.27 in chips)
Seat 5: favete lin ($86.79 in chips)
scorpio04: posts small blind $1
favete lin: posts big blind $3
*** HOLE CARDS ***
scorpio04: raises $3 to $6
favete lin: calls $3
*** FLOP *** [2c 8d 3h]
favete lin: checks
scorpio04: bets $3
favete lin: calls $3
*** TURN *** [2c 8d 3h] [7s]
favete lin: checks
scorpio04: bets $6
favete lin: folds
Uncalled bet ($6) returned to scorpio04
scorpio04 collected $17.64 from pot
scorpio04: doesn't show hand
*** SUMMARY ***
Total pot $18 | Rake $0.36
Board [2c 8d 3h 7s]
Seat 2: scorpio04 (button) (small blind) collected ($17.64)
Seat 5: favete lin (big blind) folded on the Turn


PokerStars Hand #171904431005:  Hold'em Limit ($3/$6 USD) - 2017/06/17 17:10:33 ET
Table 'Lagrula' 6-max Seat #5 is the button
Seat 2: scorpio04 ($390.91 in chips)
Seat 5: favete lin ($77.79 in chips)
favete lin: posts small blind $1
scorpio04: posts big blind $3
*** HOLE CARDS ***
favete lin: raises $3 to $6
scorpio04: calls $3
*** FLOP *** [Qh 6h Kh]
scorpio04: checks
favete lin: bets $3
scorpio04: calls $3
*** TURN *** [Qh 6h Kh] [9d]
scorpio04: checks
favete lin: checks
*** RIVER *** [Qh 6h Kh 9d] [Qd]
scorpio04: bets $6
favete lin: calls $6
*** SHOW DOWN ***
scorpio04: shows [4c Qc] (three of a kind, Queens)
favete lin: mucks hand
scorpio04 collected $29.50 from pot
*** SUMMARY ***
Total pot $30 | Rake $0.50
Board [Qh 6h Kh 9d Qd]
Seat 2: scorpio04 (big blind) showed [4c Qc] and won ($29.50) with three of a kind, Queens
Seat 5: favete lin (button) (small blind) mucked


PokerStars Hand #171904401369:  Hold'em Limit ($3/$6 USD) - 2017/06/17 17:09:53 ET
Table 'Lagrula' 6-max Seat #5 is the button
Seat 2: scorpio04 ($352.77 in chips)
Seat 5: favete lin ($116.79 in chips)
favete lin: posts small blind $1
scorpio04: posts big blind $3
*** HOLE CARDS ***
favete lin: raises $3 to $6
scorpio04: calls $3
*** FLOP *** [Ac Kd 2d]
scorpio04: checks
favete lin: bets $3
scorpio04: raises $3 to $6
favete lin: raises $3 to $9
scorpio04: raises $3 to $12
Betting is capped
favete lin: calls $3
*** TURN *** [Ac Kd 2d] [5d]
scorpio04: bets $6
favete lin: calls $6
*** RIVER *** [Ac Kd 2d 5d] [Jd]
scorpio04: bets $6
favete lin: calls $6
*** SHOW DOWN ***
scorpio04: shows [Ad 4s] (a flush, Ace high)
favete lin: mucks hand
scorpio04 collected $59.50 from pot
*** SUMMARY ***
Total pot $60 | Rake $0.50
Board [Ac Kd 2d 5d Jd]
Seat 2: scorpio04 (big blind) showed [Ad 4s] and won ($59.50) with a flush, Ace high
Seat 5: favete lin (button) (small blind) mucked


PokerStars Hand #171904462539:  Hold'em Limit ($3/$6 USD) - 2017/06/17 17:11:16 ET
Table 'Lagrula' 6-max Seat #5 is the button
Seat 2: scorpio04 ($434.91 in chips)
Seat 5: favete lin ($72 in chips)
favete lin: posts small blind $1
scorpio04: posts big blind $3
*** HOLE CARDS ***
favete lin: raises $3 to $6
scorpio04: folds
Uncalled bet ($3) returned to favete lin
favete lin collected $6 from pot
favete lin: doesn't show hand
*** SUMMARY ***
Total pot $6 | Rake $0
Seat 2: scorpio04 (big blind) folded before Flop
Seat 5: favete lin (button) (small blind) collected ($6)


PokerStars Hand #171904446742:  Hold'em Limit ($3/$6 USD) - 2017/06/17 17:10:55 ET
Table 'Lagrula' 6-max Seat #2 is the button
Seat 2: scorpio04 ($405.41 in chips)
Seat 5: favete lin ($72 in chips)
scorpio04: posts small blind $1
favete lin: posts big blind $3
*** HOLE CARDS ***
scorpio04: raises $3 to $6
favete lin: raises $3 to $9
scorpio04: calls $3
*** FLOP *** [Th Ad 5d]
favete lin: bets $3
scorpio04: raises $3 to $6
favete lin: raises $3 to $9
scorpio04: calls $3
*** TURN *** [Th Ad 5d] [7s]
favete lin: bets $6
scorpio04: calls $6
*** RIVER *** [Th Ad 5d 7s] [7d]
favete lin: bets $6
scorpio04: calls $6
*** SHOW DOWN ***
favete lin: shows [Js Jd] (two pair, Jacks and Sevens)
scorpio04: shows [Ac 2h] (two pair, Aces and Sevens)
scorpio04 collected $59.50 from pot
*** SUMMARY ***
Total pot $60 | Rake $0.50
Board [Th Ad 5d 7s 7d]
Seat 2: scorpio04 (button) (small blind) showed [Ac 2h] and won ($59.50) with two pair, Aces and Sevens
Seat 5: favete lin (big blind) showed [Js Jd] and lost with two pair, Jacks and Sevens


PokerStars Hand #171904466504:  Hold'em Limit ($3/$6 USD) - 2017/06/17 17:11:22 ET
Table 'Lagrula' 6-max Seat #2 is the button
Seat 2: scorpio04 ($431.91 in chips)
Seat 5: favete lin ($75 in chips)
scorpio04: posts small blind $1
favete lin: posts big blind $3
*** HOLE CARDS ***
scorpio04: raises $3 to $6
favete lin: calls $3
*** FLOP *** [5c 8d 5s]
favete lin: checks
scorpio04: checks
*** TURN *** [5c 8d 5s] [Ac]
favete lin: checks
scorpio04: bets $6
favete lin: folds
Uncalled bet ($6) returned to scorpio04
scorpio04 collected $11.76 from pot
scorpio04: doesn't show hand
*** SUMMARY ***
Total pot $12 | Rake $0.24
Board [5c 8d 5s Ac]
Seat 2: scorpio04 (button) (small blind) collected ($11.76)
Seat 5: favete lin (big blind) folded on the Turn


PokerStars Hand #171904479102:  Hold'em Limit ($3/$6 USD) - 2017/06/17 17:11:39 ET
Table 'Lagrula' 6-max Seat #5 is the button
Seat 2: scorpio04 ($437.67 in chips)
Seat 5: favete lin ($72 in chips)
favete lin: posts small blind $1
scorpio04: posts big blind $3
*** HOLE CARDS ***
favete lin: raises $3 to $6
scorpio04: calls $3
*** FLOP *** [Ac 2c 8s]
scorpio04: checks
favete lin: bets $3
scorpio04: calls $3
*** TURN *** [Ac 2c 8s] [2d]
scorpio04: checks
favete lin: bets $6
scorpio04: folds
Uncalled bet ($6) returned to favete lin
favete lin collected $17.64 from pot
favete lin: doesn't show hand
*** SUMMARY ***
Total pot $18 | Rake $0.36
Board [Ac 2c 8s 2d]
Seat 2: scorpio04 (big blind) folded on the Turn
Seat 5: favete lin (button) (small blind) collected ($17.64)


PokerStars Hand #171904492814:  Hold'em Limit ($3/$6 USD) - 2017/06/17 17:11:58 ET
Table 'Lagrula' 6-max Seat #2 is the button
Seat 2: scorpio04 ($428.67 in chips)
Seat 5: favete lin ($80.64 in chips)
scorpio04: posts small blind $1
favete lin: posts big blind $3
*** HOLE CARDS ***
scorpio04: raises $3 to $6
favete lin: folds
Uncalled bet ($3) returned to scorpio04
scorpio04 collected $6 from pot
scorpio04: doesn't show hand
*** SUMMARY ***
Total pot $6 | Rake $0
Seat 2: scorpio04 (button) (small blind) collected ($6)
Seat 5: favete lin (big blind) folded before Flop


PokerStars Hand #171904500062:  Hold'em Limit ($3/$6 USD) - 2017/06/17 17:12:07 ET
Table 'Lagrula' 6-max Seat #5 is the button
Seat 2: scorpio04 ($431.67 in chips)
Seat 5: favete lin ($77.64 in chips)
favete lin: posts small blind $1
scorpio04: posts big blind $3
*** HOLE CARDS ***
bardp joins the table at seat #1
favete lin: raises $3 to $6
scorpio04: calls $3
*** FLOP *** [Tc As 6s]
scorpio04: checks
favete lin: bets $3
scorpio04: calls $3
*** TURN *** [Tc As 6s] [Td]
scorpio04: checks
favete lin: checks
*** RIVER *** [Tc As 6s Td] [Jh]
scorpio04: bets $6
favete lin: calls $6
*** SHOW DOWN ***
scorpio04: shows [Jd Ts] (a full house, Tens full of Jacks)
favete lin: mucks hand
scorpio04 collected $29.50 from pot
*** SUMMARY ***
Total pot $30 | Rake $0.50
Board [Tc As 6s Td Jh]
Seat 2: scorpio04 (big blind) showed [Jd Ts] and won ($29.50) with a full house, Tens full of Jacks
Seat 5: favete lin (button) (small blind) mucked


PokerStars Hand #171904530239:  Hold'em Limit ($3/$6 USD) - 2017/06/17 17:12:48 ET
Table 'Lagrula' 6-max Seat #2 is the button
Seat 2: scorpio04 ($446.17 in chips)
Seat 5: favete lin ($72 in chips)
scorpio04: posts small blind $1
favete lin: posts big blind $3
*** HOLE CARDS ***
scorpio04: raises $3 to $6
favete lin: calls $3
*** FLOP *** [Jc Th 9d]
favete lin: checks
scorpio04: bets $3
favete lin: calls $3
*** TURN *** [Jc Th 9d] [Jh]
favete lin: checks
scorpio04: bets $6
favete lin: calls $6
*** RIVER *** [Jc Th 9d Jh] [7c]
favete lin: checks
scorpio04: checks
*** SHOW DOWN ***
favete lin: shows [2h 9h] (two pair, Jacks and Nines)
scorpio04: mucks hand
favete lin collected $29.50 from pot
*** SUMMARY ***
Total pot $30 | Rake $0.50
Board [Jc Th 9d Jh 7c]
Seat 2: scorpio04 (button) (small blind) mucked
Seat 5: favete lin (big blind) showed [2h 9h] and won ($29.50) with two pair, Jacks and Nines


PokerStars Hand #171904760614:  Hold'em Limit ($3/$6 USD) - 2017/06/17 17:18:04 ET
Table 'Lagrula' 6-max Seat #2 is the button
Seat 2: scorpio04 ($449.02 in chips)
Seat 5: favete lin ($72 in chips)
scorpio04: posts small blind $1
favete lin: posts big blind $3
*** HOLE CARDS ***
scorpio04: raises $3 to $6
belik555 leaves the table
favete lin: calls $3
*** FLOP *** [9d 7c Jc]
favete lin: checks
scorpio04: checks
*** TURN *** [9d 7c Jc] [9s]
favete lin: bets $6
scorpio04: folds
Uncalled bet ($6) returned to favete lin
bardp leaves the table
favete lin collected $11.76 from pot
favete lin: doesn't show hand
*** SUMMARY ***
Total pot $12 | Rake $0.24
Board [9d 7c Jc 9s]
Seat 2: scorpio04 (button) (small blind) folded on the Turn
Seat 5: favete lin (big blind) collected ($11.76)


PokerStars Hand #171904790912:  Hold'em Limit ($3/$6 USD) - 2017/06/17 17:18:46 ET
Table 'Lagrula' 6-max Seat #2 is the button
Seat 2: scorpio04 ($442.77 in chips)
Seat 5: favete lin ($77.51 in chips)
scorpio04: posts small blind $1
favete lin: posts big blind $3
*** HOLE CARDS ***
scorpio04: folds
Uncalled bet ($2) returned to favete lin
favete lin collected $2 from pot
favete lin: doesn't show hand
*** SUMMARY ***
Total pot $2 | Rake $0
Seat 2: scorpio04 (button) (small blind) folded before Flop
Seat 5: favete lin (big blind) collected ($2)


PokerStars Hand #171904771525:  Hold'em Limit ($3/$6 USD) - 2017/06/17 17:18:19 ET
Table 'Lagrula' 6-max Seat #5 is the button
Seat 2: scorpio04 ($443.02 in chips)
Seat 5: favete lin ($77.76 in chips)
favete lin: posts small blind $1
scorpio04: posts big blind $3
*** HOLE CARDS ***
favete lin: raises $3 to $6
scorpio04: calls $3
*** FLOP *** [7c 3h 3c]
scorpio04: checks
favete lin: bets $3
scorpio04: calls $3
*** TURN *** [7c 3h 3c] [5c]
scorpio04: checks
favete lin: bets $6
scorpio04: calls $6
*** RIVER *** [7c 3h 3c 5c] [Qs]
scorpio04: checks
favete lin: checks
*** SHOW DOWN ***
scorpio04: shows [Th Kc] (a pair of Threes)
favete lin: shows [Td Kd] (a pair of Threes)
scorpio04 collected $14.75 from pot
favete lin collected $14.75 from pot
*** SUMMARY ***
Total pot $30 | Rake $0.50
Board [7c 3h 3c 5c Qs]
Seat 2: scorpio04 (big blind) showed [Th Kc] and won ($14.75) with a pair of Threes
Seat 5: favete lin (button) (small blind) showed [Td Kd] and won ($14.75) with a pair of Threes


PokerStars Hand #171904793828:  Hold'em Limit ($3/$6 USD) - 2017/06/17 17:18:50 ET
Table 'Lagrula' 6-max Seat #5 is the button
Seat 2: scorpio04 ($441.77 in chips)
Seat 5: favete lin ($78.51 in chips)
favete lin: posts small blind $1
scorpio04: posts big blind $3
*** HOLE CARDS ***
favete lin: folds
Uncalled bet ($2) returned to scorpio04
scorpio04 collected $2 from pot
scorpio04: doesn't show hand
*** SUMMARY ***
Total pot $2 | Rake $0
Seat 2: scorpio04 (big blind) collected ($2)
Seat 5: favete lin (button) (small blind) folded before Flop


PokerStars Hand #171904826804:  Hold'em Limit ($3/$6 USD) - 2017/06/17 17:19:36 ET
Table 'Lagrula' 6-max Seat #5 is the button
Seat 2: scorpio04 ($469.27 in chips)
Seat 5: favete lin ($72 in chips)
favete lin: posts small blind $1
scorpio04: posts big blind $3
*** HOLE CARDS ***
favete lin: raises $3 to $6
scorpio04: calls $3
*** FLOP *** [7h 8s Td]
scorpio04: checks
favete lin: bets $3
scorpio04: raises $3 to $6
favete lin: calls $3
*** TURN *** [7h 8s Td] [Kc]
scorpio04: bets $6
favete lin: calls $6
*** RIVER *** [7h 8s Td Kc] [Js]
scorpio04: bets $6
favete lin: folds
Uncalled bet ($6) returned to scorpio04
scorpio04 collected $35.50 from pot
scorpio04: doesn't show hand
*** SUMMARY ***
Total pot $36 | Rake $0.50
Board [7h 8s Td Kc Js]
Seat 2: scorpio04 (big blind) collected ($35.50)
Seat 5: favete lin (button) (small blind) folded on the River


PokerStars Hand #171904797189:  Hold'em Limit ($3/$6 USD) - 2017/06/17 17:18:55 ET
Table 'Lagrula' 6-max Seat #2 is the button
Seat 2: scorpio04 ($442.77 in chips)
Seat 5: favete lin ($77.51 in chips)
scorpio04: posts small blind $1
favete lin: posts big blind $3
*** HOLE CARDS ***
scorpio04: raises $3 to $6
favete lin: calls $3
*** FLOP *** [6c 4c 9s]
favete lin: checks
scorpio04: bets $3
favete lin: calls $3
*** TURN *** [6c 4c 9s] [3c]
favete lin: checks
scorpio04: bets $6
favete lin: raises $6 to $12
scorpio04: calls $6
*** RIVER *** [6c 4c 9s 3c] [7d]
favete lin: bets $6
scorpio04: calls $6
*** SHOW DOWN ***
favete lin: shows [7s Jc] (a pair of Sevens)
scorpio04: shows [9h 4h] (two pair, Nines and Fours)
scorpio04 collected $53.50 from pot
*** SUMMARY ***
Total pot $54 | Rake $0.50
Board [6c 4c 9s 3c 7d]
Seat 2: scorpio04 (button) (small blind) showed [9h 4h] and won ($53.50) with two pair, Nines and Fours
Seat 5: favete lin (big blind) showed [7s Jc] and lost with a pair of Sevens


PokerStars Hand #171904862247:  Hold'em Limit ($3/$6 USD) - 2017/06/17 17:20:26 ET
Table 'Lagrula' 6-max Seat #5 is the button
Seat 2: scorpio04 ($498.29 in chips)
Seat 5: favete lin ($72 in chips)
favete lin: posts small blind $1
scorpio04: posts big blind $3
*** HOLE CARDS ***
favete lin: raises $3 to $6
scorpio04: calls $3
*** FLOP *** [8c 6s 5s]
scorpio04: checks
favete lin: bets $3
scorpio04: calls $3
*** TURN *** [8c 6s 5s] [7c]
scorpio04: checks
favete lin: bets $6
scorpio04: folds
Uncalled bet ($6) returned to favete lin
favete lin collected $17.64 from pot
favete lin: doesn't show hand
*** SUMMARY ***
Total pot $18 | Rake $0.36
Board [8c 6s 5s 7c]
Seat 2: scorpio04 (big blind) folded on the Turn
Seat 5: favete lin (button) (small blind) collected ($17.64)


PokerStars Hand #171904842231:  Hold'em Limit ($3/$6 USD) - 2017/06/17 17:19:58 ET
Table 'Lagrula' 6-max Seat #2 is the button
Seat 2: scorpio04 ($486.77 in chips)
Seat 5: favete lin ($72 in chips)
scorpio04: posts small blind $1
favete lin: posts big blind $3
*** HOLE CARDS ***
scorpio04: raises $3 to $6
favete lin: calls $3
*** FLOP *** [Th 7s 4c]
favete lin: checks
scorpio04: checks
*** TURN *** [Th 7s 4c] [Ks]
favete lin: bets $6
scorpio04: calls $6
*** RIVER *** [Th 7s 4c Ks] [Jd]
favete lin: checks
scorpio04: checks
*** SHOW DOWN ***
favete lin: shows [6h 8s] (high card King)
scorpio04: shows [7d 9h] (a pair of Sevens)
scorpio04 collected $23.52 from pot
*** SUMMARY ***
Total pot $24 | Rake $0.48
Board [Th 7s 4c Ks Jd]
Seat 2: scorpio04 (button) (small blind) showed [7d 9h] and won ($23.52) with a pair of Sevens
Seat 5: favete lin (big blind) showed [6h 8s] and lost with high card King


PokerStars Hand #171904875561:  Hold'em Limit ($3/$6 USD) - 2017/06/17 17:20:43 ET
Table 'Lagrula' 6-max Seat #2 is the button
Seat 2: scorpio04 ($489.29 in chips)
Seat 5: favete lin ($80.64 in chips)
scorpio04: posts small blind $1
favete lin: posts big blind $3
*** HOLE CARDS ***
scorpio04: raises $3 to $6
favete lin: raises $3 to $9
scorpio04: calls $3
*** FLOP *** [Td 6c 4c]
favete lin: bets $3
scorpio04: raises $3 to $6
favete lin: calls $3
*** TURN *** [Td 6c 4c] [Qs]
favete lin: checks
scorpio04: checks
*** RIVER *** [Td 6c 4c Qs] [As]
favete lin: bets $6
scorpio04: folds
Uncalled bet ($6) returned to favete lin
favete lin collected $29.50 from pot
favete lin: doesn't show hand
*** SUMMARY ***
Total pot $30 | Rake $0.50
Board [Td 6c 4c Qs As]
Seat 2: scorpio04 (button) (small blind) folded on the River
Seat 5: favete lin (big blind) collected ($29.50)


PokerStars Hand #171904897029:  Hold'em Limit ($3/$6 USD) - 2017/06/17 17:21:13 ET
Table 'Lagrula' 6-max Seat #5 is the button
Seat 2: scorpio04 ($474.29 in chips)
Seat 5: favete lin ($95.14 in chips)
favete lin: posts small blind $1
scorpio04: posts big blind $3
*** HOLE CARDS ***
favete lin: raises $3 to $6
scorpio04: calls $3
*** FLOP *** [8c 5h Jd]
scorpio04: checks
favete lin: bets $3
scorpio04: calls $3
*** TURN *** [8c 5h Jd] [8h]
scorpio04: checks
favete lin: checks
*** RIVER *** [8c 5h Jd 8h] [Js]
scorpio04: checks
favete lin: checks
*** SHOW DOWN ***
scorpio04: shows [5d Qs] (two pair, Jacks and Eights)
favete lin: shows [Qc Kh] (two pair, Jacks and Eights - King kicker)
favete lin collected $17.64 from pot
*** SUMMARY ***
Total pot $18 | Rake $0.36
Board [8c 5h Jd 8h Js]
Seat 2: scorpio04 (big blind) showed [5d Qs] and lost with two pair, Jacks and Eights
Seat 5: favete lin (button) (small blind) showed [Qc Kh] and won ($17.64) with two pair, Jacks and Eights


PokerStars Hand #171904922725:  Hold'em Limit ($3/$6 USD) - 2017/06/17 17:21:49 ET
Table 'Lagrula' 6-max Seat #2 is the button
Seat 2: scorpio04 ($465.29 in chips)
Seat 5: favete lin ($103.78 in chips)
scorpio04: posts small blind $1
favete lin: posts big blind $3
*** HOLE CARDS ***
scorpio04: raises $3 to $6
favete lin: calls $3
*** FLOP *** [7d 3d Kd]
favete lin: checks
scorpio04: checks
*** TURN *** [7d 3d Kd] [Qh]
favete lin: checks
scorpio04: bets $6
favete lin: raises $6 to $12
scorpio04: folds
Uncalled bet ($6) returned to favete lin
favete lin collected $23.52 from pot
favete lin: doesn't show hand
*** SUMMARY ***
Total pot $24 | Rake $0.48
Board [7d 3d Kd Qh]
Seat 2: scorpio04 (button) (small blind) folded on the Turn
Seat 5: favete lin (big blind) collected ($23.52)


PokerStars Hand #171904939232:  Hold'em Limit ($3/$6 USD) - 2017/06/17 17:22:12 ET
Table 'Lagrula' 6-max Seat #5 is the button
Seat 2: scorpio04 ($453.29 in chips)
Seat 5: favete lin ($115.30 in chips)
favete lin: posts small blind $1
scorpio04: posts big blind $3
*** HOLE CARDS ***
favete lin: raises $3 to $6
scorpio04: raises $3 to $9
favete lin: calls $3
*** FLOP *** [Tc Jh Qh]
scorpio04: bets $3
favete lin: calls $3
*** TURN *** [Tc Jh Qh] [4c]
scorpio04: bets $6
favete lin: calls $6
*** RIVER *** [Tc Jh Qh 4c] [7d]
scorpio04: bets $6
favete lin: calls $6
*** SHOW DOWN ***
scorpio04: shows [9s 8d] (a straight, Eight to Queen)
favete lin: mucks hand
scorpio04 collected $47.50 from pot
*** SUMMARY ***
Total pot $48 | Rake $0.50
Board [Tc Jh Qh 4c 7d]
Seat 2: scorpio04 (big blind) showed [9s 8d] and won ($47.50) with a straight, Eight to Queen
Seat 5: favete lin (button) (small blind) mucked


PokerStars Hand #171904980495:  Hold'em Limit ($3/$6 USD) - 2017/06/17 17:23:08 ET
Table 'Lagrula' 6-max Seat #5 is the button
Seat 2: scorpio04 ($497.29 in chips)
Seat 5: favete lin ($72 in chips)
favete lin: posts small blind $1
scorpio04: posts big blind $3
*** HOLE CARDS ***
favete lin: folds
Uncalled bet ($2) returned to scorpio04
scorpio04 collected $2 from pot
scorpio04: doesn't show hand
*** SUMMARY ***
Total pot $2 | Rake $0
Seat 2: scorpio04 (big blind) collected ($2)
Seat 5: favete lin (button) (small blind) folded before Flop


PokerStars Hand #171904959084:  Hold'em Limit ($3/$6 USD) - 2017/06/17 17:22:39 ET
Table 'Lagrula' 6-max Seat #2 is the button
Seat 2: scorpio04 ($476.79 in chips)
Seat 5: favete lin ($91.30 in chips)
scorpio04: posts small blind $1
favete lin: posts big blind $3
*** HOLE CARDS ***
scorpio04: raises $3 to $6
favete lin: raises $3 to $9
scorpio04: calls $3
*** FLOP *** [5d 8c Js]
favete lin: bets $3
scorpio04: raises $3 to $6
favete lin: calls $3
*** TURN *** [5d 8c Js] [9d]
favete lin: checks
scorpio04: checks
*** RIVER *** [5d 8c Js 9d] [Jd]
favete lin: checks
scorpio04: bets $6
favete lin: calls $6
*** SHOW DOWN ***
scorpio04: shows [Kh 8d] (two pair, Jacks and Eights)
favete lin: mucks hand
scorpio04 collected $41.50 from pot
*** SUMMARY ***
Total pot $42 | Rake $0.50
Board [5d 8c Js 9d Jd]
Seat 2: scorpio04 (button) (small blind) showed [Kh 8d] and won ($41.50) with two pair, Jacks and Eights
Seat 5: favete lin (big blind) mucked


PokerStars Hand #171905004298:  Hold'em Limit ($3/$6 USD) - 2017/06/17 17:23:41 ET
Table 'Lagrula' 6-max Seat #2 is the button
Seat 2: scorpio04 ($474.29 in chips)
Seat 5: favete lin ($95.26 in chips)
scorpio04: posts small blind $1
favete lin: posts big blind $3
*** HOLE CARDS ***
scorpio04: raises $3 to $6
favete lin: calls $3
*** FLOP *** [Jd 6s As]
favete lin: checks
scorpio04: checks
*** TURN *** [Jd 6s As] [9c]
favete lin: checks
scorpio04: checks
*** RIVER *** [Jd 6s As 9c] [3d]
favete lin: checks
scorpio04: bets $6
favete lin: folds
Uncalled bet ($6) returned to scorpio04
scorpio04 collected $11.76 from pot
scorpio04: doesn't show hand
*** SUMMARY ***
Total pot $12 | Rake $0.24
Board [Jd 6s As 9c 3d]
Seat 2: scorpio04 (button) (small blind) collected ($11.76)
Seat 5: favete lin (big blind) folded on the River


PokerStars Hand #171904997723:  Hold'em Limit ($3/$6 USD) - 2017/06/17 17:23:32 ET
Table 'Lagrula' 6-max Seat #5 is the button
Seat 2: scorpio04 ($480.29 in chips)
Seat 5: favete lin ($89.50 in chips)
favete lin: posts small blind $1
scorpio04: posts big blind $3
*** HOLE CARDS ***
favete lin: raises $3 to $6
scorpio04: calls $3
*** FLOP *** [3d 9c Jc]
scorpio04: checks
favete lin: bets $3
scorpio04: folds
Uncalled bet ($3) returned to favete lin
favete lin collected $11.76 from pot
favete lin: doesn't show hand
*** SUMMARY ***
Total pot $12 | Rake $0.24
Board [3d 9c Jc]
Seat 2: scorpio04 (big blind) folded on the Flop
Seat 5: favete lin (button) (small blind) collected ($11.76)


PokerStars Hand #171904984791:  Hold'em Limit ($3/$6 USD) - 2017/06/17 17:23:14 ET
Table 'Lagrula' 6-max Seat #2 is the button
Seat 2: scorpio04 ($498.29 in chips)
Seat 5: favete lin ($72 in chips)
scorpio04: posts small blind $1
favete lin: posts big blind $3
*** HOLE CARDS ***
scorpio04: raises $3 to $6
favete lin: raises $3 to $9
scorpio04: calls $3
*** FLOP *** [4c 8s 9d]
favete lin: bets $3
scorpio04: raises $3 to $6
favete lin: raises $3 to $9
scorpio04: calls $3
*** TURN *** [4c 8s 9d] [Ah]
favete lin: bets $6
scorpio04: folds
Uncalled bet ($6) returned to favete lin
favete lin collected $35.50 from pot
favete lin: doesn't show hand
*** SUMMARY ***
Total pot $36 | Rake $0.50
Board [4c 8s 9d Ah]
Seat 2: scorpio04 (button) (small blind) folded on the Turn
Seat 5: favete lin (big blind) collected ($35.50)


PokerStars Hand #171905045435:  Hold'em Limit ($3/$6 USD) - 2017/06/17 17:24:38 ET
Table 'Lagrula' 6-max Seat #5 is the button
Seat 2: scorpio04 ($476.81 in chips)
Seat 5: favete lin ($91.90 in chips)
favete lin: posts small blind $1
scorpio04: posts big blind $3
*** HOLE CARDS ***
favete lin: raises $3 to $6
scorpio04: raises $3 to $9
favete lin: calls $3
*** FLOP *** [6s 9h 5d]
scorpio04: bets $3
favete lin: raises $3 to $6
scorpio04: raises $3 to $9
favete lin: calls $3
*** TURN *** [6s 9h 5d] [Qh]
scorpio04: bets $6
favete lin: calls $6
*** RIVER *** [6s 9h 5d Qh] [8h]
scorpio04: bets $6
favete lin: calls $6
*** SHOW DOWN ***
scorpio04: shows [7d 8d] (a straight, Five to Nine)
favete lin: mucks hand
scorpio04 collected $59.50 from pot
*** SUMMARY ***
Total pot $60 | Rake $0.50
Board [6s 9h 5d Qh 8h]
Seat 2: scorpio04 (big blind) showed [7d 8d] and won ($59.50) with a straight, Five to Nine
Seat 5: favete lin (button) (small blind) mucked


PokerStars Hand #171905035319:  Hold'em Limit ($3/$6 USD) - 2017/06/17 17:24:24 ET
Table 'Lagrula' 6-max Seat #2 is the button
Seat 2: scorpio04 ($471.05 in chips)
Seat 5: favete lin ($97.90 in chips)
scorpio04: posts small blind $1
favete lin: posts big blind $3
*** HOLE CARDS ***
scorpio04: raises $3 to $6
favete lin: calls $3
*** FLOP *** [7s 9h 3c]
favete lin: checks
scorpio04: checks
*** TURN *** [7s 9h 3c] [4c]
favete lin: checks
scorpio04: bets $6
favete lin: folds
Uncalled bet ($6) returned to scorpio04
scorpio04 collected $11.76 from pot
scorpio04: doesn't show hand
*** SUMMARY ***
Total pot $12 | Rake $0.24
Board [7s 9h 3c 4c]
Seat 2: scorpio04 (button) (small blind) collected ($11.76)
Seat 5: favete lin (big blind) folded on the Turn


PokerStars Hand #171905017040:  Hold'em Limit ($3/$6 USD) - 2017/06/17 17:23:59 ET
Table 'Lagrula' 6-max Seat #5 is the button
Seat 2: scorpio04 ($480.05 in chips)
Seat 5: favete lin ($89.26 in chips)
favete lin: posts small blind $1
scorpio04: posts big blind $3
*** HOLE CARDS ***
favete lin: raises $3 to $6
scorpio04: calls $3
*** FLOP *** [9d 4s Ah]
scorpio04: checks
favete lin: bets $3
scorpio04: calls $3
*** TURN *** [9d 4s Ah] [3d]
scorpio04: checks
favete lin: bets $6
scorpio04: folds
Uncalled bet ($6) returned to favete lin
favete lin collected $17.64 from pot
favete lin: doesn't show hand
*** SUMMARY ***
Total pot $18 | Rake $0.36
Board [9d 4s Ah 3d]
Seat 2: scorpio04 (big blind) folded on the Turn
Seat 5: favete lin (button) (small blind) collected ($17.64)


PokerStars Hand #171905063238:  Hold'em Limit ($3/$6 USD) - 2017/06/17 17:25:02 ET
Table 'Lagrula' 6-max Seat #2 is the button
Seat 2: scorpio04 ($506.31 in chips)
Seat 5: favete lin ($72 in chips)
scorpio04: posts small blind $1
favete lin: posts big blind $3
*** HOLE CARDS ***
scorpio04: raises $3 to $6
favete lin: raises $3 to $9
scorpio04: calls $3
*** FLOP *** [Ad 8d 6s]
favete lin: bets $3
scorpio04: folds
Uncalled bet ($3) returned to favete lin
favete lin collected $17.64 from pot
favete lin: doesn't show hand
*** SUMMARY ***
Total pot $18 | Rake $0.36
Board [Ad 8d 6s]
Seat 2: scorpio04 (button) (small blind) folded on the Flop
Seat 5: favete lin (big blind) collected ($17.64)


PokerStars Hand #171905085229:  Hold'em Limit ($3/$6 USD) - 2017/06/17 17:25:33 ET
Table 'Lagrula' 6-max Seat #2 is the button
Seat 2: scorpio04 ($511.81 in chips)
Seat 5: favete lin ($72 in chips)
scorpio04: posts small blind $1
favete lin: posts big blind $3
*** HOLE CARDS ***
scorpio04: raises $3 to $6
favete lin: calls $3
*** FLOP *** [8d Ah 6s]
favete lin: checks
scorpio04: checks
*** TURN *** [8d Ah 6s] [Qd]
favete lin: bets $6
scorpio04: calls $6
*** RIVER *** [8d Ah 6s Qd] [8c]
favete lin: checks
scorpio04: bets $6
favete lin: folds
Uncalled bet ($6) returned to scorpio04
scorpio04 collected $23.52 from pot
scorpio04: doesn't show hand
*** SUMMARY ***
Total pot $24 | Rake $0.48
Board [8d Ah 6s Qd 8c]
Seat 2: scorpio04 (button) (small blind) collected ($23.52)
Seat 5: favete lin (big blind) folded on the River


PokerStars Hand #171905132482:  Hold'em Limit ($3/$6 USD) - 2017/06/17 17:26:39 ET
Table 'Lagrula' 6-max Seat #5 is the button
Seat 2: scorpio04 ($549.35 in chips)
Seat 5: favete lin ($72 in chips)
favete lin: posts small blind $1
scorpio04: posts big blind $3
*** HOLE CARDS ***
favete lin: raises $3 to $6
scorpio04: raises $3 to $9
favete lin: calls $3
*** FLOP *** [Th Jh 2d]
scorpio04: bets $3
favete lin: calls $3
*** TURN *** [Th Jh 2d] [5s]
scorpio04: bets $6
favete lin: calls $6
*** RIVER *** [Th Jh 2d 5s] [2h]
scorpio04: bets $6
favete lin: raises $6 to $12
scorpio04: calls $6
*** SHOW DOWN ***
favete lin: shows [2s Kd] (three of a kind, Deuces)
scorpio04: mucks hand
favete lin collected $59.50 from pot
*** SUMMARY ***
Total pot $60 | Rake $0.50
Board [Th Jh 2d 5s 2h]
Seat 2: scorpio04 (big blind) mucked
Seat 5: favete lin (button) (small blind) showed [2s Kd] and won ($59.50) with three of a kind, Deuces


PokerStars Hand #171905117487:  Hold'em Limit ($3/$6 USD) - 2017/06/17 17:26:18 ET
Table 'Lagrula' 6-max Seat #2 is the button
Seat 2: scorpio04 ($537.83 in chips)
Seat 5: favete lin ($72 in chips)
scorpio04: posts small blind $1
favete lin: posts big blind $3
*** HOLE CARDS ***
scorpio04: raises $3 to $6
favete lin: calls $3
*** FLOP *** [9h 8c Ac]
favete lin: checks
scorpio04: checks
*** TURN *** [9h 8c Ac] [Td]
favete lin: checks
scorpio04: checks
*** RIVER *** [9h 8c Ac Td] [2h]
favete lin: checks
scorpio04: bets $6
favete lin: calls $6
*** SHOW DOWN ***
scorpio04: shows [7s 7c] (a pair of Sevens)
favete lin: mucks hand
scorpio04 collected $23.52 from pot
*** SUMMARY ***
Total pot $24 | Rake $0.48
Board [9h 8c Ac Td 2h]
Seat 2: scorpio04 (button) (small blind) showed [7s 7c] and won ($23.52) with a pair of Sevens
Seat 5: favete lin (big blind) mucked


PokerStars Hand #171905098656:  Hold'em Limit ($3/$6 USD) - 2017/06/17 17:25:52 ET
Table 'Lagrula' 6-max Seat #5 is the button
Seat 2: scorpio04 ($523.33 in chips)
Seat 5: favete lin ($72 in chips)
favete lin: posts small blind $1
scorpio04: posts big blind $3
*** HOLE CARDS ***
favete lin: raises $3 to $6
scorpio04: calls $3
*** FLOP *** [6c 8c 5h]
scorpio04: checks
favete lin: bets $3
scorpio04: calls $3
*** TURN *** [6c 8c 5h] [2d]
scorpio04: checks
favete lin: bets $6
scorpio04: calls $6
*** RIVER *** [6c 8c 5h 2d] [5s]
scorpio04: checks
favete lin: checks
*** SHOW DOWN ***
scorpio04: shows [3d As] (a pair of Fives)
favete lin: mucks hand
scorpio04 collected $29.50 from pot
*** SUMMARY ***
Total pot $30 | Rake $0.50
Board [6c 8c 5h 2d 5s]
Seat 2: scorpio04 (big blind) showed [3d As] and won ($29.50) with a pair of Fives
Seat 5: favete lin (button) (small blind) mucked


PokerStars Hand #171905148639:  Hold'em Limit ($3/$6 USD) - 2017/06/17 17:27:01 ET
Table 'Lagrula' 6-max Seat #2 is the button
Seat 2: scorpio04 ($519.35 in chips)
Seat 5: favete lin ($101.50 in chips)
scorpio04: posts small blind $1
favete lin: posts big blind $3
*** HOLE CARDS ***
scorpio04: raises $3 to $6
favete lin: calls $3
*** FLOP *** [Jd Ad 9h]
favete lin: checks
scorpio04: bets $3
favete lin: folds
Uncalled bet ($3) returned to scorpio04
scorpio04 collected $11.76 from pot
scorpio04: doesn't show hand
*** SUMMARY ***
Total pot $12 | Rake $0.24
Board [Jd Ad 9h]
Seat 2: scorpio04 (button) (small blind) collected ($11.76)
Seat 5: favete lin (big blind) folded on the Flop


PokerStars Hand #171905185518:  Hold'em Limit ($3/$6 USD) - 2017/06/17 17:27:39 ET
Table 'Lagrula' 6-max Seat #2 is the button
Seat 2: scorpio04 ($519.11 in chips)
Seat 5: favete lin ($101.26 in chips)
scorpio04: posts small blind $1
favete lin: posts big blind $3
*** HOLE CARDS ***
scorpio04: raises $3 to $6
favete lin: calls $3
*** FLOP *** [7c 2c 5c]
favete lin: checks
scorpio04: bets $3
favete lin: raises $3 to $6
scorpio04: calls $3
*** TURN *** [7c 2c 5c] [Ad]
favete lin: bets $6
scorpio04: raises $6 to $12
favete lin: raises $6 to $18
scorpio04: calls $6
*** RIVER *** [7c 2c 5c Ad] [2d]
favete lin: bets $6
scorpio04: calls $6
*** SHOW DOWN ***
favete lin: shows [Ac 2h] (a full house, Deuces full of Aces)
scorpio04: mucks hand
favete lin collected $71.50 from pot
*** SUMMARY ***
Total pot $72 | Rake $0.50
Board [7c 2c 5c Ad 2d]
Seat 2: scorpio04 (button) (small blind) mucked
Seat 5: favete lin (big blind) showed [Ac 2h] and won ($71.50) with a full house, Deuces full of Aces


PokerStars Hand #171905173242:  Hold'em Limit ($3/$6 USD) - 2017/06/17 17:27:22 ET
Table 'Lagrula' 6-max Seat #5 is the button
Seat 2: scorpio04 ($525.11 in chips)
Seat 5: favete lin ($95.50 in chips)
favete lin: posts small blind $1
scorpio04: posts big blind $3
*** HOLE CARDS ***
favete lin: raises $3 to $6
scorpio04: calls $3
*** FLOP *** [2h 7d 3s]
scorpio04: checks
favete lin: checks
*** TURN *** [2h 7d 3s] [Ac]
scorpio04: checks
favete lin: bets $6
scorpio04: folds
Uncalled bet ($6) returned to favete lin
favete lin collected $11.76 from pot
favete lin: doesn't show hand
*** SUMMARY ***
Total pot $12 | Rake $0.24
Board [2h 7d 3s Ac]
Seat 2: scorpio04 (big blind) folded on the Turn
Seat 5: favete lin (button) (small blind) collected ($11.76)


PokerStars Hand #171905232273:  Hold'em Limit ($3/$6 USD) - 2017/06/17 17:28:45 ET
Table 'Lagrula' 6-max Seat #5 is the button
Seat 2: scorpio04 ($470.86 in chips)
Seat 5: favete lin ($148.03 in chips)
favete lin: posts small blind $1
scorpio04: posts big blind $3
*** HOLE CARDS ***
favete lin: raises $3 to $6
scorpio04: raises $3 to $9
favete lin: calls $3
*** FLOP *** [4c Ac Js]
scorpio04: bets $3
favete lin: calls $3
*** TURN *** [4c Ac Js] [8c]
scorpio04: checks
favete lin: bets $6
scorpio04: folds
Uncalled bet ($6) returned to favete lin
favete lin collected $23.52 from pot
favete lin: doesn't show hand
*** SUMMARY ***
Total pot $24 | Rake $0.48
Board [4c Ac Js 8c]
Seat 2: scorpio04 (big blind) folded on the Turn
Seat 5: favete lin (button) (small blind) collected ($23.52)


PokerStars Hand #171905222344:  Hold'em Limit ($3/$6 USD) - 2017/06/17 17:28:31 ET
Table 'Lagrula' 6-max Seat #2 is the button
Seat 2: scorpio04 ($482.86 in chips)
Seat 5: favete lin ($136.51 in chips)
scorpio04: posts small blind $1
favete lin: posts big blind $3
*** HOLE CARDS ***
scorpio04: raises $3 to $6
favete lin: calls $3
*** FLOP *** [Ah Ad 3c]
favete lin: checks
scorpio04: checks
*** TURN *** [Ah Ad 3c] [7h]
favete lin: bets $6
scorpio04: calls $6
*** RIVER *** [Ah Ad 3c 7h] [Td]
favete lin: bets $6
scorpio04: folds
Uncalled bet ($6) returned to favete lin
favete lin collected $23.52 from pot
favete lin: doesn't show hand
*** SUMMARY ***
Total pot $24 | Rake $0.48
Board [Ah Ad 3c 7h Td]
Seat 2: scorpio04 (button) (small blind) folded on the River
Seat 5: favete lin (big blind) collected ($23.52)


PokerStars Hand #171905206687:  Hold'em Limit ($3/$6 USD) - 2017/06/17 17:28:09 ET
Table 'Lagrula' 6-max Seat #5 is the button
Seat 2: scorpio04 ($483.11 in chips)
Seat 5: favete lin ($136.76 in chips)
favete lin: posts small blind $1
scorpio04: posts big blind $3
*** HOLE CARDS ***
favete lin: raises $3 to $6
scorpio04: raises $3 to $9
favete lin: calls $3
*** FLOP *** [4s 8d Ah]
scorpio04: bets $3
favete lin: calls $3
*** TURN *** [4s 8d Ah] [6h]
scorpio04: bets $6
favete lin: calls $6
*** RIVER *** [4s 8d Ah 6h] [4d]
scorpio04: checks
favete lin: checks
*** SHOW DOWN ***
scorpio04: shows [7c Kc] (a pair of Fours)
favete lin: shows [2d Kh] (a pair of Fours)
scorpio04 collected $17.75 from pot
favete lin collected $17.75 from pot
*** SUMMARY ***
Total pot $36 | Rake $0.50
Board [4s 8d Ah 6h 4d]
Seat 2: scorpio04 (big blind) showed [7c Kc] and won ($17.75) with a pair of Fours
Seat 5: favete lin (button) (small blind) showed [2d Kh] and won ($17.75) with a pair of Fours


PokerStars Hand #171905281359:  Hold'em Limit ($3/$6 USD) - 2017/06/17 17:29:54 ET
Table 'Lagrula' 6-max Seat #5 is the button
Seat 2: scorpio04 ($437.86 in chips)
Seat 5: favete lin ($179.81 in chips)
favete lin: posts small blind $1
scorpio04: posts big blind $3
*** HOLE CARDS ***
favete lin: folds
Uncalled bet ($2) returned to scorpio04
scorpio04 collected $2 from pot
scorpio04: doesn't show hand
*** SUMMARY ***
Total pot $2 | Rake $0
Seat 2: scorpio04 (big blind) collected ($2)
Seat 5: favete lin (button) (small blind) folded before Flop


PokerStars Hand #171905276211:  Hold'em Limit ($3/$6 USD) - 2017/06/17 17:29:47 ET
Table 'Lagrula' 6-max Seat #2 is the button
Seat 2: scorpio04 ($434.86 in chips)
Seat 5: favete lin ($182.81 in chips)
scorpio04: posts small blind $1
favete lin: posts big blind $3
*** HOLE CARDS ***
scorpio04: raises $3 to $6
favete lin: folds
Uncalled bet ($3) returned to scorpio04
scorpio04 collected $6 from pot
scorpio04: doesn't show hand
*** SUMMARY ***
Total pot $6 | Rake $0
Seat 2: scorpio04 (button) (small blind) collected ($6)
Seat 5: favete lin (big blind) folded before Flop


PokerStars Hand #171905268990:  Hold'em Limit ($3/$6 USD) - 2017/06/17 17:29:37 ET
Table 'Lagrula' 6-max Seat #5 is the button
Seat 2: scorpio04 ($440.86 in chips)
Seat 5: favete lin ($177.05 in chips)
favete lin: posts small blind $1
scorpio04: posts big blind $3
*** HOLE CARDS ***
favete lin: raises $3 to $6
scorpio04: calls $3
*** FLOP *** [8c Jd Qh]
scorpio04: checks
favete lin: bets $3
scorpio04: folds
Uncalled bet ($3) returned to favete lin
favete lin collected $11.76 from pot
favete lin: doesn't show hand
*** SUMMARY ***
Total pot $12 | Rake $0.24
Board [8c Jd Qh]
Seat 2: scorpio04 (big blind) folded on the Flop
Seat 5: favete lin (button) (small blind) collected ($11.76)


PokerStars Hand #171905247216:  Hold'em Limit ($3/$6 USD) - 2017/06/17 17:29:06 ET
Table 'Lagrula' 6-max Seat #2 is the button
Seat 2: scorpio04 ($458.86 in chips)
Seat 5: favete lin ($159.55 in chips)
scorpio04: posts small blind $1
favete lin: posts big blind $3
*** HOLE CARDS ***
scorpio04: raises $3 to $6
favete lin: calls $3
*** FLOP *** [9s 4s 7s]
favete lin: checks
scorpio04: checks
*** TURN *** [9s 4s 7s] [8c]
favete lin: bets $6
scorpio04: calls $6
*** RIVER *** [9s 4s 7s 8c] [5d]
favete lin: bets $6
scorpio04: calls $6
*** SHOW DOWN ***
favete lin: shows [6c Js] (a straight, Five to Nine)
scorpio04: mucks hand
favete lin collected $35.50 from pot
*** SUMMARY ***
Total pot $36 | Rake $0.50
Board [9s 4s 7s 8c 5d]
Seat 2: scorpio04 (button) (small blind) mucked
Seat 5: favete lin (big blind) showed [6c Js] and won ($35.50) with a straight, Five to Nine


PokerStars Hand #171905301346:  Hold'em Limit ($3/$6 USD) - 2017/06/17 17:30:23 ET
Table 'Lagrula' 6-max Seat #5 is the button
Seat 2: scorpio04 ($417.86 in chips)
Seat 5: favete lin ($199.31 in chips)
favete lin: posts small blind $1
scorpio04: posts big blind $3
*** HOLE CARDS ***
favete lin: raises $3 to $6
scorpio04: calls $3
*** FLOP *** [2c 9s Ac]
scorpio04: checks
favete lin: bets $3
scorpio04: raises $3 to $6
favete lin: calls $3
*** TURN *** [2c 9s Ac] [4c]
scorpio04: bets $6
favete lin: calls $6
*** RIVER *** [2c 9s Ac 4c] [9c]
scorpio04: bets $6
favete lin: raises $6 to $12
scorpio04: calls $6
*** SHOW DOWN ***
favete lin: shows [Qc 8s] (a flush, Ace high)
scorpio04: mucks hand
favete lin collected $59.50 from pot
*** SUMMARY ***
Total pot $60 | Rake $0.50
Board [2c 9s Ac 4c 9c]
Seat 2: scorpio04 (big blind) mucked
Seat 5: favete lin (button) (small blind) showed [Qc 8s] and won ($59.50) with a flush, Ace high


PokerStars Hand #171905285085:  Hold'em Limit ($3/$6 USD) - 2017/06/17 17:30:00 ET
Table 'Lagrula' 6-max Seat #2 is the button
Seat 2: scorpio04 ($438.86 in chips)
Seat 5: favete lin ($178.81 in chips)
scorpio04: posts small blind $1
favete lin: posts big blind $3
*** HOLE CARDS ***
scorpio04: raises $3 to $6
favete lin: raises $3 to $9
scorpio04: calls $3
*** FLOP *** [Jd Th 4c]
favete lin: bets $3
scorpio04: raises $3 to $6
favete lin: calls $3
*** TURN *** [Jd Th 4c] [Ad]
favete lin: checks
scorpio04: checks
*** RIVER *** [Jd Th 4c Ad] [3s]
favete lin: checks
scorpio04: bets $6
favete lin: raises $6 to $12
scorpio04: folds
Uncalled bet ($6) returned to favete lin
favete lin collected $41.50 from pot
favete lin: doesn't show hand
*** SUMMARY ***
Total pot $42 | Rake $0.50
Board [Jd Th 4c Ad 3s]
Seat 2: scorpio04 (button) (small blind) folded on the River
Seat 5: favete lin (big blind) collected ($41.50)


PokerStars Hand #171905317550:  Hold'em Limit ($3/$6 USD) - 2017/06/17 17:30:45 ET
Table 'Lagrula' 6-max Seat #2 is the button
Seat 2: scorpio04 ($387.86 in chips)
Seat 5: favete lin ($228.81 in chips)
scorpio04: posts small blind $1
favete lin: posts big blind $3
*** HOLE CARDS ***
ABATAPP joins the table at seat #1
scorpio04: raises $3 to $6
favete lin: calls $3
*** FLOP *** [Jd Ac 8c]
favete lin: checks
scorpio04: bets $3
favete lin: calls $3
*** TURN *** [Jd Ac 8c] [6h]
favete lin: checks
scorpio04: bets $6
favete lin: calls $6
*** RIVER *** [Jd Ac 8c 6h] [5d]
favete lin: checks
scorpio04: bets $6
favete lin: raises $6 to $12
scorpio04: calls $6
*** SHOW DOWN ***
favete lin: shows [7s 9h] (a straight, Five to Nine)
scorpio04: mucks hand
favete lin collected $53.50 from pot
*** SUMMARY ***
Total pot $54 | Rake $0.50
Board [Jd Ac 8c 6h 5d]
Seat 2: scorpio04 (button) (small blind) mucked
Seat 5: favete lin (big blind) showed [7s 9h] and won ($53.50) with a straight, Five to Nine


