PokerStars Hand #165063060267:  Hold'em Limit ($3/$6 USD) - 2017/01/23 17:02:39 ET
Table 'Lagrula II' 6-max Seat #3 is the button
Seat 3: LouisB ($116.43 in chips)
Seat 6: Chessnok ($266.37 in chips)
LouisB: posts small blind $1
Chessnok: posts big blind $3
*** HOLE CARDS ***
LouisB: folds
Uncalled bet ($2) returned to Chessnok
Chessnok collected $2 from pot
Chessnok: doesn't show hand
*** SUMMARY ***
Total pot $2 | Rake $0
Seat 3: LouisB (button) (small blind) folded before Flop
Seat 6: Chessnok (big blind) collected ($2)


PokerStars Hand #165063048958:  Hold'em Limit ($3/$6 USD) - 2017/01/23 17:02:28 ET
Table 'Lagrula II' 6-max Seat #6 is the button
Seat 3: LouisB ($119.43 in chips)
Seat 6: Chessnok ($263.37 in chips)
Chessnok: posts small blind $1
abster2366: is sitting out
LouisB: posts big blind $3
*** HOLE CARDS ***
abster2366 leaves the table
Chessnok: raises $3 to $6
LouisB: folds
Uncalled bet ($3) returned to Chessnok
Chessnok collected $6 from pot
Chessnok: doesn't show hand
*** SUMMARY ***
Total pot $6 | Rake $0
Seat 3: LouisB (big blind) folded before Flop
Seat 6: Chessnok (button) (small blind) collected ($6)


PokerStars Hand #165065790397:  Hold'em Limit ($3/$6 USD) - 2017/01/23 17:50:21 ET
Table 'Lagrula II' 6-max Seat #1 is the button
Seat 1: nikosha8 ($261.42 in chips)
Seat 6: Chessnok ($231.62 in chips)
nikosha8: posts small blind $1
ede56 was removed from the table for failing to post
LouisB: is sitting out
Chessnok: posts big blind $3
*** HOLE CARDS ***
nikosha8: raises $3 to $6
LouisB leaves the table
Chessnok: calls $3
*** FLOP *** [4s 9s 2s]
Chessnok: checks
nikosha8: bets $3
Chessnok: folds
Uncalled bet ($3) returned to nikosha8
nikosha8 collected $11.76 from pot
*** SUMMARY ***
Total pot $12 | Rake $0.24
Board [4s 9s 2s]
Seat 1: nikosha8 (button) (small blind) collected ($11.76)
Seat 6: Chessnok (big blind) folded on the Flop


PokerStars Hand #165065802053:  Hold'em Limit ($3/$6 USD) - 2017/01/23 17:50:34 ET
Table 'Lagrula II' 6-max Seat #6 is the button
Seat 1: nikosha8 ($267.18 in chips)
Seat 6: Chessnok ($225.62 in chips)
Chessnok: posts small blind $1
nikosha8: posts big blind $3
*** HOLE CARDS ***
Chessnok: raises $3 to $6
nikosha8: calls $3
*** FLOP *** [Kd Ah 2c]
nikosha8: checks
Chessnok: bets $3
nikosha8: folds
Uncalled bet ($3) returned to Chessnok
Chessnok collected $11.76 from pot
Chessnok: doesn't show hand
*** SUMMARY ***
Total pot $12 | Rake $0.24
Board [Kd Ah 2c]
Seat 1: nikosha8 (big blind) folded on the Flop
Seat 6: Chessnok (button) (small blind) collected ($11.76)


PokerStars Hand #165065818937:  Hold'em Limit ($3/$6 USD) - 2017/01/23 17:50:53 ET
Table 'Lagrula II' 6-max Seat #1 is the button
Seat 1: nikosha8 ($261.18 in chips)
Seat 6: Chessnok ($231.38 in chips)
nikosha8: posts small blind $1
Chessnok: posts big blind $3
*** HOLE CARDS ***
nikosha8: raises $3 to $6
Chessnok: calls $3
*** FLOP *** [6h 2s Js]
Chessnok: checks
nikosha8: bets $3
Chessnok: folds
Uncalled bet ($3) returned to nikosha8
nikosha8 collected $11.76 from pot
*** SUMMARY ***
Total pot $12 | Rake $0.24
Board [6h 2s Js]
Seat 1: nikosha8 (button) (small blind) collected ($11.76)
Seat 6: Chessnok (big blind) folded on the Flop


PokerStars Hand #165065838720:  Hold'em Limit ($3/$6 USD) - 2017/01/23 17:51:16 ET
Table 'Lagrula II' 6-max Seat #6 is the button
Seat 1: nikosha8 ($266.94 in chips)
Seat 6: Chessnok ($225.38 in chips)
Chessnok: posts small blind $1
nikosha8: posts big blind $3
*** HOLE CARDS ***
Chessnok: folds
Uncalled bet ($2) returned to nikosha8
nikosha8 collected $2 from pot
*** SUMMARY ***
Total pot $2 | Rake $0
Seat 1: nikosha8 (big blind) collected ($2)
Seat 6: Chessnok (button) (small blind) folded before Flop


PokerStars Hand #165065850582:  Hold'em Limit ($3/$6 USD) - 2017/01/23 17:51:29 ET
Table 'Lagrula II' 6-max Seat #1 is the button
Seat 1: nikosha8 ($267.94 in chips)
Seat 6: Chessnok ($224.38 in chips)
nikosha8: posts small blind $1
Chessnok: posts big blind $3
*** HOLE CARDS ***
nikosha8: raises $3 to $6
Chessnok: raises $3 to $9
nikosha8: raises $3 to $12
Betting is capped
Chessnok: calls $3
*** FLOP *** [5c Qs 4d]
Chessnok: bets $3
nikosha8: calls $3
*** TURN *** [5c Qs 4d] [3d]
Chessnok: bets $6
nikosha8: calls $6
*** RIVER *** [5c Qs 4d 3d] [7c]
Chessnok: bets $6
nikosha8: raises $6 to $12
Chessnok: calls $6
*** SHOW DOWN ***
nikosha8: shows [6d 6h] (a straight, Three to Seven)
Chessnok: mucks hand
nikosha8 collected $65.50 from pot
*** SUMMARY ***
Total pot $66 | Rake $0.50
Board [5c Qs 4d 3d 7c]
Seat 1: nikosha8 (button) (small blind) showed [6d 6h] and won ($65.50) with a straight, Three to Seven
Seat 6: Chessnok (big blind) mucked


PokerStars Hand #165065883343:  Hold'em Limit ($3/$6 USD) - 2017/01/23 17:52:07 ET
Table 'Lagrula II' 6-max Seat #6 is the button
Seat 1: nikosha8 ($300.44 in chips)
Seat 6: Chessnok ($191.38 in chips)
Chessnok: posts small blind $1
nikosha8: posts big blind $3
*** HOLE CARDS ***
Chessnok: raises $3 to $6
nikosha8: raises $3 to $9
Chessnok: calls $3
*** FLOP *** [Ts 8d Td]
nikosha8: bets $3
Chessnok: calls $3
*** TURN *** [Ts 8d Td] [3d]
nikosha8: checks
Chessnok: checks
*** RIVER *** [Ts 8d Td 3d] [Ah]
nikosha8: bets $6
Chessnok: calls $6
*** SHOW DOWN ***
nikosha8: shows [7s Ad] (two pair, Aces and Tens)
Chessnok: mucks hand
nikosha8 collected $35.50 from pot
*** SUMMARY ***
Total pot $36 | Rake $0.50
Board [Ts 8d Td 3d Ah]
Seat 1: nikosha8 (big blind) showed [7s Ad] and won ($35.50) with two pair, Aces and Tens
Seat 6: Chessnok (button) (small blind) mucked


PokerStars Hand #165065913535:  Hold'em Limit ($3/$6 USD) - 2017/01/23 17:52:41 ET
Table 'Lagrula II' 6-max Seat #1 is the button
Seat 1: nikosha8 ($317.94 in chips)
Seat 6: Chessnok ($173.38 in chips)
nikosha8: posts small blind $1
Chessnok: posts big blind $3
*** HOLE CARDS ***
nikosha8: raises $3 to $6
Chessnok: calls $3
*** FLOP *** [4s 4h Qh]
Chessnok: checks
nikosha8: bets $3
Chessnok: folds
Uncalled bet ($3) returned to nikosha8
nikosha8 collected $11.76 from pot
*** SUMMARY ***
Total pot $12 | Rake $0.24
Board [4s 4h Qh]
Seat 1: nikosha8 (button) (small blind) collected ($11.76)
Seat 6: Chessnok (big blind) folded on the Flop


PokerStars Hand #165065932192:  Hold'em Limit ($3/$6 USD) - 2017/01/23 17:53:03 ET
Table 'Lagrula II' 6-max Seat #6 is the button
Seat 1: nikosha8 ($323.70 in chips)
Seat 6: Chessnok ($167.38 in chips)
Chessnok: posts small blind $1
nikosha8: posts big blind $3
*** HOLE CARDS ***
Chessnok: raises $3 to $6
nikosha8: raises $3 to $9
Chessnok: calls $3
*** FLOP *** [7c 4h 8c]
nikosha8: bets $3
Chessnok: calls $3
*** TURN *** [7c 4h 8c] [6h]
nikosha8: bets $6
Chessnok: folds
Uncalled bet ($6) returned to nikosha8
nikosha8 collected $23.52 from pot
*** SUMMARY ***
Total pot $24 | Rake $0.48
Board [7c 4h 8c 6h]
Seat 1: nikosha8 (big blind) collected ($23.52)
Seat 6: Chessnok (button) (small blind) folded on the Turn


PokerStars Hand #165065987310:  Hold'em Limit ($3/$6 USD) - 2017/01/23 17:54:06 ET
Table 'Lagrula II' 6-max Seat #6 is the button
Seat 1: nikosha8 ($340.98 in chips)
Seat 6: Chessnok ($149.38 in chips)
hooverr joins the table at seat #2
Chessnok: posts small blind $1
nikosha8: posts big blind $3
*** HOLE CARDS ***
Chessnok: folds
Uncalled bet ($2) returned to nikosha8
nikosha8 collected $2 from pot
*** SUMMARY ***
Total pot $2 | Rake $0
Seat 1: nikosha8 (big blind) collected ($2)
Seat 6: Chessnok (button) (small blind) folded before Flop


PokerStars Hand #165065958502:  Hold'em Limit ($3/$6 USD) - 2017/01/23 17:53:33 ET
Table 'Lagrula II' 6-max Seat #1 is the button
Seat 1: nikosha8 ($335.22 in chips)
Seat 6: Chessnok ($155.38 in chips)
nikosha8: posts small blind $1
Chessnok: posts big blind $3
*** HOLE CARDS ***
nikosha8: raises $3 to $6
Chessnok: calls $3
*** FLOP *** [5h Js Ac]
Chessnok: checks
nikosha8: bets $3
Chessnok: folds
Uncalled bet ($3) returned to nikosha8
nikosha8 collected $11.76 from pot
*** SUMMARY ***
Total pot $12 | Rake $0.24
Board [5h Js Ac]
Seat 1: nikosha8 (button) (small blind) collected ($11.76)
Seat 6: Chessnok (big blind) folded on the Flop


