PokerStars Hand #163400834715:  Hold'em Limit ($3/$6 USD) - 2016/12/23 12:48:27 ET
Table 'Lagrula' 6-max Seat #4 is the button
Seat 2: cola26licht ($56.89 in chips)
Seat 4: AzureCaper ($73 in chips)
AzureCaper: posts small blind $1
cola26licht: posts big blind $3
*** HOLE CARDS ***
AzureCaper: folds
Uncalled bet ($2) returned to cola26licht
cola26licht collected $2 from pot
cola26licht: doesn't show hand
Ebby78 joins the table at seat #5
*** SUMMARY ***
Total pot $2 | Rake $0
Seat 2: cola26licht (big blind) collected ($2)
Seat 4: AzureCaper (button) (small blind) folded before Flop


PokerStars Hand #163402181261:  Hold'em Limit ($3/$6 USD) - 2016/12/23 13:14:53 ET
Table 'Lagrula' 6-max Seat #3 is the button
Seat 3: Hannibal2211 ($144.41 in chips)
Seat 5: Ebby78 ($8.67 in chips)
Hannibal2211: posts small blind $1
AzureCaper: is sitting out
Ebby78: posts big blind $3
*** HOLE CARDS ***
AzureCaper leaves the table
Hannibal2211: raises $3 to $6
Ebby78: raises $2.67 to $8.67 and is all-in
Hannibal2211: calls $2.67
*** FLOP *** [Kh 9c 6s]
*** TURN *** [Kh 9c 6s] [8h]
vestimokrec leaves the table
*** RIVER *** [Kh 9c 6s 8h] [2h]
*** SHOW DOWN ***
Ebby78: shows [5d 4h] (high card King)
Hannibal2211: shows [Jh Ac] (high card Ace)
Hannibal2211 collected $16.99 from pot
*** SUMMARY ***
Total pot $17.34 | Rake $0.35
Board [Kh 9c 6s 8h 2h]
Seat 3: Hannibal2211 (button) (small blind) showed [Jh Ac] and won ($16.99) with high card Ace
Seat 5: Ebby78 (big blind) showed [5d 4h] and lost with high card King


