PokerStars Hand #147744136075:  Hold'em Limit ($3/$6 USD) - 2016/01/26 21:37:23 ET
Table 'Lagrangea' 2-max Seat #2 is the button
Seat 1: SmellyToes4u ($102.36 in chips)
Seat 2: barranqueiro ($96.05 in chips)
barranqueiro: posts small blind $1
SmellyToes4u: posts big blind $3
*** HOLE CARDS ***
barranqueiro: raises $3 to $6
SmellyToes4u: calls $3
*** FLOP *** [Th 8h 6d]
SmellyToes4u: checks
barranqueiro: bets $3
SmellyToes4u: folds
Uncalled bet ($3) returned to barranqueiro
barranqueiro collected $11.76 from pot
barranqueiro: doesn't show hand
*** SUMMARY ***
Total pot $12 | Rake $0.24
Board [Th 8h 6d]
Seat 1: SmellyToes4u (big blind) folded on the Flop
Seat 2: barranqueiro (button) (small blind) collected ($11.76)


PokerStars Hand #147744151374:  Hold'em Limit ($3/$6 USD) - 2016/01/26 21:37:58 ET
Table 'Lagrangea' 2-max Seat #1 is the button
Seat 1: SmellyToes4u ($96.36 in chips)
Seat 2: barranqueiro ($101.81 in chips)
SmellyToes4u: posts small blind $1
barranqueiro: posts big blind $3
*** HOLE CARDS ***
SmellyToes4u: raises $3 to $6
barranqueiro: calls $3
*** FLOP *** [2c 7c 4h]
barranqueiro: checks
SmellyToes4u: bets $3
barranqueiro: calls $3
*** TURN *** [2c 7c 4h] [6h]
barranqueiro: checks
SmellyToes4u: bets $6
barranqueiro: folds
Uncalled bet ($6) returned to SmellyToes4u
SmellyToes4u collected $17.64 from pot
SmellyToes4u: doesn't show hand
*** SUMMARY ***
Total pot $18 | Rake $0.36
Board [2c 7c 4h 6h]
Seat 1: SmellyToes4u (button) (small blind) collected ($17.64)
Seat 2: barranqueiro (big blind) folded on the Turn


PokerStars Hand #147744160390:  Hold'em Limit ($3/$6 USD) - 2016/01/26 21:38:19 ET
Table 'Lagrangea' 2-max Seat #2 is the button
Seat 1: SmellyToes4u ($105 in chips)
Seat 2: barranqueiro ($92.81 in chips)
barranqueiro: posts small blind $1
SmellyToes4u: posts big blind $3
*** HOLE CARDS ***
barranqueiro: raises $3 to $6
SmellyToes4u: calls $3
*** FLOP *** [Qh 5s 4d]
SmellyToes4u: checks
barranqueiro: bets $3
SmellyToes4u: folds
Uncalled bet ($3) returned to barranqueiro
barranqueiro collected $11.76 from pot
barranqueiro: doesn't show hand
*** SUMMARY ***
Total pot $12 | Rake $0.24
Board [Qh 5s 4d]
Seat 1: SmellyToes4u (big blind) folded on the Flop
Seat 2: barranqueiro (button) (small blind) collected ($11.76)


PokerStars Hand #147744174069:  Hold'em Limit ($3/$6 USD) - 2016/01/26 21:38:50 ET
Table 'Lagrangea' 2-max Seat #1 is the button
Seat 1: SmellyToes4u ($99 in chips)
Seat 2: barranqueiro ($98.57 in chips)
SmellyToes4u: posts small blind $1
barranqueiro: posts big blind $3
*** HOLE CARDS ***
SmellyToes4u: raises $3 to $6
barranqueiro: folds
Uncalled bet ($3) returned to SmellyToes4u
SmellyToes4u collected $6 from pot
SmellyToes4u: doesn't show hand
*** SUMMARY ***
Total pot $6 | Rake $0
Seat 1: SmellyToes4u (button) (small blind) collected ($6)
Seat 2: barranqueiro (big blind) folded before Flop


PokerStars Hand #147744178695:  Hold'em Limit ($3/$6 USD) - 2016/01/26 21:39:01 ET
Table 'Lagrangea' 2-max Seat #2 is the button
Seat 1: SmellyToes4u ($102 in chips)
Seat 2: barranqueiro ($95.57 in chips)
barranqueiro: posts small blind $1
SmellyToes4u: posts big blind $3
*** HOLE CARDS ***
barranqueiro: raises $3 to $6
SmellyToes4u: calls $3
*** FLOP *** [Js Qd 5c]
SmellyToes4u: checks
barranqueiro: bets $3
SmellyToes4u: folds
Uncalled bet ($3) returned to barranqueiro
barranqueiro collected $11.76 from pot
barranqueiro: doesn't show hand
*** SUMMARY ***
Total pot $12 | Rake $0.24
Board [Js Qd 5c]
Seat 1: SmellyToes4u (big blind) folded on the Flop
Seat 2: barranqueiro (button) (small blind) collected ($11.76)


PokerStars Hand #147744186780:  Hold'em Limit ($3/$6 USD) - 2016/01/26 21:39:20 ET
Table 'Lagrangea' 2-max Seat #1 is the button
Seat 1: SmellyToes4u ($96 in chips)
Seat 2: barranqueiro ($101.33 in chips)
SmellyToes4u: posts small blind $1
barranqueiro: posts big blind $3
*** HOLE CARDS ***
SmellyToes4u: raises $3 to $6
barranqueiro: calls $3
*** FLOP *** [9d 3h 8s]
barranqueiro: checks
SmellyToes4u: bets $3
barranqueiro: calls $3
*** TURN *** [9d 3h 8s] [Td]
barranqueiro: checks
SmellyToes4u: bets $6
barranqueiro: raises $6 to $12
SmellyToes4u: calls $6
*** RIVER *** [9d 3h 8s Td] [Ah]
barranqueiro: bets $6
SmellyToes4u: calls $6
*** SHOW DOWN ***
barranqueiro: shows [Th 6h] (a pair of Tens)
SmellyToes4u: mucks hand
barranqueiro collected $53.50 from pot
*** SUMMARY ***
Total pot $54 | Rake $0.50
Board [9d 3h 8s Td Ah]
Seat 1: SmellyToes4u (button) (small blind) mucked
Seat 2: barranqueiro (big blind) showed [Th 6h] and won ($53.50) with a pair of Tens


PokerStars Hand #147744209593:  Hold'em Limit ($3/$6 USD) - 2016/01/26 21:40:13 ET
Table 'Lagrangea' 2-max Seat #2 is the button
Seat 1: SmellyToes4u ($69 in chips)
Seat 2: barranqueiro ($127.83 in chips)
barranqueiro: posts small blind $1
SmellyToes4u: posts big blind $3
*** HOLE CARDS ***
barranqueiro: raises $3 to $6
SmellyToes4u: calls $3
*** FLOP *** [Ks 5d 2d]
SmellyToes4u: checks
barranqueiro: bets $3
SmellyToes4u: raises $3 to $6
barranqueiro: folds
Uncalled bet ($3) returned to SmellyToes4u
SmellyToes4u collected $17.64 from pot
SmellyToes4u: doesn't show hand
*** SUMMARY ***
Total pot $18 | Rake $0.36
Board [Ks 5d 2d]
Seat 1: SmellyToes4u (big blind) collected ($17.64)
Seat 2: barranqueiro (button) (small blind) folded on the Flop


PokerStars Hand #147744233267:  Hold'em Limit ($3/$6 USD) - 2016/01/26 21:41:07 ET
Table 'Lagrangea' 2-max Seat #1 is the button
Seat 1: SmellyToes4u ($77.64 in chips)
Seat 2: barranqueiro ($118.83 in chips)
SmellyToes4u: posts small blind $1
barranqueiro: posts big blind $3
*** HOLE CARDS ***
SmellyToes4u: raises $3 to $6
barranqueiro: calls $3
*** FLOP *** [4s Ac 9d]
barranqueiro: checks
SmellyToes4u: bets $3
barranqueiro: raises $3 to $6
SmellyToes4u: folds
Uncalled bet ($3) returned to barranqueiro
barranqueiro collected $17.64 from pot
*** SUMMARY ***
Total pot $18 | Rake $0.36
Board [4s Ac 9d]
Seat 1: SmellyToes4u (button) (small blind) folded on the Flop
Seat 2: barranqueiro (big blind) collected ($17.64)


PokerStars Hand #147744243664:  Hold'em Limit ($3/$6 USD) - 2016/01/26 21:41:31 ET
Table 'Lagrangea' 2-max Seat #2 is the button
Seat 1: SmellyToes4u ($68.64 in chips)
Seat 2: barranqueiro ($127.47 in chips)
barranqueiro: posts small blind $1
SmellyToes4u: posts big blind $3
*** HOLE CARDS ***
barranqueiro: raises $3 to $6
SmellyToes4u: calls $3
*** FLOP *** [7d 6d 2d]
SmellyToes4u: checks
barranqueiro: bets $3
SmellyToes4u: raises $3 to $6
barranqueiro: calls $3
*** TURN *** [7d 6d 2d] [Jh]
SmellyToes4u: bets $6
barranqueiro: calls $6
*** RIVER *** [7d 6d 2d Jh] [6s]
SmellyToes4u: checks
barranqueiro: bets $6
SmellyToes4u: calls $6
*** SHOW DOWN ***
barranqueiro: shows [8h 6h] (three of a kind, Sixes)
SmellyToes4u: mucks hand
barranqueiro collected $47.50 from pot
*** SUMMARY ***
Total pot $48 | Rake $0.50
Board [7d 6d 2d Jh 6s]
Seat 1: SmellyToes4u (big blind) mucked
Seat 2: barranqueiro (button) (small blind) showed [8h 6h] and won ($47.50) with three of a kind, Sixes


PokerStars Hand #147744272226:  Hold'em Limit ($3/$6 USD) - 2016/01/26 21:42:37 ET
Table 'Lagrangea' 2-max Seat #2 is the button
Seat 1: SmellyToes4u ($47.64 in chips)
Seat 2: barranqueiro ($147.97 in chips)
barranqueiro: posts small blind $1
SmellyToes4u: posts big blind $3
*** HOLE CARDS ***
barranqueiro: folds
Uncalled bet ($2) returned to SmellyToes4u
SmellyToes4u collected $2 from pot
SmellyToes4u: doesn't show hand
*** SUMMARY ***
Total pot $2 | Rake $0
Seat 1: SmellyToes4u (big blind) collected ($2)
Seat 2: barranqueiro (button) (small blind) folded before Flop


PokerStars Hand #147744267916:  Hold'em Limit ($3/$6 USD) - 2016/01/26 21:42:27 ET
Table 'Lagrangea' 2-max Seat #1 is the button
Seat 1: SmellyToes4u ($44.64 in chips)
Seat 2: barranqueiro ($150.97 in chips)
SmellyToes4u: posts small blind $1
barranqueiro: posts big blind $3
*** HOLE CARDS ***
SmellyToes4u: raises $3 to $6
barranqueiro: folds
Uncalled bet ($3) returned to SmellyToes4u
SmellyToes4u collected $6 from pot
SmellyToes4u: doesn't show hand
*** SUMMARY ***
Total pot $6 | Rake $0
Seat 1: SmellyToes4u (button) (small blind) collected ($6)
Seat 2: barranqueiro (big blind) folded before Flop


PokerStars Hand #147744275134:  Hold'em Limit ($3/$6 USD) - 2016/01/26 21:42:44 ET
Table 'Lagrangea' 2-max Seat #1 is the button
Seat 1: SmellyToes4u ($48.64 in chips)
Seat 2: barranqueiro ($146.97 in chips)
SmellyToes4u: posts small blind $1
barranqueiro: posts big blind $3
*** HOLE CARDS ***
SmellyToes4u: raises $3 to $6
barranqueiro: raises $3 to $9
SmellyToes4u: calls $3
*** FLOP *** [8c 5s 6h]
barranqueiro: bets $3
SmellyToes4u: raises $3 to $6
barranqueiro: raises $3 to $9
SmellyToes4u: calls $3
*** TURN *** [8c 5s 6h] [Qs]
barranqueiro: bets $6
SmellyToes4u: calls $6
*** RIVER *** [8c 5s 6h Qs] [6s]
barranqueiro: bets $6
SmellyToes4u: calls $6
*** SHOW DOWN ***
barranqueiro: shows [9h 9c] (two pair, Nines and Sixes)
SmellyToes4u: mucks hand
barranqueiro collected $59.50 from pot
*** SUMMARY ***
Total pot $60 | Rake $0.50
Board [8c 5s 6h Qs 6s]
Seat 1: SmellyToes4u (button) (small blind) mucked
Seat 2: barranqueiro (big blind) showed [9h 9c] and won ($59.50) with two pair, Nines and Sixes


PokerStars Hand #147744285807:  Hold'em Limit ($3/$6 USD) - 2016/01/26 21:43:08 ET
Table 'Lagrangea' 2-max Seat #2 is the button
Seat 1: SmellyToes4u ($18.64 in chips)
Seat 2: barranqueiro ($176.47 in chips)
barranqueiro: posts small blind $1
SmellyToes4u: posts big blind $3
*** HOLE CARDS ***
barranqueiro: raises $3 to $6
SmellyToes4u: calls $3
*** FLOP *** [6c Jh Ah]
SmellyToes4u: checks
barranqueiro: bets $3
SmellyToes4u: folds
Uncalled bet ($3) returned to barranqueiro
barranqueiro collected $11.76 from pot
barranqueiro: doesn't show hand
*** SUMMARY ***
Total pot $12 | Rake $0.24
Board [6c Jh Ah]
Seat 1: SmellyToes4u (big blind) folded on the Flop
Seat 2: barranqueiro (button) (small blind) collected ($11.76)


PokerStars Hand #147744290630:  Hold'em Limit ($3/$6 USD) - 2016/01/26 21:43:19 ET
Table 'Lagrangea' 2-max Seat #1 is the button
Seat 1: SmellyToes4u ($72.64 in chips)
Seat 2: barranqueiro ($182.23 in chips)
SmellyToes4u: posts small blind $1
barranqueiro: posts big blind $3
*** HOLE CARDS ***
SmellyToes4u: folds
Uncalled bet ($2) returned to barranqueiro
barranqueiro collected $2 from pot
barranqueiro: doesn't show hand
*** SUMMARY ***
Total pot $2 | Rake $0
Seat 1: SmellyToes4u (button) (small blind) folded before Flop
Seat 2: barranqueiro (big blind) collected ($2)


PokerStars Hand #147744294169:  Hold'em Limit ($3/$6 USD) - 2016/01/26 21:43:28 ET
Table 'Lagrangea' 2-max Seat #2 is the button
Seat 1: SmellyToes4u ($71.64 in chips)
Seat 2: barranqueiro ($183.23 in chips)
barranqueiro: posts small blind $1
SmellyToes4u: posts big blind $3
*** HOLE CARDS ***
barranqueiro: raises $3 to $6
SmellyToes4u: calls $3
*** FLOP *** [7c 7h 3c]
SmellyToes4u: checks
barranqueiro: bets $3
SmellyToes4u: folds
Uncalled bet ($3) returned to barranqueiro
barranqueiro collected $11.76 from pot
barranqueiro: doesn't show hand
*** SUMMARY ***
Total pot $12 | Rake $0.24
Board [7c 7h 3c]
Seat 1: SmellyToes4u (big blind) folded on the Flop
Seat 2: barranqueiro (button) (small blind) collected ($11.76)


PokerStars Hand #147744300450:  Hold'em Limit ($3/$6 USD) - 2016/01/26 21:43:42 ET
Table 'Lagrangea' 2-max Seat #1 is the button
Seat 1: SmellyToes4u ($65.64 in chips)
Seat 2: barranqueiro ($188.99 in chips)
SmellyToes4u: posts small blind $1
barranqueiro: posts big blind $3
*** HOLE CARDS ***
SmellyToes4u: folds
Uncalled bet ($2) returned to barranqueiro
barranqueiro collected $2 from pot
barranqueiro: doesn't show hand
*** SUMMARY ***
Total pot $2 | Rake $0
Seat 1: SmellyToes4u (button) (small blind) folded before Flop
Seat 2: barranqueiro (big blind) collected ($2)


PokerStars Hand #147744303391:  Hold'em Limit ($3/$6 USD) - 2016/01/26 21:43:49 ET
Table 'Lagrangea' 2-max Seat #2 is the button
Seat 1: SmellyToes4u ($64.64 in chips)
Seat 2: barranqueiro ($189.99 in chips)
barranqueiro: posts small blind $1
SmellyToes4u: posts big blind $3
*** HOLE CARDS ***
barranqueiro: raises $3 to $6
SmellyToes4u: calls $3
*** FLOP *** [8d Jh 4s]
SmellyToes4u: checks
barranqueiro: bets $3
SmellyToes4u: folds
Uncalled bet ($3) returned to barranqueiro
barranqueiro collected $11.76 from pot
barranqueiro: doesn't show hand
*** SUMMARY ***
Total pot $12 | Rake $0.24
Board [8d Jh 4s]
Seat 1: SmellyToes4u (big blind) folded on the Flop
Seat 2: barranqueiro (button) (small blind) collected ($11.76)


PokerStars Hand #147744313292:  Hold'em Limit ($3/$6 USD) - 2016/01/26 21:44:12 ET
Table 'Lagrangea' 2-max Seat #1 is the button
Seat 1: SmellyToes4u ($58.64 in chips)
Seat 2: barranqueiro ($195.75 in chips)
SmellyToes4u: posts small blind $1
barranqueiro: posts big blind $3
*** HOLE CARDS ***
SmellyToes4u: raises $3 to $6
barranqueiro: calls $3
*** FLOP *** [Td 5d 7d]
barranqueiro: checks
SmellyToes4u: bets $3
barranqueiro: calls $3
*** TURN *** [Td 5d 7d] [Ah]
barranqueiro: checks
SmellyToes4u: bets $6
barranqueiro: calls $6
*** RIVER *** [Td 5d 7d Ah] [9d]
barranqueiro: checks
SmellyToes4u: bets $6
barranqueiro: calls $6
*** SHOW DOWN ***
SmellyToes4u: shows [As Qd] (a flush, Queen high)
barranqueiro: mucks hand
SmellyToes4u collected $41.50 from pot
*** SUMMARY ***
Total pot $42 | Rake $0.50
Board [Td 5d 7d Ah 9d]
Seat 1: SmellyToes4u (button) (small blind) showed [As Qd] and won ($41.50) with a flush, Queen high
Seat 2: barranqueiro (big blind) mucked


PokerStars Hand #147744328463:  Hold'em Limit ($3/$6 USD) - 2016/01/26 21:44:47 ET
Table 'Lagrangea' 2-max Seat #2 is the button
Seat 1: SmellyToes4u ($79.14 in chips)
Seat 2: barranqueiro ($174.75 in chips)
barranqueiro: posts small blind $1
SmellyToes4u: posts big blind $3
*** HOLE CARDS ***
barranqueiro: raises $3 to $6
SmellyToes4u: calls $3
*** FLOP *** [Ah As Qd]
SmellyToes4u: checks
barranqueiro: bets $3
SmellyToes4u: raises $3 to $6
barranqueiro: raises $3 to $9
SmellyToes4u: calls $3
*** TURN *** [Ah As Qd] [3d]
SmellyToes4u: checks
barranqueiro: checks
*** RIVER *** [Ah As Qd 3d] [8c]
SmellyToes4u: bets $6
barranqueiro: calls $6
*** SHOW DOWN ***
SmellyToes4u: shows [5s 7c] (a pair of Aces)
barranqueiro: shows [4h 4d] (two pair, Aces and Fours)
barranqueiro collected $41.50 from pot
*** SUMMARY ***
Total pot $42 | Rake $0.50
Board [Ah As Qd 3d 8c]
Seat 1: SmellyToes4u (big blind) showed [5s 7c] and lost with a pair of Aces
Seat 2: barranqueiro (button) (small blind) showed [4h 4d] and won ($41.50) with two pair, Aces and Fours


PokerStars Hand #147744340999:  Hold'em Limit ($3/$6 USD) - 2016/01/26 21:45:16 ET
Table 'Lagrangea' 2-max Seat #1 is the button
Seat 1: SmellyToes4u ($58.14 in chips)
Seat 2: barranqueiro ($195.25 in chips)
SmellyToes4u: posts small blind $1
barranqueiro: posts big blind $3
*** HOLE CARDS ***
SmellyToes4u: raises $3 to $6
barranqueiro: raises $3 to $9
SmellyToes4u: calls $3
*** FLOP *** [9h 3c 6d]
barranqueiro: bets $3
SmellyToes4u: calls $3
*** TURN *** [9h 3c 6d] [Qh]
barranqueiro: bets $6
SmellyToes4u: raises $6 to $12
barranqueiro: calls $6
*** RIVER *** [9h 3c 6d Qh] [5h]
barranqueiro: checks
SmellyToes4u: bets $6
barranqueiro: calls $6
*** SHOW DOWN ***
SmellyToes4u: shows [Td Qd] (a pair of Queens)
barranqueiro: mucks hand
SmellyToes4u collected $59.50 from pot
*** SUMMARY ***
Total pot $60 | Rake $0.50
Board [9h 3c 6d Qh 5h]
Seat 1: SmellyToes4u (button) (small blind) showed [Td Qd] and won ($59.50) with a pair of Queens
Seat 2: barranqueiro (big blind) mucked


PokerStars Hand #147744378101:  Hold'em Limit ($3/$6 USD) - 2016/01/26 21:46:42 ET
Table 'Lagrangea' 2-max Seat #1 is the button
Seat 1: SmellyToes4u ($123.14 in chips)
Seat 2: barranqueiro ($129.25 in chips)
SmellyToes4u: posts small blind $1
barranqueiro: posts big blind $3
*** HOLE CARDS ***
SmellyToes4u: raises $3 to $6
barranqueiro: raises $3 to $9
SmellyToes4u: calls $3
*** FLOP *** [3s 6s 8h]
barranqueiro: bets $3
SmellyToes4u: raises $3 to $6
barranqueiro: raises $3 to $9
SmellyToes4u: calls $3
*** TURN *** [3s 6s 8h] [3h]
barranqueiro: bets $6
SmellyToes4u: raises $6 to $12
barranqueiro: calls $6
*** RIVER *** [3s 6s 8h 3h] [5c]
barranqueiro: checks
SmellyToes4u: bets $6
barranqueiro: calls $6
*** SHOW DOWN ***
SmellyToes4u: shows [6d 6h] (a full house, Sixes full of Threes)
barranqueiro: mucks hand
SmellyToes4u collected $71.50 from pot
*** SUMMARY ***
Total pot $72 | Rake $0.50
Board [3s 6s 8h 3h 5c]
Seat 1: SmellyToes4u (button) (small blind) showed [6d 6h] and won ($71.50) with a full house, Sixes full of Threes
Seat 2: barranqueiro (big blind) mucked


PokerStars Hand #147744362315:  Hold'em Limit ($3/$6 USD) - 2016/01/26 21:46:06 ET
Table 'Lagrangea' 2-max Seat #2 is the button
Seat 1: SmellyToes4u ($87.64 in chips)
Seat 2: barranqueiro ($165.25 in chips)
barranqueiro: posts small blind $1
SmellyToes4u: posts big blind $3
*** HOLE CARDS ***
barranqueiro: calls $2
SmellyToes4u: checks
*** FLOP *** [Ts Jd 8s]
SmellyToes4u: bets $3
barranqueiro: raises $3 to $6
SmellyToes4u: raises $3 to $9
barranqueiro: calls $3
*** TURN *** [Ts Jd 8s] [7h]
SmellyToes4u: bets $6
barranqueiro: raises $6 to $12
SmellyToes4u: raises $6 to $18
barranqueiro: calls $6
*** RIVER *** [Ts Jd 8s 7h] [3s]
SmellyToes4u: bets $6
barranqueiro: calls $6
*** SHOW DOWN ***
SmellyToes4u: shows [6s 9s] (a flush, Ten high)
barranqueiro: mucks hand
SmellyToes4u collected $71.50 from pot
*** SUMMARY ***
Total pot $72 | Rake $0.50
Board [Ts Jd 8s 7h 3s]
Seat 1: SmellyToes4u (big blind) showed [6s 9s] and won ($71.50) with a flush, Ten high
Seat 2: barranqueiro (button) (small blind) mucked


PokerStars Hand #147744394277:  Hold'em Limit ($3/$6 USD) - 2016/01/26 21:47:20 ET
Table 'Lagrangea' 2-max Seat #2 is the button
Seat 1: SmellyToes4u ($158.64 in chips)
Seat 2: barranqueiro ($93.25 in chips)
barranqueiro: posts small blind $1
SmellyToes4u: posts big blind $3
*** HOLE CARDS ***
barranqueiro: calls $2
SmellyToes4u: raises $3 to $6
barranqueiro: calls $3
*** FLOP *** [4s 4c 9c]
SmellyToes4u: bets $3
barranqueiro: calls $3
*** TURN *** [4s 4c 9c] [Qd]
SmellyToes4u: bets $6
barranqueiro: folds
Uncalled bet ($6) returned to SmellyToes4u
SmellyToes4u collected $17.64 from pot
SmellyToes4u: doesn't show hand
*** SUMMARY ***
Total pot $18 | Rake $0.36
Board [4s 4c 9c Qd]
Seat 1: SmellyToes4u (big blind) collected ($17.64)
Seat 2: barranqueiro (button) (small blind) folded on the Turn


PokerStars Hand #147744427511:  Hold'em Limit ($3/$6 USD) - 2016/01/26 21:48:38 ET
Table 'Lagrangea' 2-max Seat #2 is the button
Seat 1: SmellyToes4u ($131.28 in chips)
Seat 2: barranqueiro ($135.43 in chips)
barranqueiro: posts small blind $1
SmellyToes4u: posts big blind $3
*** HOLE CARDS ***
barranqueiro: raises $3 to $6
SmellyToes4u: calls $3
*** FLOP *** [2d 8h 2s]
SmellyToes4u: checks
barranqueiro: bets $3
SmellyToes4u: raises $3 to $6
barranqueiro: calls $3
*** TURN *** [2d 8h 2s] [7d]
SmellyToes4u: bets $6
barranqueiro: calls $6
*** RIVER *** [2d 8h 2s 7d] [Kc]
SmellyToes4u: checks
barranqueiro: checks
*** SHOW DOWN ***
SmellyToes4u: shows [Ac 6s] (a pair of Deuces)
barranqueiro: mucks hand
SmellyToes4u collected $35.50 from pot
*** SUMMARY ***
Total pot $36 | Rake $0.50
Board [2d 8h 2s 7d Kc]
Seat 1: SmellyToes4u (big blind) showed [Ac 6s] and won ($35.50) with a pair of Deuces
Seat 2: barranqueiro (button) (small blind) mucked


PokerStars Hand #147744402336:  Hold'em Limit ($3/$6 USD) - 2016/01/26 21:47:39 ET
Table 'Lagrangea' 2-max Seat #1 is the button
Seat 1: SmellyToes4u ($167.28 in chips)
Seat 2: barranqueiro ($84.25 in chips)
SmellyToes4u: posts small blind $1
barranqueiro: posts big blind $3
*** HOLE CARDS ***
SmellyToes4u: raises $3 to $6
barranqueiro: calls $3
*** FLOP *** [2c 8c Ks]
barranqueiro: checks
SmellyToes4u: bets $3
barranqueiro: raises $3 to $6
SmellyToes4u: calls $3
*** TURN *** [2c 8c Ks] [Qh]
barranqueiro: bets $6
SmellyToes4u: raises $6 to $12
barranqueiro: calls $6
*** RIVER *** [2c 8c Ks Qh] [Jd]
barranqueiro: checks
SmellyToes4u: bets $6
barranqueiro: raises $6 to $12
SmellyToes4u: calls $6
*** SHOW DOWN ***
barranqueiro: shows [Td Ac] (a straight, Ten to Ace)
SmellyToes4u: mucks hand
barranqueiro collected $71.50 from pot
*** SUMMARY ***
Total pot $72 | Rake $0.50
Board [2c 8c Ks Qh Jd]
Seat 1: SmellyToes4u (button) (small blind) mucked
Seat 2: barranqueiro (big blind) showed [Td Ac] and won ($71.50) with a straight, Ten to Ace


PokerStars Hand #147744442086:  Hold'em Limit ($3/$6 USD) - 2016/01/26 21:49:13 ET
Table 'Lagrangea' 2-max Seat #1 is the button
Seat 1: SmellyToes4u ($148.78 in chips)
Seat 2: barranqueiro ($117.43 in chips)
SmellyToes4u: posts small blind $1
barranqueiro: posts big blind $3
*** HOLE CARDS ***
SmellyToes4u: raises $3 to $6
barranqueiro: calls $3
*** FLOP *** [2d Qs Jc]
barranqueiro: checks
SmellyToes4u: bets $3
barranqueiro: calls $3
*** TURN *** [2d Qs Jc] [7c]
barranqueiro: checks
SmellyToes4u: checks
*** RIVER *** [2d Qs Jc 7c] [2s]
barranqueiro: bets $6
SmellyToes4u: folds
Uncalled bet ($6) returned to barranqueiro
barranqueiro collected $17.64 from pot
barranqueiro: doesn't show hand
*** SUMMARY ***
Total pot $18 | Rake $0.36
Board [2d Qs Jc 7c 2s]
Seat 1: SmellyToes4u (button) (small blind) folded on the River
Seat 2: barranqueiro (big blind) collected ($17.64)


PokerStars Hand #147744454531:  Hold'em Limit ($3/$6 USD) - 2016/01/26 21:49:42 ET
Table 'Lagrangea' 2-max Seat #2 is the button
Seat 1: SmellyToes4u ($139.78 in chips)
Seat 2: barranqueiro ($126.07 in chips)
barranqueiro: posts small blind $1
SmellyToes4u: posts big blind $3
*** HOLE CARDS ***
barranqueiro: raises $3 to $6
SmellyToes4u: calls $3
*** FLOP *** [5d Jd 3c]
SmellyToes4u: checks
barranqueiro: bets $3
SmellyToes4u: calls $3
*** TURN *** [5d Jd 3c] [9c]
SmellyToes4u: checks
barranqueiro: bets $6
SmellyToes4u: calls $6
*** RIVER *** [5d Jd 3c 9c] [3d]
SmellyToes4u: checks
barranqueiro: checks
*** SHOW DOWN ***
SmellyToes4u: shows [Th Kd] (a pair of Threes)
barranqueiro: shows [Kc Ad] (a pair of Threes - Ace kicker)
barranqueiro collected $29.50 from pot
*** SUMMARY ***
Total pot $30 | Rake $0.50
Board [5d Jd 3c 9c 3d]
Seat 1: SmellyToes4u (big blind) showed [Th Kd] and lost with a pair of Threes
Seat 2: barranqueiro (button) (small blind) showed [Kc Ad] and won ($29.50) with a pair of Threes


PokerStars Hand #147744468763:  Hold'em Limit ($3/$6 USD) - 2016/01/26 21:50:17 ET
Table 'Lagrangea' 2-max Seat #1 is the button
Seat 1: SmellyToes4u ($124.78 in chips)
Seat 2: barranqueiro ($140.57 in chips)
SmellyToes4u: posts small blind $1
barranqueiro: posts big blind $3
*** HOLE CARDS ***
SmellyToes4u: raises $3 to $6
barranqueiro: raises $3 to $9
SmellyToes4u: calls $3
*** FLOP *** [Qs 6c 4d]
barranqueiro: bets $3
SmellyToes4u: calls $3
*** TURN *** [Qs 6c 4d] [Ts]
barranqueiro: bets $6
SmellyToes4u: raises $6 to $12
barranqueiro: folds
Uncalled bet ($6) returned to SmellyToes4u
SmellyToes4u collected $35.50 from pot
SmellyToes4u: doesn't show hand
*** SUMMARY ***
Total pot $36 | Rake $0.50
Board [Qs 6c 4d Ts]
Seat 1: SmellyToes4u (button) (small blind) collected ($35.50)
Seat 2: barranqueiro (big blind) folded on the Turn


PokerStars Hand #147744485753:  Hold'em Limit ($3/$6 USD) - 2016/01/26 21:50:57 ET
Table 'Lagrangea' 2-max Seat #2 is the button
Seat 1: SmellyToes4u ($142.28 in chips)
Seat 2: barranqueiro ($122.57 in chips)
barranqueiro: posts small blind $1
SmellyToes4u: posts big blind $3
*** HOLE CARDS ***
barranqueiro: raises $3 to $6
SmellyToes4u: raises $3 to $9
barranqueiro: calls $3
*** FLOP *** [8c 4c 7c]
SmellyToes4u: bets $3
barranqueiro: raises $3 to $6
SmellyToes4u: calls $3
*** TURN *** [8c 4c 7c] [3h]
SmellyToes4u: checks
barranqueiro: bets $6
SmellyToes4u: calls $6
*** RIVER *** [8c 4c 7c 3h] [8h]
SmellyToes4u: checks
barranqueiro: checks
*** SHOW DOWN ***
SmellyToes4u: shows [9d 9h] (two pair, Nines and Eights)
barranqueiro: mucks hand
SmellyToes4u collected $41.50 from pot
*** SUMMARY ***
Total pot $42 | Rake $0.50
Board [8c 4c 7c 3h 8h]
Seat 1: SmellyToes4u (big blind) showed [9d 9h] and won ($41.50) with two pair, Nines and Eights
Seat 2: barranqueiro (button) (small blind) mucked


PokerStars Hand #147744523503:  Hold'em Limit ($3/$6 USD) - 2016/01/26 21:52:29 ET
Table 'Lagrangea' 2-max Seat #2 is the button
Seat 1: SmellyToes4u ($139.78 in chips)
Seat 2: barranqueiro ($123.73 in chips)
barranqueiro: posts small blind $1
SmellyToes4u: posts big blind $3
*** HOLE CARDS ***
barranqueiro: raises $3 to $6
SmellyToes4u: folds
Uncalled bet ($3) returned to barranqueiro
barranqueiro collected $6 from pot
barranqueiro: doesn't show hand
*** SUMMARY ***
Total pot $6 | Rake $0
Seat 1: SmellyToes4u (big blind) folded before Flop
Seat 2: barranqueiro (button) (small blind) collected ($6)


PokerStars Hand #147744521364:  Hold'em Limit ($3/$6 USD) - 2016/01/26 21:52:23 ET
Table 'Lagrangea' 2-max Seat #1 is the button
Seat 1: SmellyToes4u ($140.78 in chips)
Seat 2: barranqueiro ($122.73 in chips)
SmellyToes4u: posts small blind $1
barranqueiro: posts big blind $3
*** HOLE CARDS ***
SmellyToes4u: folds
Uncalled bet ($2) returned to barranqueiro
barranqueiro collected $2 from pot
barranqueiro: doesn't show hand
*** SUMMARY ***
Total pot $2 | Rake $0
Seat 1: SmellyToes4u (button) (small blind) folded before Flop
Seat 2: barranqueiro (big blind) collected ($2)


PokerStars Hand #147744514339:  Hold'em Limit ($3/$6 USD) - 2016/01/26 21:52:06 ET
Table 'Lagrangea' 2-max Seat #2 is the button
Seat 1: SmellyToes4u ($146.78 in chips)
Seat 2: barranqueiro ($116.97 in chips)
barranqueiro: posts small blind $1
SmellyToes4u: posts big blind $3
*** HOLE CARDS ***
barranqueiro: raises $3 to $6
SmellyToes4u: calls $3
*** FLOP *** [4c Kh Td]
SmellyToes4u: checks
barranqueiro: bets $3
SmellyToes4u: folds
Uncalled bet ($3) returned to barranqueiro
barranqueiro collected $11.76 from pot
barranqueiro: doesn't show hand
*** SUMMARY ***
Total pot $12 | Rake $0.24
Board [4c Kh Td]
Seat 1: SmellyToes4u (big blind) folded on the Flop
Seat 2: barranqueiro (button) (small blind) collected ($11.76)


PokerStars Hand #147744511617:  Hold'em Limit ($3/$6 USD) - 2016/01/26 21:52:00 ET
Table 'Lagrangea' 2-max Seat #1 is the button
Seat 1: SmellyToes4u ($147.78 in chips)
Seat 2: barranqueiro ($115.97 in chips)
SmellyToes4u: posts small blind $1
barranqueiro: posts big blind $3
*** HOLE CARDS ***
SmellyToes4u: folds
Uncalled bet ($2) returned to barranqueiro
barranqueiro collected $2 from pot
barranqueiro: doesn't show hand
*** SUMMARY ***
Total pot $2 | Rake $0
Seat 1: SmellyToes4u (button) (small blind) folded before Flop
Seat 2: barranqueiro (big blind) collected ($2)


PokerStars Hand #147744506755:  Hold'em Limit ($3/$6 USD) - 2016/01/26 21:51:48 ET
Table 'Lagrangea' 2-max Seat #2 is the button
Seat 1: SmellyToes4u ($153.78 in chips)
Seat 2: barranqueiro ($110.21 in chips)
barranqueiro: posts small blind $1
SmellyToes4u: posts big blind $3
*** HOLE CARDS ***
barranqueiro: raises $3 to $6
SmellyToes4u: calls $3
*** FLOP *** [9c 2d Tc]
SmellyToes4u: checks
barranqueiro: bets $3
SmellyToes4u: folds
Uncalled bet ($3) returned to barranqueiro
barranqueiro collected $11.76 from pot
barranqueiro: doesn't show hand
*** SUMMARY ***
Total pot $12 | Rake $0.24
Board [9c 2d Tc]
Seat 1: SmellyToes4u (big blind) folded on the Flop
Seat 2: barranqueiro (button) (small blind) collected ($11.76)


PokerStars Hand #147744495067:  Hold'em Limit ($3/$6 USD) - 2016/01/26 21:51:20 ET
Table 'Lagrangea' 2-max Seat #1 is the button
Seat 1: SmellyToes4u ($162.78 in chips)
Seat 2: barranqueiro ($101.57 in chips)
SmellyToes4u: posts small blind $1
barranqueiro: posts big blind $3
*** HOLE CARDS ***
SmellyToes4u: raises $3 to $6
barranqueiro: calls $3
*** FLOP *** [5s 4s Td]
barranqueiro: checks
SmellyToes4u: bets $3
barranqueiro: calls $3
*** TURN *** [5s 4s Td] [3c]
barranqueiro: checks
SmellyToes4u: checks
*** RIVER *** [5s 4s Td 3c] [8c]
barranqueiro: bets $6
SmellyToes4u: folds
Uncalled bet ($6) returned to barranqueiro
barranqueiro collected $17.64 from pot
barranqueiro: doesn't show hand
*** SUMMARY ***
Total pot $18 | Rake $0.36
Board [5s 4s Td 3c 8c]
Seat 1: SmellyToes4u (button) (small blind) folded on the River
Seat 2: barranqueiro (big blind) collected ($17.64)


PokerStars Hand #147744532899:  Hold'em Limit ($3/$6 USD) - 2016/01/26 21:52:51 ET
Table 'Lagrangea' 2-max Seat #2 is the button
Seat 1: SmellyToes4u ($121.78 in chips)
Seat 2: barranqueiro ($141.23 in chips)
barranqueiro: posts small blind $1
SmellyToes4u: posts big blind $3
*** HOLE CARDS ***
barranqueiro: raises $3 to $6
SmellyToes4u: calls $3
*** FLOP *** [4d 7d 7s]
SmellyToes4u: checks
barranqueiro: bets $3
SmellyToes4u: folds
Uncalled bet ($3) returned to barranqueiro
barranqueiro collected $11.76 from pot
barranqueiro: doesn't show hand
*** SUMMARY ***
Total pot $12 | Rake $0.24
Board [4d 7d 7s]
Seat 1: SmellyToes4u (big blind) folded on the Flop
Seat 2: barranqueiro (button) (small blind) collected ($11.76)


PokerStars Hand #147744525659:  Hold'em Limit ($3/$6 USD) - 2016/01/26 21:52:34 ET
Table 'Lagrangea' 2-max Seat #1 is the button
Seat 1: SmellyToes4u ($136.78 in chips)
Seat 2: barranqueiro ($126.73 in chips)
SmellyToes4u: posts small blind $1
barranqueiro: posts big blind $3
*** HOLE CARDS ***
SmellyToes4u: raises $3 to $6
barranqueiro: calls $3
*** FLOP *** [4c Jd 5d]
barranqueiro: checks
SmellyToes4u: bets $3
barranqueiro: calls $3
*** TURN *** [4c Jd 5d] [Qh]
barranqueiro: checks
SmellyToes4u: checks
*** RIVER *** [4c Jd 5d Qh] [2h]
barranqueiro: bets $6
SmellyToes4u: calls $6
*** SHOW DOWN ***
barranqueiro: shows [4d 5s] (two pair, Fives and Fours)
SmellyToes4u: mucks hand
barranqueiro collected $29.50 from pot
*** SUMMARY ***
Total pot $30 | Rake $0.50
Board [4c Jd 5d Qh 2h]
Seat 1: SmellyToes4u (button) (small blind) mucked
Seat 2: barranqueiro (big blind) showed [4d 5s] and won ($29.50) with two pair, Fives and Fours


PokerStars Hand #147744563761:  Hold'em Limit ($3/$6 USD) - 2016/01/26 21:54:06 ET
Table 'Lagrangea' 2-max Seat #2 is the button
Seat 1: SmellyToes4u ($121.54 in chips)
Seat 2: barranqueiro ($140.99 in chips)
barranqueiro: posts small blind $1
SmellyToes4u: posts big blind $3
*** HOLE CARDS ***
barranqueiro: raises $3 to $6
SmellyToes4u: calls $3
*** FLOP *** [4c Tc 7d]
SmellyToes4u: checks
barranqueiro: bets $3
SmellyToes4u: calls $3
*** TURN *** [4c Tc 7d] [3s]
SmellyToes4u: checks
barranqueiro: checks
*** RIVER *** [4c Tc 7d 3s] [9s]
SmellyToes4u: checks
barranqueiro: checks
*** SHOW DOWN ***
SmellyToes4u: shows [5d 4s] (a pair of Fours)
barranqueiro: mucks hand
SmellyToes4u collected $17.64 from pot
*** SUMMARY ***
Total pot $18 | Rake $0.36
Board [4c Tc 7d 3s 9s]
Seat 1: SmellyToes4u (big blind) showed [5d 4s] and won ($17.64) with a pair of Fours
Seat 2: barranqueiro (button) (small blind) mucked


PokerStars Hand #147744536747:  Hold'em Limit ($3/$6 USD) - 2016/01/26 21:53:00 ET
Table 'Lagrangea' 2-max Seat #1 is the button
Seat 1: SmellyToes4u ($115.78 in chips)
Seat 2: barranqueiro ($146.99 in chips)
SmellyToes4u: posts small blind $1
barranqueiro: posts big blind $3
*** HOLE CARDS ***
SmellyToes4u: raises $3 to $6
barranqueiro: calls $3
*** FLOP *** [2d 8h Jh]
barranqueiro: checks
SmellyToes4u: bets $3
barranqueiro: folds
Uncalled bet ($3) returned to SmellyToes4u
SmellyToes4u collected $11.76 from pot
SmellyToes4u: doesn't show hand
*** SUMMARY ***
Total pot $12 | Rake $0.24
Board [2d 8h Jh]
Seat 1: SmellyToes4u (button) (small blind) collected ($11.76)
Seat 2: barranqueiro (big blind) folded on the Flop


PokerStars Hand #147744573422:  Hold'em Limit ($3/$6 USD) - 2016/01/26 21:54:29 ET
Table 'Lagrangea' 2-max Seat #1 is the button
Seat 1: SmellyToes4u ($130.18 in chips)
Seat 2: barranqueiro ($131.99 in chips)
SmellyToes4u: posts small blind $1
barranqueiro: posts big blind $3
*** HOLE CARDS ***
SmellyToes4u: folds
Uncalled bet ($2) returned to barranqueiro
barranqueiro collected $2 from pot
barranqueiro: doesn't show hand
*** SUMMARY ***
Total pot $2 | Rake $0
Seat 1: SmellyToes4u (button) (small blind) folded before Flop
Seat 2: barranqueiro (big blind) collected ($2)


PokerStars Hand #147744584968:  Hold'em Limit ($3/$6 USD) - 2016/01/26 21:54:57 ET
Table 'Lagrangea' 2-max Seat #1 is the button
Seat 1: SmellyToes4u ($126.18 in chips)
Seat 2: barranqueiro ($135.99 in chips)
SmellyToes4u: posts small blind $1
barranqueiro: posts big blind $3
*** HOLE CARDS ***
SmellyToes4u: folds
Uncalled bet ($2) returned to barranqueiro
barranqueiro collected $2 from pot
barranqueiro: doesn't show hand
*** SUMMARY ***
Total pot $2 | Rake $0
Seat 1: SmellyToes4u (button) (small blind) folded before Flop
Seat 2: barranqueiro (big blind) collected ($2)


PokerStars Hand #147744580544:  Hold'em Limit ($3/$6 USD) - 2016/01/26 21:54:47 ET
Table 'Lagrangea' 2-max Seat #2 is the button
Seat 1: SmellyToes4u ($129.18 in chips)
Seat 2: barranqueiro ($132.99 in chips)
barranqueiro: posts small blind $1
SmellyToes4u: posts big blind $3
*** HOLE CARDS ***
barranqueiro: raises $3 to $6
SmellyToes4u: folds
Uncalled bet ($3) returned to barranqueiro
barranqueiro collected $6 from pot
barranqueiro: doesn't show hand
*** SUMMARY ***
Total pot $6 | Rake $0
Seat 1: SmellyToes4u (big blind) folded before Flop
Seat 2: barranqueiro (button) (small blind) collected ($6)


PokerStars Hand #147744603876:  Hold'em Limit ($3/$6 USD) - 2016/01/26 21:55:51 ET
Table 'Lagrangea' 2-max Seat #1 is the button
Seat 1: SmellyToes4u ($95.18 in chips)
Seat 2: barranqueiro ($166.49 in chips)
SmellyToes4u: posts small blind $1
barranqueiro: posts big blind $3
*** HOLE CARDS ***
SmellyToes4u: raises $3 to $6
barranqueiro said, "maybe we play later"
barranqueiro: calls $3
*** FLOP *** [Ad Jd Kh]
barranqueiro: bets $3
SmellyToes4u: calls $3
*** TURN *** [Ad Jd Kh] [6h]
barranqueiro: bets $6
SmellyToes4u: calls $6
*** RIVER *** [Ad Jd Kh 6h] [9h]
barranqueiro: checks
SmellyToes4u: bets $6
barranqueiro: calls $6
*** SHOW DOWN ***
SmellyToes4u: shows [Ah 3s] (a pair of Aces)
barranqueiro: mucks hand
SmellyToes4u collected $41.50 from pot
*** SUMMARY ***
Total pot $42 | Rake $0.50
Board [Ad Jd Kh 6h 9h]
Seat 1: SmellyToes4u (button) (small blind) showed [Ah 3s] and won ($41.50) with a pair of Aces
Seat 2: barranqueiro (big blind) mucked


PokerStars Hand #147744587989:  Hold'em Limit ($3/$6 USD) - 2016/01/26 21:55:05 ET
Table 'Lagrangea' 2-max Seat #2 is the button
Seat 1: SmellyToes4u ($125.18 in chips)
Seat 2: barranqueiro ($136.99 in chips)
barranqueiro: posts small blind $1
SmellyToes4u: posts big blind $3
*** HOLE CARDS ***
barranqueiro: raises $3 to $6
SmellyToes4u: calls $3
*** FLOP *** [8h As 7h]
SmellyToes4u: checks
barranqueiro: bets $3
SmellyToes4u: raises $3 to $6
barranqueiro said, "u play 5 - 10 ?"
barranqueiro: calls $3
*** TURN *** [8h As 7h] [Ks]
SmellyToes4u: bets $6
barranqueiro: calls $6
*** RIVER *** [8h As 7h Ks] [Qs]
SmellyToes4u: bets $6
barranqueiro: raises $6 to $12
SmellyToes4u said, "okok"
SmellyToes4u: calls $6
*** SHOW DOWN ***
barranqueiro: shows [3s Ts] (a flush, Ace high)
SmellyToes4u: mucks hand
barranqueiro collected $59.50 from pot
*** SUMMARY ***
Total pot $60 | Rake $0.50
Board [8h As 7h Ks Qs]
Seat 1: SmellyToes4u (big blind) mucked
Seat 2: barranqueiro (button) (small blind) showed [3s Ts] and won ($59.50) with a flush, Ace high


