PokerStars Hand #170909631852:  Hold'em Limit ($3/$6 USD) - 2017/05/25 16:01:08 ET
Table 'Lagrula' 6-max Seat #3 is the button
Seat 3: ya.vtss ($92.74 in chips)
Seat 6: MANFRED880 ($114.31 in chips)
ya.vtss: posts small blind $1
MANFRED880: posts big blind $3
*** HOLE CARDS ***
ya.vtss: raises $3 to $6
MANFRED880: raises $3 to $9
ya.vtss: raises $3 to $12
Betting is capped
MANFRED880: calls $3
*** FLOP *** [4c Ks 8h]
MANFRED880: bets $3
ya.vtss: raises $3 to $6
MANFRED880: raises $3 to $9
ya.vtss: raises $3 to $12
Betting is capped
MANFRED880: calls $3
*** TURN *** [4c Ks 8h] [9d]
MANFRED880: bets $6
ya.vtss: raises $6 to $12
MANFRED880: raises $6 to $18
ya.vtss: raises $6 to $24
Betting is capped
MANFRED880: calls $6
*** RIVER *** [4c Ks 8h 9d] [3h]
MANFRED880: bets $6
ya.vtss: raises $6 to $12
MANFRED880: raises $6 to $18
ya.vtss: raises $6 to $24
Betting is capped
MANFRED880: calls $6
*** SHOW DOWN ***
ya.vtss: shows [6h 9c] (a pair of Nines)
MANFRED880: mucks hand
ya.vtss collected $143.50 from pot
*** SUMMARY ***
Total pot $144 | Rake $0.50
Board [4c Ks 8h 9d 3h]
Seat 3: ya.vtss (button) (small blind) showed [6h 9c] and won ($143.50) with a pair of Nines
Seat 6: MANFRED880 (big blind) mucked


PokerStars Hand #170909705135:  Hold'em Limit ($3/$6 USD) - 2017/05/25 16:02:41 ET
Table 'Lagrula' 6-max Seat #3 is the button
Seat 3: ya.vtss ($202.74 in chips)
Seat 6: MANFRED880 ($3.31 in chips)
ya.vtss: posts small blind $1
MANFRED880: posts big blind $3
*** HOLE CARDS ***
ya.vtss: raises $3 to $6
MANFRED880: calls $0.31 and is all-in
Uncalled bet ($2.69) returned to ya.vtss
*** FLOP *** [8d Jc 2d]
*** TURN *** [8d Jc 2d] [Ks]
*** RIVER *** [8d Jc 2d Ks] [2s]
*** SHOW DOWN ***
MANFRED880: shows [9h Ts] (a pair of Deuces)
ya.vtss: shows [5d Ah] (a pair of Deuces - Ace kicker)
ya.vtss collected $6.49 from pot
*** SUMMARY ***
Total pot $6.62 | Rake $0.13
Board [8d Jc 2d Ks 2s]
Seat 3: ya.vtss (button) (small blind) showed [5d Ah] and won ($6.49) with a pair of Deuces
Seat 6: MANFRED880 (big blind) showed [9h Ts] and lost with a pair of Deuces


PokerStars Hand #170909670421:  Hold'em Limit ($3/$6 USD) - 2017/05/25 16:01:58 ET
Table 'Lagrula' 6-max Seat #6 is the button
Seat 3: ya.vtss ($164.24 in chips)
Seat 6: MANFRED880 ($42.31 in chips)
MANFRED880: posts small blind $1
ya.vtss: posts big blind $3
*** HOLE CARDS ***
MANFRED880: raises $3 to $6
ya.vtss: raises $3 to $9
MANFRED880: raises $3 to $12
Betting is capped
ya.vtss: calls $3
*** FLOP *** [9h Ac Td]
ya.vtss: bets $3
MANFRED880: raises $3 to $6
ya.vtss: raises $3 to $9
MANFRED880: calls $3
*** TURN *** [9h Ac Td] [As]
ya.vtss: bets $6
MANFRED880: raises $6 to $12
ya.vtss: raises $6 to $18
MANFRED880: calls $6
*** RIVER *** [9h Ac Td As] [6d]
ya.vtss: bets $6
MANFRED880: folds
Uncalled bet ($6) returned to ya.vtss
ya.vtss collected $77.50 from pot
ya.vtss: doesn't show hand
*** SUMMARY ***
Total pot $78 | Rake $0.50
Board [9h Ac Td As 6d]
Seat 3: ya.vtss (big blind) collected ($77.50)
Seat 6: MANFRED880 (button) (small blind) folded on the River


PokerStars Hand #170918228180:  Hold'em Limit ($3/$6 USD) - 2017/05/25 19:15:58 ET
Table 'Lagrula' 6-max Seat #2 is the button
Seat 2: TinaTurner72 ($120 in chips)
Seat 3: ELSUPREMO999 ($44.01 in chips)
TinaTurner72: posts small blind $1
ELSUPREMO999: posts big blind $3
*** HOLE CARDS ***
TinaTurner72: raises $3 to $6
ELSUPREMO999: calls $3
*** FLOP *** [Qc 2s 7c]
ELSUPREMO999: checks
TinaTurner72: bets $3
ELSUPREMO999: folds
Uncalled bet ($3) returned to TinaTurner72
TinaTurner72 collected $11.76 from pot
TinaTurner72: doesn't show hand
*** SUMMARY ***
Total pot $12 | Rake $0.24
Board [Qc 2s 7c]
Seat 2: TinaTurner72 (button) (small blind) collected ($11.76)
Seat 3: ELSUPREMO999 (big blind) folded on the Flop


PokerStars Hand #170918233914:  Hold'em Limit ($3/$6 USD) - 2017/05/25 19:16:08 ET
Table 'Lagrula' 6-max Seat #3 is the button
Seat 2: TinaTurner72 ($125.76 in chips)
Seat 3: ELSUPREMO999 ($38.01 in chips)
ELSUPREMO999: posts small blind $1
TinaTurner72: posts big blind $3
*** HOLE CARDS ***
ELSUPREMO999: calls $2
TinaTurner72: raises $3 to $6
ELSUPREMO999: calls $3
*** FLOP *** [Qd Jh Jc]
TinaTurner72: bets $3
ELSUPREMO999: raises $3 to $6
TinaTurner72: calls $3
*** TURN *** [Qd Jh Jc] [6h]
TinaTurner72: checks
ELSUPREMO999: bets $6
TinaTurner72: calls $6
*** RIVER *** [Qd Jh Jc 6h] [4h]
TinaTurner72: checks
ELSUPREMO999: bets $6
TinaTurner72: calls $6
*** SHOW DOWN ***
ELSUPREMO999: shows [2d 5d] (a pair of Jacks)
TinaTurner72: shows [As 2s] (a pair of Jacks - Ace kicker)
TinaTurner72 collected $47.50 from pot
*** SUMMARY ***
Total pot $48 | Rake $0.50
Board [Qd Jh Jc 6h 4h]
Seat 2: TinaTurner72 (big blind) showed [As 2s] and won ($47.50) with a pair of Jacks
Seat 3: ELSUPREMO999 (button) (small blind) showed [2d 5d] and lost with a pair of Jacks


PokerStars Hand #170918243993:  Hold'em Limit ($3/$6 USD) - 2017/05/25 19:16:25 ET
Table 'Lagrula' 6-max Seat #2 is the button
Seat 2: TinaTurner72 ($149.26 in chips)
Seat 3: ELSUPREMO999 ($14.01 in chips)
TinaTurner72: posts small blind $1
ELSUPREMO999: posts big blind $3
*** HOLE CARDS ***
TinaTurner72: raises $3 to $6
ELSUPREMO999: folds
Uncalled bet ($3) returned to TinaTurner72
TinaTurner72 collected $6 from pot
TinaTurner72: doesn't show hand
*** SUMMARY ***
Total pot $6 | Rake $0
Seat 2: TinaTurner72 (button) (small blind) collected ($6)
Seat 3: ELSUPREMO999 (big blind) folded before Flop


PokerStars Hand #170918274415:  Hold'em Limit ($3/$6 USD) - 2017/05/25 19:17:17 ET
Table 'Lagrula' 6-max Seat #2 is the button
Seat 2: TinaTurner72 ($141.25 in chips)
Seat 3: ELSUPREMO999 ($21.58 in chips)
TinaTurner72: posts small blind $1
ELSUPREMO999: posts big blind $3
*** HOLE CARDS ***
TinaTurner72: folds
Uncalled bet ($2) returned to ELSUPREMO999
ELSUPREMO999 collected $2 from pot
ELSUPREMO999: doesn't show hand
*** SUMMARY ***
Total pot $2 | Rake $0
Seat 2: TinaTurner72 (button) (small blind) folded before Flop
Seat 3: ELSUPREMO999 (big blind) collected ($2)


PokerStars Hand #170918257529:  Hold'em Limit ($3/$6 USD) - 2017/05/25 19:16:48 ET
Table 'Lagrula' 6-max Seat #3 is the button
Seat 2: TinaTurner72 ($152.26 in chips)
Seat 3: ELSUPREMO999 ($11.01 in chips)
ELSUPREMO999: posts small blind $1
TinaTurner72: posts big blind $3
*** HOLE CARDS ***
ELSUPREMO999: raises $3 to $6
TinaTurner72: calls $3
*** FLOP *** [8d As 8s]
TinaTurner72: checks
ELSUPREMO999: bets $3
TinaTurner72: raises $3 to $6
ELSUPREMO999: calls $2.01 and is all-in
Uncalled bet ($0.99) returned to TinaTurner72
*** TURN *** [8d As 8s] [9s]
*** RIVER *** [8d As 8s 9s] [Kd]
*** SHOW DOWN ***
TinaTurner72: shows [9h Js] (two pair, Nines and Eights)
ELSUPREMO999: shows [Ac 3h] (two pair, Aces and Eights)
ELSUPREMO999 collected $21.58 from pot
*** SUMMARY ***
Total pot $22.02 | Rake $0.44
Board [8d As 8s 9s Kd]
Seat 2: TinaTurner72 (big blind) showed [9h Js] and lost with two pair, Nines and Eights
Seat 3: ELSUPREMO999 (button) (small blind) showed [Ac 3h] and won ($21.58) with two pair, Aces and Eights


PokerStars Hand #170918277858:  Hold'em Limit ($3/$6 USD) - 2017/05/25 19:17:23 ET
Table 'Lagrula' 6-max Seat #3 is the button
Seat 2: TinaTurner72 ($140.25 in chips)
Seat 3: ELSUPREMO999 ($22.58 in chips)
ELSUPREMO999: posts small blind $1
TinaTurner72: posts big blind $3
*** HOLE CARDS ***
ELSUPREMO999: raises $3 to $6
TinaTurner72: raises $3 to $9
ELSUPREMO999: raises $3 to $12
Betting is capped
TinaTurner72: calls $3
*** FLOP *** [Tc Ad 5d]
TinaTurner72: checks
ELSUPREMO999: bets $3
TinaTurner72: raises $3 to $6
ELSUPREMO999: raises $3 to $9
TinaTurner72: raises $3 to $12
Betting is capped
ELSUPREMO999: calls $1.58 and is all-in
Uncalled bet ($1.42) returned to TinaTurner72
*** TURN *** [Tc Ad 5d] [8h]
*** RIVER *** [Tc Ad 5d 8h] [Th]
*** SHOW DOWN ***
TinaTurner72: shows [8s 8d] (a full house, Eights full of Tens)
ELSUPREMO999: shows [Ah 3s] (two pair, Aces and Tens)
TinaTurner72 collected $44.66 from pot
*** SUMMARY ***
Total pot $45.16 | Rake $0.50
Board [Tc Ad 5d 8h Th]
Seat 2: TinaTurner72 (big blind) showed [8s 8d] and won ($44.66) with a full house, Eights full of Tens
Seat 3: ELSUPREMO999 (button) (small blind) showed [Ah 3s] and lost with two pair, Aces and Tens


PokerStars Hand #170918371805:  Hold'em Limit ($3/$6 USD) - 2017/05/25 19:20:05 ET
Table 'Lagrula' 6-max Seat #2 is the button
Seat 2: TinaTurner72 ($162.33 in chips)
Seat 3: ELSUPREMO999 ($120.01 in chips)
TinaTurner72: posts small blind $1
ELSUPREMO999: posts big blind $3
*** HOLE CARDS ***
scorpio04 joins the table at seat #4
TinaTurner72: folds
Uncalled bet ($2) returned to ELSUPREMO999
ELSUPREMO999 collected $2 from pot
ELSUPREMO999: doesn't show hand
*** SUMMARY ***
Total pot $2 | Rake $0
Seat 2: TinaTurner72 (button) (small blind) folded before Flop
Seat 3: ELSUPREMO999 (big blind) collected ($2)


PokerStars Hand #170918445619:  Hold'em Limit ($3/$6 USD) - 2017/05/25 19:22:14 ET
Table 'Lagrula' 6-max Seat #4 is the button
Seat 3: ELSUPREMO999 ($98.72 in chips)
Seat 4: scorpio04 ($171.63 in chips)
scorpio04: posts small blind $1
TinaTurner72: is sitting out
ELSUPREMO999: posts big blind $3
*** HOLE CARDS ***
scorpio04: folds
Uncalled bet ($2) returned to ELSUPREMO999
TinaTurner72 leaves the table
ELSUPREMO999 collected $2 from pot
ELSUPREMO999: doesn't show hand
*** SUMMARY ***
Total pot $2 | Rake $0
Seat 3: ELSUPREMO999 (big blind) collected ($2)
Seat 4: scorpio04 (button) (small blind) folded before Flop


PokerStars Hand #170918448231:  Hold'em Limit ($3/$6 USD) - 2017/05/25 19:22:18 ET
Table 'Lagrula' 6-max Seat #3 is the button
Seat 3: ELSUPREMO999 ($99.72 in chips)
Seat 4: scorpio04 ($170.63 in chips)
ELSUPREMO999: posts small blind $1
scorpio04: posts big blind $3
*** HOLE CARDS ***
ELSUPREMO999: calls $2
scorpio04: checks
*** FLOP *** [9s 7d 8d]
scorpio04: bets $3
ELSUPREMO999: calls $3
*** TURN *** [9s 7d 8d] [Qh]
scorpio04: bets $6
ELSUPREMO999: raises $6 to $12
scorpio04: calls $6
*** RIVER *** [9s 7d 8d Qh] [As]
scorpio04: checks
ELSUPREMO999: bets $6
scorpio04: calls $6
*** SHOW DOWN ***
ELSUPREMO999: shows [9c 2c] (a pair of Nines)
scorpio04: shows [9d 2s] (a pair of Nines)
scorpio04 collected $23.75 from pot
ELSUPREMO999 collected $23.75 from pot
*** SUMMARY ***
Total pot $48 | Rake $0.50
Board [9s 7d 8d Qh As]
Seat 3: ELSUPREMO999 (button) (small blind) showed [9c 2c] and won ($23.75) with a pair of Nines
Seat 4: scorpio04 (big blind) showed [9d 2s] and won ($23.75) with a pair of Nines


PokerStars Hand #170918457119:  Hold'em Limit ($3/$6 USD) - 2017/05/25 19:22:34 ET
Table 'Lagrula' 6-max Seat #4 is the button
Seat 3: ELSUPREMO999 ($99.47 in chips)
Seat 4: scorpio04 ($170.38 in chips)
scorpio04: posts small blind $1
ELSUPREMO999: posts big blind $3
*** HOLE CARDS ***
scorpio04: folds
Uncalled bet ($2) returned to ELSUPREMO999
ELSUPREMO999 collected $2 from pot
ELSUPREMO999: doesn't show hand
*** SUMMARY ***
Total pot $2 | Rake $0
Seat 3: ELSUPREMO999 (big blind) collected ($2)
Seat 4: scorpio04 (button) (small blind) folded before Flop


PokerStars Hand #170918461326:  Hold'em Limit ($3/$6 USD) - 2017/05/25 19:22:41 ET
Table 'Lagrula' 6-max Seat #3 is the button
Seat 3: ELSUPREMO999 ($100.47 in chips)
Seat 4: scorpio04 ($169.38 in chips)
ELSUPREMO999: posts small blind $1
scorpio04: posts big blind $3
*** HOLE CARDS ***
ELSUPREMO999: raises $3 to $6
scorpio04: calls $3
*** FLOP *** [2d 2s Kc]
scorpio04: checks
ELSUPREMO999: bets $3
scorpio04: calls $3
*** TURN *** [2d 2s Kc] [4h]
scorpio04: checks
ELSUPREMO999: bets $6
scorpio04: folds
Uncalled bet ($6) returned to ELSUPREMO999
ELSUPREMO999 collected $17.64 from pot
ELSUPREMO999: doesn't show hand
*** SUMMARY ***
Total pot $18 | Rake $0.36
Board [2d 2s Kc 4h]
Seat 3: ELSUPREMO999 (button) (small blind) collected ($17.64)
Seat 4: scorpio04 (big blind) folded on the Turn


PokerStars Hand #170918468967:  Hold'em Limit ($3/$6 USD) - 2017/05/25 19:22:55 ET
Table 'Lagrula' 6-max Seat #4 is the button
Seat 3: ELSUPREMO999 ($109.11 in chips)
Seat 4: scorpio04 ($160.38 in chips)
scorpio04: posts small blind $1
ELSUPREMO999: posts big blind $3
*** HOLE CARDS ***
scorpio04: raises $3 to $6
ELSUPREMO999: folds
Uncalled bet ($3) returned to scorpio04
scorpio04 collected $6 from pot
scorpio04: doesn't show hand
*** SUMMARY ***
Total pot $6 | Rake $0
Seat 3: ELSUPREMO999 (big blind) folded before Flop
Seat 4: scorpio04 (button) (small blind) collected ($6)


PokerStars Hand #170918473068:  Hold'em Limit ($3/$6 USD) - 2017/05/25 19:23:02 ET
Table 'Lagrula' 6-max Seat #3 is the button
Seat 3: ELSUPREMO999 ($106.11 in chips)
Seat 4: scorpio04 ($163.38 in chips)
ELSUPREMO999: posts small blind $1
scorpio04: posts big blind $3
*** HOLE CARDS ***
ELSUPREMO999: calls $2
scorpio04: checks
*** FLOP *** [3d 6c 4d]
scorpio04: checks
ELSUPREMO999: bets $3
scorpio04: calls $3
*** TURN *** [3d 6c 4d] [3h]
scorpio04: checks
ELSUPREMO999: bets $6
scorpio04: calls $6
*** RIVER *** [3d 6c 4d 3h] [Td]
scorpio04: checks
ELSUPREMO999: bets $6
scorpio04: calls $6
ChasingAc918 joins the table at seat #5
*** SHOW DOWN ***
ELSUPREMO999: shows [7h 6d] (two pair, Sixes and Threes)
scorpio04: mucks hand
ELSUPREMO999 collected $35.50 from pot
*** SUMMARY ***
Total pot $36 | Rake $0.50
Board [3d 6c 4d 3h Td]
Seat 3: ELSUPREMO999 (button) (small blind) showed [7h 6d] and won ($35.50) with two pair, Sixes and Threes
Seat 4: scorpio04 (big blind) mucked


PokerStars Hand #170918814591:  Hold'em Limit ($3/$6 USD) - 2017/05/25 19:33:14 ET
Table 'Lagrula' 6-max Seat #4 is the button
Seat 3: ELSUPREMO999 ($45.68 in chips)
Seat 4: scorpio04 ($218.95 in chips)
scorpio04: posts small blind $1
ELSUPREMO999: posts big blind $3
*** HOLE CARDS ***
scorpio04: raises $3 to $6
ELSUPREMO999: calls $3
*** FLOP *** [2h Ts Qs]
ELSUPREMO999: checks
scorpio04: bets $3
ELSUPREMO999: calls $3
*** TURN *** [2h Ts Qs] [6h]
ELSUPREMO999: checks
scorpio04: bets $6
ELSUPREMO999: raises $6 to $12
scorpio04: calls $6
*** RIVER *** [2h Ts Qs 6h] [Ad]
ELSUPREMO999: bets $6
scorpio04: raises $6 to $12
ELSUPREMO999: raises $6 to $18
scorpio04: raises $6 to $24
Betting is capped
ELSUPREMO999: calls $6
*** SHOW DOWN ***
scorpio04: shows [Tc Ah] (two pair, Aces and Tens)
ELSUPREMO999: mucks hand
scorpio04 collected $89.50 from pot
*** SUMMARY ***
Total pot $90 | Rake $0.50
Board [2h Ts Qs 6h Ad]
Seat 3: ELSUPREMO999 (big blind) mucked
Seat 4: scorpio04 (button) (small blind) showed [Tc Ah] and won ($89.50) with two pair, Aces and Tens


PokerStars Hand #170918998651:  Hold'em Limit ($3/$6 USD) - 2017/05/25 19:38:54 ET
Table 'Lagrula' 6-max Seat #3 is the button
Seat 3: ELSUPREMO999 ($243.68 in chips)
Seat 4: scorpio04 ($270.21 in chips)
ELSUPREMO999: posts small blind $1
scorpio04: posts big blind $3
*** HOLE CARDS ***
ELSUPREMO999: raises $3 to $6
scorpio04: calls $3
*** FLOP *** [3d 5c 4c]
scorpio04: checks
ELSUPREMO999: checks
*** TURN *** [3d 5c 4c] [2c]
scorpio04: bets $6
ELSUPREMO999: folds
Uncalled bet ($6) returned to scorpio04
scorpio04 collected $11.76 from pot
scorpio04: doesn't show hand
*** SUMMARY ***
Total pot $12 | Rake $0.24
Board [3d 5c 4c 2c]
Seat 3: ELSUPREMO999 (button) (small blind) folded on the Turn
Seat 4: scorpio04 (big blind) collected ($11.76)


PokerStars Hand #170919007790:  Hold'em Limit ($3/$6 USD) - 2017/05/25 19:39:11 ET
Table 'Lagrula' 6-max Seat #4 is the button
Seat 3: ELSUPREMO999 ($237.68 in chips)
Seat 4: scorpio04 ($275.97 in chips)
scorpio04: posts small blind $1
ELSUPREMO999: posts big blind $3
*** HOLE CARDS ***
scorpio04: raises $3 to $6
ELSUPREMO999: calls $3
*** FLOP *** [9s 4h 7d]
ELSUPREMO999: checks
scorpio04: bets $3
ELSUPREMO999: calls $3
*** TURN *** [9s 4h 7d] [5c]
ELSUPREMO999: checks
scorpio04: bets $6
ELSUPREMO999: raises $6 to $12
scorpio04: calls $6
*** RIVER *** [9s 4h 7d 5c] [Kd]
ELSUPREMO999: bets $6
scorpio04: calls $6
*** SHOW DOWN ***
ELSUPREMO999: shows [Td Jc] (high card King)
scorpio04: shows [2c 9c] (a pair of Nines)
scorpio04 collected $53.50 from pot
*** SUMMARY ***
Total pot $54 | Rake $0.50
Board [9s 4h 7d 5c Kd]
Seat 3: ELSUPREMO999 (big blind) showed [Td Jc] and lost with high card King
Seat 4: scorpio04 (button) (small blind) showed [2c 9c] and won ($53.50) with a pair of Nines


PokerStars Hand #170918990155:  Hold'em Limit ($3/$6 USD) - 2017/05/25 19:38:38 ET
Table 'Lagrula' 6-max Seat #4 is the button
Seat 3: ELSUPREMO999 ($249.68 in chips)
Seat 4: scorpio04 ($264.45 in chips)
scorpio04: posts small blind $1
ELSUPREMO999: posts big blind $3
*** HOLE CARDS ***
scorpio04: raises $3 to $6
ELSUPREMO999: calls $3
*** FLOP *** [Ac Ts 8c]
ELSUPREMO999: checks
scorpio04: bets $3
ELSUPREMO999: folds
Uncalled bet ($3) returned to scorpio04
scorpio04 collected $11.76 from pot
scorpio04: doesn't show hand
*** SUMMARY ***
Total pot $12 | Rake $0.24
Board [Ac Ts 8c]
Seat 3: ELSUPREMO999 (big blind) folded on the Flop
Seat 4: scorpio04 (button) (small blind) collected ($11.76)


PokerStars Hand #170918985102:  Hold'em Limit ($3/$6 USD) - 2017/05/25 19:38:29 ET
Table 'Lagrula' 6-max Seat #3 is the button
Seat 3: ELSUPREMO999 ($250.68 in chips)
Seat 4: scorpio04 ($263.45 in chips)
ELSUPREMO999: posts small blind $1
scorpio04: posts big blind $3
*** HOLE CARDS ***
ELSUPREMO999: folds
Uncalled bet ($2) returned to scorpio04
scorpio04 collected $2 from pot
scorpio04: doesn't show hand
*** SUMMARY ***
Total pot $2 | Rake $0
Seat 3: ELSUPREMO999 (button) (small blind) folded before Flop
Seat 4: scorpio04 (big blind) collected ($2)


PokerStars Hand #170919038231:  Hold'em Limit ($3/$6 USD) - 2017/05/25 19:40:07 ET
Table 'Lagrula' 6-max Seat #3 is the button
Seat 3: ELSUPREMO999 ($228.18 in chips)
Seat 4: scorpio04 ($284.23 in chips)
ELSUPREMO999: posts small blind $1
scorpio04: posts big blind $3
*** HOLE CARDS ***
ELSUPREMO999: calls $2
scorpio04: raises $3 to $6
ELSUPREMO999: calls $3
*** FLOP *** [3s 4c Qh]
scorpio04: bets $3
ELSUPREMO999: calls $3
*** TURN *** [3s 4c Qh] [Js]
scorpio04: checks
ELSUPREMO999: bets $6
scorpio04: calls $6
*** RIVER *** [3s 4c Qh Js] [Qs]
scorpio04: checks
ELSUPREMO999: bets $6
scorpio04: calls $6
*** SHOW DOWN ***
ELSUPREMO999: shows [8c 7s] (a pair of Queens)
scorpio04: shows [2h 2d] (two pair, Queens and Deuces)
scorpio04 collected $41.50 from pot
*** SUMMARY ***
Total pot $42 | Rake $0.50
Board [3s 4c Qh Js Qs]
Seat 3: ELSUPREMO999 (button) (small blind) showed [8c 7s] and lost with a pair of Queens
Seat 4: scorpio04 (big blind) showed [2h 2d] and won ($41.50) with two pair, Queens and Deuces


PokerStars Hand #170919030637:  Hold'em Limit ($3/$6 USD) - 2017/05/25 19:39:53 ET
Table 'Lagrula' 6-max Seat #4 is the button
Seat 3: ELSUPREMO999 ($234.18 in chips)
Seat 4: scorpio04 ($278.47 in chips)
scorpio04: posts small blind $1
ELSUPREMO999: posts big blind $3
*** HOLE CARDS ***
scorpio04: raises $3 to $6
ELSUPREMO999: calls $3
*** FLOP *** [8h Jh 8d]
ELSUPREMO999: checks
scorpio04: bets $3
ELSUPREMO999: folds
Uncalled bet ($3) returned to scorpio04
scorpio04 collected $11.76 from pot
scorpio04: doesn't show hand
*** SUMMARY ***
Total pot $12 | Rake $0.24
Board [8h Jh 8d]
Seat 3: ELSUPREMO999 (big blind) folded on the Flop
Seat 4: scorpio04 (button) (small blind) collected ($11.76)


PokerStars Hand #170919017288:  Hold'em Limit ($3/$6 USD) - 2017/05/25 19:39:28 ET
Table 'Lagrula' 6-max Seat #3 is the button
Seat 3: ELSUPREMO999 ($210.68 in chips)
Seat 4: scorpio04 ($302.47 in chips)
ELSUPREMO999: posts small blind $1
scorpio04: posts big blind $3
*** HOLE CARDS ***
ELSUPREMO999: raises $3 to $6
scorpio04: calls $3
*** FLOP *** [3s 6s 4c]
scorpio04: checks
ELSUPREMO999: bets $3
scorpio04: raises $3 to $6
ELSUPREMO999: calls $3
*** TURN *** [3s 6s 4c] [9s]
scorpio04: bets $6
ELSUPREMO999: calls $6
*** RIVER *** [3s 6s 4c 9s] [4s]
scorpio04: checks
ELSUPREMO999: bets $6
scorpio04: calls $6
*** SHOW DOWN ***
ELSUPREMO999: shows [Ad Ks] (a flush, King high)
scorpio04: mucks hand
ELSUPREMO999 collected $47.50 from pot
*** SUMMARY ***
Total pot $48 | Rake $0.50
Board [3s 6s 4c 9s 4s]
Seat 3: ELSUPREMO999 (button) (small blind) showed [Ad Ks] and won ($47.50) with a flush, King high
Seat 4: scorpio04 (big blind) mucked


PokerStars Hand #170919064218:  Hold'em Limit ($3/$6 USD) - 2017/05/25 19:40:56 ET
Table 'Lagrula' 6-max Seat #4 is the button
Seat 3: ELSUPREMO999 ($191.18 in chips)
Seat 4: scorpio04 ($320.23 in chips)
scorpio04: posts small blind $1
ELSUPREMO999: posts big blind $3
*** HOLE CARDS ***
scorpio04: raises $3 to $6
ELSUPREMO999: raises $3 to $9
scorpio04: calls $3
*** FLOP *** [Ac 3d 6d]
ELSUPREMO999: bets $3
scorpio04: folds
Uncalled bet ($3) returned to ELSUPREMO999
ELSUPREMO999 collected $17.64 from pot
ELSUPREMO999: doesn't show hand
*** SUMMARY ***
Total pot $18 | Rake $0.36
Board [Ac 3d 6d]
Seat 3: ELSUPREMO999 (big blind) collected ($17.64)
Seat 4: scorpio04 (button) (small blind) folded on the Flop


PokerStars Hand #170919061842:  Hold'em Limit ($3/$6 USD) - 2017/05/25 19:40:51 ET
Table 'Lagrula' 6-max Seat #3 is the button
Seat 3: ELSUPREMO999 ($192.18 in chips)
Seat 4: scorpio04 ($319.23 in chips)
ELSUPREMO999: posts small blind $1
scorpio04: posts big blind $3
*** HOLE CARDS ***
ELSUPREMO999: folds
Uncalled bet ($2) returned to scorpio04
scorpio04 collected $2 from pot
scorpio04: doesn't show hand
*** SUMMARY ***
Total pot $2 | Rake $0
Seat 3: ELSUPREMO999 (button) (small blind) folded before Flop
Seat 4: scorpio04 (big blind) collected ($2)


PokerStars Hand #170919049745:  Hold'em Limit ($3/$6 USD) - 2017/05/25 19:40:29 ET
Table 'Lagrula' 6-max Seat #4 is the button
Seat 3: ELSUPREMO999 ($207.18 in chips)
Seat 4: scorpio04 ($304.73 in chips)
scorpio04: posts small blind $1
ELSUPREMO999: posts big blind $3
*** HOLE CARDS ***
scorpio04: raises $3 to $6
ELSUPREMO999: calls $3
*** FLOP *** [5c 6d 8c]
ELSUPREMO999: checks
scorpio04: bets $3
ELSUPREMO999: calls $3
*** TURN *** [5c 6d 8c] [8d]
ELSUPREMO999: checks
scorpio04: bets $6
ELSUPREMO999: calls $6
*** RIVER *** [5c 6d 8c 8d] [2s]
ELSUPREMO999: checks
scorpio04: bets $6
ELSUPREMO999: folds
Uncalled bet ($6) returned to scorpio04
scorpio04 collected $29.50 from pot
scorpio04: doesn't show hand
*** SUMMARY ***
Total pot $30 | Rake $0.50
Board [5c 6d 8c 8d 2s]
Seat 3: ELSUPREMO999 (big blind) folded on the River
Seat 4: scorpio04 (button) (small blind) collected ($29.50)


PokerStars Hand #170919089928:  Hold'em Limit ($3/$6 USD) - 2017/05/25 19:41:44 ET
Table 'Lagrula' 6-max Seat #4 is the button
Seat 3: ELSUPREMO999 ($180.96 in chips)
Seat 4: scorpio04 ($331.73 in chips)
scorpio04: posts small blind $1
ELSUPREMO999: posts big blind $3
*** HOLE CARDS ***
scorpio04: raises $3 to $6
ELSUPREMO999: calls $3
*** FLOP *** [7h As 6s]
ELSUPREMO999: checks
scorpio04: bets $3
ELSUPREMO999: calls $3
*** TURN *** [7h As 6s] [Th]
ELSUPREMO999: checks
scorpio04: checks
*** RIVER *** [7h As 6s Th] [4s]
ELSUPREMO999: bets $6
scorpio04: folds
Uncalled bet ($6) returned to ELSUPREMO999
ELSUPREMO999 collected $17.64 from pot
ELSUPREMO999: doesn't show hand
*** SUMMARY ***
Total pot $18 | Rake $0.36
Board [7h As 6s Th 4s]
Seat 3: ELSUPREMO999 (big blind) collected ($17.64)
Seat 4: scorpio04 (button) (small blind) folded on the River


PokerStars Hand #170919108516:  Hold'em Limit ($3/$6 USD) - 2017/05/25 19:42:19 ET
Table 'Lagrula' 6-max Seat #3 is the button
Seat 3: ELSUPREMO999 ($189.60 in chips)
Seat 4: scorpio04 ($322.73 in chips)
ELSUPREMO999: posts small blind $1
scorpio04: posts big blind $3
*** HOLE CARDS ***
ELSUPREMO999: folds
Uncalled bet ($2) returned to scorpio04
scorpio04 collected $2 from pot
scorpio04: doesn't show hand
*** SUMMARY ***
Total pot $2 | Rake $0
Seat 3: ELSUPREMO999 (button) (small blind) folded before Flop
Seat 4: scorpio04 (big blind) collected ($2)


PokerStars Hand #170919111068:  Hold'em Limit ($3/$6 USD) - 2017/05/25 19:42:23 ET
Table 'Lagrula' 6-max Seat #4 is the button
Seat 3: ELSUPREMO999 ($188.60 in chips)
Seat 4: scorpio04 ($323.73 in chips)
scorpio04: posts small blind $1
ELSUPREMO999: posts big blind $3
*** HOLE CARDS ***
scorpio04: folds
Uncalled bet ($2) returned to ELSUPREMO999
ELSUPREMO999 collected $2 from pot
ELSUPREMO999: doesn't show hand
*** SUMMARY ***
Total pot $2 | Rake $0
Seat 3: ELSUPREMO999 (big blind) collected ($2)
Seat 4: scorpio04 (button) (small blind) folded before Flop


PokerStars Hand #170919113632:  Hold'em Limit ($3/$6 USD) - 2017/05/25 19:42:28 ET
Table 'Lagrula' 6-max Seat #3 is the button
Seat 3: ELSUPREMO999 ($189.60 in chips)
Seat 4: scorpio04 ($322.73 in chips)
ELSUPREMO999: posts small blind $1
scorpio04: posts big blind $3
*** HOLE CARDS ***
ELSUPREMO999: folds
Uncalled bet ($2) returned to scorpio04
scorpio04 collected $2 from pot
scorpio04: doesn't show hand
*** SUMMARY ***
Total pot $2 | Rake $0
Seat 3: ELSUPREMO999 (button) (small blind) folded before Flop
Seat 4: scorpio04 (big blind) collected ($2)


PokerStars Hand #170919078199:  Hold'em Limit ($3/$6 USD) - 2017/05/25 19:41:22 ET
Table 'Lagrula' 6-max Seat #3 is the button
Seat 3: ELSUPREMO999 ($201.96 in chips)
Seat 4: scorpio04 ($311.23 in chips)
ELSUPREMO999: posts small blind $1
scorpio04: posts big blind $3
*** HOLE CARDS ***
ELSUPREMO999: calls $2
scorpio04: raises $3 to $6
ELSUPREMO999: calls $3
*** FLOP *** [5d 3s 9s]
scorpio04: bets $3
ELSUPREMO999: calls $3
*** TURN *** [5d 3s 9s] [Js]
scorpio04: checks
ELSUPREMO999: bets $6
scorpio04: calls $6
*** RIVER *** [5d 3s 9s Js] [2d]
scorpio04: checks
ELSUPREMO999: bets $6
scorpio04: calls $6
*** SHOW DOWN ***
ELSUPREMO999: shows [Qs Th] (high card Queen)
scorpio04: shows [Ah 3c] (a pair of Threes)
scorpio04 collected $41.50 from pot
*** SUMMARY ***
Total pot $42 | Rake $0.50
Board [5d 3s 9s Js 2d]
Seat 3: ELSUPREMO999 (button) (small blind) showed [Qs Th] and lost with high card Queen
Seat 4: scorpio04 (big blind) showed [Ah 3c] and won ($41.50) with a pair of Threes


PokerStars Hand #170919116735:  Hold'em Limit ($3/$6 USD) - 2017/05/25 19:42:34 ET
Table 'Lagrula' 6-max Seat #4 is the button
Seat 3: ELSUPREMO999 ($188.60 in chips)
Seat 4: scorpio04 ($323.73 in chips)
scorpio04: posts small blind $1
ELSUPREMO999: posts big blind $3
*** HOLE CARDS ***
scorpio04: raises $3 to $6
ELSUPREMO999: calls $3
*** FLOP *** [Ac 7c 9h]
ELSUPREMO999: checks
scorpio04: bets $3
ELSUPREMO999: calls $3
*** TURN *** [Ac 7c 9h] [As]
ELSUPREMO999: checks
scorpio04: bets $6
ELSUPREMO999: folds
Uncalled bet ($6) returned to scorpio04
scorpio04 collected $17.64 from pot
scorpio04: doesn't show hand
*** SUMMARY ***
Total pot $18 | Rake $0.36
Board [Ac 7c 9h As]
Seat 3: ELSUPREMO999 (big blind) folded on the Turn
Seat 4: scorpio04 (button) (small blind) collected ($17.64)


PokerStars Hand #170919166318:  Hold'em Limit ($3/$6 USD) - 2017/05/25 19:44:07 ET
Table 'Lagrula' 6-max Seat #3 is the button
Seat 3: ELSUPREMO999 ($167.10 in chips)
Seat 4: scorpio04 ($343.87 in chips)
ELSUPREMO999: posts small blind $1
scorpio04: posts big blind $3
*** HOLE CARDS ***
ELSUPREMO999: folds
Uncalled bet ($2) returned to scorpio04
scorpio04 collected $2 from pot
scorpio04: doesn't show hand
*** SUMMARY ***
Total pot $2 | Rake $0
Seat 3: ELSUPREMO999 (button) (small blind) folded before Flop
Seat 4: scorpio04 (big blind) collected ($2)


PokerStars Hand #170919156602:  Hold'em Limit ($3/$6 USD) - 2017/05/25 19:43:49 ET
Table 'Lagrula' 6-max Seat #4 is the button
Seat 3: ELSUPREMO999 ($194.10 in chips)
Seat 4: scorpio04 ($317.37 in chips)
scorpio04: posts small blind $1
ELSUPREMO999: posts big blind $3
*** HOLE CARDS ***
scorpio04: raises $3 to $6
ELSUPREMO999: calls $3
*** FLOP *** [2d 5c Kc]
ELSUPREMO999: checks
scorpio04: bets $3
ELSUPREMO999: calls $3
*** TURN *** [2d 5c Kc] [Ks]
ELSUPREMO999: checks
scorpio04: bets $6
ELSUPREMO999: calls $6
*** RIVER *** [2d 5c Kc Ks] [5h]
ELSUPREMO999: bets $6
scorpio04: raises $6 to $12
ELSUPREMO999: calls $6
*** SHOW DOWN ***
scorpio04: shows [Kd 6d] (a full house, Kings full of Fives)
ELSUPREMO999: mucks hand
scorpio04 collected $53.50 from pot
*** SUMMARY ***
Total pot $54 | Rake $0.50
Board [2d 5c Kc Ks 5h]
Seat 3: ELSUPREMO999 (big blind) mucked
Seat 4: scorpio04 (button) (small blind) showed [Kd 6d] and won ($53.50) with a full house, Kings full of Fives


PokerStars Hand #170919128676:  Hold'em Limit ($3/$6 USD) - 2017/05/25 19:42:56 ET
Table 'Lagrula' 6-max Seat #3 is the button
Seat 3: ELSUPREMO999 ($179.60 in chips)
Seat 4: scorpio04 ($332.37 in chips)
ELSUPREMO999: posts small blind $1
scorpio04: posts big blind $3
*** HOLE CARDS ***
ELSUPREMO999: raises $3 to $6
scorpio04: calls $3
*** FLOP *** [Ts Kd 5s]
scorpio04: checks
ELSUPREMO999: bets $3
scorpio04: calls $3
*** TURN *** [Ts Kd 5s] [Qh]
scorpio04: checks
ELSUPREMO999: bets $6
scorpio04: calls $6
*** RIVER *** [Ts Kd 5s Qh] [As]
scorpio04: checks
ELSUPREMO999: bets $6
scorpio04: folds
Uncalled bet ($6) returned to ELSUPREMO999
ELSUPREMO999 collected $29.50 from pot
ELSUPREMO999: doesn't show hand
*** SUMMARY ***
Total pot $30 | Rake $0.50
Board [Ts Kd 5s Qh As]
Seat 3: ELSUPREMO999 (button) (small blind) collected ($29.50)
Seat 4: scorpio04 (big blind) folded on the River


PokerStars Hand #170919168796:  Hold'em Limit ($3/$6 USD) - 2017/05/25 19:44:12 ET
Table 'Lagrula' 6-max Seat #4 is the button
Seat 3: ELSUPREMO999 ($166.10 in chips)
Seat 4: scorpio04 ($344.87 in chips)
scorpio04: posts small blind $1
ELSUPREMO999: posts big blind $3
*** HOLE CARDS ***
scorpio04: raises $3 to $6
ELSUPREMO999: raises $3 to $9
scorpio04: calls $3
*** FLOP *** [4c 3s 7s]
ELSUPREMO999: checks
scorpio04: bets $3
ELSUPREMO999: raises $3 to $6
scorpio04: calls $3
*** TURN *** [4c 3s 7s] [6d]
ELSUPREMO999: bets $6
scorpio04: calls $6
*** RIVER *** [4c 3s 7s 6d] [2d]
ELSUPREMO999: bets $6
scorpio04: calls $6
*** SHOW DOWN ***
ELSUPREMO999: shows [6h Ah] (a pair of Sixes)
scorpio04: mucks hand
ELSUPREMO999 collected $53.50 from pot
*** SUMMARY ***
Total pot $54 | Rake $0.50
Board [4c 3s 7s 6d 2d]
Seat 3: ELSUPREMO999 (big blind) showed [6h Ah] and won ($53.50) with a pair of Sixes
Seat 4: scorpio04 (button) (small blind) mucked


PokerStars Hand #170919196221:  Hold'em Limit ($3/$6 USD) - 2017/05/25 19:45:04 ET
Table 'Lagrula' 6-max Seat #4 is the button
Seat 3: ELSUPREMO999 ($185.24 in chips)
Seat 4: scorpio04 ($324.37 in chips)
scorpio04: posts small blind $1
ELSUPREMO999: posts big blind $3
*** HOLE CARDS ***
scorpio04: raises $3 to $6
ELSUPREMO999: calls $3
*** FLOP *** [Kd Tc 6d]
ELSUPREMO999: checks
scorpio04: bets $3
ELSUPREMO999: calls $3
*** TURN *** [Kd Tc 6d] [7c]
ELSUPREMO999: checks
scorpio04: bets $6
ELSUPREMO999: raises $6 to $12
scorpio04: calls $6
*** RIVER *** [Kd Tc 6d 7c] [8h]
ELSUPREMO999: bets $6
scorpio04: calls $6
*** SHOW DOWN ***
ELSUPREMO999: shows [Kc 4c] (a pair of Kings)
scorpio04: mucks hand
ELSUPREMO999 collected $53.50 from pot
*** SUMMARY ***
Total pot $54 | Rake $0.50
Board [Kd Tc 6d 7c 8h]
Seat 3: ELSUPREMO999 (big blind) showed [Kc 4c] and won ($53.50) with a pair of Kings
Seat 4: scorpio04 (button) (small blind) mucked


PokerStars Hand #170919182838:  Hold'em Limit ($3/$6 USD) - 2017/05/25 19:44:38 ET
Table 'Lagrula' 6-max Seat #4 is the button
Seat 3: ELSUPREMO999 ($191.60 in chips)
Seat 4: scorpio04 ($318.87 in chips)
scorpio04: posts small blind $1
ELSUPREMO999: posts big blind $3
*** HOLE CARDS ***
scorpio04: raises $3 to $6
ELSUPREMO999: calls $3
*** FLOP *** [Ks 4d Jd]
ELSUPREMO999: checks
scorpio04: bets $3
ELSUPREMO999: calls $3
*** TURN *** [Ks 4d Jd] [Qs]
ELSUPREMO999: checks
scorpio04: checks
*** RIVER *** [Ks 4d Jd Qs] [Kh]
ELSUPREMO999: bets $6
scorpio04: calls $6
*** SHOW DOWN ***
ELSUPREMO999: shows [7d 8d] (a pair of Kings)
scorpio04: shows [4h Td] (two pair, Kings and Fours)
scorpio04 collected $29.50 from pot
*** SUMMARY ***
Total pot $30 | Rake $0.50
Board [Ks 4d Jd Qs Kh]
Seat 3: ELSUPREMO999 (big blind) showed [7d 8d] and lost with a pair of Kings
Seat 4: scorpio04 (button) (small blind) showed [4h Td] and won ($29.50) with two pair, Kings and Fours


PokerStars Hand #170919190455:  Hold'em Limit ($3/$6 USD) - 2017/05/25 19:44:53 ET
Table 'Lagrula' 6-max Seat #3 is the button
Seat 3: ELSUPREMO999 ($176.60 in chips)
Seat 4: scorpio04 ($333.37 in chips)
ELSUPREMO999: posts small blind $1
scorpio04: posts big blind $3
*** HOLE CARDS ***
ELSUPREMO999: raises $3 to $6
scorpio04: calls $3
*** FLOP *** [2d 2h 5s]
scorpio04: checks
ELSUPREMO999: bets $3
scorpio04: calls $3
*** TURN *** [2d 2h 5s] [4h]
scorpio04: checks
ELSUPREMO999: bets $6
scorpio04: folds
Uncalled bet ($6) returned to ELSUPREMO999
ELSUPREMO999 collected $17.64 from pot
ELSUPREMO999: doesn't show hand
*** SUMMARY ***
Total pot $18 | Rake $0.36
Board [2d 2h 5s 4h]
Seat 3: ELSUPREMO999 (button) (small blind) collected ($17.64)
Seat 4: scorpio04 (big blind) folded on the Turn


PokerStars Hand #170919178449:  Hold'em Limit ($3/$6 USD) - 2017/05/25 19:44:30 ET
Table 'Lagrula' 6-max Seat #3 is the button
Seat 3: ELSUPREMO999 ($192.60 in chips)
Seat 4: scorpio04 ($317.87 in chips)
ELSUPREMO999: posts small blind $1
scorpio04: posts big blind $3
*** HOLE CARDS ***
ELSUPREMO999: folds
Uncalled bet ($2) returned to scorpio04
scorpio04 collected $2 from pot
scorpio04: doesn't show hand
*** SUMMARY ***
Total pot $2 | Rake $0
Seat 3: ELSUPREMO999 (button) (small blind) folded before Flop
Seat 4: scorpio04 (big blind) collected ($2)


PokerStars Hand #170919203358:  Hold'em Limit ($3/$6 USD) - 2017/05/25 19:45:17 ET
Table 'Lagrula' 6-max Seat #3 is the button
Seat 3: ELSUPREMO999 ($211.74 in chips)
Seat 4: scorpio04 ($297.37 in chips)
ELSUPREMO999: posts small blind $1
scorpio04: posts big blind $3
*** HOLE CARDS ***
ELSUPREMO999: calls $2
scorpio04: checks
*** FLOP *** [2h Ts Tc]
scorpio04: checks
ELSUPREMO999: checks
*** TURN *** [2h Ts Tc] [8d]
scorpio04: checks
ELSUPREMO999: checks
*** RIVER *** [2h Ts Tc 8d] [9c]
scorpio04: checks
ELSUPREMO999: checks
*** SHOW DOWN ***
scorpio04: shows [4h 9s] (two pair, Tens and Nines)
ELSUPREMO999: mucks hand
scorpio04 collected $5.88 from pot
*** SUMMARY ***
Total pot $6 | Rake $0.12
Board [2h Ts Tc 8d 9c]
Seat 3: ELSUPREMO999 (button) (small blind) mucked
Seat 4: scorpio04 (big blind) showed [4h 9s] and won ($5.88) with two pair, Tens and Nines


PokerStars Hand #170919220482:  Hold'em Limit ($3/$6 USD) - 2017/05/25 19:45:50 ET
Table 'Lagrula' 6-max Seat #4 is the button
Seat 3: ELSUPREMO999 ($208.74 in chips)
Seat 4: scorpio04 ($300.25 in chips)
scorpio04: posts small blind $1
ELSUPREMO999: posts big blind $3
*** HOLE CARDS ***
scorpio04: raises $3 to $6
ELSUPREMO999: calls $3
*** FLOP *** [2c Qc Jc]
ELSUPREMO999: checks
scorpio04: bets $3
ELSUPREMO999: calls $3
*** TURN *** [2c Qc Jc] [6h]
ELSUPREMO999: checks
scorpio04: bets $6
ELSUPREMO999: folds
Uncalled bet ($6) returned to scorpio04
scorpio04 collected $17.64 from pot
scorpio04: doesn't show hand
*** SUMMARY ***
Total pot $18 | Rake $0.36
Board [2c Qc Jc 6h]
Seat 3: ELSUPREMO999 (big blind) folded on the Turn
Seat 4: scorpio04 (button) (small blind) collected ($17.64)


PokerStars Hand #170919233765:  Hold'em Limit ($3/$6 USD) - 2017/05/25 19:46:15 ET
Table 'Lagrula' 6-max Seat #3 is the button
Seat 3: ELSUPREMO999 ($199.74 in chips)
Seat 4: scorpio04 ($308.89 in chips)
ELSUPREMO999: posts small blind $1
scorpio04: posts big blind $3
*** HOLE CARDS ***
ELSUPREMO999: folds
Uncalled bet ($2) returned to scorpio04
scorpio04 collected $2 from pot
scorpio04: doesn't show hand
wiezel0172 joins the table at seat #5
*** SUMMARY ***
Total pot $2 | Rake $0
Seat 3: ELSUPREMO999 (button) (small blind) folded before Flop
Seat 4: scorpio04 (big blind) collected ($2)


PokerStars Hand #170919505524:  Hold'em Limit ($3/$6 USD) - 2017/05/25 19:54:44 ET
Table 'Lagrula' 6-max Seat #4 is the button
Seat 4: scorpio04 ($260.59 in chips)
Seat 5: wiezel0172 ($84.98 in chips)
scorpio04: posts small blind $1
wiezel0172: posts big blind $3
*** HOLE CARDS ***
ELSUPREMO999 is disconnected
scorpio04: raises $3 to $6
wiezel0172: folds
Uncalled bet ($3) returned to scorpio04
scorpio04 collected $6 from pot
scorpio04: doesn't show hand
*** SUMMARY ***
Total pot $6 | Rake $0
Seat 4: scorpio04 (button) (small blind) collected ($6)
Seat 5: wiezel0172 (big blind) folded before Flop


PokerStars Hand #170919499731:  Hold'em Limit ($3/$6 USD) - 2017/05/25 19:54:33 ET
Table 'Lagrula' 6-max Seat #5 is the button
Seat 4: scorpio04 ($259.59 in chips)
Seat 5: wiezel0172 ($85.98 in chips)
wiezel0172: posts small blind $1
scorpio04: posts big blind $3
*** HOLE CARDS ***
wiezel0172: folds
Uncalled bet ($2) returned to scorpio04
scorpio04 collected $2 from pot
scorpio04: doesn't show hand
*** SUMMARY ***
Total pot $2 | Rake $0
Seat 4: scorpio04 (big blind) collected ($2)
Seat 5: wiezel0172 (button) (small blind) folded before Flop


PokerStars Hand #170919508397:  Hold'em Limit ($3/$6 USD) - 2017/05/25 19:54:50 ET
Table 'Lagrula' 6-max Seat #5 is the button
Seat 4: scorpio04 ($263.59 in chips)
Seat 5: wiezel0172 ($81.98 in chips)
wiezel0172: posts small blind $1
scorpio04: posts big blind $3
*** HOLE CARDS ***
wiezel0172: raises $3 to $6
scorpio04: raises $3 to $9
wiezel0172: calls $3
*** FLOP *** [Kh Ac As]
scorpio04: bets $3
wiezel0172: folds
Uncalled bet ($3) returned to scorpio04
scorpio04 collected $17.64 from pot
scorpio04: doesn't show hand
*** SUMMARY ***
Total pot $18 | Rake $0.36
Board [Kh Ac As]
Seat 4: scorpio04 (big blind) collected ($17.64)
Seat 5: wiezel0172 (button) (small blind) folded on the Flop


PokerStars Hand #170919514943:  Hold'em Limit ($3/$6 USD) - 2017/05/25 19:55:03 ET
Table 'Lagrula' 6-max Seat #4 is the button
Seat 4: scorpio04 ($272.23 in chips)
Seat 5: wiezel0172 ($72.98 in chips)
scorpio04: posts small blind $1
wiezel0172: posts big blind $3
*** HOLE CARDS ***
scorpio04: raises $3 to $6
wiezel0172: calls $3
*** FLOP *** [Qc 7c Jh]
wiezel0172: checks
scorpio04: bets $3
wiezel0172: folds
Uncalled bet ($3) returned to scorpio04
scorpio04 collected $11.76 from pot
scorpio04: doesn't show hand
*** SUMMARY ***
Total pot $12 | Rake $0.24
Board [Qc 7c Jh]
Seat 4: scorpio04 (button) (small blind) collected ($11.76)
Seat 5: wiezel0172 (big blind) folded on the Flop


PokerStars Hand #170919521107:  Hold'em Limit ($3/$6 USD) - 2017/05/25 19:55:16 ET
Table 'Lagrula' 6-max Seat #5 is the button
Seat 4: scorpio04 ($277.99 in chips)
Seat 5: wiezel0172 ($66.98 in chips)
wiezel0172: posts small blind $1
scorpio04: posts big blind $3
*** HOLE CARDS ***
wiezel0172: raises $3 to $6
scorpio04: calls $3
*** FLOP *** [4s As 8c]
scorpio04: checks
wiezel0172: bets $3
scorpio04: calls $3
*** TURN *** [4s As 8c] [4d]
scorpio04: checks
wiezel0172: checks
*** RIVER *** [4s As 8c 4d] [Kd]
scorpio04: bets $6
wiezel0172: folds
Uncalled bet ($6) returned to scorpio04
scorpio04 collected $17.64 from pot
scorpio04: doesn't show hand
*** SUMMARY ***
Total pot $18 | Rake $0.36
Board [4s As 8c 4d Kd]
Seat 4: scorpio04 (big blind) collected ($17.64)
Seat 5: wiezel0172 (button) (small blind) folded on the River


PokerStars Hand #170919543936:  Hold'em Limit ($3/$6 USD) - 2017/05/25 19:56:08 ET
Table 'Lagrula' 6-max Seat #4 is the button
Seat 4: scorpio04 ($286.63 in chips)
Seat 5: wiezel0172 ($57.98 in chips)
scorpio04: posts small blind $1
wiezel0172: posts big blind $3
*** HOLE CARDS ***
scorpio04: raises $3 to $6
wiezel0172: raises $3 to $9
scorpio04: calls $3
*** FLOP *** [9d 3d Ts]
wiezel0172: bets $3
KaaPee joins the table at seat #6
KaaPee leaves the table
scorpio04: calls $3
*** TURN *** [9d 3d Ts] [8d]
wiezel0172: bets $6
scorpio04: calls $6
*** RIVER *** [9d 3d Ts 8d] [7s]
wiezel0172: bets $6
scorpio04: calls $6
*** SHOW DOWN ***
wiezel0172: shows [Qc Kh] (high card King)
scorpio04: shows [4h Tc] (a pair of Tens)
scorpio04 collected $47.50 from pot
*** SUMMARY ***
Total pot $48 | Rake $0.50
Board [9d 3d Ts 8d 7s]
Seat 4: scorpio04 (button) (small blind) showed [4h Tc] and won ($47.50) with a pair of Tens
Seat 5: wiezel0172 (big blind) showed [Qc Kh] and lost with high card King


PokerStars Hand #170919568205:  Hold'em Limit ($3/$6 USD) - 2017/05/25 19:57:04 ET
Table 'Lagrula' 6-max Seat #5 is the button
Seat 4: scorpio04 ($310.13 in chips)
Seat 5: wiezel0172 ($33.98 in chips)
wiezel0172: posts small blind $1
scorpio04: posts big blind $3
*** HOLE CARDS ***
wiezel0172: raises $3 to $6
scorpio04: calls $3
*** FLOP *** [7h 9h Kc]
scorpio04: checks
wiezel0172: bets $3
scorpio04: folds
Uncalled bet ($3) returned to wiezel0172
AA_ILI joins the table at seat #6
wiezel0172 collected $11.76 from pot
wiezel0172: doesn't show hand
*** SUMMARY ***
Total pot $12 | Rake $0.24
Board [7h 9h Kc]
Seat 4: scorpio04 (big blind) folded on the Flop
Seat 5: wiezel0172 (button) (small blind) collected ($11.76)


PokerStars Hand #170919572737:  Hold'em Limit ($3/$6 USD) - 2017/05/25 19:57:14 ET
Table 'Lagrula' 6-max Seat #4 is the button
Seat 4: scorpio04 ($304.13 in chips)
Seat 5: wiezel0172 ($39.74 in chips)
scorpio04: posts small blind $1
wiezel0172: posts big blind $3
*** HOLE CARDS ***
scorpio04: raises $3 to $6
wiezel0172: calls $3
*** FLOP *** [Th 9d Qh]
wiezel0172: checks
scorpio04: bets $3
wiezel0172: calls $3
*** TURN *** [Th 9d Qh] [5h]
wiezel0172: checks
scorpio04: bets $6
wiezel0172: calls $6
*** RIVER *** [Th 9d Qh 5h] [2h]
wiezel0172: checks
scorpio04: bets $6
wiezel0172: calls $6
*** SHOW DOWN ***
scorpio04: shows [Jd 7c] (high card Queen)
wiezel0172: shows [8h 7d] (a flush, Queen high)
wiezel0172 collected $41.50 from pot
*** SUMMARY ***
Total pot $42 | Rake $0.50
Board [Th 9d Qh 5h 2h]
Seat 4: scorpio04 (button) (small blind) showed [Jd 7c] and lost with high card Queen
Seat 5: wiezel0172 (big blind) showed [8h 7d] and won ($41.50) with a flush, Queen high


