PokerStars Hand #147879555689:  Hold'em Limit ($3/$6 USD) - 2016/01/29 11:25:52 ET
Table 'Lagrangea II' 6-max Seat #3 is the button
Seat 3: avraam888 ($120 in chips)
Seat 4: AzureCaper ($72 in chips)
avraam888: posts small blind $1
AzureCaper: posts big blind $3
*** HOLE CARDS ***
avraam888: folds
Uncalled bet ($2) returned to AzureCaper
AzureCaper collected $2 from pot
AzureCaper: doesn't show hand
*** SUMMARY ***
Total pot $2 | Rake $0
Seat 3: avraam888 (button) (small blind) folded before Flop
Seat 4: AzureCaper (big blind) collected ($2)


PokerStars Hand #147879600468:  Hold'em Limit ($3/$6 USD) - 2016/01/29 11:26:44 ET
Table 'Lagrangea II' 6-max Seat #4 is the button
Seat 3: avraam888 ($127.64 in chips)
Seat 4: AzureCaper ($74.76 in chips)
AzureCaper: posts small blind $1
avraam888: posts big blind $3
*** HOLE CARDS ***
AzureCaper: folds
Uncalled bet ($2) returned to avraam888
avraam888 collected $2 from pot
*** SUMMARY ***
Total pot $2 | Rake $0
Seat 3: avraam888 (big blind) collected ($2)
Seat 4: AzureCaper (button) (small blind) folded before Flop


PokerStars Hand #147879593203:  Hold'em Limit ($3/$6 USD) - 2016/01/29 11:26:36 ET
Table 'Lagrangea II' 6-max Seat #3 is the button
Seat 3: avraam888 ($124.64 in chips)
Seat 4: AzureCaper ($77.76 in chips)
avraam888: posts small blind $1
AzureCaper: posts big blind $3
*** HOLE CARDS ***
avraam888: raises $3 to $6
AzureCaper: folds
Uncalled bet ($3) returned to avraam888
avraam888 collected $6 from pot
*** SUMMARY ***
Total pot $6 | Rake $0
Seat 3: avraam888 (button) (small blind) collected ($6)
Seat 4: AzureCaper (big blind) folded before Flop


PokerStars Hand #147879583570:  Hold'em Limit ($3/$6 USD) - 2016/01/29 11:26:25 ET
Table 'Lagrangea II' 6-max Seat #4 is the button
Seat 3: avraam888 ($130.64 in chips)
Seat 4: AzureCaper ($72 in chips)
AzureCaper: posts small blind $1
avraam888: posts big blind $3
*** HOLE CARDS ***
AzureCaper: raises $3 to $6
avraam888: calls $3
*** FLOP *** [Kc Jd Js]
avraam888: checks
AzureCaper: bets $3
avraam888: folds
Uncalled bet ($3) returned to AzureCaper
AzureCaper collected $11.76 from pot
AzureCaper: doesn't show hand
*** SUMMARY ***
Total pot $12 | Rake $0.24
Board [Kc Jd Js]
Seat 3: avraam888 (big blind) folded on the Flop
Seat 4: AzureCaper (button) (small blind) collected ($11.76)


PokerStars Hand #147879579183:  Hold'em Limit ($3/$6 USD) - 2016/01/29 11:26:19 ET
Table 'Lagrangea II' 6-max Seat #3 is the button
Seat 3: avraam888 ($127.64 in chips)
Seat 4: AzureCaper ($72 in chips)
avraam888: posts small blind $1
AzureCaper: posts big blind $3
*** HOLE CARDS ***
avraam888: raises $3 to $6
AzureCaper: folds
Uncalled bet ($3) returned to avraam888
avraam888 collected $6 from pot
*** SUMMARY ***
Total pot $6 | Rake $0
Seat 3: avraam888 (button) (small blind) collected ($6)
Seat 4: AzureCaper (big blind) folded before Flop


PokerStars Hand #147879564267:  Hold'em Limit ($3/$6 USD) - 2016/01/29 11:26:02 ET
Table 'Lagrangea II' 6-max Seat #4 is the button
Seat 3: avraam888 ($119 in chips)
Seat 4: AzureCaper ($73 in chips)
AzureCaper: posts small blind $1
avraam888: posts big blind $3
*** HOLE CARDS ***
AzureCaper: raises $3 to $6
avraam888: raises $3 to $9
AzureCaper: calls $3
*** FLOP *** [7c Kd Th]
avraam888: bets $3
AzureCaper: folds
Uncalled bet ($3) returned to avraam888
avraam888 collected $17.64 from pot
*** SUMMARY ***
Total pot $18 | Rake $0.36
Board [7c Kd Th]
Seat 3: avraam888 (big blind) collected ($17.64)
Seat 4: AzureCaper (button) (small blind) folded on the Flop


PokerStars Hand #147879658978:  Hold'em Limit ($3/$6 USD) - 2016/01/29 11:27:53 ET
Table 'Lagrangea II' 6-max Seat #3 is the button
Seat 3: avraam888 ($84.64 in chips)
Seat 4: AzureCaper ($116.52 in chips)
avraam888: posts small blind $1
AzureCaper: posts big blind $3
*** HOLE CARDS ***
avraam888: raises $3 to $6
AzureCaper: calls $3
*** FLOP *** [5h 6c Td]
AzureCaper: checks
avraam888: bets $3
AzureCaper: raises $3 to $6
avraam888: folds
Uncalled bet ($3) returned to AzureCaper
AzureCaper collected $17.64 from pot
AzureCaper: doesn't show hand
*** SUMMARY ***
Total pot $18 | Rake $0.36
Board [5h 6c Td]
Seat 3: avraam888 (button) (small blind) folded on the Flop
Seat 4: AzureCaper (big blind) collected ($17.64)


PokerStars Hand #147879649910:  Hold'em Limit ($3/$6 USD) - 2016/01/29 11:27:43 ET
Table 'Lagrangea II' 6-max Seat #4 is the button
Seat 3: avraam888 ($90.64 in chips)
Seat 4: AzureCaper ($110.76 in chips)
AzureCaper: posts small blind $1
avraam888: posts big blind $3
*** HOLE CARDS ***
AzureCaper: raises $3 to $6
avraam888: calls $3
*** FLOP *** [Qc 9s Kc]
avraam888: checks
AzureCaper: bets $3
avraam888: folds
Uncalled bet ($3) returned to AzureCaper
AzureCaper collected $11.76 from pot
AzureCaper: doesn't show hand
*** SUMMARY ***
Total pot $12 | Rake $0.24
Board [Qc 9s Kc]
Seat 3: avraam888 (big blind) folded on the Flop
Seat 4: AzureCaper (button) (small blind) collected ($11.76)


PokerStars Hand #147879627260:  Hold'em Limit ($3/$6 USD) - 2016/01/29 11:27:16 ET
Table 'Lagrangea II' 6-max Seat #3 is the button
Seat 3: avraam888 ($114.64 in chips)
Seat 4: AzureCaper ($87.26 in chips)
avraam888: posts small blind $1
AzureCaper: posts big blind $3
*** HOLE CARDS ***
avraam888: raises $3 to $6
AzureCaper: calls $3
*** FLOP *** [Kd 8h 6d]
AzureCaper: checks
avraam888: bets $3
AzureCaper: raises $3 to $6
avraam888: calls $3
*** TURN *** [Kd 8h 6d] [8d]
AzureCaper: bets $6
avraam888: calls $6
*** RIVER *** [Kd 8h 6d 8d] [9s]
AzureCaper: bets $6
avraam888: calls $6
*** SHOW DOWN ***
AzureCaper: shows [7c 9h] (two pair, Nines and Eights)
avraam888: mucks hand
AzureCaper collected $47.50 from pot
*** SUMMARY ***
Total pot $48 | Rake $0.50
Board [Kd 8h 6d 8d 9s]
Seat 3: avraam888 (button) (small blind) mucked
Seat 4: AzureCaper (big blind) showed [7c 9h] and won ($47.50) with two pair, Nines and Eights


PokerStars Hand #147879621487:  Hold'em Limit ($3/$6 USD) - 2016/01/29 11:27:09 ET
Table 'Lagrangea II' 6-max Seat #4 is the button
Seat 3: avraam888 ($113.64 in chips)
Seat 4: AzureCaper ($88.26 in chips)
AzureCaper: posts small blind $1
avraam888: posts big blind $3
*** HOLE CARDS ***
AzureCaper: folds
Uncalled bet ($2) returned to avraam888
avraam888 collected $2 from pot
*** SUMMARY ***
Total pot $2 | Rake $0
Seat 3: avraam888 (big blind) collected ($2)
Seat 4: AzureCaper (button) (small blind) folded before Flop


PokerStars Hand #147879606540:  Hold'em Limit ($3/$6 USD) - 2016/01/29 11:26:51 ET
Table 'Lagrangea II' 6-max Seat #3 is the button
Seat 3: avraam888 ($128.64 in chips)
Seat 4: AzureCaper ($73.76 in chips)
avraam888: posts small blind $1
AzureCaper: posts big blind $3
*** HOLE CARDS ***
avraam888: raises $3 to $6
AzureCaper: calls $3
*** FLOP *** [Jd 4h As]
AzureCaper: checks
avraam888: bets $3
AzureCaper: calls $3
*** TURN *** [Jd 4h As] [2s]
AzureCaper: checks
avraam888: checks
*** RIVER *** [Jd 4h As 2s] [Ah]
AzureCaper: bets $6
avraam888: calls $6
*** SHOW DOWN ***
AzureCaper: shows [Ks Kd] (two pair, Aces and Kings)
avraam888: mucks hand
AzureCaper collected $29.50 from pot
*** SUMMARY ***
Total pot $30 | Rake $0.50
Board [Jd 4h As 2s Ah]
Seat 3: avraam888 (button) (small blind) mucked
Seat 4: AzureCaper (big blind) showed [Ks Kd] and won ($29.50) with two pair, Aces and Kings


PokerStars Hand #147879706461:  Hold'em Limit ($3/$6 USD) - 2016/01/29 11:28:50 ET
Table 'Lagrangea II' 6-max Seat #3 is the button
Seat 3: avraam888 ($102.78 in chips)
Seat 4: AzureCaper ($97.16 in chips)
avraam888: posts small blind $1
AzureCaper: posts big blind $3
*** HOLE CARDS ***
avraam888: raises $3 to $6
AzureCaper: folds
Uncalled bet ($3) returned to avraam888
avraam888 collected $6 from pot
*** SUMMARY ***
Total pot $6 | Rake $0
Seat 3: avraam888 (button) (small blind) collected ($6)
Seat 4: AzureCaper (big blind) folded before Flop


PokerStars Hand #147879702369:  Hold'em Limit ($3/$6 USD) - 2016/01/29 11:28:45 ET
Table 'Lagrangea II' 6-max Seat #4 is the button
Seat 3: avraam888 ($101.78 in chips)
Seat 4: AzureCaper ($98.16 in chips)
AzureCaper: posts small blind $1
avraam888: posts big blind $3
*** HOLE CARDS ***
AzureCaper: folds
Uncalled bet ($2) returned to avraam888
avraam888 collected $2 from pot
*** SUMMARY ***
Total pot $2 | Rake $0
Seat 3: avraam888 (big blind) collected ($2)
Seat 4: AzureCaper (button) (small blind) folded before Flop


PokerStars Hand #147879685844:  Hold'em Limit ($3/$6 USD) - 2016/01/29 11:28:25 ET
Table 'Lagrangea II' 6-max Seat #3 is the button
Seat 3: avraam888 ($84.28 in chips)
Seat 4: AzureCaper ($116.16 in chips)
avraam888: posts small blind $1
AzureCaper: posts big blind $3
*** HOLE CARDS ***
avraam888: raises $3 to $6
AzureCaper: calls $3
*** FLOP *** [Ac Th Tc]
AzureCaper: checks
avraam888: bets $3
AzureCaper: raises $3 to $6
avraam888: calls $3
*** TURN *** [Ac Th Tc] [7h]
AzureCaper: bets $6
avraam888: raises $6 to $12
AzureCaper: folds
Uncalled bet ($6) returned to avraam888
avraam888 collected $35.50 from pot
*** SUMMARY ***
Total pot $36 | Rake $0.50
Board [Ac Th Tc 7h]
Seat 3: avraam888 (button) (small blind) collected ($35.50)
Seat 4: AzureCaper (big blind) folded on the Turn


PokerStars Hand #147879669461:  Hold'em Limit ($3/$6 USD) - 2016/01/29 11:28:06 ET
Table 'Lagrangea II' 6-max Seat #4 is the button
Seat 3: avraam888 ($75.64 in chips)
Seat 4: AzureCaper ($125.16 in chips)
AzureCaper: posts small blind $1
avraam888: posts big blind $3
*** HOLE CARDS ***
AzureCaper: raises $3 to $6
avraam888: raises $3 to $9
AzureCaper: calls $3
*** FLOP *** [Qs 2h 6s]
avraam888: bets $3
AzureCaper: folds
Uncalled bet ($3) returned to avraam888
avraam888 collected $17.64 from pot
*** SUMMARY ***
Total pot $18 | Rake $0.36
Board [Qs 2h 6s]
Seat 3: avraam888 (big blind) collected ($17.64)
Seat 4: AzureCaper (button) (small blind) folded on the Flop


PokerStars Hand #147879731873:  Hold'em Limit ($3/$6 USD) - 2016/01/29 11:29:20 ET
Table 'Lagrangea II' 6-max Seat #3 is the button
Seat 3: avraam888 ($84.78 in chips)
Seat 4: AzureCaper ($114.66 in chips)
avraam888: posts small blind $1
AzureCaper: posts big blind $3
*** HOLE CARDS ***
avraam888: raises $3 to $6
AzureCaper: folds
Uncalled bet ($3) returned to avraam888
avraam888 collected $6 from pot
*** SUMMARY ***
Total pot $6 | Rake $0
Seat 3: avraam888 (button) (small blind) collected ($6)
Seat 4: AzureCaper (big blind) folded before Flop


PokerStars Hand #147879711957:  Hold'em Limit ($3/$6 USD) - 2016/01/29 11:28:56 ET
Table 'Lagrangea II' 6-max Seat #4 is the button
Seat 3: avraam888 ($105.78 in chips)
Seat 4: AzureCaper ($94.16 in chips)
AzureCaper: posts small blind $1
avraam888: posts big blind $3
*** HOLE CARDS ***
AzureCaper: raises $3 to $6
avraam888: calls $3
*** FLOP *** [8d 3c 9s]
avraam888: checks
AzureCaper: bets $3
avraam888: calls $3
*** TURN *** [8d 3c 9s] [5c]
avraam888: checks
AzureCaper: bets $6
avraam888: calls $6
*** RIVER *** [8d 3c 9s 5c] [8s]
avraam888: checks
AzureCaper: bets $6
avraam888: calls $6
*** SHOW DOWN ***
AzureCaper: shows [5s Ah] (two pair, Eights and Fives)
avraam888: mucks hand
AzureCaper collected $41.50 from pot
*** SUMMARY ***
Total pot $42 | Rake $0.50
Board [8d 3c 9s 5c 8s]
Seat 3: avraam888 (big blind) mucked
Seat 4: AzureCaper (button) (small blind) showed [5s Ah] and won ($41.50) with two pair, Eights and Fives


PokerStars Hand #147879737044:  Hold'em Limit ($3/$6 USD) - 2016/01/29 11:29:26 ET
Table 'Lagrangea II' 6-max Seat #4 is the button
Seat 3: avraam888 ($87.78 in chips)
Seat 4: AzureCaper ($111.66 in chips)
AzureCaper: posts small blind $1
avraam888: posts big blind $3
*** HOLE CARDS ***
AzureCaper: folds
Uncalled bet ($2) returned to avraam888
avraam888 collected $2 from pot
*** SUMMARY ***
Total pot $2 | Rake $0
Seat 3: avraam888 (big blind) collected ($2)
Seat 4: AzureCaper (button) (small blind) folded before Flop


PokerStars Hand #147879742613:  Hold'em Limit ($3/$6 USD) - 2016/01/29 11:29:32 ET
Table 'Lagrangea II' 6-max Seat #3 is the button
Seat 3: avraam888 ($88.78 in chips)
Seat 4: AzureCaper ($110.66 in chips)
avraam888: posts small blind $1
AzureCaper: posts big blind $3
*** HOLE CARDS ***
avraam888: raises $3 to $6
AzureCaper: raises $3 to $9
avraam888: calls $3
*** FLOP *** [5c 4c Qc]
AzureCaper: bets $3
avraam888: folds
Uncalled bet ($3) returned to AzureCaper
AzureCaper collected $17.64 from pot
AzureCaper: doesn't show hand
*** SUMMARY ***
Total pot $18 | Rake $0.36
Board [5c 4c Qc]
Seat 3: avraam888 (button) (small blind) folded on the Flop
Seat 4: AzureCaper (big blind) collected ($17.64)


PokerStars Hand #147879757862:  Hold'em Limit ($3/$6 USD) - 2016/01/29 11:29:50 ET
Table 'Lagrangea II' 6-max Seat #3 is the button
Seat 3: avraam888 ($80.78 in chips)
Seat 4: AzureCaper ($118.30 in chips)
avraam888: posts small blind $1
AzureCaper: posts big blind $3
*** HOLE CARDS ***
avraam888: folds
Uncalled bet ($2) returned to AzureCaper
AzureCaper collected $2 from pot
AzureCaper: doesn't show hand
*** SUMMARY ***
Total pot $2 | Rake $0
Seat 3: avraam888 (button) (small blind) folded before Flop
Seat 4: AzureCaper (big blind) collected ($2)


PokerStars Hand #147879753590:  Hold'em Limit ($3/$6 USD) - 2016/01/29 11:29:45 ET
Table 'Lagrangea II' 6-max Seat #4 is the button
Seat 3: avraam888 ($79.78 in chips)
Seat 4: AzureCaper ($119.30 in chips)
AzureCaper: posts small blind $1
avraam888: posts big blind $3
*** HOLE CARDS ***
AzureCaper: folds
Uncalled bet ($2) returned to avraam888
avraam888 collected $2 from pot
*** SUMMARY ***
Total pot $2 | Rake $0
Seat 3: avraam888 (big blind) collected ($2)
Seat 4: AzureCaper (button) (small blind) folded before Flop


PokerStars Hand #147879766312:  Hold'em Limit ($3/$6 USD) - 2016/01/29 11:30:00 ET
Table 'Lagrangea II' 6-max Seat #3 is the button
Seat 3: avraam888 ($80.78 in chips)
Seat 4: AzureCaper ($118.30 in chips)
avraam888: posts small blind $1
AzureCaper: posts big blind $3
*** HOLE CARDS ***
avraam888: folds
Uncalled bet ($2) returned to AzureCaper
AzureCaper collected $2 from pot
AzureCaper: doesn't show hand
*** SUMMARY ***
Total pot $2 | Rake $0
Seat 3: avraam888 (button) (small blind) folded before Flop
Seat 4: AzureCaper (big blind) collected ($2)


PokerStars Hand #147879762053:  Hold'em Limit ($3/$6 USD) - 2016/01/29 11:29:55 ET
Table 'Lagrangea II' 6-max Seat #4 is the button
Seat 3: avraam888 ($79.78 in chips)
Seat 4: AzureCaper ($119.30 in chips)
AzureCaper: posts small blind $1
avraam888: posts big blind $3
*** HOLE CARDS ***
AzureCaper: folds
Uncalled bet ($2) returned to avraam888
avraam888 collected $2 from pot
*** SUMMARY ***
Total pot $2 | Rake $0
Seat 3: avraam888 (big blind) collected ($2)
Seat 4: AzureCaper (button) (small blind) folded before Flop


PokerStars Hand #147879774294:  Hold'em Limit ($3/$6 USD) - 2016/01/29 11:30:10 ET
Table 'Lagrangea II' 6-max Seat #3 is the button
Seat 3: avraam888 ($80.78 in chips)
Seat 4: AzureCaper ($118.30 in chips)
avraam888: posts small blind $1
AzureCaper: posts big blind $3
*** HOLE CARDS ***
avraam888: folds
Uncalled bet ($2) returned to AzureCaper
AzureCaper collected $2 from pot
AzureCaper: doesn't show hand
*** SUMMARY ***
Total pot $2 | Rake $0
Seat 3: avraam888 (button) (small blind) folded before Flop
Seat 4: AzureCaper (big blind) collected ($2)


PokerStars Hand #147879770693:  Hold'em Limit ($3/$6 USD) - 2016/01/29 11:30:05 ET
Table 'Lagrangea II' 6-max Seat #4 is the button
Seat 3: avraam888 ($79.78 in chips)
Seat 4: AzureCaper ($119.30 in chips)
AzureCaper: posts small blind $1
avraam888: posts big blind $3
*** HOLE CARDS ***
AzureCaper: folds
Uncalled bet ($2) returned to avraam888
avraam888 collected $2 from pot
*** SUMMARY ***
Total pot $2 | Rake $0
Seat 3: avraam888 (big blind) collected ($2)
Seat 4: AzureCaper (button) (small blind) folded before Flop


PokerStars Hand #147879791203:  Hold'em Limit ($3/$6 USD) - 2016/01/29 11:30:29 ET
Table 'Lagrangea II' 6-max Seat #3 is the button
Seat 3: avraam888 ($73.78 in chips)
Seat 4: AzureCaper ($125.06 in chips)
avraam888: posts small blind $1
AzureCaper: posts big blind $3
*** HOLE CARDS ***
avraam888: folds
Uncalled bet ($2) returned to AzureCaper
AzureCaper collected $2 from pot
AzureCaper: doesn't show hand
*** SUMMARY ***
Total pot $2 | Rake $0
Seat 3: avraam888 (button) (small blind) folded before Flop
Seat 4: AzureCaper (big blind) collected ($2)


PokerStars Hand #147879780375:  Hold'em Limit ($3/$6 USD) - 2016/01/29 11:30:16 ET
Table 'Lagrangea II' 6-max Seat #4 is the button
Seat 3: avraam888 ($79.78 in chips)
Seat 4: AzureCaper ($119.30 in chips)
AzureCaper: posts small blind $1
avraam888: posts big blind $3
*** HOLE CARDS ***
AzureCaper: raises $3 to $6
avraam888: calls $3
*** FLOP *** [2c Ks 8s]
avraam888: checks
AzureCaper: bets $3
avraam888: folds
Uncalled bet ($3) returned to AzureCaper
AzureCaper collected $11.76 from pot
AzureCaper: doesn't show hand
*** SUMMARY ***
Total pot $12 | Rake $0.24
Board [2c Ks 8s]
Seat 3: avraam888 (big blind) folded on the Flop
Seat 4: AzureCaper (button) (small blind) collected ($11.76)


PokerStars Hand #147879808521:  Hold'em Limit ($3/$6 USD) - 2016/01/29 11:30:49 ET
Table 'Lagrangea II' 6-max Seat #3 is the button
Seat 3: avraam888 ($66.78 in chips)
Seat 4: AzureCaper ($131.82 in chips)
avraam888: posts small blind $1
AzureCaper: posts big blind $3
*** HOLE CARDS ***
avraam888: raises $3 to $6
AzureCaper: folds
Uncalled bet ($3) returned to avraam888
avraam888 collected $6 from pot
*** SUMMARY ***
Total pot $6 | Rake $0
Seat 3: avraam888 (button) (small blind) collected ($6)
Seat 4: AzureCaper (big blind) folded before Flop


PokerStars Hand #147879795539:  Hold'em Limit ($3/$6 USD) - 2016/01/29 11:30:34 ET
Table 'Lagrangea II' 6-max Seat #4 is the button
Seat 3: avraam888 ($72.78 in chips)
Seat 4: AzureCaper ($126.06 in chips)
AzureCaper: posts small blind $1
avraam888: posts big blind $3
*** HOLE CARDS ***
AzureCaper: raises $3 to $6
avraam888: calls $3
*** FLOP *** [Kh 4h Qh]
avraam888: checks
AzureCaper: bets $3
avraam888: folds
Uncalled bet ($3) returned to AzureCaper
AzureCaper collected $11.76 from pot
AzureCaper: doesn't show hand
*** SUMMARY ***
Total pot $12 | Rake $0.24
Board [Kh 4h Qh]
Seat 3: avraam888 (big blind) folded on the Flop
Seat 4: AzureCaper (button) (small blind) collected ($11.76)


PokerStars Hand #147879814045:  Hold'em Limit ($3/$6 USD) - 2016/01/29 11:30:56 ET
Table 'Lagrangea II' 6-max Seat #4 is the button
Seat 3: avraam888 ($69.78 in chips)
Seat 4: AzureCaper ($128.82 in chips)
AzureCaper: posts small blind $1
avraam888: posts big blind $3
*** HOLE CARDS ***
AzureCaper: raises $3 to $6
avraam888: calls $3
*** FLOP *** [4s Ad 7c]
avraam888: checks
AzureCaper: bets $3
avraam888: raises $3 to $6
AzureCaper: folds
Uncalled bet ($3) returned to avraam888
avraam888 collected $17.64 from pot
*** SUMMARY ***
Total pot $18 | Rake $0.36
Board [4s Ad 7c]
Seat 3: avraam888 (big blind) collected ($17.64)
Seat 4: AzureCaper (button) (small blind) folded on the Flop


PokerStars Hand #147879823915:  Hold'em Limit ($3/$6 USD) - 2016/01/29 11:31:07 ET
Table 'Lagrangea II' 6-max Seat #3 is the button
Seat 3: avraam888 ($78.42 in chips)
Seat 4: AzureCaper ($119.82 in chips)
avraam888: posts small blind $1
AzureCaper: posts big blind $3
*** HOLE CARDS ***
avraam888: raises $3 to $6
AzureCaper: folds
Uncalled bet ($3) returned to avraam888
avraam888 collected $6 from pot
*** SUMMARY ***
Total pot $6 | Rake $0
Seat 3: avraam888 (button) (small blind) collected ($6)
Seat 4: AzureCaper (big blind) folded before Flop


PokerStars Hand #147879829351:  Hold'em Limit ($3/$6 USD) - 2016/01/29 11:31:14 ET
Table 'Lagrangea II' 6-max Seat #4 is the button
Seat 3: avraam888 ($81.42 in chips)
Seat 4: AzureCaper ($116.82 in chips)
AzureCaper: posts small blind $1
avraam888: posts big blind $3
*** HOLE CARDS ***
AzureCaper: folds
Uncalled bet ($2) returned to avraam888
avraam888 collected $2 from pot
*** SUMMARY ***
Total pot $2 | Rake $0
Seat 3: avraam888 (big blind) collected ($2)
Seat 4: AzureCaper (button) (small blind) folded before Flop


PokerStars Hand #147879863833:  Hold'em Limit ($3/$6 USD) - 2016/01/29 11:31:54 ET
Table 'Lagrangea II' 6-max Seat #4 is the button
Seat 3: avraam888 ($86.06 in chips)
Seat 4: AzureCaper ($111.58 in chips)
AzureCaper: posts small blind $1
avraam888: posts big blind $3
*** HOLE CARDS ***
AzureCaper: raises $3 to $6
avraam888: calls $3
*** FLOP *** [Qs As Ah]
avraam888: checks
AzureCaper: bets $3
avraam888: folds
Uncalled bet ($3) returned to AzureCaper
AzureCaper collected $11.76 from pot
AzureCaper: doesn't show hand
*** SUMMARY ***
Total pot $12 | Rake $0.24
Board [Qs As Ah]
Seat 3: avraam888 (big blind) folded on the Flop
Seat 4: AzureCaper (button) (small blind) collected ($11.76)


PokerStars Hand #147879851470:  Hold'em Limit ($3/$6 USD) - 2016/01/29 11:31:40 ET
Table 'Lagrangea II' 6-max Seat #3 is the button
Seat 3: avraam888 ($92.06 in chips)
Seat 4: AzureCaper ($105.82 in chips)
avraam888: posts small blind $1
AzureCaper: posts big blind $3
*** HOLE CARDS ***
avraam888: raises $3 to $6
AzureCaper: calls $3
*** FLOP *** [Ks Ad 4h]
AzureCaper: checks
avraam888: checks
*** TURN *** [Ks Ad 4h] [6c]
AzureCaper: bets $6
avraam888: folds
Uncalled bet ($6) returned to AzureCaper
AzureCaper collected $11.76 from pot
AzureCaper: doesn't show hand
*** SUMMARY ***
Total pot $12 | Rake $0.24
Board [Ks Ad 4h 6c]
Seat 3: avraam888 (button) (small blind) folded on the Turn
Seat 4: AzureCaper (big blind) collected ($11.76)


PokerStars Hand #147879847799:  Hold'em Limit ($3/$6 USD) - 2016/01/29 11:31:35 ET
Table 'Lagrangea II' 6-max Seat #4 is the button
Seat 3: avraam888 ($91.06 in chips)
Seat 4: AzureCaper ($106.82 in chips)
AzureCaper: posts small blind $1
avraam888: posts big blind $3
*** HOLE CARDS ***
AzureCaper: folds
Uncalled bet ($2) returned to avraam888
avraam888 collected $2 from pot
*** SUMMARY ***
Total pot $2 | Rake $0
Seat 3: avraam888 (big blind) collected ($2)
Seat 4: AzureCaper (button) (small blind) folded before Flop


PokerStars Hand #147879874014:  Hold'em Limit ($3/$6 USD) - 2016/01/29 11:32:06 ET
Table 'Lagrangea II' 6-max Seat #3 is the button
Seat 3: avraam888 ($80.06 in chips)
Seat 4: AzureCaper ($117.34 in chips)
avraam888: posts small blind $1
AzureCaper: posts big blind $3
*** HOLE CARDS ***
avraam888: raises $3 to $6
AzureCaper: calls $3
*** FLOP *** [8s Ad 3h]
AzureCaper: checks
avraam888: bets $3
AzureCaper: folds
Uncalled bet ($3) returned to avraam888
avraam888 collected $11.76 from pot
*** SUMMARY ***
Total pot $12 | Rake $0.24
Board [8s Ad 3h]
Seat 3: avraam888 (button) (small blind) collected ($11.76)
Seat 4: AzureCaper (big blind) folded on the Flop


PokerStars Hand #147879896180:  Hold'em Limit ($3/$6 USD) - 2016/01/29 11:32:32 ET
Table 'Lagrangea II' 6-max Seat #3 is the button
Seat 3: avraam888 ($86.82 in chips)
Seat 4: AzureCaper ($110.34 in chips)
avraam888: posts small blind $1
AzureCaper: posts big blind $3
*** HOLE CARDS ***
avraam888: folds
Uncalled bet ($2) returned to AzureCaper
AzureCaper collected $2 from pot
AzureCaper: doesn't show hand
*** SUMMARY ***
Total pot $2 | Rake $0
Seat 3: avraam888 (button) (small blind) folded before Flop
Seat 4: AzureCaper (big blind) collected ($2)


PokerStars Hand #147879891900:  Hold'em Limit ($3/$6 USD) - 2016/01/29 11:32:27 ET
Table 'Lagrangea II' 6-max Seat #4 is the button
Seat 3: avraam888 ($85.82 in chips)
Seat 4: AzureCaper ($111.34 in chips)
AzureCaper: posts small blind $1
avraam888: posts big blind $3
*** HOLE CARDS ***
AzureCaper: folds
Uncalled bet ($2) returned to avraam888
avraam888 collected $2 from pot
*** SUMMARY ***
Total pot $2 | Rake $0
Seat 3: avraam888 (big blind) collected ($2)
Seat 4: AzureCaper (button) (small blind) folded before Flop


PokerStars Hand #147879911376:  Hold'em Limit ($3/$6 USD) - 2016/01/29 11:32:50 ET
Table 'Lagrangea II' 6-max Seat #3 is the button
Seat 3: avraam888 ($79.82 in chips)
Seat 4: AzureCaper ($117.10 in chips)
avraam888: posts small blind $1
AzureCaper: posts big blind $3
*** HOLE CARDS ***
avraam888: raises $3 to $6
AzureCaper: calls $3
*** FLOP *** [5c 5d Qd]
AzureCaper: checks
avraam888: checks
*** TURN *** [5c 5d Qd] [7h]
AzureCaper: bets $6
avraam888: folds
Uncalled bet ($6) returned to AzureCaper
AzureCaper collected $11.76 from pot
AzureCaper: doesn't show hand
*** SUMMARY ***
Total pot $12 | Rake $0.24
Board [5c 5d Qd 7h]
Seat 3: avraam888 (button) (small blind) folded on the Turn
Seat 4: AzureCaper (big blind) collected ($11.76)


PokerStars Hand #147879900703:  Hold'em Limit ($3/$6 USD) - 2016/01/29 11:32:37 ET
Table 'Lagrangea II' 6-max Seat #4 is the button
Seat 3: avraam888 ($85.82 in chips)
Seat 4: AzureCaper ($111.34 in chips)
AzureCaper: posts small blind $1
avraam888: posts big blind $3
*** HOLE CARDS ***
AzureCaper: raises $3 to $6
avraam888: calls $3
*** FLOP *** [9d Tc 9h]
avraam888: checks
AzureCaper: bets $3
avraam888: folds
Uncalled bet ($3) returned to AzureCaper
AzureCaper collected $11.76 from pot
AzureCaper: doesn't show hand
*** SUMMARY ***
Total pot $12 | Rake $0.24
Board [9d Tc 9h]
Seat 3: avraam888 (big blind) folded on the Flop
Seat 4: AzureCaper (button) (small blind) collected ($11.76)


PokerStars Hand #147879926591:  Hold'em Limit ($3/$6 USD) - 2016/01/29 11:33:08 ET
Table 'Lagrangea II' 6-max Seat #3 is the button
Seat 3: avraam888 ($70.82 in chips)
Seat 4: AzureCaper ($125.86 in chips)
avraam888: posts small blind $1
AzureCaper: posts big blind $3
*** HOLE CARDS ***
avraam888: raises $3 to $6
AzureCaper: folds
Uncalled bet ($3) returned to avraam888
avraam888 collected $6 from pot
*** SUMMARY ***
Total pot $6 | Rake $0
Seat 3: avraam888 (button) (small blind) collected ($6)
Seat 4: AzureCaper (big blind) folded before Flop


PokerStars Hand #147879935761:  Hold'em Limit ($3/$6 USD) - 2016/01/29 11:33:19 ET
Table 'Lagrangea II' 6-max Seat #3 is the button
Seat 3: avraam888 ($74.82 in chips)
Seat 4: AzureCaper ($121.86 in chips)
avraam888: posts small blind $1
AzureCaper: posts big blind $3
*** HOLE CARDS ***
avraam888: folds
Uncalled bet ($2) returned to AzureCaper
AzureCaper collected $2 from pot
AzureCaper: doesn't show hand
*** SUMMARY ***
Total pot $2 | Rake $0
Seat 3: avraam888 (button) (small blind) folded before Flop
Seat 4: AzureCaper (big blind) collected ($2)


PokerStars Hand #147879932104:  Hold'em Limit ($3/$6 USD) - 2016/01/29 11:33:14 ET
Table 'Lagrangea II' 6-max Seat #4 is the button
Seat 3: avraam888 ($73.82 in chips)
Seat 4: AzureCaper ($122.86 in chips)
AzureCaper: posts small blind $1
avraam888: posts big blind $3
*** HOLE CARDS ***
AzureCaper: folds
Uncalled bet ($2) returned to avraam888
avraam888 collected $2 from pot
*** SUMMARY ***
Total pot $2 | Rake $0
Seat 3: avraam888 (big blind) collected ($2)
Seat 4: AzureCaper (button) (small blind) folded before Flop


PokerStars Hand #147879940830:  Hold'em Limit ($3/$6 USD) - 2016/01/29 11:33:25 ET
Table 'Lagrangea II' 6-max Seat #4 is the button
Seat 3: avraam888 ($73.82 in chips)
Seat 4: AzureCaper ($122.86 in chips)
AzureCaper: posts small blind $1
avraam888: posts big blind $3
*** HOLE CARDS ***
AzureCaper: raises $3 to $6
avraam888: calls $3
*** FLOP *** [4s Jh 2c]
avraam888: checks
AzureCaper: bets $3
avraam888: folds
Uncalled bet ($3) returned to AzureCaper
AzureCaper collected $11.76 from pot
AzureCaper: doesn't show hand
*** SUMMARY ***
Total pot $12 | Rake $0.24
Board [4s Jh 2c]
Seat 3: avraam888 (big blind) folded on the Flop
Seat 4: AzureCaper (button) (small blind) collected ($11.76)


PokerStars Hand #147879965142:  Hold'em Limit ($3/$6 USD) - 2016/01/29 11:33:53 ET
Table 'Lagrangea II' 6-max Seat #4 is the button
Seat 3: avraam888 ($55.82 in chips)
Seat 4: AzureCaper ($140.14 in chips)
AzureCaper: posts small blind $1
avraam888: posts big blind $3
*** HOLE CARDS ***
AzureCaper: folds
Uncalled bet ($2) returned to avraam888
avraam888 collected $2 from pot
*** SUMMARY ***
Total pot $2 | Rake $0
Seat 3: avraam888 (big blind) collected ($2)
Seat 4: AzureCaper (button) (small blind) folded before Flop


PokerStars Hand #147879950380:  Hold'em Limit ($3/$6 USD) - 2016/01/29 11:33:36 ET
Table 'Lagrangea II' 6-max Seat #3 is the button
Seat 3: avraam888 ($67.82 in chips)
Seat 4: AzureCaper ($128.62 in chips)
avraam888: posts small blind $1
AzureCaper: posts big blind $3
*** HOLE CARDS ***
avraam888: raises $3 to $6
AzureCaper: calls $3
*** FLOP *** [8s Kd 5d]
AzureCaper: checks
avraam888: checks
*** TURN *** [8s Kd 5d] [7s]
AzureCaper: bets $6
avraam888: calls $6
*** RIVER *** [8s Kd 5d 7s] [5h]
AzureCaper: bets $6
avraam888: folds
Uncalled bet ($6) returned to AzureCaper
AzureCaper collected $23.52 from pot
AzureCaper: doesn't show hand
*** SUMMARY ***
Total pot $24 | Rake $0.48
Board [8s Kd 5d 7s 5h]
Seat 3: avraam888 (button) (small blind) folded on the River
Seat 4: AzureCaper (big blind) collected ($23.52)


PokerStars Hand #147879968938:  Hold'em Limit ($3/$6 USD) - 2016/01/29 11:33:58 ET
Table 'Lagrangea II' 6-max Seat #3 is the button
Seat 3: avraam888 ($56.82 in chips)
Seat 4: AzureCaper ($139.14 in chips)
avraam888: posts small blind $1
AzureCaper: posts big blind $3
*** HOLE CARDS ***
avraam888: folds
Uncalled bet ($2) returned to AzureCaper
AzureCaper collected $2 from pot
AzureCaper: doesn't show hand
*** SUMMARY ***
Total pot $2 | Rake $0
Seat 3: avraam888 (button) (small blind) folded before Flop
Seat 4: AzureCaper (big blind) collected ($2)


PokerStars Hand #147879976499:  Hold'em Limit ($3/$6 USD) - 2016/01/29 11:34:07 ET
Table 'Lagrangea II' 6-max Seat #4 is the button
Seat 3: avraam888 ($55.82 in chips)
Seat 4: AzureCaper ($140.14 in chips)
AzureCaper: posts small blind $1
avraam888: posts big blind $3
*** HOLE CARDS ***
AzureCaper: folds
Uncalled bet ($2) returned to avraam888
avraam888 collected $2 from pot
Pokali joins the table at seat #5
*** SUMMARY ***
Total pot $2 | Rake $0
Seat 3: avraam888 (big blind) collected ($2)
Seat 4: AzureCaper (button) (small blind) folded before Flop


PokerStars Hand #147879980066:  Hold'em Limit ($3/$6 USD) - 2016/01/29 11:34:11 ET
Table 'Lagrangea II' 6-max Seat #3 is the button
Seat 3: avraam888 ($56.82 in chips)
Seat 4: AzureCaper ($139.14 in chips)
avraam888: posts small blind $1
AzureCaper: posts big blind $3
*** HOLE CARDS ***
avraam888: raises $3 to $6
AzureCaper: calls $3
*** FLOP *** [Td Kc 8s]
AzureCaper: checks
avraam888: bets $3
AzureCaper: calls $3
*** TURN *** [Td Kc 8s] [8c]
AzureCaper: checks
avraam888: checks
*** RIVER *** [Td Kc 8s 8c] [6s]
AzureCaper: bets $6
avraam888: calls $6
*** SHOW DOWN ***
AzureCaper: shows [Jc Ts] (two pair, Tens and Eights)
avraam888: shows [Tc Qh] (two pair, Tens and Eights)
AzureCaper collected $14.75 from pot
avraam888 collected $14.75 from pot
*** SUMMARY ***
Total pot $30 | Rake $0.50
Board [Td Kc 8s 8c 6s]
Seat 3: avraam888 (button) (small blind) showed [Tc Qh] and won ($14.75) with two pair, Tens and Eights
Seat 4: AzureCaper (big blind) showed [Jc Ts] and won ($14.75) with two pair, Tens and Eights


PokerStars Hand #147880545301:  Hold'em Limit ($3/$6 USD) - 2016/01/29 11:45:14 ET
Table 'Lagrangea II' 6-max Seat #4 is the button
Seat 3: avraam888 ($98.47 in chips)
Seat 4: AzureCaper ($273.32 in chips)
AzureCaper: posts small blind $1
avraam888: posts big blind $3
*** HOLE CARDS ***
AzureCaper: folds
Uncalled bet ($2) returned to avraam888
avraam888 collected $2 from pot
*** SUMMARY ***
Total pot $2 | Rake $0
Seat 3: avraam888 (big blind) collected ($2)
Seat 4: AzureCaper (button) (small blind) folded before Flop


PokerStars Hand #147880560500:  Hold'em Limit ($3/$6 USD) - 2016/01/29 11:45:32 ET
Table 'Lagrangea II' 6-max Seat #4 is the button
Seat 3: avraam888 ($93.47 in chips)
Seat 4: AzureCaper ($278.08 in chips)
AzureCaper: posts small blind $1
avraam888: posts big blind $3
*** HOLE CARDS ***
AzureCaper: raises $3 to $6
avraam888: raises $3 to $9
AzureCaper: calls $3
*** FLOP *** [Qc 3c 8h]
avraam888: bets $3
AzureCaper: calls $3
*** TURN *** [Qc 3c 8h] [Tc]
avraam888: checks
AzureCaper: bets $6
avraam888: calls $6
*** RIVER *** [Qc 3c 8h Tc] [Ks]
avraam888: checks
AzureCaper: bets $6
avraam888: calls $6
*** SHOW DOWN ***
AzureCaper: shows [Kh 8d] (two pair, Kings and Eights)
avraam888: mucks hand
AzureCaper collected $47.50 from pot
*** SUMMARY ***
Total pot $48 | Rake $0.50
Board [Qc 3c 8h Tc Ks]
Seat 3: avraam888 (big blind) mucked
Seat 4: AzureCaper (button) (small blind) showed [Kh 8d] and won ($47.50) with two pair, Kings and Eights


PokerStars Hand #147880549312:  Hold'em Limit ($3/$6 USD) - 2016/01/29 11:45:19 ET
Table 'Lagrangea II' 6-max Seat #3 is the button
Seat 3: avraam888 ($99.47 in chips)
Seat 4: AzureCaper ($272.32 in chips)
avraam888: posts small blind $1
AzureCaper: posts big blind $3
*** HOLE CARDS ***
avraam888: raises $3 to $6
AzureCaper: calls $3
*** FLOP *** [5s Jh 4h]
AzureCaper: bets $3
avraam888: folds
Uncalled bet ($3) returned to AzureCaper
AzureCaper collected $11.76 from pot
AzureCaper: doesn't show hand
*** SUMMARY ***
Total pot $12 | Rake $0.24
Board [5s Jh 4h]
Seat 3: avraam888 (button) (small blind) folded on the Flop
Seat 4: AzureCaper (big blind) collected ($11.76)


PokerStars Hand #147880586489:  Hold'em Limit ($3/$6 USD) - 2016/01/29 11:46:02 ET
Table 'Lagrangea II' 6-max Seat #3 is the button
Seat 3: avraam888 ($69.47 in chips)
Seat 4: AzureCaper ($301.58 in chips)
avraam888: posts small blind $1
AzureCaper: posts big blind $3
*** HOLE CARDS ***
avraam888: raises $3 to $6
AzureCaper: calls $3
*** FLOP *** [6h 4h Qc]
AzureCaper: checks
avraam888: bets $3
AzureCaper: folds
Uncalled bet ($3) returned to avraam888
avraam888 collected $11.76 from pot
*** SUMMARY ***
Total pot $12 | Rake $0.24
Board [6h 4h Qc]
Seat 3: avraam888 (button) (small blind) collected ($11.76)
Seat 4: AzureCaper (big blind) folded on the Flop


PokerStars Hand #147880638508:  Hold'em Limit ($3/$6 USD) - 2016/01/29 11:47:02 ET
Table 'Lagrangea II' 6-max Seat #3 is the button
Seat 3: avraam888 ($42.23 in chips)
Seat 4: AzureCaper ($327.84 in chips)
avraam888: posts small blind $1
AzureCaper: posts big blind $3
*** HOLE CARDS ***
avraam888: raises $3 to $6
AzureCaper: calls $3
*** FLOP *** [4s 3c Ts]
AzureCaper: checks
avraam888: bets $3
AzureCaper: folds
Uncalled bet ($3) returned to avraam888
avraam888 collected $11.76 from pot
*** SUMMARY ***
Total pot $12 | Rake $0.24
Board [4s 3c Ts]
Seat 3: avraam888 (button) (small blind) collected ($11.76)
Seat 4: AzureCaper (big blind) folded on the Flop


PokerStars Hand #147880631752:  Hold'em Limit ($3/$6 USD) - 2016/01/29 11:46:54 ET
Table 'Lagrangea II' 6-max Seat #4 is the button
Seat 3: avraam888 ($45.23 in chips)
Seat 4: AzureCaper ($324.84 in chips)
AzureCaper: posts small blind $1
avraam888: posts big blind $3
*** HOLE CARDS ***
AzureCaper: raises $3 to $6
avraam888: folds
Uncalled bet ($3) returned to AzureCaper
AzureCaper collected $6 from pot
AzureCaper: doesn't show hand
*** SUMMARY ***
Total pot $6 | Rake $0
Seat 3: avraam888 (big blind) folded before Flop
Seat 4: AzureCaper (button) (small blind) collected ($6)


PokerStars Hand #147880601792:  Hold'em Limit ($3/$6 USD) - 2016/01/29 11:46:19 ET
Table 'Lagrangea II' 6-max Seat #4 is the button
Seat 3: avraam888 ($75.23 in chips)
Seat 4: AzureCaper ($295.58 in chips)
AzureCaper: posts small blind $1
avraam888: posts big blind $3
*** HOLE CARDS ***
AzureCaper: raises $3 to $6
avraam888: raises $3 to $9
AzureCaper: calls $3
*** FLOP *** [8s 3s 3h]
avraam888: bets $3
AzureCaper: calls $3
*** TURN *** [8s 3s 3h] [8c]
avraam888: bets $6
AzureCaper: calls $6
*** RIVER *** [8s 3s 3h 8c] [Kd]
avraam888: checks
AzureCaper: bets $6
avraam888: calls $6
*** SHOW DOWN ***
AzureCaper: shows [Td Th] (two pair, Tens and Eights)
avraam888: mucks hand
AzureCaper collected $47.50 from pot
*** SUMMARY ***
Total pot $48 | Rake $0.50
Board [8s 3s 3h 8c Kd]
Seat 3: avraam888 (big blind) mucked
Seat 4: AzureCaper (button) (small blind) showed [Td Th] and won ($47.50) with two pair, Tens and Eights


PokerStars Hand #147880620990:  Hold'em Limit ($3/$6 USD) - 2016/01/29 11:46:41 ET
Table 'Lagrangea II' 6-max Seat #3 is the button
Seat 3: avraam888 ($51.23 in chips)
Seat 4: AzureCaper ($319.08 in chips)
avraam888: posts small blind $1
AzureCaper: posts big blind $3
*** HOLE CARDS ***
avraam888: raises $3 to $6
AzureCaper: calls $3
*** FLOP *** [Jc 8d 7h]
AzureCaper: checks
avraam888: checks
*** TURN *** [Jc 8d 7h] [Jd]
AzureCaper: bets $6
avraam888: folds
Uncalled bet ($6) returned to AzureCaper
AzureCaper collected $11.76 from pot
AzureCaper: doesn't show hand
*** SUMMARY ***
Total pot $12 | Rake $0.24
Board [Jc 8d 7h Jd]
Seat 3: avraam888 (button) (small blind) folded on the Turn
Seat 4: AzureCaper (big blind) collected ($11.76)


PokerStars Hand #147880685855:  Hold'em Limit ($3/$6 USD) - 2016/01/29 11:47:57 ET
Table 'Lagrangea II' 6-max Seat #3 is the button
Seat 3: avraam888 ($54.39 in chips)
Seat 4: AzureCaper ($314.60 in chips)
avraam888: posts small blind $1
AzureCaper: posts big blind $3
*** HOLE CARDS ***
onlinelineno joins the table at seat #2
avraam888: raises $3 to $6
AzureCaper: folds
Uncalled bet ($3) returned to avraam888
avraam888 collected $6 from pot
*** SUMMARY ***
Total pot $6 | Rake $0
Seat 3: avraam888 (button) (small blind) collected ($6)
Seat 4: AzureCaper (big blind) folded before Flop


PokerStars Hand #147880677745:  Hold'em Limit ($3/$6 USD) - 2016/01/29 11:47:48 ET
Table 'Lagrangea II' 6-max Seat #4 is the button
Seat 3: avraam888 ($60.39 in chips)
Seat 4: AzureCaper ($308.84 in chips)
AzureCaper: posts small blind $1
avraam888: posts big blind $3
*** HOLE CARDS ***
AzureCaper: raises $3 to $6
avraam888: calls $3
*** FLOP *** [9s 6h 7c]
avraam888: checks
AzureCaper: bets $3
avraam888: folds
Uncalled bet ($3) returned to AzureCaper
AzureCaper collected $11.76 from pot
AzureCaper: doesn't show hand
*** SUMMARY ***
Total pot $12 | Rake $0.24
Board [9s 6h 7c]
Seat 3: avraam888 (big blind) folded on the Flop
Seat 4: AzureCaper (button) (small blind) collected ($11.76)


PokerStars Hand #147880669461:  Hold'em Limit ($3/$6 USD) - 2016/01/29 11:47:38 ET
Table 'Lagrangea II' 6-max Seat #3 is the button
Seat 3: avraam888 ($54.63 in chips)
Seat 4: AzureCaper ($314.84 in chips)
avraam888: posts small blind $1
AzureCaper: posts big blind $3
*** HOLE CARDS ***
avraam888: raises $3 to $6
AzureCaper: calls $3
*** FLOP *** [7d 7h 6h]
AzureCaper: checks
avraam888: bets $3
AzureCaper: folds
Uncalled bet ($3) returned to avraam888
avraam888 collected $11.76 from pot
*** SUMMARY ***
Total pot $12 | Rake $0.24
Board [7d 7h 6h]
Seat 3: avraam888 (button) (small blind) collected ($11.76)
Seat 4: AzureCaper (big blind) folded on the Flop


PokerStars Hand #147880664427:  Hold'em Limit ($3/$6 USD) - 2016/01/29 11:47:32 ET
Table 'Lagrangea II' 6-max Seat #4 is the button
Seat 3: avraam888 ($57.63 in chips)
Seat 4: AzureCaper ($311.84 in chips)
AzureCaper: posts small blind $1
avraam888: posts big blind $3
*** HOLE CARDS ***
AzureCaper: raises $3 to $6
avraam888: folds
Uncalled bet ($3) returned to AzureCaper
AzureCaper collected $6 from pot
AzureCaper: doesn't show hand
*** SUMMARY ***
Total pot $6 | Rake $0
Seat 3: avraam888 (big blind) folded before Flop
Seat 4: AzureCaper (button) (small blind) collected ($6)


PokerStars Hand #147880646023:  Hold'em Limit ($3/$6 USD) - 2016/01/29 11:47:11 ET
Table 'Lagrangea II' 6-max Seat #4 is the button
Seat 3: avraam888 ($47.99 in chips)
Seat 4: AzureCaper ($321.84 in chips)
AzureCaper: posts small blind $1
avraam888: posts big blind $3
*** HOLE CARDS ***
AzureCaper: folds
Uncalled bet ($2) returned to avraam888
avraam888 collected $2 from pot
*** SUMMARY ***
Total pot $2 | Rake $0
Seat 3: avraam888 (big blind) collected ($2)
Seat 4: AzureCaper (button) (small blind) folded before Flop


PokerStars Hand #147880649626:  Hold'em Limit ($3/$6 USD) - 2016/01/29 11:47:15 ET
Table 'Lagrangea II' 6-max Seat #3 is the button
Seat 3: avraam888 ($48.99 in chips)
Seat 4: AzureCaper ($320.84 in chips)
avraam888: posts small blind $1
AzureCaper: posts big blind $3
*** HOLE CARDS ***
avraam888: raises $3 to $6
AzureCaper: calls $3
*** FLOP *** [7c Ks Kd]
AzureCaper: checks
avraam888: bets $3
AzureCaper: calls $3
*** TURN *** [7c Ks Kd] [Ad]
AzureCaper: checks
avraam888: checks
*** RIVER *** [7c Ks Kd Ad] [Th]
AzureCaper: checks
avraam888: bets $6
AzureCaper: folds
Uncalled bet ($6) returned to avraam888
avraam888 collected $17.64 from pot
*** SUMMARY ***
Total pot $18 | Rake $0.36
Board [7c Ks Kd Ad Th]
Seat 3: avraam888 (button) (small blind) collected ($17.64)
Seat 4: AzureCaper (big blind) folded on the River


PokerStars Hand #147881053804:  Hold'em Limit ($3/$6 USD) - 2016/01/29 11:55:09 ET
Table 'Lagrangea II' 6-max Seat #3 is the button
Seat 3: avraam888 ($23.53 in chips)
Seat 4: AzureCaper ($358.13 in chips)
avraam888: posts small blind $1
AzureCaper: posts big blind $3
*** HOLE CARDS ***
avraam888: folds
Uncalled bet ($2) returned to AzureCaper
AzureCaper collected $2 from pot
AzureCaper: doesn't show hand
*** SUMMARY ***
Total pot $2 | Rake $0
Seat 3: avraam888 (button) (small blind) folded before Flop
Seat 4: AzureCaper (big blind) collected ($2)


PokerStars Hand #147881047372:  Hold'em Limit ($3/$6 USD) - 2016/01/29 11:55:01 ET
Table 'Lagrangea II' 6-max Seat #4 is the button
Seat 3: avraam888 ($22.53 in chips)
Seat 4: AzureCaper ($359.13 in chips)
AzureCaper: posts small blind $1
avraam888: posts big blind $3
*** HOLE CARDS ***
AzureCaper: folds
Uncalled bet ($2) returned to avraam888
avraam888 collected $2 from pot
*** SUMMARY ***
Total pot $2 | Rake $0
Seat 3: avraam888 (big blind) collected ($2)
Seat 4: AzureCaper (button) (small blind) folded before Flop


PokerStars Hand #147881074965:  Hold'em Limit ($3/$6 USD) - 2016/01/29 11:55:38 ET
Table 'Lagrangea II' 6-max Seat #3 is the button
Seat 3: avraam888 ($31.17 in chips)
Seat 4: AzureCaper ($350.13 in chips)
avraam888: posts small blind $1
AzureCaper: posts big blind $3
*** HOLE CARDS ***
avraam888: folds
Uncalled bet ($2) returned to AzureCaper
AzureCaper collected $2 from pot
AzureCaper: doesn't show hand
*** SUMMARY ***
Total pot $2 | Rake $0
Seat 3: avraam888 (button) (small blind) folded before Flop
Seat 4: AzureCaper (big blind) collected ($2)


PokerStars Hand #147881057281:  Hold'em Limit ($3/$6 USD) - 2016/01/29 11:55:13 ET
Table 'Lagrangea II' 6-max Seat #4 is the button
Seat 3: avraam888 ($22.53 in chips)
Seat 4: AzureCaper ($359.13 in chips)
AzureCaper: posts small blind $1
avraam888: posts big blind $3
*** HOLE CARDS ***
AzureCaper: raises $3 to $6
avraam888: calls $3
*** FLOP *** [7s 4c 9d]
avraam888: checks
AzureCaper: bets $3
avraam888: calls $3
*** TURN *** [7s 4c 9d] [Tc]
avraam888: checks
AzureCaper: checks
*** RIVER *** [7s 4c 9d Tc] [Jh]
avraam888: bets $6
AzureCaper: folds
Uncalled bet ($6) returned to avraam888
avraam888 collected $17.64 from pot
*** SUMMARY ***
Total pot $18 | Rake $0.36
Board [7s 4c 9d Tc Jh]
Seat 3: avraam888 (big blind) collected ($17.64)
Seat 4: AzureCaper (button) (small blind) folded on the River


PokerStars Hand #147881118044:  Hold'em Limit ($3/$6 USD) - 2016/01/29 11:56:39 ET
Table 'Lagrangea II' 6-max Seat #4 is the button
Seat 3: avraam888 ($15.17 in chips)
Seat 4: AzureCaper ($365.63 in chips)
AzureCaper: posts small blind $1
avraam888: posts big blind $3
*** HOLE CARDS ***
AzureCaper: folds
Uncalled bet ($2) returned to avraam888
avraam888 collected $2 from pot
*** SUMMARY ***
Total pot $2 | Rake $0
Seat 3: avraam888 (big blind) collected ($2)
Seat 4: AzureCaper (button) (small blind) folded before Flop


PokerStars Hand #147881113812:  Hold'em Limit ($3/$6 USD) - 2016/01/29 11:56:33 ET
Table 'Lagrangea II' 6-max Seat #3 is the button
Seat 3: avraam888 ($12.17 in chips)
Seat 4: AzureCaper ($368.63 in chips)
avraam888: posts small blind $1
AzureCaper: posts big blind $3
*** HOLE CARDS ***
avraam888: raises $3 to $6
AzureCaper: folds
Uncalled bet ($3) returned to avraam888
avraam888 collected $6 from pot
*** SUMMARY ***
Total pot $6 | Rake $0
Seat 3: avraam888 (button) (small blind) collected ($6)
Seat 4: AzureCaper (big blind) folded before Flop


PokerStars Hand #147881110172:  Hold'em Limit ($3/$6 USD) - 2016/01/29 11:56:28 ET
Table 'Lagrangea II' 6-max Seat #4 is the button
Seat 3: avraam888 ($11.17 in chips)
Seat 4: AzureCaper ($369.63 in chips)
AzureCaper: posts small blind $1
avraam888: posts big blind $3
*** HOLE CARDS ***
AzureCaper: folds
Uncalled bet ($2) returned to avraam888
avraam888 collected $2 from pot
*** SUMMARY ***
Total pot $2 | Rake $0
Seat 3: avraam888 (big blind) collected ($2)
Seat 4: AzureCaper (button) (small blind) folded before Flop


PokerStars Hand #147881106327:  Hold'em Limit ($3/$6 USD) - 2016/01/29 11:56:23 ET
Table 'Lagrangea II' 6-max Seat #3 is the button
Seat 3: avraam888 ($12.17 in chips)
Seat 4: AzureCaper ($368.63 in chips)
avraam888: posts small blind $1
AzureCaper: posts big blind $3
*** HOLE CARDS ***
avraam888: folds
Uncalled bet ($2) returned to AzureCaper
AzureCaper collected $2 from pot
AzureCaper: doesn't show hand
*** SUMMARY ***
Total pot $2 | Rake $0
Seat 3: avraam888 (button) (small blind) folded before Flop
Seat 4: AzureCaper (big blind) collected ($2)


PokerStars Hand #147881078244:  Hold'em Limit ($3/$6 USD) - 2016/01/29 11:55:43 ET
Table 'Lagrangea II' 6-max Seat #4 is the button
Seat 3: avraam888 ($30.17 in chips)
Seat 4: AzureCaper ($351.13 in chips)
AzureCaper: posts small blind $1
avraam888: posts big blind $3
*** HOLE CARDS ***
AzureCaper: raises $3 to $6
avraam888: raises $3 to $9
AzureCaper: calls $3
*** FLOP *** [7h 6d Qd]
avraam888: bets $3
AzureCaper: calls $3
*** TURN *** [7h 6d Qd] [9h]
avraam888: checks
AzureCaper: bets $6
avraam888: calls $6
*** RIVER *** [7h 6d Qd 9h] [5s]
avraam888: checks
AzureCaper: bets $6
avraam888: folds
Uncalled bet ($6) returned to AzureCaper
AzureCaper collected $35.50 from pot
AzureCaper: doesn't show hand
*** SUMMARY ***
Total pot $36 | Rake $0.50
Board [7h 6d Qd 9h 5s]
Seat 3: avraam888 (big blind) folded on the River
Seat 4: AzureCaper (button) (small blind) collected ($35.50)


