PokerStars Hand #166646725361:  Hold'em Limit ($3/$6 USD) - 2017/02/23 8:13:50 ET
Table 'Lagrangea II' 6-max Seat #4 is the button
Seat 3: prado777tt ($52 in chips)
Seat 4: AzureCaper ($83.28 in chips)
AzureCaper: posts small blind $1
prado777tt: posts big blind $3
*** HOLE CARDS ***
AzureCaper: folds
Uncalled bet ($2) returned to prado777tt
prado777tt collected $2 from pot
prado777tt: doesn't show hand
*** SUMMARY ***
Total pot $2 | Rake $0
Seat 3: prado777tt (big blind) collected ($2)
Seat 4: AzureCaper (button) (small blind) folded before Flop


PokerStars Hand #166646728326:  Hold'em Limit ($3/$6 USD) - 2017/02/23 8:13:55 ET
Table 'Lagrangea II' 6-max Seat #3 is the button
Seat 3: prado777tt ($53 in chips)
Seat 4: AzureCaper ($82.28 in chips)
prado777tt: posts small blind $1
AzureCaper: posts big blind $3
*** HOLE CARDS ***
prado777tt: raises $3 to $6
AzureCaper: folds
Uncalled bet ($3) returned to prado777tt
prado777tt collected $6 from pot
prado777tt: doesn't show hand
*** SUMMARY ***
Total pot $6 | Rake $0
Seat 3: prado777tt (button) (small blind) collected ($6)
Seat 4: AzureCaper (big blind) folded before Flop


PokerStars Hand #166646738544:  Hold'em Limit ($3/$6 USD) - 2017/02/23 8:14:13 ET
Table 'Lagrangea II' 6-max Seat #3 is the button
Seat 3: prado777tt ($57 in chips)
Seat 4: AzureCaper ($78.28 in chips)
prado777tt: posts small blind $1
AzureCaper: posts big blind $3
*** HOLE CARDS ***
prado777tt: folds
Uncalled bet ($2) returned to AzureCaper
AzureCaper collected $2 from pot
AzureCaper: doesn't show hand
*** SUMMARY ***
Total pot $2 | Rake $0
Seat 3: prado777tt (button) (small blind) folded before Flop
Seat 4: AzureCaper (big blind) collected ($2)


PokerStars Hand #166646732435:  Hold'em Limit ($3/$6 USD) - 2017/02/23 8:14:02 ET
Table 'Lagrangea II' 6-max Seat #4 is the button
Seat 3: prado777tt ($56 in chips)
Seat 4: AzureCaper ($79.28 in chips)
AzureCaper: posts small blind $1
prado777tt: posts big blind $3
*** HOLE CARDS ***
AzureCaper: folds
Uncalled bet ($2) returned to prado777tt
prado777tt collected $2 from pot
prado777tt: doesn't show hand
*** SUMMARY ***
Total pot $2 | Rake $0
Seat 3: prado777tt (big blind) collected ($2)
Seat 4: AzureCaper (button) (small blind) folded before Flop


PokerStars Hand #166646741346:  Hold'em Limit ($3/$6 USD) - 2017/02/23 8:14:18 ET
Table 'Lagrangea II' 6-max Seat #4 is the button
Seat 3: prado777tt ($56 in chips)
Seat 4: AzureCaper ($79.28 in chips)
AzureCaper: posts small blind $1
prado777tt: posts big blind $3
*** HOLE CARDS ***
AzureCaper: raises $3 to $6
prado777tt: calls $3
*** FLOP *** [Ac Td As]
prado777tt: checks
AzureCaper: bets $3
prado777tt: folds
Uncalled bet ($3) returned to AzureCaper
AzureCaper collected $11.76 from pot
AzureCaper: doesn't show hand
*** SUMMARY ***
Total pot $12 | Rake $0.24
Board [Ac Td As]
Seat 3: prado777tt (big blind) folded on the Flop
Seat 4: AzureCaper (button) (small blind) collected ($11.76)


PokerStars Hand #166646771319:  Hold'em Limit ($3/$6 USD) - 2017/02/23 8:15:11 ET
Table 'Lagrangea II' 6-max Seat #4 is the button
Seat 3: prado777tt ($66.38 in chips)
Seat 4: AzureCaper ($72 in chips)
AzureCaper: posts small blind $1
prado777tt: posts big blind $3
*** HOLE CARDS ***
AzureCaper: folds
Uncalled bet ($2) returned to prado777tt
prado777tt collected $2 from pot
prado777tt: doesn't show hand
*** SUMMARY ***
Total pot $2 | Rake $0
Seat 3: prado777tt (big blind) collected ($2)
Seat 4: AzureCaper (button) (small blind) folded before Flop


PokerStars Hand #166646762053:  Hold'em Limit ($3/$6 USD) - 2017/02/23 8:14:55 ET
Table 'Lagrangea II' 6-max Seat #3 is the button
Seat 3: prado777tt ($63.50 in chips)
Seat 4: AzureCaper ($72 in chips)
prado777tt: posts small blind $1
AzureCaper: posts big blind $3
*** HOLE CARDS ***
prado777tt: calls $2
AzureCaper: checks
*** FLOP *** [3s 5d Tc]
AzureCaper: checks
prado777tt: checks
*** TURN *** [3s 5d Tc] [Kd]
AzureCaper: checks
prado777tt: checks
*** RIVER *** [3s 5d Tc Kd] [Td]
AzureCaper: checks
prado777tt: checks
*** SHOW DOWN ***
AzureCaper: shows [2h Qc] (a pair of Tens)
prado777tt: shows [Qs 7c] (a pair of Tens - King+Queen+Seven kicker)
prado777tt collected $5.88 from pot
*** SUMMARY ***
Total pot $6 | Rake $0.12
Board [3s 5d Tc Kd Td]
Seat 3: prado777tt (button) (small blind) showed [Qs 7c] and won ($5.88) with a pair of Tens
Seat 4: AzureCaper (big blind) showed [2h Qc] and lost with a pair of Tens


PokerStars Hand #166646746736:  Hold'em Limit ($3/$6 USD) - 2017/02/23 8:14:28 ET
Table 'Lagrangea II' 6-max Seat #3 is the button
Seat 3: prado777tt ($50 in chips)
Seat 4: AzureCaper ($85.04 in chips)
prado777tt: posts small blind $1
AzureCaper: posts big blind $3
*** HOLE CARDS ***
prado777tt: folds
Uncalled bet ($2) returned to AzureCaper
AzureCaper collected $2 from pot
AzureCaper: doesn't show hand
*** SUMMARY ***
Total pot $2 | Rake $0
Seat 3: prado777tt (button) (small blind) folded before Flop
Seat 4: AzureCaper (big blind) collected ($2)


PokerStars Hand #166646749415:  Hold'em Limit ($3/$6 USD) - 2017/02/23 8:14:33 ET
Table 'Lagrangea II' 6-max Seat #4 is the button
Seat 3: prado777tt ($49 in chips)
Seat 4: AzureCaper ($86.04 in chips)
AzureCaper: posts small blind $1
prado777tt: posts big blind $3
*** HOLE CARDS ***
AzureCaper: raises $3 to $6
prado777tt: calls $3
*** FLOP *** [6h 5s 3d]
prado777tt: checks
AzureCaper: bets $3
prado777tt: calls $3
*** TURN *** [6h 5s 3d] [Js]
prado777tt: checks
AzureCaper: bets $6
prado777tt: calls $6
*** RIVER *** [6h 5s 3d Js] [7s]
prado777tt: checks
AzureCaper: checks
*** SHOW DOWN ***
prado777tt: shows [5c 2s] (a pair of Fives)
AzureCaper: mucks hand
prado777tt collected $29.50 from pot
*** SUMMARY ***
Total pot $30 | Rake $0.50
Board [6h 5s 3d Js 7s]
Seat 3: prado777tt (big blind) showed [5c 2s] and won ($29.50) with a pair of Fives
Seat 4: AzureCaper (button) (small blind) mucked


PokerStars Hand #166646774351:  Hold'em Limit ($3/$6 USD) - 2017/02/23 8:15:17 ET
Table 'Lagrangea II' 6-max Seat #3 is the button
Seat 3: prado777tt ($67.38 in chips)
Seat 4: AzureCaper ($72 in chips)
prado777tt: posts small blind $1
AzureCaper: posts big blind $3
*** HOLE CARDS ***
prado777tt: calls $2
AzureCaper: checks
*** FLOP *** [Qd 6d Ac]
AzureCaper: bets $3
prado777tt: folds
Uncalled bet ($3) returned to AzureCaper
AzureCaper collected $5.88 from pot
AzureCaper: doesn't show hand
*** SUMMARY ***
Total pot $6 | Rake $0.12
Board [Qd 6d Ac]
Seat 3: prado777tt (button) (small blind) folded on the Flop
Seat 4: AzureCaper (big blind) collected ($5.88)


PokerStars Hand #166646801083:  Hold'em Limit ($3/$6 USD) - 2017/02/23 8:16:04 ET
Table 'Lagrangea II' 6-max Seat #4 is the button
Seat 3: prado777tt ($61.14 in chips)
Seat 4: AzureCaper ($77.52 in chips)
AzureCaper: posts small blind $1
prado777tt: posts big blind $3
*** HOLE CARDS ***
AzureCaper: raises $3 to $6
prado777tt: calls $3
*** FLOP *** [6h 3s 4s]
prado777tt: checks
AzureCaper: bets $3
prado777tt: calls $3
*** TURN *** [6h 3s 4s] [6d]
prado777tt: checks
AzureCaper: checks
*** RIVER *** [6h 3s 4s 6d] [7d]
prado777tt: checks
AzureCaper: bets $6
prado777tt: folds
Uncalled bet ($6) returned to AzureCaper
AzureCaper collected $17.64 from pot
AzureCaper: doesn't show hand
*** SUMMARY ***
Total pot $18 | Rake $0.36
Board [6h 3s 4s 6d 7d]
Seat 3: prado777tt (big blind) folded on the River
Seat 4: AzureCaper (button) (small blind) collected ($17.64)


PokerStars Hand #166646781205:  Hold'em Limit ($3/$6 USD) - 2017/02/23 8:15:29 ET
Table 'Lagrangea II' 6-max Seat #4 is the button
Seat 3: prado777tt ($64.38 in chips)
Seat 4: AzureCaper ($74.88 in chips)
AzureCaper: posts small blind $1
prado777tt: posts big blind $3
*** HOLE CARDS ***
AzureCaper: raises $3 to $6
prado777tt: calls $3
*** FLOP *** [4c 3s Qh]
prado777tt: checks
AzureCaper: bets $3
prado777tt: calls $3
*** TURN *** [4c 3s Qh] [5c]
prado777tt: checks
AzureCaper: checks
*** RIVER *** [4c 3s Qh 5c] [Qd]
prado777tt: checks
AzureCaper: checks
*** SHOW DOWN ***
prado777tt: shows [Jc 6s] (a pair of Queens)
AzureCaper: shows [Kc 9s] (a pair of Queens - King kicker)
AzureCaper collected $17.64 from pot
*** SUMMARY ***
Total pot $18 | Rake $0.36
Board [4c 3s Qh 5c Qd]
Seat 3: prado777tt (big blind) showed [Jc 6s] and lost with a pair of Queens
Seat 4: AzureCaper (button) (small blind) showed [Kc 9s] and won ($17.64) with a pair of Queens


PokerStars Hand #166646792687:  Hold'em Limit ($3/$6 USD) - 2017/02/23 8:15:49 ET
Table 'Lagrangea II' 6-max Seat #3 is the button
Seat 3: prado777tt ($55.38 in chips)
Seat 4: AzureCaper ($83.52 in chips)
prado777tt: posts small blind $1
AzureCaper: posts big blind $3
*** HOLE CARDS ***
prado777tt: raises $3 to $6
AzureCaper: calls $3
*** FLOP *** [Ah Qd 9d]
AzureCaper: checks
prado777tt: bets $3
AzureCaper: folds
Uncalled bet ($3) returned to prado777tt
prado777tt collected $11.76 from pot
prado777tt: doesn't show hand
*** SUMMARY ***
Total pot $12 | Rake $0.24
Board [Ah Qd 9d]
Seat 3: prado777tt (button) (small blind) collected ($11.76)
Seat 4: AzureCaper (big blind) folded on the Flop


PokerStars Hand #166646815599:  Hold'em Limit ($3/$6 USD) - 2017/02/23 8:16:29 ET
Table 'Lagrangea II' 6-max Seat #3 is the button
Seat 3: prado777tt ($52.14 in chips)
Seat 4: AzureCaper ($86.16 in chips)
prado777tt: posts small blind $1
AzureCaper: posts big blind $3
*** HOLE CARDS ***
prado777tt: raises $3 to $6
AzureCaper: calls $3
*** FLOP *** [6h 9c 4c]
AzureCaper: checks
prado777tt: checks
*** TURN *** [6h 9c 4c] [Td]
AzureCaper: checks
prado777tt: checks
*** RIVER *** [6h 9c 4c Td] [4s]
AzureCaper: checks
prado777tt: checks
*** SHOW DOWN ***
AzureCaper: shows [Qd 8s] (a pair of Fours)
prado777tt: shows [9s Js] (two pair, Nines and Fours)
prado777tt collected $11.76 from pot
*** SUMMARY ***
Total pot $12 | Rake $0.24
Board [6h 9c 4c Td 4s]
Seat 3: prado777tt (button) (small blind) showed [9s Js] and won ($11.76) with two pair, Nines and Fours
Seat 4: AzureCaper (big blind) showed [Qd 8s] and lost with a pair of Fours


PokerStars Hand #166646836897:  Hold'em Limit ($3/$6 USD) - 2017/02/23 8:17:06 ET
Table 'Lagrangea II' 6-max Seat #3 is the button
Seat 3: prado777tt ($66.54 in chips)
Seat 4: AzureCaper ($72 in chips)
prado777tt: posts small blind $1
AzureCaper: posts big blind $3
*** HOLE CARDS ***
prado777tt: calls $2
AzureCaper: checks
*** FLOP *** [Ad 8s 7d]
AzureCaper: checks
prado777tt: bets $3
AzureCaper: folds
Uncalled bet ($3) returned to prado777tt
prado777tt collected $5.88 from pot
prado777tt: doesn't show hand
*** SUMMARY ***
Total pot $6 | Rake $0.12
Board [Ad 8s 7d]
Seat 3: prado777tt (button) (small blind) collected ($5.88)
Seat 4: AzureCaper (big blind) folded on the Flop


PokerStars Hand #166646826207:  Hold'em Limit ($3/$6 USD) - 2017/02/23 8:16:48 ET
Table 'Lagrangea II' 6-max Seat #4 is the button
Seat 3: prado777tt ($57.90 in chips)
Seat 4: AzureCaper ($80.16 in chips)
AzureCaper: posts small blind $1
prado777tt: posts big blind $3
*** HOLE CARDS ***
AzureCaper: raises $3 to $6
prado777tt: calls $3
*** FLOP *** [4c 4h 6s]
prado777tt: checks
AzureCaper: bets $3
prado777tt: calls $3
*** TURN *** [4c 4h 6s] [3h]
prado777tt: checks
AzureCaper: checks
*** RIVER *** [4c 4h 6s 3h] [3c]
prado777tt: checks
AzureCaper: checks
*** SHOW DOWN ***
prado777tt: shows [6d Kh] (two pair, Sixes and Fours)
AzureCaper: mucks hand
prado777tt collected $17.64 from pot
*** SUMMARY ***
Total pot $18 | Rake $0.36
Board [4c 4h 6s 3h 3c]
Seat 3: prado777tt (big blind) showed [6d Kh] and won ($17.64) with two pair, Sixes and Fours
Seat 4: AzureCaper (button) (small blind) mucked


PokerStars Hand #166646844727:  Hold'em Limit ($3/$6 USD) - 2017/02/23 8:17:20 ET
Table 'Lagrangea II' 6-max Seat #4 is the button
Seat 3: prado777tt ($69.42 in chips)
Seat 4: AzureCaper ($72 in chips)
AzureCaper: posts small blind $1
prado777tt: posts big blind $3
*** HOLE CARDS ***
AzureCaper: raises $3 to $6
prado777tt: calls $3
*** FLOP *** [Jc Ac Kc]
prado777tt: checks
AzureCaper: bets $3
prado777tt: calls $3
*** TURN *** [Jc Ac Kc] [As]
prado777tt: checks
AzureCaper: bets $6
prado777tt: folds
Uncalled bet ($6) returned to AzureCaper
AzureCaper collected $17.64 from pot
AzureCaper: doesn't show hand
*** SUMMARY ***
Total pot $18 | Rake $0.36
Board [Jc Ac Kc As]
Seat 3: prado777tt (big blind) folded on the Turn
Seat 4: AzureCaper (button) (small blind) collected ($17.64)


PokerStars Hand #166646872617:  Hold'em Limit ($3/$6 USD) - 2017/02/23 8:18:09 ET
Table 'Lagrangea II' 6-max Seat #4 is the button
Seat 3: prado777tt ($47.42 in chips)
Seat 4: AzureCaper ($93.14 in chips)
AzureCaper: posts small blind $1
prado777tt: posts big blind $3
*** HOLE CARDS ***
AzureCaper: raises $3 to $6
prado777tt: calls $3
*** FLOP *** [7d 7s 6s]
prado777tt: checks
AzureCaper: bets $3
prado777tt: folds
Uncalled bet ($3) returned to AzureCaper
AzureCaper collected $11.76 from pot
AzureCaper: doesn't show hand
*** SUMMARY ***
Total pot $12 | Rake $0.24
Board [7d 7s 6s]
Seat 3: prado777tt (big blind) folded on the Flop
Seat 4: AzureCaper (button) (small blind) collected ($11.76)


PokerStars Hand #166646854419:  Hold'em Limit ($3/$6 USD) - 2017/02/23 8:17:37 ET
Table 'Lagrangea II' 6-max Seat #3 is the button
Seat 3: prado777tt ($60.42 in chips)
Seat 4: AzureCaper ($80.64 in chips)
prado777tt: posts small blind $1
AzureCaper: posts big blind $3
*** HOLE CARDS ***
prado777tt: raises $3 to $6
AzureCaper: folds
Uncalled bet ($3) returned to prado777tt
prado777tt collected $6 from pot
prado777tt: doesn't show hand
*** SUMMARY ***
Total pot $6 | Rake $0
Seat 3: prado777tt (button) (small blind) collected ($6)
Seat 4: AzureCaper (big blind) folded before Flop


PokerStars Hand #166646869640:  Hold'em Limit ($3/$6 USD) - 2017/02/23 8:18:04 ET
Table 'Lagrangea II' 6-max Seat #3 is the button
Seat 3: prado777tt ($48.42 in chips)
Seat 4: AzureCaper ($92.14 in chips)
prado777tt: posts small blind $1
AzureCaper: posts big blind $3
*** HOLE CARDS ***
prado777tt: folds
Uncalled bet ($2) returned to AzureCaper
AzureCaper collected $2 from pot
AzureCaper: doesn't show hand
*** SUMMARY ***
Total pot $2 | Rake $0
Seat 3: prado777tt (button) (small blind) folded before Flop
Seat 4: AzureCaper (big blind) collected ($2)


PokerStars Hand #166646858463:  Hold'em Limit ($3/$6 USD) - 2017/02/23 8:17:44 ET
Table 'Lagrangea II' 6-max Seat #4 is the button
Seat 3: prado777tt ($63.42 in chips)
Seat 4: AzureCaper ($77.64 in chips)
AzureCaper: posts small blind $1
prado777tt: posts big blind $3
*** HOLE CARDS ***
AzureCaper: raises $3 to $6
prado777tt: calls $3
*** FLOP *** [2d 8c Js]
prado777tt: checks
AzureCaper: bets $3
prado777tt: calls $3
*** TURN *** [2d 8c Js] [7d]
prado777tt: checks
AzureCaper: checks
*** RIVER *** [2d 8c Js 7d] [9c]
prado777tt: checks
AzureCaper: bets $6
prado777tt: calls $6
*** SHOW DOWN ***
AzureCaper: shows [Qs 9h] (a pair of Nines)
prado777tt: mucks hand
AzureCaper collected $29.50 from pot
*** SUMMARY ***
Total pot $30 | Rake $0.50
Board [2d 8c Js 7d 9c]
Seat 3: prado777tt (big blind) mucked
Seat 4: AzureCaper (button) (small blind) showed [Qs 9h] and won ($29.50) with a pair of Nines


PokerStars Hand #166646892805:  Hold'em Limit ($3/$6 USD) - 2017/02/23 8:18:44 ET
Table 'Lagrangea II' 6-max Seat #3 is the button
Seat 3: prado777tt ($49.06 in chips)
Seat 4: AzureCaper ($90.90 in chips)
prado777tt: posts small blind $1
AzureCaper: posts big blind $3
*** HOLE CARDS ***
prado777tt: raises $3 to $6
AzureCaper: calls $3
*** FLOP *** [4c 9h 9d]
AzureCaper: bets $3
prado777tt: calls $3
*** TURN *** [4c 9h 9d] [Kc]
AzureCaper: bets $6
prado777tt: calls $6
*** RIVER *** [4c 9h 9d Kc] [Kh]
AzureCaper: bets $6
prado777tt: calls $6
*** SHOW DOWN ***
AzureCaper: shows [Js Ks] (a full house, Kings full of Nines)
prado777tt: mucks hand
AzureCaper collected $41.50 from pot
*** SUMMARY ***
Total pot $42 | Rake $0.50
Board [4c 9h 9d Kc Kh]
Seat 3: prado777tt (button) (small blind) mucked
Seat 4: AzureCaper (big blind) showed [Js Ks] and won ($41.50) with a full house, Kings full of Nines


PokerStars Hand #166646883140:  Hold'em Limit ($3/$6 USD) - 2017/02/23 8:18:27 ET
Table 'Lagrangea II' 6-max Seat #3 is the button
Seat 3: prado777tt ($41.42 in chips)
Seat 4: AzureCaper ($98.90 in chips)
prado777tt: posts small blind $1
AzureCaper: posts big blind $3
*** HOLE CARDS ***
prado777tt: folds
Uncalled bet ($2) returned to AzureCaper
AzureCaper collected $2 from pot
AzureCaper: doesn't show hand
*** SUMMARY ***
Total pot $2 | Rake $0
Seat 3: prado777tt (button) (small blind) folded before Flop
Seat 4: AzureCaper (big blind) collected ($2)


PokerStars Hand #166646886345:  Hold'em Limit ($3/$6 USD) - 2017/02/23 8:18:33 ET
Table 'Lagrangea II' 6-max Seat #4 is the button
Seat 3: prado777tt ($40.42 in chips)
Seat 4: AzureCaper ($99.90 in chips)
AzureCaper: posts small blind $1
prado777tt: posts big blind $3
*** HOLE CARDS ***
AzureCaper: raises $3 to $6
prado777tt: raises $3 to $9
AzureCaper: calls $3
*** FLOP *** [Th Jd Js]
prado777tt: bets $3
AzureCaper: folds
Uncalled bet ($3) returned to prado777tt
prado777tt collected $17.64 from pot
prado777tt: doesn't show hand
*** SUMMARY ***
Total pot $18 | Rake $0.36
Board [Th Jd Js]
Seat 3: prado777tt (big blind) collected ($17.64)
Seat 4: AzureCaper (button) (small blind) folded on the Flop


PokerStars Hand #166646910035:  Hold'em Limit ($3/$6 USD) - 2017/02/23 8:19:14 ET
Table 'Lagrangea II' 6-max Seat #4 is the button
Seat 3: prado777tt ($28.06 in chips)
Seat 4: AzureCaper ($111.40 in chips)
AzureCaper: posts small blind $1
prado777tt: posts big blind $3
*** HOLE CARDS ***
AzureCaper: raises $3 to $6
prado777tt: raises $3 to $9
AzureCaper: calls $3
*** FLOP *** [Qh 5c 3d]
prado777tt: bets $3
AzureCaper: calls $3
*** TURN *** [Qh 5c 3d] [2h]
prado777tt: bets $6
AzureCaper: raises $6 to $12
prado777tt: raises $4.06 to $16.06 and is all-in
AzureCaper: calls $4.06
*** RIVER *** [Qh 5c 3d 2h] [Js]
*** SHOW DOWN ***
prado777tt: shows [Jc Th] (a pair of Jacks)
AzureCaper: shows [4c As] (a straight, Ace to Five)
AzureCaper collected $55.62 from pot
*** SUMMARY ***
Total pot $56.12 | Rake $0.50
Board [Qh 5c 3d 2h Js]
Seat 3: prado777tt (big blind) showed [Jc Th] and lost with a pair of Jacks
Seat 4: AzureCaper (button) (small blind) showed [4c As] and won ($55.62) with a straight, Ace to Five


