PokerStars Hand #173937430493:  Hold'em Limit ($3/$6 USD) - 2017/08/05 1:24:36 ET
Table 'Lamberta' 6-max Seat #3 is the button
Seat 3: kaypoker619 ($58 in chips)
Seat 5: krytalex ($119.51 in chips)
kaypoker619: posts small blind $1
krytalex: posts big blind $3
*** HOLE CARDS ***
kaypoker619: folds
Uncalled bet ($2) returned to krytalex
krytalex collected $2 from pot
*** SUMMARY ***
Total pot $2 | Rake $0
Seat 3: kaypoker619 (button) (small blind) folded before Flop
Seat 5: krytalex (big blind) collected ($2)


PokerStars Hand #173937441294:  Hold'em Limit ($3/$6 USD) - 2017/08/05 1:25:16 ET
Table 'Lamberta' 6-max Seat #3 is the button
Seat 3: kaypoker619 ($54 in chips)
Seat 5: krytalex ($123.51 in chips)
kaypoker619: posts small blind $1
krytalex: posts big blind $3
*** HOLE CARDS ***
kaypoker619: calls $2
krytalex: checks
*** FLOP *** [Kc 6h Ah]
krytalex: checks
kaypoker619: checks
*** TURN *** [Kc 6h Ah] [4h]
krytalex: bets $6
kaypoker619: folds
Uncalled bet ($6) returned to krytalex
krytalex collected $5.88 from pot
*** SUMMARY ***
Total pot $6 | Rake $0.12
Board [Kc 6h Ah 4h]
Seat 3: kaypoker619 (button) (small blind) folded on the Turn
Seat 5: krytalex (big blind) collected ($5.88)


PokerStars Hand #173937436508:  Hold'em Limit ($3/$6 USD) - 2017/08/05 1:24:58 ET
Table 'Lamberta' 6-max Seat #5 is the button
Seat 3: kaypoker619 ($53 in chips)
Seat 5: krytalex ($124.51 in chips)
krytalex: posts small blind $1
kaypoker619: posts big blind $3
*** HOLE CARDS ***
krytalex: folds
Uncalled bet ($2) returned to kaypoker619
kaypoker619 collected $2 from pot
kaypoker619: doesn't show hand
*** SUMMARY ***
Total pot $2 | Rake $0
Seat 3: kaypoker619 (big blind) collected ($2)
Seat 5: krytalex (button) (small blind) folded before Flop


PokerStars Hand #173937435169:  Hold'em Limit ($3/$6 USD) - 2017/08/05 1:24:53 ET
Table 'Lamberta' 6-max Seat #3 is the button
Seat 3: kaypoker619 ($54 in chips)
Seat 5: krytalex ($123.51 in chips)
kaypoker619: posts small blind $1
krytalex: posts big blind $3
*** HOLE CARDS ***
kaypoker619: folds
Uncalled bet ($2) returned to krytalex
krytalex collected $2 from pot
*** SUMMARY ***
Total pot $2 | Rake $0
Seat 3: kaypoker619 (button) (small blind) folded before Flop
Seat 5: krytalex (big blind) collected ($2)


PokerStars Hand #173937432378:  Hold'em Limit ($3/$6 USD) - 2017/08/05 1:24:43 ET
Table 'Lamberta' 6-max Seat #5 is the button
Seat 3: kaypoker619 ($57 in chips)
Seat 5: krytalex ($120.51 in chips)
krytalex: posts small blind $1
kaypoker619: posts big blind $3
*** HOLE CARDS ***
krytalex: raises $3 to $6
kaypoker619: folds
Uncalled bet ($3) returned to krytalex
krytalex collected $6 from pot
*** SUMMARY ***
Total pot $6 | Rake $0
Seat 3: kaypoker619 (big blind) folded before Flop
Seat 5: krytalex (button) (small blind) collected ($6)


PokerStars Hand #173937456813:  Hold'em Limit ($3/$6 USD) - 2017/08/05 1:26:14 ET
Table 'Lamberta' 6-max Seat #3 is the button
Seat 3: kaypoker619 ($48 in chips)
Seat 5: krytalex ($129.39 in chips)
kaypoker619: posts small blind $1
krytalex: posts big blind $3
*** HOLE CARDS ***
kaypoker619: folds
Uncalled bet ($2) returned to krytalex
krytalex collected $2 from pot
*** SUMMARY ***
Total pot $2 | Rake $0
Seat 3: kaypoker619 (button) (small blind) folded before Flop
Seat 5: krytalex (big blind) collected ($2)


PokerStars Hand #173937455082:  Hold'em Limit ($3/$6 USD) - 2017/08/05 1:26:07 ET
Table 'Lamberta' 6-max Seat #5 is the button
Seat 3: kaypoker619 ($47 in chips)
Seat 5: krytalex ($130.39 in chips)
krytalex: posts small blind $1
kaypoker619: posts big blind $3
*** HOLE CARDS ***
krytalex: folds
Uncalled bet ($2) returned to kaypoker619
kaypoker619 collected $2 from pot
kaypoker619: doesn't show hand
*** SUMMARY ***
Total pot $2 | Rake $0
Seat 3: kaypoker619 (big blind) collected ($2)
Seat 5: krytalex (button) (small blind) folded before Flop


PokerStars Hand #173937453503:  Hold'em Limit ($3/$6 USD) - 2017/08/05 1:26:01 ET
Table 'Lamberta' 6-max Seat #3 is the button
Seat 3: kaypoker619 ($48 in chips)
Seat 5: krytalex ($129.39 in chips)
kaypoker619: posts small blind $1
krytalex: posts big blind $3
*** HOLE CARDS ***
kaypoker619: folds
Uncalled bet ($2) returned to krytalex
krytalex collected $2 from pot
*** SUMMARY ***
Total pot $2 | Rake $0
Seat 3: kaypoker619 (button) (small blind) folded before Flop
Seat 5: krytalex (big blind) collected ($2)


PokerStars Hand #173937446823:  Hold'em Limit ($3/$6 USD) - 2017/08/05 1:25:37 ET
Table 'Lamberta' 6-max Seat #5 is the button
Seat 3: kaypoker619 ($51 in chips)
Seat 5: krytalex ($126.39 in chips)
krytalex: posts small blind $1
kaypoker619: posts big blind $3
*** HOLE CARDS ***
krytalex: raises $3 to $6
kaypoker619: folds
Uncalled bet ($3) returned to krytalex
krytalex collected $6 from pot
*** SUMMARY ***
Total pot $6 | Rake $0
Seat 3: kaypoker619 (big blind) folded before Flop
Seat 5: krytalex (button) (small blind) collected ($6)


PokerStars Hand #173937471955:  Hold'em Limit ($3/$6 USD) - 2017/08/05 1:27:09 ET
Table 'Lamberta' 6-max Seat #5 is the button
Seat 3: kaypoker619 ($60.50 in chips)
Seat 5: krytalex ($116.39 in chips)
krytalex: posts small blind $1
kaypoker619: posts big blind $3
*** HOLE CARDS ***
krytalex: raises $3 to $6
kaypoker619: calls $3
*** FLOP *** [7s Th 5c]
kaypoker619: checks
krytalex: bets $3
kaypoker619: calls $3
*** TURN *** [7s Th 5c] [6h]
kaypoker619: checks
krytalex: bets $6
kaypoker619: folds
Uncalled bet ($6) returned to krytalex
krytalex collected $17.64 from pot
*** SUMMARY ***
Total pot $18 | Rake $0.36
Board [7s Th 5c 6h]
Seat 3: kaypoker619 (big blind) folded on the Turn
Seat 5: krytalex (button) (small blind) collected ($17.64)


PokerStars Hand #173937470515:  Hold'em Limit ($3/$6 USD) - 2017/08/05 1:27:04 ET
Table 'Lamberta' 6-max Seat #3 is the button
Seat 3: kaypoker619 ($61.50 in chips)
Seat 5: krytalex ($115.39 in chips)
kaypoker619: posts small blind $1
krytalex: posts big blind $3
*** HOLE CARDS ***
kaypoker619: folds
Uncalled bet ($2) returned to krytalex
krytalex collected $2 from pot
*** SUMMARY ***
Total pot $2 | Rake $0
Seat 3: kaypoker619 (button) (small blind) folded before Flop
Seat 5: krytalex (big blind) collected ($2)


PokerStars Hand #173937458296:  Hold'em Limit ($3/$6 USD) - 2017/08/05 1:26:19 ET
Table 'Lamberta' 6-max Seat #5 is the button
Seat 3: kaypoker619 ($47 in chips)
Seat 5: krytalex ($130.39 in chips)
krytalex: posts small blind $1
kaypoker619: posts big blind $3
*** HOLE CARDS ***
krytalex: raises $3 to $6
kaypoker619: calls $3
*** FLOP *** [9s 6d 2s]
kaypoker619: checks
krytalex: bets $3
kaypoker619: calls $3
*** TURN *** [9s 6d 2s] [2c]
kaypoker619: checks
krytalex: bets $6
kaypoker619: calls $6
*** RIVER *** [9s 6d 2s 2c] [2h]
kaypoker619: bets $6
krytalex: folds
Uncalled bet ($6) returned to kaypoker619
kaypoker619 collected $29.50 from pot
kaypoker619: doesn't show hand
*** SUMMARY ***
Total pot $30 | Rake $0.50
Board [9s 6d 2s 2c 2h]
Seat 3: kaypoker619 (big blind) collected ($29.50)
Seat 5: krytalex (button) (small blind) folded on the River


PokerStars Hand #173937483978:  Hold'em Limit ($3/$6 USD) - 2017/08/05 1:27:54 ET
Table 'Lamberta' 6-max Seat #5 is the button
Seat 3: kaypoker619 ($45.50 in chips)
Seat 5: krytalex ($130.79 in chips)
krytalex: posts small blind $1
kaypoker619: posts big blind $3
*** HOLE CARDS ***
krytalex: raises $3 to $6
kaypoker619: calls $3
*** FLOP *** [Ad Jc 7c]
kaypoker619: bets $3
krytalex: calls $3
*** TURN *** [Ad Jc 7c] [6h]
kaypoker619: bets $6
krytalex: calls $6
*** RIVER *** [Ad Jc 7c 6h] [8d]
kaypoker619: bets $6
krytalex: calls $6
*** SHOW DOWN ***
kaypoker619: shows [6d Kh] (a pair of Sixes)
krytalex: mucks hand
kaypoker619 collected $41.50 from pot
*** SUMMARY ***
Total pot $42 | Rake $0.50
Board [Ad Jc 7c 6h 8d]
Seat 3: kaypoker619 (big blind) showed [6d Kh] and won ($41.50) with a pair of Sixes
Seat 5: krytalex (button) (small blind) mucked


PokerStars Hand #173937479715:  Hold'em Limit ($3/$6 USD) - 2017/08/05 1:27:38 ET
Table 'Lamberta' 6-max Seat #3 is the button
Seat 3: kaypoker619 ($51.50 in chips)
Seat 5: krytalex ($125.03 in chips)
kaypoker619: posts small blind $1
krytalex: posts big blind $3
*** HOLE CARDS ***
kaypoker619: calls $2
krytalex: raises $3 to $6
kaypoker619: calls $3
*** FLOP *** [2h Jh 2d]
krossguard joins the table at seat #4
krytalex: bets $3
kaypoker619: folds
Uncalled bet ($3) returned to krytalex
krytalex collected $11.76 from pot
*** SUMMARY ***
Total pot $12 | Rake $0.24
Board [2h Jh 2d]
Seat 3: kaypoker619 (button) (small blind) folded on the Flop
Seat 5: krytalex (big blind) collected ($11.76)


PokerStars Hand #173938003439:  Hold'em Limit ($3/$6 USD) - 2017/08/05 2:01:32 ET
Table 'Lamberta' 6-max Seat #5 is the button
Seat 5: krytalex ($139.09 in chips)
Seat 6: KDenShowEm ($290.44 in chips)
krytalex: posts small blind $1
KDenShowEm: posts big blind $3
*** HOLE CARDS ***
krytalex: raises $3 to $6
KDenShowEm: raises $3 to $9
krytalex: calls $3
*** FLOP *** [8s 2h Kd]
KDenShowEm: bets $3
krytalex: calls $3
*** TURN *** [8s 2h Kd] [Ts]
KDenShowEm said, "some kind of sick joke"
KDenShowEm: bets $6
krytalex: folds
Uncalled bet ($6) returned to KDenShowEm
KDenShowEm collected $23.52 from pot
*** SUMMARY ***
Total pot $24 | Rake $0.48
Board [8s 2h Kd Ts]
Seat 5: krytalex (button) (small blind) folded on the Turn
Seat 6: KDenShowEm (big blind) collected ($23.52)


PokerStars Hand #173938001863:  Hold'em Limit ($3/$6 USD) - 2017/08/05 2:01:27 ET
Table 'Lamberta' 6-max Seat #6 is the button
Seat 5: krytalex ($138.09 in chips)
Seat 6: KDenShowEm ($291.44 in chips)
KDenShowEm: posts small blind $1
AGALFARO: is sitting out
krytalex: posts big blind $3
*** HOLE CARDS ***
KDenShowEm: folds
Uncalled bet ($2) returned to krytalex
AGALFARO leaves the table
krytalex collected $2 from pot
KDenShowEm said, "wtf is going on today"
*** SUMMARY ***
Total pot $2 | Rake $0
Seat 5: krytalex (big blind) collected ($2)
Seat 6: KDenShowEm (button) (small blind) folded before Flop


PokerStars Hand #173938008785:  Hold'em Limit ($3/$6 USD) - 2017/08/05 2:01:53 ET
Table 'Lamberta' 6-max Seat #6 is the button
Seat 5: krytalex ($127.09 in chips)
Seat 6: KDenShowEm ($301.96 in chips)
KDenShowEm: posts small blind $1
krytalex: posts big blind $3
*** HOLE CARDS ***
KDenShowEm: raises $3 to $6
krytalex: calls $3
*** FLOP *** [8h 3h Qs]
krytalex: checks
KDenShowEm: checks
*** TURN *** [8h 3h Qs] [Tc]
krytalex: bets $6
KDenShowEm: calls $6
*** RIVER *** [8h 3h Qs Tc] [8c]
krytalex: checks
KDenShowEm: checks
*** SHOW DOWN ***
krytalex: shows [Jh 2h] (a pair of Eights)
KDenShowEm: shows [6c As] (a pair of Eights - Ace kicker)
KDenShowEm collected $23.52 from pot
*** SUMMARY ***
Total pot $24 | Rake $0.48
Board [8h 3h Qs Tc 8c]
Seat 5: krytalex (big blind) showed [Jh 2h] and lost with a pair of Eights
Seat 6: KDenShowEm (button) (small blind) showed [6c As] and won ($23.52) with a pair of Eights


PokerStars Hand #173938014777:  Hold'em Limit ($3/$6 USD) - 2017/08/05 2:02:18 ET
Table 'Lamberta' 6-max Seat #5 is the button
Seat 5: krytalex ($115.09 in chips)
Seat 6: KDenShowEm ($313.48 in chips)
krytalex: posts small blind $1
KDenShowEm: posts big blind $3
*** HOLE CARDS ***
krytalex: raises $3 to $6
KDenShowEm: calls $3
*** FLOP *** [9d Js Ac]
KDenShowEm: checks
krytalex: bets $3
KDenShowEm: folds
Uncalled bet ($3) returned to krytalex
krytalex collected $11.76 from pot
*** SUMMARY ***
Total pot $12 | Rake $0.24
Board [9d Js Ac]
Seat 5: krytalex (button) (small blind) collected ($11.76)
Seat 6: KDenShowEm (big blind) folded on the Flop


PokerStars Hand #173938100156:  Hold'em Limit ($3/$6 USD) - 2017/08/05 2:07:51 ET
Table 'Lamberta' 6-max Seat #3 is the button
Seat 3: zimin10 ($72 in chips)
Seat 6: KDenShowEm ($333.36 in chips)
zimin10: posts small blind $1
krytalex: is sitting out
KDenShowEm: posts big blind $3
*** HOLE CARDS ***
zimin10: folds
Uncalled bet ($2) returned to KDenShowEm
KDenShowEm collected $2 from pot
*** SUMMARY ***
Total pot $2 | Rake $0
Seat 3: zimin10 (button) (small blind) folded before Flop
Seat 6: KDenShowEm (big blind) collected ($2)


PokerStars Hand #173938112917:  Hold'em Limit ($3/$6 USD) - 2017/08/05 2:08:40 ET
Table 'Lamberta' 6-max Seat #3 is the button
Seat 3: zimin10 ($101.50 in chips)
Seat 6: KDenShowEm ($304.36 in chips)
zimin10: posts small blind $1
KDenShowEm: posts big blind $3
*** HOLE CARDS ***
zimin10: raises $3 to $6
KDenShowEm: calls $3
*** FLOP *** [5h 8d 4h]
KDenShowEm: checks
zimin10: bets $3
KDenShowEm: folds
Uncalled bet ($3) returned to zimin10
zimin10 collected $11.76 from pot
*** SUMMARY ***
Total pot $12 | Rake $0.24
Board [5h 8d 4h]
Seat 3: zimin10 (button) (small blind) collected ($11.76)
Seat 6: KDenShowEm (big blind) folded on the Flop


PokerStars Hand #173938102912:  Hold'em Limit ($3/$6 USD) - 2017/08/05 2:08:01 ET
Table 'Lamberta' 6-max Seat #6 is the button
Seat 3: zimin10 ($72 in chips)
Seat 6: KDenShowEm ($334.36 in chips)
KDenShowEm: posts small blind $1
zimin10: posts big blind $3
*** HOLE CARDS ***
krytalex leaves the table
KDenShowEm: raises $3 to $6
zimin10: calls $3
*** FLOP *** [Qh 3h 6d]
zimin10: checks
KDenShowEm: bets $3
zimin10: raises $3 to $6
KDenShowEm: raises $3 to $9
zimin10: raises $3 to $12
Betting is capped
KDenShowEm: calls $3
*** TURN *** [Qh 3h 6d] [Jc]
zimin10: bets $6
KDenShowEm: raises $6 to $12
zimin10: calls $6
*** RIVER *** [Qh 3h 6d Jc] [6c]
zimin10: checks
KDenShowEm: checks
*** SHOW DOWN ***
zimin10: shows [4c Qd] (two pair, Queens and Sixes)
KDenShowEm: mucks hand
zimin10 collected $59.50 from pot
*** SUMMARY ***
Total pot $60 | Rake $0.50
Board [Qh 3h 6d Jc 6c]
Seat 3: zimin10 (big blind) showed [4c Qd] and won ($59.50) with two pair, Queens and Sixes
Seat 6: KDenShowEm (button) (small blind) mucked


PokerStars Hand #173938124403:  Hold'em Limit ($3/$6 USD) - 2017/08/05 2:09:24 ET
Table 'Lamberta' 6-max Seat #3 is the button
Seat 3: zimin10 ($136.76 in chips)
Seat 6: KDenShowEm ($268.36 in chips)
zimin10: posts small blind $1
KDenShowEm: posts big blind $3
*** HOLE CARDS ***
zimin10: folds
Uncalled bet ($2) returned to KDenShowEm
KDenShowEm collected $2 from pot
*** SUMMARY ***
Total pot $2 | Rake $0
Seat 3: zimin10 (button) (small blind) folded before Flop
Seat 6: KDenShowEm (big blind) collected ($2)


PokerStars Hand #173938116111:  Hold'em Limit ($3/$6 USD) - 2017/08/05 2:08:52 ET
Table 'Lamberta' 6-max Seat #6 is the button
Seat 3: zimin10 ($107.26 in chips)
Seat 6: KDenShowEm ($298.36 in chips)
KDenShowEm: posts small blind $1
zimin10: posts big blind $3
*** HOLE CARDS ***
KDenShowEm: raises $3 to $6
zimin10: raises $3 to $9
KDenShowEm: calls $3
*** FLOP *** [3h Ts 7h]
zimin10: bets $3
KDenShowEm: raises $3 to $6
zimin10: raises $3 to $9
KDenShowEm: calls $3
*** TURN *** [3h Ts 7h] [9c]
zimin10: bets $6
KDenShowEm: calls $6
*** RIVER *** [3h Ts 7h 9c] [2d]
zimin10: bets $6
KDenShowEm: calls $6
*** SHOW DOWN ***
zimin10: shows [Ad Ah] (a pair of Aces)
KDenShowEm: mucks hand
zimin10 collected $59.50 from pot
*** SUMMARY ***
Total pot $60 | Rake $0.50
Board [3h Ts 7h 9c 2d]
Seat 3: zimin10 (big blind) showed [Ad Ah] and won ($59.50) with a pair of Aces
Seat 6: KDenShowEm (button) (small blind) mucked


PokerStars Hand #173938129600:  Hold'em Limit ($3/$6 USD) - 2017/08/05 2:09:45 ET
Table 'Lamberta' 6-max Seat #3 is the button
Seat 3: zimin10 ($147.28 in chips)
Seat 6: KDenShowEm ($257.36 in chips)
zimin10: posts small blind $1
KDenShowEm: posts big blind $3
*** HOLE CARDS ***
zimin10: raises $3 to $6
KDenShowEm: calls $3
*** FLOP *** [Ad Jh 7d]
KDenShowEm: checks
zimin10: bets $3
KDenShowEm: folds
Uncalled bet ($3) returned to zimin10
zimin10 collected $11.76 from pot
*** SUMMARY ***
Total pot $12 | Rake $0.24
Board [Ad Jh 7d]
Seat 3: zimin10 (button) (small blind) collected ($11.76)
Seat 6: KDenShowEm (big blind) folded on the Flop


PokerStars Hand #173938125626:  Hold'em Limit ($3/$6 USD) - 2017/08/05 2:09:29 ET
Table 'Lamberta' 6-max Seat #6 is the button
Seat 3: zimin10 ($135.76 in chips)
Seat 6: KDenShowEm ($269.36 in chips)
KDenShowEm: posts small blind $1
zimin10: posts big blind $3
*** HOLE CARDS ***
KDenShowEm: raises $3 to $6
zimin10: calls $3
*** FLOP *** [4d Jc 3h]
zimin10: checks
KDenShowEm: checks
*** TURN *** [4d Jc 3h] [Ts]
zimin10: bets $6
KDenShowEm: calls $6
*** RIVER *** [4d Jc 3h Ts] [4s]
zimin10: bets $6
KDenShowEm: folds
Uncalled bet ($6) returned to zimin10
zimin10 collected $23.52 from pot
*** SUMMARY ***
Total pot $24 | Rake $0.48
Board [4d Jc 3h Ts 4s]
Seat 3: zimin10 (big blind) collected ($23.52)
Seat 6: KDenShowEm (button) (small blind) folded on the River


PokerStars Hand #173938131810:  Hold'em Limit ($3/$6 USD) - 2017/08/05 2:09:53 ET
Table 'Lamberta' 6-max Seat #6 is the button
Seat 3: zimin10 ($153.04 in chips)
Seat 6: KDenShowEm ($251.36 in chips)
KDenShowEm: posts small blind $1
zimin10: posts big blind $3
*** HOLE CARDS ***
KDenShowEm: raises $3 to $6
zimin10: calls $3
*** FLOP *** [Kh 4c 8c]
zimin10: checks
KDenShowEm: bets $3
zimin10: raises $3 to $6
KDenShowEm: calls $3
*** TURN *** [Kh 4c 8c] [Ad]
zimin10: bets $6
KDenShowEm: raises $6 to $12
zimin10: raises $6 to $18
KDenShowEm: raises $6 to $24
Betting is capped
zimin10: calls $6
*** RIVER *** [Kh 4c 8c Ad] [Qs]
zimin10: checks
KDenShowEm: checks
*** SHOW DOWN ***
zimin10: shows [Kd 4h] (two pair, Kings and Fours)
KDenShowEm: mucks hand
zimin10 collected $71.50 from pot
*** SUMMARY ***
Total pot $72 | Rake $0.50
Board [Kh 4c 8c Ad Qs]
Seat 3: zimin10 (big blind) showed [Kd 4h] and won ($71.50) with two pair, Kings and Fours
Seat 6: KDenShowEm (button) (small blind) mucked


PokerStars Hand #173938138112:  Hold'em Limit ($3/$6 USD) - 2017/08/05 2:10:18 ET
Table 'Lamberta' 6-max Seat #3 is the button
Seat 3: zimin10 ($188.54 in chips)
Seat 6: KDenShowEm ($215.36 in chips)
zimin10: posts small blind $1
KDenShowEm: posts big blind $3
*** HOLE CARDS ***
KDenShowEm said, "wtf is this bull****"
zimin10: raises $3 to $6
KDenShowEm: calls $3
*** FLOP *** [8s Kc 7s]
KDenShowEm: checks
zimin10: bets $3
KDenShowEm: folds
Uncalled bet ($3) returned to zimin10
KDenShowEm leaves the table
zimin10 collected $11.76 from pot
*** SUMMARY ***
Total pot $12 | Rake $0.24
Board [8s Kc 7s]
Seat 3: zimin10 (button) (small blind) collected ($11.76)
Seat 6: KDenShowEm (big blind) folded on the Flop


