PokerStars Hand #146736115482:  Hold'em Limit ($3/$6 USD) - 2016/01/09 9:19:06 ET
Table 'Lameia' 2-max Seat #1 is the button
Seat 1: TbIP-TbIP 88 ($72 in chips)
Seat 2: HARDGURU ($206.64 in chips)
TbIP-TbIP 88: posts small blind $1
HARDGURU: posts big blind $3
*** HOLE CARDS ***
TbIP-TbIP 88: raises $3 to $6
HARDGURU: calls $3
*** FLOP *** [Jc 2c Kc]
HARDGURU: checks
TbIP-TbIP 88: bets $3
HARDGURU: calls $3
*** TURN *** [Jc 2c Kc] [5d]
HARDGURU: checks
TbIP-TbIP 88: bets $6
HARDGURU: calls $6
*** RIVER *** [Jc 2c Kc 5d] [9h]
HARDGURU: checks
TbIP-TbIP 88: checks
*** SHOW DOWN ***
HARDGURU: shows [Kh 4d] (a pair of Kings)
TbIP-TbIP 88: mucks hand
HARDGURU collected $29.50 from pot
*** SUMMARY ***
Total pot $30 | Rake $0.50
Board [Jc 2c Kc 5d 9h]
Seat 1: TbIP-TbIP 88 (button) (small blind) mucked
Seat 2: HARDGURU (big blind) showed [Kh 4d] and won ($29.50) with a pair of Kings


PokerStars Hand #146736090691:  Hold'em Limit ($3/$6 USD) - 2016/01/09 9:18:37 ET
Table 'Lameia' 2-max Seat #2 is the button
Seat 1: TbIP-TbIP 88 ($72 in chips)
Seat 2: HARDGURU ($198 in chips)
HARDGURU: posts small blind $1
TbIP-TbIP 88: posts big blind $3
*** HOLE CARDS ***
HARDGURU: raises $3 to $6
TbIP-TbIP 88: calls $3
*** FLOP *** [6h 3h 6d]
TbIP-TbIP 88: checks
HARDGURU: bets $3
TbIP-TbIP 88: calls $3
*** TURN *** [6h 3h 6d] [Ts]
TbIP-TbIP 88: checks
HARDGURU: checks
*** RIVER *** [6h 3h 6d Ts] [9h]
TbIP-TbIP 88: checks
HARDGURU: checks
*** SHOW DOWN ***
TbIP-TbIP 88: shows [Qh 8s] (a pair of Sixes)
HARDGURU: shows [As 2h] (a pair of Sixes - Ace kicker)
HARDGURU collected $17.64 from pot
*** SUMMARY ***
Total pot $18 | Rake $0.36
Board [6h 3h 6d Ts 9h]
Seat 1: TbIP-TbIP 88 (big blind) showed [Qh 8s] and lost with a pair of Sixes
Seat 2: HARDGURU (button) (small blind) showed [As 2h] and won ($17.64) with a pair of Sixes


PokerStars Hand #146736171196:  Hold'em Limit ($3/$6 USD) - 2016/01/09 9:20:13 ET
Table 'Lameia' 2-max Seat #2 is the button
Seat 1: TbIP-TbIP 88 ($78.76 in chips)
Seat 2: HARDGURU ($214.14 in chips)
HARDGURU: posts small blind $1
TbIP-TbIP 88: posts big blind $3
*** HOLE CARDS ***
HARDGURU: calls $2
TbIP-TbIP 88: checks
*** FLOP *** [Kh Td Ts]
TbIP-TbIP 88: bets $3
HARDGURU: folds
Uncalled bet ($3) returned to TbIP-TbIP 88
TbIP-TbIP 88 collected $5.88 from pot
TbIP-TbIP 88: doesn't show hand
*** SUMMARY ***
Total pot $6 | Rake $0.12
Board [Kh Td Ts]
Seat 1: TbIP-TbIP 88 (big blind) collected ($5.88)
Seat 2: HARDGURU (button) (small blind) folded on the Flop


PokerStars Hand #146736146231:  Hold'em Limit ($3/$6 USD) - 2016/01/09 9:19:43 ET
Table 'Lameia' 2-max Seat #1 is the button
Seat 1: TbIP-TbIP 88 ($73 in chips)
Seat 2: HARDGURU ($220.14 in chips)
TbIP-TbIP 88: posts small blind $1
HARDGURU: posts big blind $3
*** HOLE CARDS ***
TbIP-TbIP 88: raises $3 to $6
HARDGURU: calls $3
*** FLOP *** [9c Kh 2d]
HARDGURU: checks
TbIP-TbIP 88: bets $3
HARDGURU: folds
Uncalled bet ($3) returned to TbIP-TbIP 88
TbIP-TbIP 88 collected $11.76 from pot
TbIP-TbIP 88: doesn't show hand
*** SUMMARY ***
Total pot $12 | Rake $0.24
Board [9c Kh 2d]
Seat 1: TbIP-TbIP 88 (button) (small blind) collected ($11.76)
Seat 2: HARDGURU (big blind) folded on the Flop


PokerStars Hand #146736141551:  Hold'em Limit ($3/$6 USD) - 2016/01/09 9:19:38 ET
Table 'Lameia' 2-max Seat #2 is the button
Seat 1: TbIP-TbIP 88 ($72 in chips)
Seat 2: HARDGURU ($221.14 in chips)
HARDGURU: posts small blind $1
TbIP-TbIP 88: posts big blind $3
*** HOLE CARDS ***
HARDGURU: folds
Uncalled bet ($2) returned to TbIP-TbIP 88
TbIP-TbIP 88 collected $2 from pot
TbIP-TbIP 88: doesn't show hand
*** SUMMARY ***
Total pot $2 | Rake $0
Seat 1: TbIP-TbIP 88 (big blind) collected ($2)
Seat 2: HARDGURU (button) (small blind) folded before Flop


PokerStars Hand #146736216908:  Hold'em Limit ($3/$6 USD) - 2016/01/09 9:21:08 ET
Table 'Lameia' 2-max Seat #2 is the button
Seat 1: TbIP-TbIP 88 ($72 in chips)
Seat 2: HARDGURU ($231.64 in chips)
HARDGURU: posts small blind $1
TbIP-TbIP 88: posts big blind $3
*** HOLE CARDS ***
HARDGURU: calls $2
TbIP-TbIP 88: raises $3 to $6
HARDGURU: calls $3
*** FLOP *** [3c 8c Qs]
TbIP-TbIP 88: bets $3
HARDGURU: folds
Uncalled bet ($3) returned to TbIP-TbIP 88
TbIP-TbIP 88 collected $11.76 from pot
TbIP-TbIP 88: doesn't show hand
*** SUMMARY ***
Total pot $12 | Rake $0.24
Board [3c 8c Qs]
Seat 1: TbIP-TbIP 88 (big blind) collected ($11.76)
Seat 2: HARDGURU (button) (small blind) folded on the Flop


PokerStars Hand #146736191837:  Hold'em Limit ($3/$6 USD) - 2016/01/09 9:20:38 ET
Table 'Lameia' 2-max Seat #1 is the button
Seat 1: TbIP-TbIP 88 ($81.64 in chips)
Seat 2: HARDGURU ($211.14 in chips)
TbIP-TbIP 88: posts small blind $1
HARDGURU: posts big blind $3
*** HOLE CARDS ***
TbIP-TbIP 88: raises $3 to $6
HARDGURU: calls $3
*** FLOP *** [4h 4c 7c]
HARDGURU: checks
TbIP-TbIP 88: bets $3
HARDGURU: calls $3
*** TURN *** [4h 4c 7c] [Ac]
HARDGURU: checks
TbIP-TbIP 88: bets $6
HARDGURU: calls $6
*** RIVER *** [4h 4c 7c Ac] [Ts]
HARDGURU: checks
TbIP-TbIP 88: bets $6
HARDGURU: raises $6 to $12
TbIP-TbIP 88: folds
Uncalled bet ($6) returned to HARDGURU
HARDGURU collected $41.50 from pot
HARDGURU: doesn't show hand
*** SUMMARY ***
Total pot $42 | Rake $0.50
Board [4h 4c 7c Ac Ts]
Seat 1: TbIP-TbIP 88 (button) (small blind) folded on the River
Seat 2: HARDGURU (big blind) collected ($41.50)


PokerStars Hand #146736233851:  Hold'em Limit ($3/$6 USD) - 2016/01/09 9:21:29 ET
Table 'Lameia' 2-max Seat #1 is the button
Seat 1: TbIP-TbIP 88 ($77.76 in chips)
Seat 2: HARDGURU ($225.64 in chips)
TbIP-TbIP 88: posts small blind $1
HARDGURU: posts big blind $3
*** HOLE CARDS ***
TbIP-TbIP 88: raises $3 to $6
HARDGURU: calls $3
*** FLOP *** [Qh Jh 6d]
HARDGURU: checks
TbIP-TbIP 88: bets $3
HARDGURU: raises $3 to $6
TbIP-TbIP 88: folds
Uncalled bet ($3) returned to HARDGURU
HARDGURU collected $17.64 from pot
HARDGURU: doesn't show hand
*** SUMMARY ***
Total pot $18 | Rake $0.36
Board [Qh Jh 6d]
Seat 1: TbIP-TbIP 88 (button) (small blind) folded on the Flop
Seat 2: HARDGURU (big blind) collected ($17.64)


PokerStars Hand #146736291545:  Hold'em Limit ($3/$6 USD) - 2016/01/09 9:22:39 ET
Table 'Lameia' 2-max Seat #2 is the button
Seat 1: TbIP-TbIP 88 ($72 in chips)
Seat 2: HARDGURU ($198 in chips)
HARDGURU: posts small blind $1
TbIP-TbIP 88: posts big blind $3
*** HOLE CARDS ***
HARDGURU: folds
Uncalled bet ($2) returned to TbIP-TbIP 88
TbIP-TbIP 88 collected $2 from pot
TbIP-TbIP 88: doesn't show hand
*** SUMMARY ***
Total pot $2 | Rake $0
Seat 1: TbIP-TbIP 88 (big blind) collected ($2)
Seat 2: HARDGURU (button) (small blind) folded before Flop


PokerStars Hand #146736305447:  Hold'em Limit ($3/$6 USD) - 2016/01/09 9:22:55 ET
Table 'Lameia' 2-max Seat #1 is the button
Seat 1: TbIP-TbIP 88 ($73 in chips)
Seat 2: HARDGURU ($197 in chips)
TbIP-TbIP 88: posts small blind $1
HARDGURU: posts big blind $3
*** HOLE CARDS ***
TbIP-TbIP 88: raises $3 to $6
HARDGURU: calls $3
*** FLOP *** [8d 8h 6c]
HARDGURU: checks
TbIP-TbIP 88: bets $3
HARDGURU: calls $3
*** TURN *** [8d 8h 6c] [9s]
HARDGURU: checks
TbIP-TbIP 88: bets $6
HARDGURU: calls $6
*** RIVER *** [8d 8h 6c 9s] [4h]
HARDGURU: checks
TbIP-TbIP 88: bets $6
HARDGURU: calls $6
*** SHOW DOWN ***
TbIP-TbIP 88: shows [7s 9d] (two pair, Nines and Eights)
HARDGURU: mucks hand
TbIP-TbIP 88 collected $41.50 from pot
*** SUMMARY ***
Total pot $42 | Rake $0.50
Board [8d 8h 6c 9s 4h]
Seat 1: TbIP-TbIP 88 (button) (small blind) showed [7s 9d] and won ($41.50) with two pair, Nines and Eights
Seat 2: HARDGURU (big blind) mucked


PokerStars Hand #146736422323:  Hold'em Limit ($3/$6 USD) - 2016/01/09 9:25:16 ET
Table 'Lameia' 2-max Seat #1 is the button
Seat 1: TbIP-TbIP 88 ($84.50 in chips)
Seat 2: HARDGURU ($184.64 in chips)
TbIP-TbIP 88: posts small blind $1
HARDGURU: posts big blind $3
*** HOLE CARDS ***
TbIP-TbIP 88: raises $3 to $6
HARDGURU: calls $3
*** FLOP *** [8h 6c 2d]
HARDGURU: checks
TbIP-TbIP 88: bets $3
HARDGURU: calls $3
*** TURN *** [8h 6c 2d] [5s]
HARDGURU: checks
TbIP-TbIP 88: bets $6
HARDGURU: folds
Uncalled bet ($6) returned to TbIP-TbIP 88
TbIP-TbIP 88 collected $17.64 from pot
TbIP-TbIP 88: doesn't show hand
*** SUMMARY ***
Total pot $18 | Rake $0.36
Board [8h 6c 2d 5s]
Seat 1: TbIP-TbIP 88 (button) (small blind) collected ($17.64)
Seat 2: HARDGURU (big blind) folded on the Turn


PokerStars Hand #146736413621:  Hold'em Limit ($3/$6 USD) - 2016/01/09 9:25:06 ET
Table 'Lameia' 2-max Seat #2 is the button
Seat 1: TbIP-TbIP 88 ($87.50 in chips)
Seat 2: HARDGURU ($181.64 in chips)
HARDGURU: posts small blind $1
TbIP-TbIP 88: posts big blind $3
*** HOLE CARDS ***
HARDGURU: raises $3 to $6
TbIP-TbIP 88: folds
Uncalled bet ($3) returned to HARDGURU
HARDGURU collected $6 from pot
HARDGURU: doesn't show hand
*** SUMMARY ***
Total pot $6 | Rake $0
Seat 1: TbIP-TbIP 88 (big blind) folded before Flop
Seat 2: HARDGURU (button) (small blind) collected ($6)


PokerStars Hand #146736404298:  Hold'em Limit ($3/$6 USD) - 2016/01/09 9:24:54 ET
Table 'Lameia' 2-max Seat #1 is the button
Seat 1: TbIP-TbIP 88 ($84.50 in chips)
Seat 2: HARDGURU ($184.64 in chips)
TbIP-TbIP 88: posts small blind $1
HARDGURU: posts big blind $3
*** HOLE CARDS ***
TbIP-TbIP 88: raises $3 to $6
HARDGURU: folds
Uncalled bet ($3) returned to TbIP-TbIP 88
TbIP-TbIP 88 collected $6 from pot
TbIP-TbIP 88: doesn't show hand
*** SUMMARY ***
Total pot $6 | Rake $0
Seat 1: TbIP-TbIP 88 (button) (small blind) collected ($6)
Seat 2: HARDGURU (big blind) folded before Flop


PokerStars Hand #146736355135:  Hold'em Limit ($3/$6 USD) - 2016/01/09 9:23:55 ET
Table 'Lameia' 2-max Seat #2 is the button
Seat 1: TbIP-TbIP 88 ($93.50 in chips)
Seat 2: HARDGURU ($176 in chips)
HARDGURU: posts small blind $1
TbIP-TbIP 88: posts big blind $3
*** HOLE CARDS ***
HARDGURU: raises $3 to $6
TbIP-TbIP 88: calls $3
*** FLOP *** [5d 5c Th]
TbIP-TbIP 88: checks
HARDGURU: bets $3
TbIP-TbIP 88: calls $3
*** TURN *** [5d 5c Th] [Qc]
TbIP-TbIP 88: checks
HARDGURU: checks
*** RIVER *** [5d 5c Th Qc] [4c]
TbIP-TbIP 88: checks
HARDGURU: bets $6
TbIP-TbIP 88: folds
Uncalled bet ($6) returned to HARDGURU
HARDGURU collected $17.64 from pot
HARDGURU: doesn't show hand
*** SUMMARY ***
Total pot $18 | Rake $0.36
Board [5d 5c Th Qc 4c]
Seat 1: TbIP-TbIP 88 (big blind) folded on the River
Seat 2: HARDGURU (button) (small blind) collected ($17.64)


PokerStars Hand #146736438414:  Hold'em Limit ($3/$6 USD) - 2016/01/09 9:25:36 ET
Table 'Lameia' 2-max Seat #2 is the button
Seat 1: TbIP-TbIP 88 ($93.14 in chips)
Seat 2: HARDGURU ($175.64 in chips)
HARDGURU: posts small blind $1
TbIP-TbIP 88: posts big blind $3
*** HOLE CARDS ***
HARDGURU: raises $3 to $6
TbIP-TbIP 88: calls $3
*** FLOP *** [Ks 3h 2s]
TbIP-TbIP 88: checks
HARDGURU: bets $3
TbIP-TbIP 88: calls $3
*** TURN *** [Ks 3h 2s] [Qc]
TbIP-TbIP 88: checks
HARDGURU: checks
*** RIVER *** [Ks 3h 2s Qc] [5d]
TbIP-TbIP 88: bets $6
HARDGURU: folds
Uncalled bet ($6) returned to TbIP-TbIP 88
TbIP-TbIP 88 collected $17.64 from pot
TbIP-TbIP 88: doesn't show hand
*** SUMMARY ***
Total pot $18 | Rake $0.36
Board [Ks 3h 2s Qc 5d]
Seat 1: TbIP-TbIP 88 (big blind) collected ($17.64)
Seat 2: HARDGURU (button) (small blind) folded on the River


PokerStars Hand #146736527555:  Hold'em Limit ($3/$6 USD) - 2016/01/09 9:27:24 ET
Table 'Lameia' 2-max Seat #2 is the button
Seat 1: TbIP-TbIP 88 ($74.78 in chips)
Seat 2: HARDGURU ($192.78 in chips)
HARDGURU: posts small blind $1
TbIP-TbIP 88: posts big blind $3
*** HOLE CARDS ***
HARDGURU: raises $3 to $6
TbIP-TbIP 88: calls $3
*** FLOP *** [Kh 4s 6h]
TbIP-TbIP 88: checks
HARDGURU: bets $3
TbIP-TbIP 88: raises $3 to $6
HARDGURU: folds
Uncalled bet ($3) returned to TbIP-TbIP 88
TbIP-TbIP 88 collected $17.64 from pot
TbIP-TbIP 88: doesn't show hand
*** SUMMARY ***
Total pot $18 | Rake $0.36
Board [Kh 4s 6h]
Seat 1: TbIP-TbIP 88 (big blind) collected ($17.64)
Seat 2: HARDGURU (button) (small blind) folded on the Flop


PokerStars Hand #146736505230:  Hold'em Limit ($3/$6 USD) - 2016/01/09 9:26:57 ET
Table 'Lameia' 2-max Seat #1 is the button
Seat 1: TbIP-TbIP 88 ($89.78 in chips)
Seat 2: HARDGURU ($178.28 in chips)
TbIP-TbIP 88: posts small blind $1
HARDGURU: posts big blind $3
*** HOLE CARDS ***
TbIP-TbIP 88: raises $3 to $6
HARDGURU: calls $3
*** FLOP *** [6s Qd 5s]
HARDGURU: checks
TbIP-TbIP 88: bets $3
HARDGURU: calls $3
*** TURN *** [6s Qd 5s] [5d]
HARDGURU: checks
TbIP-TbIP 88: checks
*** RIVER *** [6s Qd 5s 5d] [7c]
HARDGURU: bets $6
TbIP-TbIP 88: calls $6
*** SHOW DOWN ***
HARDGURU: shows [Qc 4d] (two pair, Queens and Fives)
TbIP-TbIP 88: mucks hand
HARDGURU collected $29.50 from pot
*** SUMMARY ***
Total pot $30 | Rake $0.50
Board [6s Qd 5s 5d 7c]
Seat 1: TbIP-TbIP 88 (button) (small blind) mucked
Seat 2: HARDGURU (big blind) showed [Qc 4d] and won ($29.50) with two pair, Queens and Fives


PokerStars Hand #146736500120:  Hold'em Limit ($3/$6 USD) - 2016/01/09 9:26:51 ET
Table 'Lameia' 2-max Seat #2 is the button
Seat 1: TbIP-TbIP 88 ($92.78 in chips)
Seat 2: HARDGURU ($175.28 in chips)
HARDGURU: posts small blind $1
TbIP-TbIP 88: posts big blind $3
*** HOLE CARDS ***
HARDGURU: raises $3 to $6
TbIP-TbIP 88: folds
Uncalled bet ($3) returned to HARDGURU
HARDGURU collected $6 from pot
HARDGURU: doesn't show hand
*** SUMMARY ***
Total pot $6 | Rake $0
Seat 1: TbIP-TbIP 88 (big blind) folded before Flop
Seat 2: HARDGURU (button) (small blind) collected ($6)


PokerStars Hand #146736459088:  Hold'em Limit ($3/$6 USD) - 2016/01/09 9:26:01 ET
Table 'Lameia' 2-max Seat #1 is the button
Seat 1: TbIP-TbIP 88 ($101.78 in chips)
Seat 2: HARDGURU ($166.64 in chips)
TbIP-TbIP 88: posts small blind $1
HARDGURU: posts big blind $3
*** HOLE CARDS ***
TbIP-TbIP 88: raises $3 to $6
HARDGURU: calls $3
*** FLOP *** [8h 6c 8c]
HARDGURU: checks
TbIP-TbIP 88: bets $3
HARDGURU: calls $3
*** TURN *** [8h 6c 8c] [Jh]
HARDGURU: checks
TbIP-TbIP 88: checks
*** RIVER *** [8h 6c 8c Jh] [7h]
HARDGURU: bets $6
TbIP-TbIP 88: folds
Uncalled bet ($6) returned to HARDGURU
HARDGURU collected $17.64 from pot
HARDGURU: doesn't show hand
*** SUMMARY ***
Total pot $18 | Rake $0.36
Board [8h 6c 8c Jh 7h]
Seat 1: TbIP-TbIP 88 (button) (small blind) folded on the River
Seat 2: HARDGURU (big blind) collected ($17.64)


PokerStars Hand #146736538865:  Hold'em Limit ($3/$6 USD) - 2016/01/09 9:27:38 ET
Table 'Lameia' 2-max Seat #1 is the button
Seat 1: TbIP-TbIP 88 ($83.42 in chips)
Seat 2: HARDGURU ($183.78 in chips)
TbIP-TbIP 88: posts small blind $1
HARDGURU: posts big blind $3
*** HOLE CARDS ***
TbIP-TbIP 88: raises $3 to $6
HARDGURU: calls $3
*** FLOP *** [7d 9d 9h]
HARDGURU: checks
TbIP-TbIP 88: bets $3
HARDGURU: folds
Uncalled bet ($3) returned to TbIP-TbIP 88
TbIP-TbIP 88 collected $11.76 from pot
TbIP-TbIP 88: doesn't show hand
*** SUMMARY ***
Total pot $12 | Rake $0.24
Board [7d 9d 9h]
Seat 1: TbIP-TbIP 88 (button) (small blind) collected ($11.76)
Seat 2: HARDGURU (big blind) folded on the Flop


PokerStars Hand #146736609797:  Hold'em Limit ($3/$6 USD) - 2016/01/09 9:29:05 ET
Table 'Lameia' 2-max Seat #2 is the button
Seat 1: TbIP-TbIP 88 ($72 in chips)
Seat 2: HARDGURU ($212.78 in chips)
HARDGURU: posts small blind $1
TbIP-TbIP 88: posts big blind $3
*** HOLE CARDS ***
HARDGURU: calls $2
TbIP-TbIP 88: checks
*** FLOP *** [Js 5s Ts]
TbIP-TbIP 88: bets $3
HARDGURU: calls $3
*** TURN *** [Js 5s Ts] [As]
TbIP-TbIP 88: checks
HARDGURU: checks
*** RIVER *** [Js 5s Ts As] [Td]
TbIP-TbIP 88: bets $6
HARDGURU: calls $6
*** SHOW DOWN ***
TbIP-TbIP 88: shows [Tc 5d] (a full house, Tens full of Fives)
HARDGURU: mucks hand
TbIP-TbIP 88 collected $23.52 from pot
*** SUMMARY ***
Total pot $24 | Rake $0.48
Board [Js 5s Ts As Td]
Seat 1: TbIP-TbIP 88 (big blind) showed [Tc 5d] and won ($23.52) with a full house, Tens full of Fives
Seat 2: HARDGURU (button) (small blind) mucked


PokerStars Hand #146736598084:  Hold'em Limit ($3/$6 USD) - 2016/01/09 9:28:51 ET
Table 'Lameia' 2-max Seat #1 is the button
Seat 1: TbIP-TbIP 88 ($72 in chips)
Seat 2: HARDGURU ($198.28 in chips)
TbIP-TbIP 88: posts small blind $1
HARDGURU: posts big blind $3
*** HOLE CARDS ***
TbIP-TbIP 88: raises $3 to $6
HARDGURU: calls $3
*** FLOP *** [Th 9d 2c]
HARDGURU: checks
TbIP-TbIP 88: bets $3
HARDGURU: calls $3
*** TURN *** [Th 9d 2c] [4c]
HARDGURU: checks
TbIP-TbIP 88: checks
*** RIVER *** [Th 9d 2c 4c] [9s]
HARDGURU: bets $6
TbIP-TbIP 88: calls $6
*** SHOW DOWN ***
HARDGURU: shows [5h 2h] (two pair, Nines and Deuces)
TbIP-TbIP 88: mucks hand
HARDGURU collected $29.50 from pot
*** SUMMARY ***
Total pot $30 | Rake $0.50
Board [Th 9d 2c 4c 9s]
Seat 1: TbIP-TbIP 88 (button) (small blind) mucked
Seat 2: HARDGURU (big blind) showed [5h 2h] and won ($29.50) with two pair, Nines and Deuces


PokerStars Hand #146736557556:  Hold'em Limit ($3/$6 USD) - 2016/01/09 9:28:01 ET
Table 'Lameia' 2-max Seat #2 is the button
Seat 1: TbIP-TbIP 88 ($89.18 in chips)
Seat 2: HARDGURU ($177.78 in chips)
HARDGURU: posts small blind $1
TbIP-TbIP 88: posts big blind $3
*** HOLE CARDS ***
HARDGURU: raises $3 to $6
TbIP-TbIP 88: calls $3
*** FLOP *** [4h 2d Jd]
TbIP-TbIP 88: checks
HARDGURU: bets $3
TbIP-TbIP 88: calls $3
*** TURN *** [4h 2d Jd] [Qc]
TbIP-TbIP 88: checks
HARDGURU: bets $6
TbIP-TbIP 88: calls $6
*** RIVER *** [4h 2d Jd Qc] [6d]
TbIP-TbIP 88: checks
HARDGURU: bets $6
TbIP-TbIP 88: calls $6
*** SHOW DOWN ***
HARDGURU: shows [2s Js] (two pair, Jacks and Deuces)
TbIP-TbIP 88: mucks hand
HARDGURU collected $41.50 from pot
*** SUMMARY ***
Total pot $42 | Rake $0.50
Board [4h 2d Jd Qc 6d]
Seat 1: TbIP-TbIP 88 (big blind) mucked
Seat 2: HARDGURU (button) (small blind) showed [2s Js] and won ($41.50) with two pair, Jacks and Deuces


PokerStars Hand #146736658571:  Hold'em Limit ($3/$6 USD) - 2016/01/09 9:30:05 ET
Table 'Lameia' 2-max Seat #1 is the button
Seat 1: TbIP-TbIP 88 ($89.50 in chips)
Seat 2: HARDGURU ($197.28 in chips)
TbIP-TbIP 88: posts small blind $1
HARDGURU: posts big blind $3
*** HOLE CARDS ***
TbIP-TbIP 88: raises $3 to $6
HARDGURU: calls $3
*** FLOP *** [Th 2d As]
HARDGURU: bets $3
TbIP-TbIP 88: folds
Uncalled bet ($3) returned to HARDGURU
HARDGURU collected $11.76 from pot
HARDGURU: doesn't show hand
*** SUMMARY ***
Total pot $12 | Rake $0.24
Board [Th 2d As]
Seat 1: TbIP-TbIP 88 (button) (small blind) folded on the Flop
Seat 2: HARDGURU (big blind) collected ($11.76)


PokerStars Hand #146736637720:  Hold'em Limit ($3/$6 USD) - 2016/01/09 9:29:40 ET
Table 'Lameia' 2-max Seat #2 is the button
Seat 1: TbIP-TbIP 88 ($72 in chips)
Seat 2: HARDGURU ($215.28 in chips)
HARDGURU: posts small blind $1
TbIP-TbIP 88: posts big blind $3
*** HOLE CARDS ***
HARDGURU: raises $3 to $6
TbIP-TbIP 88: raises $3 to $9
HARDGURU: calls $3
*** FLOP *** [4h Tc 2c]
TbIP-TbIP 88: bets $3
HARDGURU: calls $3
*** TURN *** [4h Tc 2c] [Ac]
TbIP-TbIP 88: bets $6
HARDGURU: calls $6
*** RIVER *** [4h Tc 2c Ac] [Jc]
TbIP-TbIP 88: checks
HARDGURU: checks
*** SHOW DOWN ***
TbIP-TbIP 88: shows [Ah 8h] (a pair of Aces)
HARDGURU: mucks hand
TbIP-TbIP 88 collected $35.50 from pot
*** SUMMARY ***
Total pot $36 | Rake $0.50
Board [4h Tc 2c Ac Jc]
Seat 1: TbIP-TbIP 88 (big blind) showed [Ah 8h] and won ($35.50) with a pair of Aces
Seat 2: HARDGURU (button) (small blind) mucked


PokerStars Hand #146736623756:  Hold'em Limit ($3/$6 USD) - 2016/01/09 9:29:22 ET
Table 'Lameia' 2-max Seat #1 is the button
Seat 1: TbIP-TbIP 88 ($83.52 in chips)
Seat 2: HARDGURU ($200.78 in chips)
TbIP-TbIP 88: posts small blind $1
HARDGURU: posts big blind $3
*** HOLE CARDS ***
TbIP-TbIP 88: raises $3 to $6
HARDGURU: calls $3
*** FLOP *** [6h Jc 6s]
HARDGURU: checks
TbIP-TbIP 88: bets $3
HARDGURU: calls $3
*** TURN *** [6h Jc 6s] [7h]
HARDGURU: checks
TbIP-TbIP 88: bets $6
HARDGURU: calls $6
*** RIVER *** [6h Jc 6s 7h] [Ah]
HARDGURU: checks
TbIP-TbIP 88: checks
*** SHOW DOWN ***
HARDGURU: shows [4h Jd] (two pair, Jacks and Sixes)
TbIP-TbIP 88: mucks hand
HARDGURU collected $29.50 from pot
*** SUMMARY ***
Total pot $30 | Rake $0.50
Board [6h Jc 6s 7h Ah]
Seat 1: TbIP-TbIP 88 (button) (small blind) mucked
Seat 2: HARDGURU (big blind) showed [4h Jd] and won ($29.50) with two pair, Jacks and Sixes


PokerStars Hand #146736721689:  Hold'em Limit ($3/$6 USD) - 2016/01/09 9:31:22 ET
Table 'Lameia' 2-max Seat #1 is the button
Seat 1: TbIP-TbIP 88 ($92 in chips)
Seat 2: HARDGURU ($193.68 in chips)
TbIP-TbIP 88: posts small blind $1
HARDGURU: posts big blind $3
*** HOLE CARDS ***
TbIP-TbIP 88: raises $3 to $6
HARDGURU: calls $3
*** FLOP *** [Js 6d As]
HARDGURU: checks
TbIP-TbIP 88: bets $3
HARDGURU: folds
Uncalled bet ($3) returned to TbIP-TbIP 88
TbIP-TbIP 88 collected $11.76 from pot
TbIP-TbIP 88: doesn't show hand
*** SUMMARY ***
Total pot $12 | Rake $0.24
Board [Js 6d As]
Seat 1: TbIP-TbIP 88 (button) (small blind) collected ($11.76)
Seat 2: HARDGURU (big blind) folded on the Flop


PokerStars Hand #146736698042:  Hold'em Limit ($3/$6 USD) - 2016/01/09 9:30:54 ET
Table 'Lameia' 2-max Seat #2 is the button
Seat 1: TbIP-TbIP 88 ($101 in chips)
Seat 2: HARDGURU ($185.04 in chips)
HARDGURU: posts small blind $1
TbIP-TbIP 88: posts big blind $3
*** HOLE CARDS ***
HARDGURU: raises $3 to $6
TbIP-TbIP 88: calls $3
*** FLOP *** [3c 2h 7c]
TbIP-TbIP 88: checks
HARDGURU: bets $3
TbIP-TbIP 88: calls $3
*** TURN *** [3c 2h 7c] [Ad]
TbIP-TbIP 88: checks
HARDGURU: bets $6
TbIP-TbIP 88: folds
Uncalled bet ($6) returned to HARDGURU
HARDGURU collected $17.64 from pot
HARDGURU: doesn't show hand
*** SUMMARY ***
Total pot $18 | Rake $0.36
Board [3c 2h 7c Ad]
Seat 1: TbIP-TbIP 88 (big blind) folded on the Turn
Seat 2: HARDGURU (button) (small blind) collected ($17.64)


PokerStars Hand #146736692728:  Hold'em Limit ($3/$6 USD) - 2016/01/09 9:30:47 ET
Table 'Lameia' 2-max Seat #1 is the button
Seat 1: TbIP-TbIP 88 ($98 in chips)
Seat 2: HARDGURU ($188.04 in chips)
TbIP-TbIP 88: posts small blind $1
HARDGURU: posts big blind $3
*** HOLE CARDS ***
TbIP-TbIP 88: raises $3 to $6
HARDGURU: folds
Uncalled bet ($3) returned to TbIP-TbIP 88
TbIP-TbIP 88 collected $6 from pot
TbIP-TbIP 88: doesn't show hand
*** SUMMARY ***
Total pot $6 | Rake $0
Seat 1: TbIP-TbIP 88 (button) (small blind) collected ($6)
Seat 2: HARDGURU (big blind) folded before Flop


PokerStars Hand #146736674813:  Hold'em Limit ($3/$6 USD) - 2016/01/09 9:30:25 ET
Table 'Lameia' 2-max Seat #2 is the button
Seat 1: TbIP-TbIP 88 ($83.50 in chips)
Seat 2: HARDGURU ($203.04 in chips)
HARDGURU: posts small blind $1
TbIP-TbIP 88: posts big blind $3
*** HOLE CARDS ***
HARDGURU: raises $3 to $6
TbIP-TbIP 88: calls $3
*** FLOP *** [2d Qc 2s]
TbIP-TbIP 88: bets $3
HARDGURU: calls $3
*** TURN *** [2d Qc 2s] [9c]
TbIP-TbIP 88: bets $6
HARDGURU: calls $6
*** RIVER *** [2d Qc 2s 9c] [Ac]
TbIP-TbIP 88: bets $6
HARDGURU: folds
Uncalled bet ($6) returned to TbIP-TbIP 88
TbIP-TbIP 88 collected $29.50 from pot
TbIP-TbIP 88: doesn't show hand
*** SUMMARY ***
Total pot $30 | Rake $0.50
Board [2d Qc 2s 9c Ac]
Seat 1: TbIP-TbIP 88 (big blind) collected ($29.50)
Seat 2: HARDGURU (button) (small blind) folded on the River


PokerStars Hand #146736746416:  Hold'em Limit ($3/$6 USD) - 2016/01/09 9:31:53 ET
Table 'Lameia' 2-max Seat #1 is the button
Seat 1: TbIP-TbIP 88 ($76.76 in chips)
Seat 2: HARDGURU ($208.18 in chips)
TbIP-TbIP 88: posts small blind $1
HARDGURU: posts big blind $3
*** HOLE CARDS ***
TbIP-TbIP 88: raises $3 to $6
HARDGURU: calls $3
*** FLOP *** [3c 6c 9d]
HARDGURU: checks
TbIP-TbIP 88: bets $3
HARDGURU: calls $3
*** TURN *** [3c 6c 9d] [6d]
HARDGURU: checks
TbIP-TbIP 88: bets $6
HARDGURU: folds
Uncalled bet ($6) returned to TbIP-TbIP 88
TbIP-TbIP 88 collected $17.64 from pot
TbIP-TbIP 88: doesn't show hand
*** SUMMARY ***
Total pot $18 | Rake $0.36
Board [3c 6c 9d 6d]
Seat 1: TbIP-TbIP 88 (button) (small blind) collected ($17.64)
Seat 2: HARDGURU (big blind) folded on the Turn


PokerStars Hand #146736730686:  Hold'em Limit ($3/$6 USD) - 2016/01/09 9:31:34 ET
Table 'Lameia' 2-max Seat #2 is the button
Seat 1: TbIP-TbIP 88 ($97.76 in chips)
Seat 2: HARDGURU ($187.68 in chips)
HARDGURU: posts small blind $1
TbIP-TbIP 88: posts big blind $3
*** HOLE CARDS ***
HARDGURU: raises $3 to $6
TbIP-TbIP 88: calls $3
*** FLOP *** [Tc 4s 9s]
TbIP-TbIP 88: checks
HARDGURU: bets $3
TbIP-TbIP 88: calls $3
*** TURN *** [Tc 4s 9s] [2c]
TbIP-TbIP 88: checks
HARDGURU: bets $6
TbIP-TbIP 88: calls $6
*** RIVER *** [Tc 4s 9s 2c] [3d]
TbIP-TbIP 88: bets $6
HARDGURU: calls $6
*** SHOW DOWN ***
TbIP-TbIP 88: shows [Jd 4d] (a pair of Fours)
HARDGURU: shows [9h 5h] (a pair of Nines)
HARDGURU collected $41.50 from pot
*** SUMMARY ***
Total pot $42 | Rake $0.50
Board [Tc 4s 9s 2c 3d]
Seat 1: TbIP-TbIP 88 (big blind) showed [Jd 4d] and lost with a pair of Fours
Seat 2: HARDGURU (button) (small blind) showed [9h 5h] and won ($41.50) with a pair of Nines


PokerStars Hand #146736816467:  Hold'em Limit ($3/$6 USD) - 2016/01/09 9:33:19 ET
Table 'Lameia' 2-max Seat #1 is the button
Seat 1: TbIP-TbIP 88 ($102.66 in chips)
Seat 2: HARDGURU ($180.94 in chips)
TbIP-TbIP 88: posts small blind $1
HARDGURU: posts big blind $3
*** HOLE CARDS ***
TbIP-TbIP 88: raises $3 to $6
HARDGURU: calls $3
*** FLOP *** [5d Js 4d]
HARDGURU: checks
TbIP-TbIP 88: bets $3
HARDGURU: folds
Uncalled bet ($3) returned to TbIP-TbIP 88
TbIP-TbIP 88 collected $11.76 from pot
TbIP-TbIP 88: doesn't show hand
*** SUMMARY ***
Total pot $12 | Rake $0.24
Board [5d Js 4d]
Seat 1: TbIP-TbIP 88 (button) (small blind) collected ($11.76)
Seat 2: HARDGURU (big blind) folded on the Flop


PokerStars Hand #146736807280:  Hold'em Limit ($3/$6 USD) - 2016/01/09 9:33:08 ET
Table 'Lameia' 2-max Seat #2 is the button
Seat 1: TbIP-TbIP 88 ($96.90 in chips)
Seat 2: HARDGURU ($186.94 in chips)
HARDGURU: posts small blind $1
TbIP-TbIP 88: posts big blind $3
*** HOLE CARDS ***
HARDGURU: calls $2
TbIP-TbIP 88: raises $3 to $6
HARDGURU: calls $3
*** FLOP *** [Ts Qc Kh]
TbIP-TbIP 88: bets $3
HARDGURU: folds
Uncalled bet ($3) returned to TbIP-TbIP 88
TbIP-TbIP 88 collected $11.76 from pot
TbIP-TbIP 88: doesn't show hand
*** SUMMARY ***
Total pot $12 | Rake $0.24
Board [Ts Qc Kh]
Seat 1: TbIP-TbIP 88 (big blind) collected ($11.76)
Seat 2: HARDGURU (button) (small blind) folded on the Flop


PokerStars Hand #146736793355:  Hold'em Limit ($3/$6 USD) - 2016/01/09 9:32:51 ET
Table 'Lameia' 2-max Seat #1 is the button
Seat 1: TbIP-TbIP 88 ($102.90 in chips)
Seat 2: HARDGURU ($181.18 in chips)
TbIP-TbIP 88: posts small blind $1
HARDGURU: posts big blind $3
*** HOLE CARDS ***
TbIP-TbIP 88: raises $3 to $6
HARDGURU: calls $3
*** FLOP *** [5d 6s 8h]
HARDGURU: checks
TbIP-TbIP 88: checks
*** TURN *** [5d 6s 8h] [7h]
HARDGURU: bets $6
TbIP-TbIP 88: folds
Uncalled bet ($6) returned to HARDGURU
HARDGURU collected $11.76 from pot
HARDGURU: doesn't show hand
*** SUMMARY ***
Total pot $12 | Rake $0.24
Board [5d 6s 8h 7h]
Seat 1: TbIP-TbIP 88 (button) (small blind) folded on the Turn
Seat 2: HARDGURU (big blind) collected ($11.76)


PokerStars Hand #146736774312:  Hold'em Limit ($3/$6 USD) - 2016/01/09 9:32:27 ET
Table 'Lameia' 2-max Seat #2 is the button
Seat 1: TbIP-TbIP 88 ($85.40 in chips)
Seat 2: HARDGURU ($199.18 in chips)
HARDGURU: posts small blind $1
TbIP-TbIP 88: posts big blind $3
*** HOLE CARDS ***
HARDGURU: raises $3 to $6
TbIP-TbIP 88: calls $3
*** FLOP *** [Td 9d 4c]
TbIP-TbIP 88: checks
HARDGURU: bets $3
TbIP-TbIP 88: raises $3 to $6
HARDGURU: calls $3
*** TURN *** [Td 9d 4c] [4s]
TbIP-TbIP 88: checks
HARDGURU: checks
*** RIVER *** [Td 9d 4c 4s] [Qs]
TbIP-TbIP 88: bets $6
HARDGURU: calls $6
*** SHOW DOWN ***
TbIP-TbIP 88: shows [Qd 2d] (two pair, Queens and Fours)
HARDGURU: mucks hand
TbIP-TbIP 88 collected $35.50 from pot
*** SUMMARY ***
Total pot $36 | Rake $0.50
Board [Td 9d 4c 4s Qs]
Seat 1: TbIP-TbIP 88 (big blind) showed [Qd 2d] and won ($35.50) with two pair, Queens and Fours
Seat 2: HARDGURU (button) (small blind) mucked


PokerStars Hand #146736860144:  Hold'em Limit ($3/$6 USD) - 2016/01/09 9:34:12 ET
Table 'Lameia' 2-max Seat #2 is the button
Seat 1: TbIP-TbIP 88 ($81.42 in chips)
Seat 2: HARDGURU ($200.96 in chips)
HARDGURU: posts small blind $1
TbIP-TbIP 88: posts big blind $3
*** HOLE CARDS ***
HARDGURU: raises $3 to $6
TbIP-TbIP 88: raises $3 to $9
HARDGURU: calls $3
*** FLOP *** [Jh Qh 6d]
TbIP-TbIP 88: bets $3
HARDGURU: raises $3 to $6
TbIP-TbIP 88: calls $3
*** TURN *** [Jh Qh 6d] [Js]
TbIP-TbIP 88: checks
HARDGURU: checks
*** RIVER *** [Jh Qh 6d Js] [2h]
TbIP-TbIP 88: bets $6
HARDGURU: raises $6 to $12
TbIP-TbIP 88: calls $6
*** SHOW DOWN ***
HARDGURU: shows [4h 5h] (a flush, Queen high)
TbIP-TbIP 88: mucks hand
HARDGURU collected $53.50 from pot
*** SUMMARY ***
Total pot $54 | Rake $0.50
Board [Jh Qh 6d Js 2h]
Seat 1: TbIP-TbIP 88 (big blind) mucked
Seat 2: HARDGURU (button) (small blind) showed [4h 5h] and won ($53.50) with a flush, Queen high


PokerStars Hand #146736843356:  Hold'em Limit ($3/$6 USD) - 2016/01/09 9:33:52 ET
Table 'Lameia' 2-max Seat #1 is the button
Seat 1: TbIP-TbIP 88 ($93.42 in chips)
Seat 2: HARDGURU ($189.44 in chips)
TbIP-TbIP 88: posts small blind $1
HARDGURU: posts big blind $3
*** HOLE CARDS ***
TbIP-TbIP 88: raises $3 to $6
HARDGURU: calls $3
*** FLOP *** [Qh Kh 5h]
HARDGURU: checks
TbIP-TbIP 88: bets $3
HARDGURU: raises $3 to $6
TbIP-TbIP 88: calls $3
*** TURN *** [Qh Kh 5h] [Jd]
HARDGURU: checks
TbIP-TbIP 88: checks
*** RIVER *** [Qh Kh 5h Jd] [Jh]
HARDGURU: bets $6
TbIP-TbIP 88: folds
Uncalled bet ($6) returned to HARDGURU
HARDGURU collected $23.52 from pot
HARDGURU: doesn't show hand
*** SUMMARY ***
Total pot $24 | Rake $0.48
Board [Qh Kh 5h Jd Jh]
Seat 1: TbIP-TbIP 88 (button) (small blind) folded on the River
Seat 2: HARDGURU (big blind) collected ($23.52)


PokerStars Hand #146736827174:  Hold'em Limit ($3/$6 USD) - 2016/01/09 9:33:32 ET
Table 'Lameia' 2-max Seat #2 is the button
Seat 1: TbIP-TbIP 88 ($108.42 in chips)
Seat 2: HARDGURU ($174.94 in chips)
HARDGURU: posts small blind $1
TbIP-TbIP 88: posts big blind $3
*** HOLE CARDS ***
HARDGURU: raises $3 to $6
TbIP-TbIP 88: calls $3
*** FLOP *** [As Qs Jh]
TbIP-TbIP 88: checks
HARDGURU: bets $3
TbIP-TbIP 88: calls $3
*** TURN *** [As Qs Jh] [7c]
TbIP-TbIP 88: checks
HARDGURU: bets $6
TbIP-TbIP 88: calls $6
*** RIVER *** [As Qs Jh 7c] [5c]
TbIP-TbIP 88: checks
HARDGURU: bets $6
TbIP-TbIP 88: folds
Uncalled bet ($6) returned to HARDGURU
HARDGURU collected $29.50 from pot
HARDGURU: doesn't show hand
*** SUMMARY ***
Total pot $30 | Rake $0.50
Board [As Qs Jh 7c 5c]
Seat 1: TbIP-TbIP 88 (big blind) folded on the River
Seat 2: HARDGURU (button) (small blind) collected ($29.50)


PokerStars Hand #146736881583:  Hold'em Limit ($3/$6 USD) - 2016/01/09 9:34:38 ET
Table 'Lameia' 2-max Seat #1 is the button
Seat 1: TbIP-TbIP 88 ($72 in chips)
Seat 2: HARDGURU ($227.46 in chips)
TbIP-TbIP 88: posts small blind $1
HARDGURU: posts big blind $3
*** HOLE CARDS ***
TbIP-TbIP 88: raises $3 to $6
HARDGURU: calls $3
*** FLOP *** [Jd Jc 5d]
HARDGURU: checks
TbIP-TbIP 88: bets $3
HARDGURU: calls $3
*** TURN *** [Jd Jc 5d] [8d]
HARDGURU: checks
TbIP-TbIP 88: bets $6
HARDGURU: calls $6
*** RIVER *** [Jd Jc 5d 8d] [Th]
HARDGURU: checks
TbIP-TbIP 88: checks
*** SHOW DOWN ***
HARDGURU: shows [9d Jh] (three of a kind, Jacks)
TbIP-TbIP 88: mucks hand
HARDGURU collected $29.50 from pot
*** SUMMARY ***
Total pot $30 | Rake $0.50
Board [Jd Jc 5d 8d Th]
Seat 1: TbIP-TbIP 88 (button) (small blind) mucked
Seat 2: HARDGURU (big blind) showed [9d Jh] and won ($29.50) with three of a kind, Jacks


PokerStars Hand #146736899790:  Hold'em Limit ($3/$6 USD) - 2016/01/09 9:35:01 ET
Table 'Lameia' 2-max Seat #2 is the button
Seat 1: TbIP-TbIP 88 ($72 in chips)
Seat 2: HARDGURU ($241.96 in chips)
HARDGURU: posts small blind $1
TbIP-TbIP 88: posts big blind $3
*** HOLE CARDS ***
HARDGURU: raises $3 to $6
TbIP-TbIP 88: calls $3
*** FLOP *** [Jh 6s Qc]
TbIP-TbIP 88: checks
HARDGURU: bets $3
TbIP-TbIP 88: folds
Uncalled bet ($3) returned to HARDGURU
HARDGURU collected $11.76 from pot
HARDGURU: doesn't show hand
*** SUMMARY ***
Total pot $12 | Rake $0.24
Board [Jh 6s Qc]
Seat 1: TbIP-TbIP 88 (big blind) folded on the Flop
Seat 2: HARDGURU (button) (small blind) collected ($11.76)


