PokerStars Hand #145724339184:  Hold'em Limit ($3/$6 USD) - 2015/12/22 1:07:31 ET
Table 'Lameia' 2-max Seat #1 is the button
Seat 1: Kurganski ($72 in chips)
Seat 2: KevinStars12 ($92.53 in chips)
Kurganski: posts small blind $1
KevinStars12: posts big blind $3
*** HOLE CARDS ***
Kurganski: raises $3 to $6
KevinStars12: calls $3
*** FLOP *** [7s 5c Qc]
KevinStars12: checks
Kurganski: bets $3
KevinStars12: folds
Uncalled bet ($3) returned to Kurganski
Kurganski collected $11.76 from pot
*** SUMMARY ***
Total pot $12 | Rake $0.24
Board [7s 5c Qc]
Seat 1: Kurganski (button) (small blind) collected ($11.76)
Seat 2: KevinStars12 (big blind) folded on the Flop


PokerStars Hand #145724343293:  Hold'em Limit ($3/$6 USD) - 2015/12/22 1:07:45 ET
Table 'Lameia' 2-max Seat #2 is the button
Seat 1: Kurganski ($77.76 in chips)
Seat 2: KevinStars12 ($86.53 in chips)
KevinStars12: posts small blind $1
Kurganski: posts big blind $3
*** HOLE CARDS ***
KevinStars12: raises $3 to $6
Kurganski: calls $3
*** FLOP *** [4s Kc Ts]
Kurganski: checks
KevinStars12: bets $3
Kurganski: raises $3 to $6
KevinStars12: calls $3
*** TURN *** [4s Kc Ts] [Ah]
Kurganski: checks
KevinStars12: bets $6
Kurganski: folds
Uncalled bet ($6) returned to KevinStars12
KevinStars12 collected $23.52 from pot
KevinStars12: doesn't show hand
*** SUMMARY ***
Total pot $24 | Rake $0.48
Board [4s Kc Ts Ah]
Seat 1: Kurganski (big blind) folded on the Turn
Seat 2: KevinStars12 (button) (small blind) collected ($23.52)


PokerStars Hand #145724351962:  Hold'em Limit ($3/$6 USD) - 2015/12/22 1:08:14 ET
Table 'Lameia' 2-max Seat #1 is the button
Seat 1: Kurganski ($72 in chips)
Seat 2: KevinStars12 ($98.05 in chips)
Kurganski: posts small blind $1
KevinStars12: posts big blind $3
*** HOLE CARDS ***
Kurganski: raises $3 to $6
KevinStars12: calls $3
*** FLOP *** [2s Qs 6s]
KevinStars12: checks
Kurganski: bets $3
KevinStars12: raises $3 to $6
Kurganski: folds
Uncalled bet ($3) returned to KevinStars12
KevinStars12 collected $17.64 from pot
KevinStars12: doesn't show hand
*** SUMMARY ***
Total pot $18 | Rake $0.36
Board [2s Qs 6s]
Seat 1: Kurganski (button) (small blind) folded on the Flop
Seat 2: KevinStars12 (big blind) collected ($17.64)


PokerStars Hand #145724370134:  Hold'em Limit ($3/$6 USD) - 2015/12/22 1:09:16 ET
Table 'Lameia' 2-max Seat #1 is the button
Seat 1: Kurganski ($86.50 in chips)
Seat 2: KevinStars12 ($91.69 in chips)
Kurganski: posts small blind $1
KevinStars12: posts big blind $3
*** HOLE CARDS ***
Kurganski: folds
Uncalled bet ($2) returned to KevinStars12
KevinStars12 collected $2 from pot
KevinStars12: doesn't show hand
*** SUMMARY ***
Total pot $2 | Rake $0
Seat 1: Kurganski (button) (small blind) folded before Flop
Seat 2: KevinStars12 (big blind) collected ($2)


PokerStars Hand #145724380559:  Hold'em Limit ($3/$6 USD) - 2015/12/22 1:09:51 ET
Table 'Lameia' 2-max Seat #2 is the button
Seat 1: Kurganski ($88.02 in chips)
Seat 2: KevinStars12 ($89.33 in chips)
KevinStars12: posts small blind $1
Kurganski: posts big blind $3
*** HOLE CARDS ***
KevinStars12: raises $3 to $6
Kurganski: raises $3 to $9
KevinStars12: calls $3
*** FLOP *** [9c Th Td]
Kurganski: bets $3
KevinStars12: calls $3
*** TURN *** [9c Th Td] [Kd]
Kurganski: bets $6
KevinStars12: folds
Uncalled bet ($6) returned to Kurganski
Kurganski collected $23.52 from pot
*** SUMMARY ***
Total pot $24 | Rake $0.48
Board [9c Th Td Kd]
Seat 1: Kurganski (big blind) collected ($23.52)
Seat 2: KevinStars12 (button) (small blind) folded on the Turn


PokerStars Hand #145724377022:  Hold'em Limit ($3/$6 USD) - 2015/12/22 1:09:39 ET
Table 'Lameia' 2-max Seat #1 is the button
Seat 1: Kurganski ($97.02 in chips)
Seat 2: KevinStars12 ($80.69 in chips)
Kurganski: posts small blind $1
KevinStars12: posts big blind $3
*** HOLE CARDS ***
Kurganski: raises $3 to $6
KevinStars12: raises $3 to $9
Kurganski: calls $3
*** FLOP *** [Ah 2d Jd]
KevinStars12: bets $3
Kurganski: folds
Uncalled bet ($3) returned to KevinStars12
KevinStars12 collected $17.64 from pot
KevinStars12: doesn't show hand
*** SUMMARY ***
Total pot $18 | Rake $0.36
Board [Ah 2d Jd]
Seat 1: Kurganski (button) (small blind) folded on the Flop
Seat 2: KevinStars12 (big blind) collected ($17.64)


PokerStars Hand #145724371507:  Hold'em Limit ($3/$6 USD) - 2015/12/22 1:09:20 ET
Table 'Lameia' 2-max Seat #2 is the button
Seat 1: Kurganski ($85.50 in chips)
Seat 2: KevinStars12 ($92.69 in chips)
KevinStars12: posts small blind $1
Kurganski: posts big blind $3
*** HOLE CARDS ***
KevinStars12: raises $3 to $6
Kurganski: calls $3
*** FLOP *** [5s 6d Ah]
Kurganski: checks
KevinStars12: bets $3
Kurganski: raises $3 to $6
KevinStars12: calls $3
*** TURN *** [5s 6d Ah] [8d]
Kurganski: checks
KevinStars12: checks
*** RIVER *** [5s 6d Ah 8d] [8c]
Kurganski: bets $6
KevinStars12: folds
Uncalled bet ($6) returned to Kurganski
Kurganski collected $23.52 from pot
*** SUMMARY ***
Total pot $24 | Rake $0.48
Board [5s 6d Ah 8d 8c]
Seat 1: Kurganski (big blind) collected ($23.52)
Seat 2: KevinStars12 (button) (small blind) folded on the River


PokerStars Hand #145724394525:  Hold'em Limit ($3/$6 USD) - 2015/12/22 1:10:38 ET
Table 'Lameia' 2-max Seat #2 is the button
Seat 1: Kurganski ($93.54 in chips)
Seat 2: KevinStars12 ($83.09 in chips)
KevinStars12: posts small blind $1
Kurganski: posts big blind $3
*** HOLE CARDS ***
KevinStars12: folds
Uncalled bet ($2) returned to Kurganski
Kurganski collected $2 from pot
*** SUMMARY ***
Total pot $2 | Rake $0
Seat 1: Kurganski (big blind) collected ($2)
Seat 2: KevinStars12 (button) (small blind) folded before Flop


PokerStars Hand #145724388029:  Hold'em Limit ($3/$6 USD) - 2015/12/22 1:10:16 ET
Table 'Lameia' 2-max Seat #1 is the button
Seat 1: Kurganski ($99.54 in chips)
Seat 2: KevinStars12 ($77.33 in chips)
Kurganski: posts small blind $1
KevinStars12: posts big blind $3
*** HOLE CARDS ***
Kurganski: raises $3 to $6
KevinStars12: calls $3
*** FLOP *** [Js Tc 6d]
KevinStars12: bets $3
Kurganski: folds
Uncalled bet ($3) returned to KevinStars12
KevinStars12 collected $11.76 from pot
KevinStars12: doesn't show hand
*** SUMMARY ***
Total pot $12 | Rake $0.24
Board [Js Tc 6d]
Seat 1: Kurganski (button) (small blind) folded on the Flop
Seat 2: KevinStars12 (big blind) collected ($11.76)


PokerStars Hand #145724396069:  Hold'em Limit ($3/$6 USD) - 2015/12/22 1:10:43 ET
Table 'Lameia' 2-max Seat #1 is the button
Seat 1: Kurganski ($94.54 in chips)
Seat 2: KevinStars12 ($82.09 in chips)
Kurganski: posts small blind $1
KevinStars12: posts big blind $3
*** HOLE CARDS ***
Kurganski: raises $3 to $6
KevinStars12: raises $3 to $9
Kurganski: calls $3
*** FLOP *** [6h 6s 9s]
KevinStars12: bets $3
Kurganski: calls $3
*** TURN *** [6h 6s 9s] [Tc]
KevinStars12: bets $6
Kurganski: calls $6
*** RIVER *** [6h 6s 9s Tc] [Qh]
KevinStars12: bets $6
Kurganski: raises $6 to $12
KevinStars12: calls $6
*** SHOW DOWN ***
Kurganski: shows [As 3d] (a pair of Sixes)
KevinStars12: shows [Kd Qc] (two pair, Queens and Sixes)
KevinStars12 collected $59.50 from pot
*** SUMMARY ***
Total pot $60 | Rake $0.50
Board [6h 6s 9s Tc Qh]
Seat 1: Kurganski (button) (small blind) showed [As 3d] and lost with a pair of Sixes
Seat 2: KevinStars12 (big blind) showed [Kd Qc] and won ($59.50) with two pair, Queens and Sixes


PokerStars Hand #145724436218:  Hold'em Limit ($3/$6 USD) - 2015/12/22 1:13:00 ET
Table 'Lameia' 2-max Seat #1 is the button
Seat 1: Kurganski ($104.14 in chips)
Seat 2: KevinStars12 ($116.61 in chips)
Kurganski: posts small blind $1
KevinStars12: posts big blind $3
*** HOLE CARDS ***
Kurganski: raises $3 to $6
KevinStars12: raises $3 to $9
Kurganski: calls $3
*** FLOP *** [Ac 6d Kc]
KevinStars12: bets $3
Kurganski: folds
Uncalled bet ($3) returned to KevinStars12
KevinStars12 collected $17.64 from pot
KevinStars12: doesn't show hand
*** SUMMARY ***
Total pot $18 | Rake $0.36
Board [Ac 6d Kc]
Seat 1: Kurganski (button) (small blind) folded on the Flop
Seat 2: KevinStars12 (big blind) collected ($17.64)


PokerStars Hand #145724431540:  Hold'em Limit ($3/$6 USD) - 2015/12/22 1:12:44 ET
Table 'Lameia' 2-max Seat #2 is the button
Seat 1: Kurganski ($83.64 in chips)
Seat 2: KevinStars12 ($137.61 in chips)
KevinStars12: posts small blind $1
Kurganski: posts big blind $3
*** HOLE CARDS ***
KevinStars12: raises $3 to $6
Kurganski: calls $3
*** FLOP *** [2d 8d 4c]
Kurganski: checks
KevinStars12: bets $3
Kurganski: calls $3
*** TURN *** [2d 8d 4c] [Jd]
Kurganski: checks
KevinStars12: bets $6
Kurganski: calls $6
*** RIVER *** [2d 8d 4c Jd] [6s]
Kurganski: checks
KevinStars12: bets $6
Kurganski: calls $6
*** SHOW DOWN ***
KevinStars12: shows [9s 7s] (high card Jack)
Kurganski: shows [2c Kd] (a pair of Deuces)
Kurganski collected $41.50 from pot
*** SUMMARY ***
Total pot $42 | Rake $0.50
Board [2d 8d 4c Jd 6s]
Seat 1: Kurganski (big blind) showed [2c Kd] and won ($41.50) with a pair of Deuces
Seat 2: KevinStars12 (button) (small blind) showed [9s 7s] and lost with high card Jack


PokerStars Hand #145724429790:  Hold'em Limit ($3/$6 USD) - 2015/12/22 1:12:38 ET
Table 'Lameia' 2-max Seat #1 is the button
Seat 1: Kurganski ($80.64 in chips)
Seat 2: KevinStars12 ($140.61 in chips)
Kurganski: posts small blind $1
KevinStars12: posts big blind $3
*** HOLE CARDS ***
Kurganski: raises $3 to $6
KevinStars12: folds
Uncalled bet ($3) returned to Kurganski
Kurganski collected $6 from pot
*** SUMMARY ***
Total pot $6 | Rake $0
Seat 1: Kurganski (button) (small blind) collected ($6)
Seat 2: KevinStars12 (big blind) folded before Flop


PokerStars Hand #145724426996:  Hold'em Limit ($3/$6 USD) - 2015/12/22 1:12:29 ET
Table 'Lameia' 2-max Seat #2 is the button
Seat 1: Kurganski ($72 in chips)
Seat 2: KevinStars12 ($149.61 in chips)
KevinStars12: posts small blind $1
Kurganski: posts big blind $3
*** HOLE CARDS ***
KevinStars12: raises $3 to $6
Kurganski: raises $3 to $9
KevinStars12: calls $3
*** FLOP *** [Ts 9c 9h]
Kurganski: bets $3
KevinStars12: folds
Uncalled bet ($3) returned to Kurganski
Kurganski collected $17.64 from pot
*** SUMMARY ***
Total pot $18 | Rake $0.36
Board [Ts 9c 9h]
Seat 1: Kurganski (big blind) collected ($17.64)
Seat 2: KevinStars12 (button) (small blind) folded on the Flop


PokerStars Hand #145724417957:  Hold'em Limit ($3/$6 USD) - 2015/12/22 1:11:57 ET
Table 'Lameia' 2-max Seat #1 is the button
Seat 1: Kurganski ($72 in chips)
Seat 2: KevinStars12 ($138.09 in chips)
Kurganski: posts small blind $1
KevinStars12: posts big blind $3
*** HOLE CARDS ***
Kurganski: raises $3 to $6
KevinStars12: calls $3
*** FLOP *** [6h Ks 5c]
KevinStars12: checks
Kurganski: bets $3
KevinStars12: raises $3 to $6
Kurganski: calls $3
*** TURN *** [6h Ks 5c] [2h]
KevinStars12: bets $6
Kurganski: folds
Uncalled bet ($6) returned to KevinStars12
KevinStars12 collected $23.52 from pot
KevinStars12: doesn't show hand
*** SUMMARY ***
Total pot $24 | Rake $0.48
Board [6h Ks 5c 2h]
Seat 1: Kurganski (button) (small blind) folded on the Turn
Seat 2: KevinStars12 (big blind) collected ($23.52)


PokerStars Hand #145724459432:  Hold'em Limit ($3/$6 USD) - 2015/12/22 1:14:18 ET
Table 'Lameia' 2-max Seat #1 is the button
Seat 1: Kurganski ($121.14 in chips)
Seat 2: KevinStars12 ($97.75 in chips)
Kurganski: posts small blind $1
KevinStars12: posts big blind $3
*** HOLE CARDS ***
Kurganski: raises $3 to $6
KevinStars12: folds
Uncalled bet ($3) returned to Kurganski
Kurganski collected $6 from pot
*** SUMMARY ***
Total pot $6 | Rake $0
Seat 1: Kurganski (button) (small blind) collected ($6)
Seat 2: KevinStars12 (big blind) folded before Flop


PokerStars Hand #145724446407:  Hold'em Limit ($3/$6 USD) - 2015/12/22 1:13:34 ET
Table 'Lameia' 2-max Seat #1 is the button
Seat 1: Kurganski ($118.64 in chips)
Seat 2: KevinStars12 ($101.25 in chips)
Kurganski: posts small blind $1
KevinStars12: posts big blind $3
*** HOLE CARDS ***
Kurganski: raises $3 to $6
KevinStars12: raises $3 to $9
Kurganski: calls $3
*** FLOP *** [6c 8d Qd]
KevinStars12: bets $3
Kurganski: calls $3
*** TURN *** [6c 8d Qd] [3d]
KevinStars12: bets $6
Kurganski: calls $6
*** RIVER *** [6c 8d Qd 3d] [7s]
KevinStars12: bets $6
Kurganski: calls $6
*** SHOW DOWN ***
KevinStars12: shows [Qs 8h] (two pair, Queens and Eights)
Kurganski: mucks hand
KevinStars12 collected $47.50 from pot
*** SUMMARY ***
Total pot $48 | Rake $0.50
Board [6c 8d Qd 3d 7s]
Seat 1: Kurganski (button) (small blind) mucked
Seat 2: KevinStars12 (big blind) showed [Qs 8h] and won ($47.50) with two pair, Queens and Eights


PokerStars Hand #145724439556:  Hold'em Limit ($3/$6 USD) - 2015/12/22 1:13:11 ET
Table 'Lameia' 2-max Seat #2 is the button
Seat 1: Kurganski ($95.14 in chips)
Seat 2: KevinStars12 ($125.25 in chips)
KevinStars12: posts small blind $1
Kurganski: posts big blind $3
*** HOLE CARDS ***
KevinStars12: raises $3 to $6
Kurganski: raises $3 to $9
KevinStars12: calls $3
*** FLOP *** [9h Qd 8s]
Kurganski: bets $3
KevinStars12: calls $3
*** TURN *** [9h Qd 8s] [Kc]
Kurganski: bets $6
KevinStars12: calls $6
*** RIVER *** [9h Qd 8s Kc] [Js]
Kurganski: bets $6
KevinStars12: calls $6
*** SHOW DOWN ***
Kurganski: shows [Kd Ad] (a pair of Kings)
KevinStars12: mucks hand
Kurganski collected $47.50 from pot
*** SUMMARY ***
Total pot $48 | Rake $0.50
Board [9h Qd 8s Kc Js]
Seat 1: Kurganski (big blind) showed [Kd Ad] and won ($47.50) with a pair of Kings
Seat 2: KevinStars12 (button) (small blind) mucked


PokerStars Hand #145724472092:  Hold'em Limit ($3/$6 USD) - 2015/12/22 1:15:02 ET
Table 'Lameia' 2-max Seat #2 is the button
Seat 1: Kurganski ($141.64 in chips)
Seat 2: KevinStars12 ($76.39 in chips)
KevinStars12: posts small blind $1
Kurganski: posts big blind $3
*** HOLE CARDS ***
KevinStars12: folds
Uncalled bet ($2) returned to Kurganski
Kurganski collected $2 from pot
*** SUMMARY ***
Total pot $2 | Rake $0
Seat 1: Kurganski (big blind) collected ($2)
Seat 2: KevinStars12 (button) (small blind) folded before Flop


PokerStars Hand #145724467403:  Hold'em Limit ($3/$6 USD) - 2015/12/22 1:14:46 ET
Table 'Lameia' 2-max Seat #1 is the button
Seat 1: Kurganski ($150.64 in chips)
Seat 2: KevinStars12 ($67.75 in chips)
Kurganski: posts small blind $1
KevinStars12: posts big blind $3
*** HOLE CARDS ***
Kurganski: raises $3 to $6
KevinStars12: raises $3 to $9
Kurganski: calls $3
*** FLOP *** [Ad 2s Kh]
KevinStars12: bets $3
Kurganski: folds
Uncalled bet ($3) returned to KevinStars12
KevinStars12 collected $17.64 from pot
KevinStars12: doesn't show hand
*** SUMMARY ***
Total pot $18 | Rake $0.36
Board [Ad 2s Kh]
Seat 1: Kurganski (button) (small blind) folded on the Flop
Seat 2: KevinStars12 (big blind) collected ($17.64)


PokerStars Hand #145724460889:  Hold'em Limit ($3/$6 USD) - 2015/12/22 1:14:23 ET
Table 'Lameia' 2-max Seat #2 is the button
Seat 1: Kurganski ($124.14 in chips)
Seat 2: KevinStars12 ($94.75 in chips)
KevinStars12: posts small blind $1
Kurganski: posts big blind $3
*** HOLE CARDS ***
KevinStars12: raises $3 to $6
Kurganski: calls $3
*** FLOP *** [Kc 4d Jd]
Kurganski: checks
KevinStars12: bets $3
Kurganski: calls $3
*** TURN *** [Kc 4d Jd] [9d]
Kurganski: checks
KevinStars12: bets $6
Kurganski: calls $6
*** RIVER *** [Kc 4d Jd 9d] [Jh]
Kurganski: checks
KevinStars12: bets $6
Kurganski: raises $6 to $12
KevinStars12: calls $6
*** SHOW DOWN ***
Kurganski: shows [Js 5c] (three of a kind, Jacks)
KevinStars12: mucks hand
Kurganski collected $53.50 from pot
*** SUMMARY ***
Total pot $54 | Rake $0.50
Board [Kc 4d Jd 9d Jh]
Seat 1: Kurganski (big blind) showed [Js 5c] and won ($53.50) with three of a kind, Jacks
Seat 2: KevinStars12 (button) (small blind) mucked


PokerStars Hand #145724481498:  Hold'em Limit ($3/$6 USD) - 2015/12/22 1:15:34 ET
Table 'Lameia' 2-max Seat #2 is the button
Seat 1: Kurganski ($118.64 in chips)
Seat 2: KevinStars12 ($98.89 in chips)
KevinStars12: posts small blind $1
Kurganski: posts big blind $3
*** HOLE CARDS ***
KevinStars12: raises $3 to $6
Kurganski: calls $3
*** FLOP *** [8h Ts Th]
Kurganski: checks
KevinStars12: bets $3
Kurganski: calls $3
*** TURN *** [8h Ts Th] [Jd]
Kurganski: checks
KevinStars12: checks
*** RIVER *** [8h Ts Th Jd] [8s]
Kurganski: checks
KevinStars12: checks
*** SHOW DOWN ***
Kurganski: shows [Kd 9h] (two pair, Tens and Eights)
KevinStars12: shows [Kc 7d] (two pair, Tens and Eights)
Kurganski collected $8.82 from pot
KevinStars12 collected $8.82 from pot
*** SUMMARY ***
Total pot $18 | Rake $0.36
Board [8h Ts Th Jd 8s]
Seat 1: Kurganski (big blind) showed [Kd 9h] and won ($8.82) with two pair, Tens and Eights
Seat 2: KevinStars12 (button) (small blind) showed [Kc 7d] and won ($8.82) with two pair, Tens and Eights


PokerStars Hand #145724489440:  Hold'em Limit ($3/$6 USD) - 2015/12/22 1:16:02 ET
Table 'Lameia' 2-max Seat #1 is the button
Seat 1: Kurganski ($118.46 in chips)
Seat 2: KevinStars12 ($98.71 in chips)
Kurganski: posts small blind $1
KevinStars12: posts big blind $3
*** HOLE CARDS ***
Kurganski: raises $3 to $6
KevinStars12: raises $3 to $9
Kurganski: calls $3
*** FLOP *** [As 5s Ac]
KevinStars12: bets $3
Kurganski: calls $3
*** TURN *** [As 5s Ac] [9s]
KevinStars12: bets $6
Kurganski: calls $6
*** RIVER *** [As 5s Ac 9s] [8c]
KevinStars12: bets $6
Kurganski: calls $6
*** SHOW DOWN ***
KevinStars12: shows [9c 7c] (two pair, Aces and Nines)
Kurganski: mucks hand
KevinStars12 collected $47.50 from pot
*** SUMMARY ***
Total pot $48 | Rake $0.50
Board [As 5s Ac 9s 8c]
Seat 1: Kurganski (button) (small blind) mucked
Seat 2: KevinStars12 (big blind) showed [9c 7c] and won ($47.50) with two pair, Aces and Nines


PokerStars Hand #145724509511:  Hold'em Limit ($3/$6 USD) - 2015/12/22 1:17:11 ET
Table 'Lameia' 2-max Seat #2 is the button
Seat 1: Kurganski ($72.46 in chips)
Seat 2: KevinStars12 ($143.49 in chips)
KevinStars12: posts small blind $1
Kurganski: posts big blind $3
*** HOLE CARDS ***
KevinStars12: folds
Uncalled bet ($2) returned to Kurganski
Kurganski collected $2 from pot
*** SUMMARY ***
Total pot $2 | Rake $0
Seat 1: Kurganski (big blind) collected ($2)
Seat 2: KevinStars12 (button) (small blind) folded before Flop


PokerStars Hand #145724505763:  Hold'em Limit ($3/$6 USD) - 2015/12/22 1:16:58 ET
Table 'Lameia' 2-max Seat #1 is the button
Seat 1: Kurganski ($84.46 in chips)
Seat 2: KevinStars12 ($131.97 in chips)
Kurganski: posts small blind $1
KevinStars12: posts big blind $3
*** HOLE CARDS ***
Kurganski: raises $3 to $6
KevinStars12: raises $3 to $9
Kurganski: calls $3
*** FLOP *** [9s 8h Ad]
KevinStars12: bets $3
Kurganski: calls $3
*** TURN *** [9s 8h Ad] [Jh]
KevinStars12: bets $6
Kurganski: folds
Uncalled bet ($6) returned to KevinStars12
KevinStars12 collected $23.52 from pot
KevinStars12: doesn't show hand
*** SUMMARY ***
Total pot $24 | Rake $0.48
Board [9s 8h Ad Jh]
Seat 1: Kurganski (button) (small blind) folded on the Turn
Seat 2: KevinStars12 (big blind) collected ($23.52)


PokerStars Hand #145724503452:  Hold'em Limit ($3/$6 USD) - 2015/12/22 1:16:50 ET
Table 'Lameia' 2-max Seat #2 is the button
Seat 1: Kurganski ($90.46 in chips)
Seat 2: KevinStars12 ($126.21 in chips)
KevinStars12: posts small blind $1
Kurganski: posts big blind $3
*** HOLE CARDS ***
KevinStars12: raises $3 to $6
Kurganski: calls $3
*** FLOP *** [3h Kc 8c]
Kurganski: checks
KevinStars12: bets $3
Kurganski: folds
Uncalled bet ($3) returned to KevinStars12
KevinStars12 collected $11.76 from pot
KevinStars12: doesn't show hand
*** SUMMARY ***
Total pot $12 | Rake $0.24
Board [3h Kc 8c]
Seat 1: Kurganski (big blind) folded on the Flop
Seat 2: KevinStars12 (button) (small blind) collected ($11.76)


PokerStars Hand #145724502342:  Hold'em Limit ($3/$6 USD) - 2015/12/22 1:16:46 ET
Table 'Lameia' 2-max Seat #1 is the button
Seat 1: Kurganski ($91.46 in chips)
Seat 2: KevinStars12 ($125.21 in chips)
Kurganski: posts small blind $1
KevinStars12: posts big blind $3
*** HOLE CARDS ***
Kurganski: folds
Uncalled bet ($2) returned to KevinStars12
KevinStars12 collected $2 from pot
KevinStars12: doesn't show hand
*** SUMMARY ***
Total pot $2 | Rake $0
Seat 1: Kurganski (button) (small blind) folded before Flop
Seat 2: KevinStars12 (big blind) collected ($2)


PokerStars Hand #145724499547:  Hold'em Limit ($3/$6 USD) - 2015/12/22 1:16:36 ET
Table 'Lameia' 2-max Seat #2 is the button
Seat 1: Kurganski ($94.46 in chips)
Seat 2: KevinStars12 ($122.21 in chips)
KevinStars12: posts small blind $1
Kurganski: posts big blind $3
*** HOLE CARDS ***
KevinStars12: raises $3 to $6
Kurganski: folds
Uncalled bet ($3) returned to KevinStars12
KevinStars12 collected $6 from pot
KevinStars12: doesn't show hand
*** SUMMARY ***
Total pot $6 | Rake $0
Seat 1: Kurganski (big blind) folded before Flop
Seat 2: KevinStars12 (button) (small blind) collected ($6)


PokerStars Hand #145724524809:  Hold'em Limit ($3/$6 USD) - 2015/12/22 1:18:06 ET
Table 'Lameia' 2-max Seat #2 is the button
Seat 1: Kurganski ($105.46 in chips)
Seat 2: KevinStars12 ($109.25 in chips)
KevinStars12: posts small blind $1
Kurganski: posts big blind $3
*** HOLE CARDS ***
KevinStars12: raises $3 to $6
Kurganski: raises $3 to $9
KevinStars12: calls $3
*** FLOP *** [4d 4s Qh]
Kurganski: bets $3
KevinStars12: calls $3
*** TURN *** [4d 4s Qh] [6d]
Kurganski: checks
KevinStars12: bets $6
Kurganski: calls $6
*** RIVER *** [4d 4s Qh 6d] [Jd]
Kurganski: checks
KevinStars12: checks
*** SHOW DOWN ***
Kurganski: shows [Kc Jc] (two pair, Jacks and Fours)
KevinStars12: mucks hand
Kurganski collected $35.50 from pot
*** SUMMARY ***
Total pot $36 | Rake $0.50
Board [4d 4s Qh 6d Jd]
Seat 1: Kurganski (big blind) showed [Kc Jc] and won ($35.50) with two pair, Jacks and Fours
Seat 2: KevinStars12 (button) (small blind) mucked


PokerStars Hand #145724518541:  Hold'em Limit ($3/$6 USD) - 2015/12/22 1:17:44 ET
Table 'Lameia' 2-max Seat #1 is the button
Seat 1: Kurganski ($81.96 in chips)
Seat 2: KevinStars12 ($133.25 in chips)
Kurganski: posts small blind $1
KevinStars12: posts big blind $3
*** HOLE CARDS ***
Kurganski: raises $3 to $6
KevinStars12: raises $3 to $9
Kurganski: calls $3
*** FLOP *** [6d Qs 6c]
KevinStars12: bets $3
Kurganski: calls $3
*** TURN *** [6d Qs 6c] [3c]
KevinStars12: checks
Kurganski: bets $6
KevinStars12: calls $6
*** RIVER *** [6d Qs 6c 3c] [6h]
KevinStars12: checks
Kurganski: bets $6
KevinStars12: calls $6
*** SHOW DOWN ***
Kurganski: shows [Qc 4s] (a full house, Sixes full of Queens)
KevinStars12: mucks hand
Kurganski collected $47.50 from pot
*** SUMMARY ***
Total pot $48 | Rake $0.50
Board [6d Qs 6c 3c 6h]
Seat 1: Kurganski (button) (small blind) showed [Qc 4s] and won ($47.50) with a full house, Sixes full of Queens
Seat 2: KevinStars12 (big blind) mucked


PokerStars Hand #145724516175:  Hold'em Limit ($3/$6 USD) - 2015/12/22 1:17:35 ET
Table 'Lameia' 2-max Seat #2 is the button
Seat 1: Kurganski ($87.96 in chips)
Seat 2: KevinStars12 ($127.49 in chips)
KevinStars12: posts small blind $1
Kurganski: posts big blind $3
*** HOLE CARDS ***
KevinStars12: raises $3 to $6
Kurganski: calls $3
*** FLOP *** [Th 2d Qs]
Kurganski: checks
KevinStars12: bets $3
Kurganski: folds
Uncalled bet ($3) returned to KevinStars12
KevinStars12 collected $11.76 from pot
KevinStars12: doesn't show hand
*** SUMMARY ***
Total pot $12 | Rake $0.24
Board [Th 2d Qs]
Seat 1: Kurganski (big blind) folded on the Flop
Seat 2: KevinStars12 (button) (small blind) collected ($11.76)


PokerStars Hand #145724529649:  Hold'em Limit ($3/$6 USD) - 2015/12/22 1:18:23 ET
Table 'Lameia' 2-max Seat #1 is the button
Seat 1: Kurganski ($122.96 in chips)
Seat 2: KevinStars12 ($91.25 in chips)
Kurganski: posts small blind $1
KevinStars12: posts big blind $3
*** HOLE CARDS ***
Kurganski: raises $3 to $6
KevinStars12: folds
Uncalled bet ($3) returned to Kurganski
Kurganski collected $6 from pot
*** SUMMARY ***
Total pot $6 | Rake $0
Seat 1: Kurganski (button) (small blind) collected ($6)
Seat 2: KevinStars12 (big blind) folded before Flop


PokerStars Hand #145724531971:  Hold'em Limit ($3/$6 USD) - 2015/12/22 1:18:31 ET
Table 'Lameia' 2-max Seat #2 is the button
Seat 1: Kurganski ($125.96 in chips)
Seat 2: KevinStars12 ($88.25 in chips)
KevinStars12: posts small blind $1
Kurganski: posts big blind $3
*** HOLE CARDS ***
KevinStars12: raises $3 to $6
Kurganski: calls $3
*** FLOP *** [Ah 9s Qs]
Kurganski: checks
KevinStars12: bets $3
Kurganski: folds
Uncalled bet ($3) returned to KevinStars12
KevinStars12 collected $11.76 from pot
KevinStars12: doesn't show hand
*** SUMMARY ***
Total pot $12 | Rake $0.24
Board [Ah 9s Qs]
Seat 1: Kurganski (big blind) folded on the Flop
Seat 2: KevinStars12 (button) (small blind) collected ($11.76)


PokerStars Hand #145724534877:  Hold'em Limit ($3/$6 USD) - 2015/12/22 1:18:41 ET
Table 'Lameia' 2-max Seat #1 is the button
Seat 1: Kurganski ($119.96 in chips)
Seat 2: KevinStars12 ($94.01 in chips)
Kurganski: posts small blind $1
KevinStars12: posts big blind $3
*** HOLE CARDS ***
Kurganski: raises $3 to $6
KevinStars12: calls $3
*** FLOP *** [5d 9h 2d]
KevinStars12: bets $3
Kurganski: calls $3
*** TURN *** [5d 9h 2d] [8s]
KevinStars12: bets $6
Kurganski: calls $6
*** RIVER *** [5d 9h 2d 8s] [9d]
KevinStars12: bets $6
Kurganski: folds
Uncalled bet ($6) returned to KevinStars12
KevinStars12 collected $29.50 from pot
KevinStars12: doesn't show hand
*** SUMMARY ***
Total pot $30 | Rake $0.50
Board [5d 9h 2d 8s 9d]
Seat 1: Kurganski (button) (small blind) folded on the River
Seat 2: KevinStars12 (big blind) collected ($29.50)


PokerStars Hand #145724542621:  Hold'em Limit ($3/$6 USD) - 2015/12/22 1:19:08 ET
Table 'Lameia' 2-max Seat #2 is the button
Seat 1: Kurganski ($104.96 in chips)
Seat 2: KevinStars12 ($108.51 in chips)
KevinStars12: posts small blind $1
Kurganski: posts big blind $3
*** HOLE CARDS ***
KevinStars12: raises $3 to $6
Kurganski: calls $3
*** FLOP *** [Ac 6c 5c]
Kurganski: checks
KevinStars12: bets $3
Kurganski: calls $3
*** TURN *** [Ac 6c 5c] [Kd]
Kurganski: checks
KevinStars12: checks
*** RIVER *** [Ac 6c 5c Kd] [4c]
Kurganski: checks
KevinStars12: checks
*** SHOW DOWN ***
Kurganski: shows [2s Ad] (a pair of Aces)
KevinStars12: mucks hand
Kurganski collected $17.64 from pot
*** SUMMARY ***
Total pot $18 | Rake $0.36
Board [Ac 6c 5c Kd 4c]
Seat 1: Kurganski (big blind) showed [2s Ad] and won ($17.64) with a pair of Aces
Seat 2: KevinStars12 (button) (small blind) mucked


PokerStars Hand #145724547390:  Hold'em Limit ($3/$6 USD) - 2015/12/22 1:19:25 ET
Table 'Lameia' 2-max Seat #1 is the button
Seat 1: Kurganski ($113.60 in chips)
Seat 2: KevinStars12 ($99.51 in chips)
Kurganski: posts small blind $1
KevinStars12: posts big blind $3
*** HOLE CARDS ***
Kurganski: raises $3 to $6
KevinStars12: calls $3
*** FLOP *** [4c 3c 5d]
KevinStars12: checks
Kurganski: checks
*** TURN *** [4c 3c 5d] [7c]
KevinStars12: bets $6
Kurganski: calls $6
*** RIVER *** [4c 3c 5d 7c] [Ac]
KevinStars12: bets $6
Kurganski: folds
Uncalled bet ($6) returned to KevinStars12
KevinStars12 collected $23.52 from pot
KevinStars12: doesn't show hand
*** SUMMARY ***
Total pot $24 | Rake $0.48
Board [4c 3c 5d 7c Ac]
Seat 1: Kurganski (button) (small blind) folded on the River
Seat 2: KevinStars12 (big blind) collected ($23.52)


PokerStars Hand #145724552820:  Hold'em Limit ($3/$6 USD) - 2015/12/22 1:19:44 ET
Table 'Lameia' 2-max Seat #2 is the button
Seat 1: Kurganski ($101.60 in chips)
Seat 2: KevinStars12 ($111.03 in chips)
KevinStars12: posts small blind $1
Kurganski: posts big blind $3
*** HOLE CARDS ***
KevinStars12: raises $3 to $6
Kurganski: calls $3
*** FLOP *** [7h 8h 3s]
Kurganski: checks
KevinStars12: bets $3
Kurganski: calls $3
*** TURN *** [7h 8h 3s] [4c]
Kurganski: checks
KevinStars12: bets $6
Kurganski: folds
Uncalled bet ($6) returned to KevinStars12
KevinStars12 collected $17.64 from pot
KevinStars12: doesn't show hand
*** SUMMARY ***
Total pot $18 | Rake $0.36
Board [7h 8h 3s 4c]
Seat 1: Kurganski (big blind) folded on the Turn
Seat 2: KevinStars12 (button) (small blind) collected ($17.64)


PokerStars Hand #145724564115:  Hold'em Limit ($3/$6 USD) - 2015/12/22 1:20:23 ET
Table 'Lameia' 2-max Seat #2 is the button
Seat 1: Kurganski ($72 in chips)
Seat 2: KevinStars12 ($143.17 in chips)
KevinStars12: posts small blind $1
Kurganski: posts big blind $3
*** HOLE CARDS ***
KevinStars12: raises $3 to $6
Kurganski: raises $3 to $9
KevinStars12: calls $3
*** FLOP *** [6c 8s Ac]
Kurganski: bets $3
KevinStars12: folds
Uncalled bet ($3) returned to Kurganski
Kurganski collected $17.64 from pot
*** SUMMARY ***
Total pot $18 | Rake $0.36
Board [6c 8s Ac]
Seat 1: Kurganski (big blind) collected ($17.64)
Seat 2: KevinStars12 (button) (small blind) folded on the Flop


PokerStars Hand #145724573477:  Hold'em Limit ($3/$6 USD) - 2015/12/22 1:20:56 ET
Table 'Lameia' 2-max Seat #2 is the button
Seat 1: Kurganski ($101.14 in chips)
Seat 2: KevinStars12 ($113.17 in chips)
KevinStars12: posts small blind $1
Kurganski: posts big blind $3
*** HOLE CARDS ***
KevinStars12: raises $3 to $6
Kurganski: calls $3
*** FLOP *** [Kd Ac 3s]
Kurganski: checks
KevinStars12: bets $3
Kurganski: calls $3
*** TURN *** [Kd Ac 3s] [Ts]
Kurganski: checks
KevinStars12: bets $6
Kurganski: folds
Uncalled bet ($6) returned to KevinStars12
KevinStars12 collected $17.64 from pot
KevinStars12: doesn't show hand
*** SUMMARY ***
Total pot $18 | Rake $0.36
Board [Kd Ac 3s Ts]
Seat 1: Kurganski (big blind) folded on the Turn
Seat 2: KevinStars12 (button) (small blind) collected ($17.64)


PokerStars Hand #145724589157:  Hold'em Limit ($3/$6 USD) - 2015/12/22 1:21:52 ET
Table 'Lameia' 2-max Seat #1 is the button
Seat 1: Kurganski ($94.78 in chips)
Seat 2: KevinStars12 ($118.57 in chips)
Kurganski: posts small blind $1
KevinStars12: posts big blind $3
*** HOLE CARDS ***
Kurganski: raises $3 to $6
KevinStars12: folds
Uncalled bet ($3) returned to Kurganski
Kurganski collected $6 from pot
*** SUMMARY ***
Total pot $6 | Rake $0
Seat 1: Kurganski (button) (small blind) collected ($6)
Seat 2: KevinStars12 (big blind) folded before Flop


PokerStars Hand #145724584404:  Hold'em Limit ($3/$6 USD) - 2015/12/22 1:21:35 ET
Table 'Lameia' 2-max Seat #2 is the button
Seat 1: Kurganski ($86.14 in chips)
Seat 2: KevinStars12 ($127.57 in chips)
KevinStars12: posts small blind $1
Kurganski: posts big blind $3
*** HOLE CARDS ***
KevinStars12: raises $3 to $6
Kurganski: calls $3
*** FLOP *** [3s Ac 8h]
Kurganski: checks
KevinStars12: bets $3
Kurganski: calls $3
*** TURN *** [3s Ac 8h] [5h]
Kurganski: checks
KevinStars12: checks
*** RIVER *** [3s Ac 8h 5h] [3h]
Kurganski: bets $6
KevinStars12: folds
Uncalled bet ($6) returned to Kurganski
Kurganski collected $17.64 from pot
*** SUMMARY ***
Total pot $18 | Rake $0.36
Board [3s Ac 8h 5h 3h]
Seat 1: Kurganski (big blind) collected ($17.64)
Seat 2: KevinStars12 (button) (small blind) folded on the River


PokerStars Hand #145724594940:  Hold'em Limit ($3/$6 USD) - 2015/12/22 1:22:12 ET
Table 'Lameia' 2-max Seat #1 is the button
Seat 1: Kurganski ($106.42 in chips)
Seat 2: KevinStars12 ($106.57 in chips)
Kurganski: posts small blind $1
KevinStars12: posts big blind $3
*** HOLE CARDS ***
Kurganski: raises $3 to $6
KevinStars12: folds
Uncalled bet ($3) returned to Kurganski
Kurganski collected $6 from pot
*** SUMMARY ***
Total pot $6 | Rake $0
Seat 1: Kurganski (button) (small blind) collected ($6)
Seat 2: KevinStars12 (big blind) folded before Flop


PokerStars Hand #145724578698:  Hold'em Limit ($3/$6 USD) - 2015/12/22 1:21:15 ET
Table 'Lameia' 2-max Seat #1 is the button
Seat 1: Kurganski ($92.14 in chips)
Seat 2: KevinStars12 ($121.81 in chips)
Kurganski: posts small blind $1
KevinStars12: posts big blind $3
*** HOLE CARDS ***
Kurganski: raises $3 to $6
KevinStars12: calls $3
*** FLOP *** [3s Jd Kd]
KevinStars12: bets $3
Kurganski: folds
Uncalled bet ($3) returned to KevinStars12
KevinStars12 collected $11.76 from pot
KevinStars12: doesn't show hand
*** SUMMARY ***
Total pot $12 | Rake $0.24
Board [3s Jd Kd]
Seat 1: Kurganski (button) (small blind) folded on the Flop
Seat 2: KevinStars12 (big blind) collected ($11.76)


PokerStars Hand #145724603112:  Hold'em Limit ($3/$6 USD) - 2015/12/22 1:22:41 ET
Table 'Lameia' 2-max Seat #1 is the button
Seat 1: Kurganski ($118.06 in chips)
Seat 2: KevinStars12 ($94.57 in chips)
Kurganski: posts small blind $1
KevinStars12: posts big blind $3
*** HOLE CARDS ***
Kurganski: raises $3 to $6
KevinStars12: raises $3 to $9
Kurganski: calls $3
*** FLOP *** [5h Ks 3d]
KevinStars12: bets $3
Kurganski: calls $3
*** TURN *** [5h Ks 3d] [Tc]
KevinStars12: checks
Kurganski: checks
*** RIVER *** [5h Ks 3d Tc] [6s]
KevinStars12: checks
Kurganski: bets $6
KevinStars12: calls $6
*** SHOW DOWN ***
Kurganski: shows [Jh 6d] (a pair of Sixes)
KevinStars12: mucks hand
Kurganski collected $35.50 from pot
*** SUMMARY ***
Total pot $36 | Rake $0.50
Board [5h Ks 3d Tc 6s]
Seat 1: Kurganski (button) (small blind) showed [Jh 6d] and won ($35.50) with a pair of Sixes
Seat 2: KevinStars12 (big blind) mucked


PokerStars Hand #145724627507:  Hold'em Limit ($3/$6 USD) - 2015/12/22 1:24:05 ET
Table 'Lameia' 2-max Seat #1 is the button
Seat 1: Kurganski ($159.70 in chips)
Seat 2: KevinStars12 ($51.33 in chips)
Kurganski: posts small blind $1
KevinStars12: posts big blind $3
*** HOLE CARDS ***
Kurganski: raises $3 to $6
KevinStars12: folds
Uncalled bet ($3) returned to Kurganski
Kurganski collected $6 from pot
*** SUMMARY ***
Total pot $6 | Rake $0
Seat 1: Kurganski (button) (small blind) collected ($6)
Seat 2: KevinStars12 (big blind) folded before Flop


PokerStars Hand #145724622252:  Hold'em Limit ($3/$6 USD) - 2015/12/22 1:23:47 ET
Table 'Lameia' 2-max Seat #2 is the button
Seat 1: Kurganski ($136.20 in chips)
Seat 2: KevinStars12 ($75.33 in chips)
KevinStars12: posts small blind $1
Kurganski: posts big blind $3
*** HOLE CARDS ***
KevinStars12: raises $3 to $6
Kurganski: calls $3
*** FLOP *** [4c Js 4h]
Kurganski: checks
KevinStars12: bets $3
Kurganski: raises $3 to $6
KevinStars12: calls $3
*** TURN *** [4c Js 4h] [8d]
Kurganski: bets $6
KevinStars12: raises $6 to $12
Kurganski: calls $6
*** RIVER *** [4c Js 4h 8d] [Td]
Kurganski: checks
KevinStars12: checks
*** SHOW DOWN ***
Kurganski: shows [5c 8s] (two pair, Eights and Fours)
KevinStars12: mucks hand
Kurganski collected $47.50 from pot
*** SUMMARY ***
Total pot $48 | Rake $0.50
Board [4c Js 4h 8d Td]
Seat 1: Kurganski (big blind) showed [5c 8s] and won ($47.50) with two pair, Eights and Fours
Seat 2: KevinStars12 (button) (small blind) mucked


PokerStars Hand #145724628948:  Hold'em Limit ($3/$6 USD) - 2015/12/22 1:24:10 ET
Table 'Lameia' 2-max Seat #2 is the button
Seat 1: Kurganski ($162.70 in chips)
Seat 2: KevinStars12 ($48.33 in chips)
KevinStars12: posts small blind $1
Kurganski: posts big blind $3
*** HOLE CARDS ***
KevinStars12: raises $3 to $6
Kurganski: calls $3
*** FLOP *** [5d Ks Ad]
Kurganski: checks
KevinStars12: bets $3
Kurganski: folds
Uncalled bet ($3) returned to KevinStars12
KevinStars12 collected $11.76 from pot
KevinStars12: doesn't show hand
*** SUMMARY ***
Total pot $12 | Rake $0.24
Board [5d Ks Ad]
Seat 1: Kurganski (big blind) folded on the Flop
Seat 2: KevinStars12 (button) (small blind) collected ($11.76)


PokerStars Hand #145724621052:  Hold'em Limit ($3/$6 USD) - 2015/12/22 1:23:43 ET
Table 'Lameia' 2-max Seat #1 is the button
Seat 1: Kurganski ($137.20 in chips)
Seat 2: KevinStars12 ($74.33 in chips)
Kurganski: posts small blind $1
KevinStars12: posts big blind $3
*** HOLE CARDS ***
Kurganski: folds
Uncalled bet ($2) returned to KevinStars12
KevinStars12 collected $2 from pot
KevinStars12: doesn't show hand
*** SUMMARY ***
Total pot $2 | Rake $0
Seat 1: Kurganski (button) (small blind) folded before Flop
Seat 2: KevinStars12 (big blind) collected ($2)


PokerStars Hand #145724638583:  Hold'em Limit ($3/$6 USD) - 2015/12/22 1:24:44 ET
Table 'Lameia' 2-max Seat #1 is the button
Seat 1: Kurganski ($133.70 in chips)
Seat 2: KevinStars12 ($76.59 in chips)
Kurganski: posts small blind $1
KevinStars12: posts big blind $3
*** HOLE CARDS ***
Kurganski: raises $3 to $6
KevinStars12: calls $3
*** FLOP *** [2h 3d 8c]
KevinStars12: bets $3
Kurganski: raises $3 to $6
KevinStars12: calls $3
*** TURN *** [2h 3d 8c] [Qd]
KevinStars12: checks
Kurganski: bets $6
KevinStars12: calls $6
*** RIVER *** [2h 3d 8c Qd] [9c]
KevinStars12: checks
Kurganski: bets $6
KevinStars12: folds
Uncalled bet ($6) returned to Kurganski
Kurganski collected $35.50 from pot
*** SUMMARY ***
Total pot $36 | Rake $0.50
Board [2h 3d 8c Qd 9c]
Seat 1: Kurganski (button) (small blind) collected ($35.50)
Seat 2: KevinStars12 (big blind) folded on the River


PokerStars Hand #145724646364:  Hold'em Limit ($3/$6 USD) - 2015/12/22 1:25:10 ET
Table 'Lameia' 2-max Seat #2 is the button
Seat 1: Kurganski ($151.20 in chips)
Seat 2: KevinStars12 ($58.59 in chips)
KevinStars12: posts small blind $1
Kurganski: posts big blind $3
*** HOLE CARDS ***
KevinStars12: folds
Uncalled bet ($2) returned to Kurganski
Kurganski collected $2 from pot
*** SUMMARY ***
Total pot $2 | Rake $0
Seat 1: Kurganski (big blind) collected ($2)
Seat 2: KevinStars12 (button) (small blind) folded before Flop


PokerStars Hand #145724632526:  Hold'em Limit ($3/$6 USD) - 2015/12/22 1:24:23 ET
Table 'Lameia' 2-max Seat #1 is the button
Seat 1: Kurganski ($156.70 in chips)
Seat 2: KevinStars12 ($54.09 in chips)
Kurganski: posts small blind $1
KevinStars12: posts big blind $3
*** HOLE CARDS ***
Kurganski: raises $3 to $6
KevinStars12: raises $3 to $9
Kurganski: calls $3
*** FLOP *** [6h 7s 6c]
KevinStars12: bets $3
Kurganski: calls $3
*** TURN *** [6h 7s 6c] [2h]
KevinStars12: bets $6
Kurganski: calls $6
*** RIVER *** [6h 7s 6c 2h] [Th]
KevinStars12: bets $6
Kurganski: calls $6
*** SHOW DOWN ***
KevinStars12: shows [2s Ts] (two pair, Tens and Sixes)
Kurganski: mucks hand
KevinStars12 collected $47.50 from pot
*** SUMMARY ***
Total pot $48 | Rake $0.50
Board [6h 7s 6c 2h Th]
Seat 1: Kurganski (button) (small blind) mucked
Seat 2: KevinStars12 (big blind) showed [2s Ts] and won ($47.50) with two pair, Tens and Sixes


PokerStars Hand #145724668150:  Hold'em Limit ($3/$6 USD) - 2015/12/22 1:26:26 ET
Table 'Lameia' 2-max Seat #1 is the button
Seat 1: Kurganski ($178.20 in chips)
Seat 2: KevinStars12 ($29.99 in chips)
Kurganski: posts small blind $1
KevinStars12: posts big blind $3
*** HOLE CARDS ***
Kurganski: folds
Uncalled bet ($2) returned to KevinStars12
KevinStars12 collected $2 from pot
KevinStars12: doesn't show hand
*** SUMMARY ***
Total pot $2 | Rake $0
Seat 1: Kurganski (button) (small blind) folded before Flop
Seat 2: KevinStars12 (big blind) collected ($2)


PokerStars Hand #145724663249:  Hold'em Limit ($3/$6 USD) - 2015/12/22 1:26:09 ET
Table 'Lameia' 2-max Seat #2 is the button
Seat 1: Kurganski ($187.20 in chips)
Seat 2: KevinStars12 ($21.35 in chips)
KevinStars12: posts small blind $1
Kurganski: posts big blind $3
*** HOLE CARDS ***
KevinStars12: raises $3 to $6
Kurganski: raises $3 to $9
KevinStars12: calls $3
*** FLOP *** [Ts 9h 8h]
Kurganski: checks
KevinStars12: bets $3
Kurganski: folds
Uncalled bet ($3) returned to KevinStars12
KevinStars12 collected $17.64 from pot
KevinStars12: doesn't show hand
*** SUMMARY ***
Total pot $18 | Rake $0.36
Board [Ts 9h 8h]
Seat 1: Kurganski (big blind) folded on the Flop
Seat 2: KevinStars12 (button) (small blind) collected ($17.64)


PokerStars Hand #145724652971:  Hold'em Limit ($3/$6 USD) - 2015/12/22 1:25:33 ET
Table 'Lameia' 2-max Seat #2 is the button
Seat 1: Kurganski ($169.70 in chips)
Seat 2: KevinStars12 ($39.59 in chips)
KevinStars12: posts small blind $1
Kurganski: posts big blind $3
*** HOLE CARDS ***
KevinStars12: raises $3 to $6
Kurganski: calls $3
*** FLOP *** [Ks 8d Ah]
Kurganski: checks
KevinStars12: bets $3
Kurganski: folds
Uncalled bet ($3) returned to KevinStars12
KevinStars12 collected $11.76 from pot
KevinStars12: doesn't show hand
*** SUMMARY ***
Total pot $12 | Rake $0.24
Board [Ks 8d Ah]
Seat 1: Kurganski (big blind) folded on the Flop
Seat 2: KevinStars12 (button) (small blind) collected ($11.76)


PokerStars Hand #145724647945:  Hold'em Limit ($3/$6 USD) - 2015/12/22 1:25:16 ET
Table 'Lameia' 2-max Seat #1 is the button
Seat 1: Kurganski ($152.20 in chips)
Seat 2: KevinStars12 ($57.59 in chips)
Kurganski: posts small blind $1
KevinStars12: posts big blind $3
*** HOLE CARDS ***
Kurganski: raises $3 to $6
KevinStars12: raises $3 to $9
Kurganski: calls $3
*** FLOP *** [6d 7h 4s]
KevinStars12: bets $3
Kurganski: calls $3
*** TURN *** [6d 7h 4s] [Ad]
KevinStars12: bets $6
Kurganski: raises $6 to $12
KevinStars12: folds
Uncalled bet ($6) returned to Kurganski
Kurganski collected $35.50 from pot
*** SUMMARY ***
Total pot $36 | Rake $0.50
Board [6d 7h 4s Ad]
Seat 1: Kurganski (button) (small blind) collected ($35.50)
Seat 2: KevinStars12 (big blind) folded on the Turn


PokerStars Hand #145724669453:  Hold'em Limit ($3/$6 USD) - 2015/12/22 1:26:30 ET
Table 'Lameia' 2-max Seat #2 is the button
Seat 1: Kurganski ($177.20 in chips)
Seat 2: KevinStars12 ($30.99 in chips)
KevinStars12: posts small blind $1
Kurganski: posts big blind $3
*** HOLE CARDS ***
KevinStars12: raises $3 to $6
Kurganski: calls $3
*** FLOP *** [6s 3c 8d]
Kurganski: checks
KevinStars12: bets $3
Kurganski: raises $3 to $6
KevinStars12: calls $3
*** TURN *** [6s 3c 8d] [Ac]
Kurganski: checks
KevinStars12: bets $6
Kurganski: calls $6
*** RIVER *** [6s 3c 8d Ac] [9d]
Kurganski: checks
KevinStars12: checks
*** SHOW DOWN ***
Kurganski: shows [4d 6d] (a pair of Sixes)
KevinStars12: mucks hand
Kurganski collected $35.50 from pot
*** SUMMARY ***
Total pot $36 | Rake $0.50
Board [6s 3c 8d Ac 9d]
Seat 1: Kurganski (big blind) showed [4d 6d] and won ($35.50) with a pair of Sixes
Seat 2: KevinStars12 (button) (small blind) mucked


PokerStars Hand #145724675383:  Hold'em Limit ($3/$6 USD) - 2015/12/22 1:26:51 ET
Table 'Lameia' 2-max Seat #1 is the button
Seat 1: Kurganski ($194.70 in chips)
Seat 2: KevinStars12 ($12.99 in chips)
Kurganski: posts small blind $1
KevinStars12: posts big blind $3
*** HOLE CARDS ***
Kurganski: raises $3 to $6
KevinStars12: folds
Uncalled bet ($3) returned to Kurganski
Kurganski collected $6 from pot
*** SUMMARY ***
Total pot $6 | Rake $0
Seat 1: Kurganski (button) (small blind) collected ($6)
Seat 2: KevinStars12 (big blind) folded before Flop


PokerStars Hand #145724677283:  Hold'em Limit ($3/$6 USD) - 2015/12/22 1:26:58 ET
Table 'Lameia' 2-max Seat #2 is the button
Seat 1: Kurganski ($197.70 in chips)
Seat 2: KevinStars12 ($9.99 in chips)
KevinStars12: posts small blind $1
Kurganski: posts big blind $3
*** HOLE CARDS ***
KevinStars12: raises $3 to $6
Kurganski: raises $3 to $9
KevinStars12: calls $3
*** FLOP *** [5h 2h 4h]
Kurganski: bets $3
KevinStars12: calls $0.99 and is all-in
Uncalled bet ($2.01) returned to Kurganski
*** TURN *** [5h 2h 4h] [6d]
*** RIVER *** [5h 2h 4h 6d] [3d]
*** SHOW DOWN ***
Kurganski: shows [3h Jd] (a straight, Deuce to Six)
KevinStars12: shows [8s Ts] (a straight, Deuce to Six)
Kurganski collected $9.79 from pot
KevinStars12 collected $9.79 from pot
*** SUMMARY ***
Total pot $19.98 | Rake $0.40
Board [5h 2h 4h 6d 3d]
Seat 1: Kurganski (big blind) showed [3h Jd] and won ($9.79) with a straight, Deuce to Six
Seat 2: KevinStars12 (button) (small blind) showed [8s Ts] and won ($9.79) with a straight, Deuce to Six


PokerStars Hand #145724681741:  Hold'em Limit ($3/$6 USD) - 2015/12/22 1:27:13 ET
Table 'Lameia' 2-max Seat #1 is the button
Seat 1: Kurganski ($197.50 in chips)
Seat 2: KevinStars12 ($9.79 in chips)
Kurganski: posts small blind $1
KevinStars12: posts big blind $3
*** HOLE CARDS ***
Kurganski: raises $3 to $6
KevinStars12: calls $3
*** FLOP *** [7c Ts Ac]
KevinStars12: checks
Kurganski: bets $3
KevinStars12: folds
Uncalled bet ($3) returned to Kurganski
Kurganski collected $11.76 from pot
*** SUMMARY ***
Total pot $12 | Rake $0.24
Board [7c Ts Ac]
Seat 1: Kurganski (button) (small blind) collected ($11.76)
Seat 2: KevinStars12 (big blind) folded on the Flop


