PokerStars Hand #146986738804:  Hold'em Limit ($3/$6 USD) - 2016/01/13 15:41:06 ET
Table 'Lameia' 6-max Seat #2 is the button
Seat 2: pompier40 ($112.65 in chips)
Seat 5: scorpio04 ($104.08 in chips)
pompier40: posts small blind $1
scorpio04: posts big blind $3
*** HOLE CARDS ***
pompier40: raises $3 to $6
scorpio04: folds
Uncalled bet ($3) returned to pompier40
pompier40 collected $6 from pot
*** SUMMARY ***
Total pot $6 | Rake $0
Seat 2: pompier40 (button) (small blind) collected ($6)
Seat 5: scorpio04 (big blind) folded before Flop


PokerStars Hand #146986728033:  Hold'em Limit ($3/$6 USD) - 2016/01/13 15:40:56 ET
Table 'Lameia' 6-max Seat #5 is the button
Seat 2: pompier40 ($115.65 in chips)
Seat 5: scorpio04 ($101.08 in chips)
scorpio04: posts small blind $1
pompier40: posts big blind $3
*** HOLE CARDS ***
scorpio04: raises $3 to $6
pompier40: folds
Uncalled bet ($3) returned to scorpio04
scorpio04 collected $6 from pot
scorpio04: doesn't show hand
*** SUMMARY ***
Total pot $6 | Rake $0
Seat 2: pompier40 (big blind) folded before Flop
Seat 5: scorpio04 (button) (small blind) collected ($6)


PokerStars Hand #146986709614:  Hold'em Limit ($3/$6 USD) - 2016/01/13 15:40:39 ET
Table 'Lameia' 6-max Seat #2 is the button
Seat 2: pompier40 ($109.89 in chips)
Seat 5: scorpio04 ($107.08 in chips)
pompier40: posts small blind $1
scorpio04: posts big blind $3
*** HOLE CARDS ***
pompier40: raises $3 to $6
SashaYuvelir leaves the table
scorpio04: calls $3
*** FLOP *** [Jc 2c 2h]
scorpio04: checks
pompier40: bets $3
scorpio04: folds
Uncalled bet ($3) returned to pompier40
pompier40 collected $11.76 from pot
*** SUMMARY ***
Total pot $12 | Rake $0.24
Board [Jc 2c 2h]
Seat 2: pompier40 (button) (small blind) collected ($11.76)
Seat 5: scorpio04 (big blind) folded on the Flop


PokerStars Hand #146986703155:  Hold'em Limit ($3/$6 USD) - 2016/01/13 15:40:32 ET
Table 'Lameia' 6-max Seat #5 is the button
Seat 2: pompier40 ($52.89 in chips)
Seat 5: scorpio04 ($104.08 in chips)
scorpio04: posts small blind $1
pompier40: posts big blind $3
*** HOLE CARDS ***
scorpio04: raises $3 to $6
pompier40: folds
Uncalled bet ($3) returned to scorpio04
Florin555330 leaves the table
scorpio04 collected $6 from pot
scorpio04: doesn't show hand
*** SUMMARY ***
Total pot $6 | Rake $0
Seat 2: pompier40 (big blind) folded before Flop
Seat 5: scorpio04 (button) (small blind) collected ($6)


PokerStars Hand #146986698414:  Hold'em Limit ($3/$6 USD) - 2016/01/13 15:40:28 ET
Table 'Lameia' 6-max Seat #2 is the button
Seat 2: pompier40 ($53.89 in chips)
Seat 5: scorpio04 ($103.08 in chips)
pompier40: posts small blind $1
scorpio04: posts big blind $3
*** HOLE CARDS ***
pompier40: folds
Uncalled bet ($2) returned to scorpio04
scorpio04 collected $2 from pot
scorpio04: doesn't show hand
*** SUMMARY ***
Total pot $2 | Rake $0
Seat 2: pompier40 (button) (small blind) folded before Flop
Seat 5: scorpio04 (big blind) collected ($2)


PokerStars Hand #146986691843:  Hold'em Limit ($3/$6 USD) - 2016/01/13 15:40:21 ET
Table 'Lameia' 6-max Seat #5 is the button
Seat 2: pompier40 ($52.89 in chips)
Seat 5: scorpio04 ($104.08 in chips)
scorpio04: posts small blind $1
SashaYuvelir: is sitting out
pompier40: posts big blind $3
*** HOLE CARDS ***
scorpio04: folds
Uncalled bet ($2) returned to pompier40
pompier40 collected $2 from pot
*** SUMMARY ***
Total pot $2 | Rake $0
Seat 2: pompier40 (big blind) collected ($2)
Seat 5: scorpio04 (button) (small blind) folded before Flop


PokerStars Hand #146986777051:  Hold'em Limit ($3/$6 USD) - 2016/01/13 15:41:43 ET
Table 'Lameia' 6-max Seat #5 is the button
Seat 2: pompier40 ($144.15 in chips)
Seat 5: scorpio04 ($73 in chips)
scorpio04: posts small blind $1
pompier40: posts big blind $3
*** HOLE CARDS ***
scorpio04: raises $3 to $6
pompier40: calls $3
*** FLOP *** [3d 5s 9h]
pompier40: checks
scorpio04: bets $3
pompier40: calls $3
*** TURN *** [3d 5s 9h] [Jh]
pompier40: checks
scorpio04: bets $6
pompier40: folds
Uncalled bet ($6) returned to scorpio04
scorpio04 collected $17.64 from pot
scorpio04: doesn't show hand
*** SUMMARY ***
Total pot $18 | Rake $0.36
Board [3d 5s 9h Jh]
Seat 2: pompier40 (big blind) folded on the Turn
Seat 5: scorpio04 (button) (small blind) collected ($17.64)


PokerStars Hand #146986764467:  Hold'em Limit ($3/$6 USD) - 2016/01/13 15:41:31 ET
Table 'Lameia' 6-max Seat #2 is the button
Seat 2: pompier40 ($145.15 in chips)
Seat 5: scorpio04 ($72 in chips)
pompier40: posts small blind $1
scorpio04: posts big blind $3
*** HOLE CARDS ***
pompier40: folds
Uncalled bet ($2) returned to scorpio04
scorpio04 collected $2 from pot
scorpio04: doesn't show hand
*** SUMMARY ***
Total pot $2 | Rake $0
Seat 2: pompier40 (button) (small blind) folded before Flop
Seat 5: scorpio04 (big blind) collected ($2)


PokerStars Hand #146986744875:  Hold'em Limit ($3/$6 USD) - 2016/01/13 15:41:12 ET
Table 'Lameia' 6-max Seat #5 is the button
Seat 2: pompier40 ($115.65 in chips)
Seat 5: scorpio04 ($101.08 in chips)
scorpio04: posts small blind $1
pompier40: posts big blind $3
*** HOLE CARDS ***
scorpio04: raises $3 to $6
pompier40: raises $3 to $9
scorpio04: calls $3
*** FLOP *** [3c 3d 7s]
pompier40: bets $3
scorpio04: calls $3
*** TURN *** [3c 3d 7s] [Kd]
pompier40: checks
scorpio04: bets $6
pompier40: raises $6 to $12
scorpio04: calls $6
*** RIVER *** [3c 3d 7s Kd] [Qs]
pompier40: bets $6
scorpio04: calls $6
*** SHOW DOWN ***
pompier40: shows [Ah Ad] (two pair, Aces and Threes)
scorpio04: mucks hand
pompier40 collected $59.50 from pot
*** SUMMARY ***
Total pot $60 | Rake $0.50
Board [3c 3d 7s Kd Qs]
Seat 2: pompier40 (big blind) showed [Ah Ad] and won ($59.50) with two pair, Aces and Threes
Seat 5: scorpio04 (button) (small blind) mucked


PokerStars Hand #146986850206:  Hold'em Limit ($3/$6 USD) - 2016/01/13 15:42:51 ET
Table 'Lameia' 6-max Seat #2 is the button
Seat 2: pompier40 ($170.29 in chips)
Seat 5: scorpio04 ($72 in chips)
pompier40: posts small blind $1
scorpio04: posts big blind $3
*** HOLE CARDS ***
pompier40: raises $3 to $6
scorpio04: folds
Uncalled bet ($3) returned to pompier40
pompier40 collected $6 from pot
*** SUMMARY ***
Total pot $6 | Rake $0
Seat 2: pompier40 (button) (small blind) collected ($6)
Seat 5: scorpio04 (big blind) folded before Flop


PokerStars Hand #146986833463:  Hold'em Limit ($3/$6 USD) - 2016/01/13 15:42:35 ET
Table 'Lameia' 6-max Seat #5 is the button
Seat 2: pompier40 ($161.65 in chips)
Seat 5: scorpio04 ($72 in chips)
scorpio04: posts small blind $1
pompier40: posts big blind $3
*** HOLE CARDS ***
scorpio04: raises $3 to $6
pompier40: calls $3
*** FLOP *** [Qh 7h Ac]
pompier40: checks
scorpio04: bets $3
pompier40: calls $3
*** TURN *** [Qh 7h Ac] [Jc]
pompier40: checks
scorpio04: checks
*** RIVER *** [Qh 7h Ac Jc] [3s]
pompier40: checks
scorpio04: checks
*** SHOW DOWN ***
pompier40: shows [7s 2s] (a pair of Sevens)
scorpio04: mucks hand
pompier40 collected $17.64 from pot
*** SUMMARY ***
Total pot $18 | Rake $0.36
Board [Qh 7h Ac Jc 3s]
Seat 2: pompier40 (big blind) showed [7s 2s] and won ($17.64) with a pair of Sevens
Seat 5: scorpio04 (button) (small blind) mucked


PokerStars Hand #146986815204:  Hold'em Limit ($3/$6 USD) - 2016/01/13 15:42:18 ET
Table 'Lameia' 6-max Seat #2 is the button
Seat 2: pompier40 ($135.15 in chips)
Seat 5: scorpio04 ($81.64 in chips)
pompier40: posts small blind $1
scorpio04: posts big blind $3
*** HOLE CARDS ***
pompier40: raises $3 to $6
scorpio04: calls $3
*** FLOP *** [7c 4s Kd]
scorpio04: checks
pompier40: bets $3
scorpio04: calls $3
*** TURN *** [7c 4s Kd] [5c]
scorpio04: checks
pompier40: bets $6
scorpio04: raises $6 to $12
pompier40: calls $6
*** RIVER *** [7c 4s Kd 5c] [2s]
scorpio04: bets $6
pompier40: calls $6
*** SHOW DOWN ***
scorpio04: shows [6c Qs] (high card King)
pompier40: shows [8c 8d] (a pair of Eights)
pompier40 collected $53.50 from pot
*** SUMMARY ***
Total pot $54 | Rake $0.50
Board [7c 4s Kd 5c 2s]
Seat 2: pompier40 (button) (small blind) showed [8c 8d] and won ($53.50) with a pair of Eights
Seat 5: scorpio04 (big blind) showed [6c Qs] and lost with high card King


PokerStars Hand #146987520776:  Hold'em Limit ($3/$6 USD) - 2016/01/13 15:53:24 ET
Table 'Lameia' 6-max Seat #2 is the button
Seat 2: Nijadperest ($165.68 in chips)
Seat 5: scorpio04 ($72 in chips)
Nijadperest: posts small blind $1
scorpio04: posts big blind $3
*** HOLE CARDS ***
Nijadperest: raises $3 to $6
scorpio04: calls $3
*** FLOP *** [4s 7s 9h]
scorpio04: checks
Nijadperest: bets $3
scorpio04: raises $3 to $6
Nijadperest: calls $3
*** TURN *** [4s 7s 9h] [3d]
scorpio04: bets $6
Nijadperest: calls $6
*** RIVER *** [4s 7s 9h 3d] [Jh]
scorpio04: bets $6
Nijadperest: raises $6 to $12
scorpio04: calls $6
*** SHOW DOWN ***
Nijadperest: shows [Jc Ac] (a pair of Jacks)
scorpio04: mucks hand
Nijadperest collected $59.50 from pot
*** SUMMARY ***
Total pot $60 | Rake $0.50
Board [4s 7s 9h 3d Jh]
Seat 2: Nijadperest (button) (small blind) showed [Jc Ac] and won ($59.50) with a pair of Jacks
Seat 5: scorpio04 (big blind) mucked


PokerStars Hand #146987460253:  Hold'em Limit ($3/$6 USD) - 2016/01/13 15:52:26 ET
Table 'Lameia' 6-max Seat #5 is the button
Seat 2: Nijadperest ($157.04 in chips)
Seat 5: scorpio04 ($72 in chips)
scorpio04: posts small blind $1
Nijadperest: posts big blind $3
*** HOLE CARDS ***
scorpio04: raises $3 to $6
Pokali joins the table at seat #6
Nijadperest: calls $3
*** FLOP *** [6c Ks 4d]
Nijadperest: checks
scorpio04: bets $3
Nijadperest: calls $3
*** TURN *** [6c Ks 4d] [9h]
Nijadperest: checks
scorpio04: checks
*** RIVER *** [6c Ks 4d 9h] [4c]
Nijadperest: checks
scorpio04: checks
*** SHOW DOWN ***
Nijadperest: shows [Qd 5h] (a pair of Fours)
scorpio04: mucks hand
Nijadperest collected $17.64 from pot
*** SUMMARY ***
Total pot $18 | Rake $0.36
Board [6c Ks 4d 9h 4c]
Seat 2: Nijadperest (big blind) showed [Qd 5h] and won ($17.64) with a pair of Fours
Seat 5: scorpio04 (button) (small blind) mucked


PokerStars Hand #146991389957:  Hold'em Limit ($3/$6 USD) - 2016/01/13 16:57:25 ET
Table 'Lameia' 6-max Seat #5 is the button
Seat 3: LaJess ($61.98 in chips)
Seat 5: lelala ($49.06 in chips)
lelala: posts small blind $1
Pokali: is sitting out
LaJess: posts big blind $3
*** HOLE CARDS ***
lelala: raises $3 to $6
LaJess: folds
Uncalled bet ($3) returned to lelala
lelala collected $6 from pot
*** SUMMARY ***
Total pot $6 | Rake $0
Seat 3: LaJess (big blind) folded before Flop
Seat 5: lelala (button) (small blind) collected ($6)


PokerStars Hand #146991415602:  Hold'em Limit ($3/$6 USD) - 2016/01/13 16:57:57 ET
Table 'Lameia' 6-max Seat #5 is the button
Seat 3: LaJess ($33.98 in chips)
Seat 5: lelala ($76.56 in chips)
lelala: posts small blind $1
LaJess: posts big blind $3
*** HOLE CARDS ***
lelala: raises $3 to $6
LaJess: raises $3 to $9
lelala: calls $3
*** FLOP *** [5h 8h 4h]
LaJess: bets $3
lelala: raises $3 to $6
LaJess: calls $3
*** TURN *** [5h 8h 4h] [As]
LaJess: checks
lelala: checks
*** RIVER *** [5h 8h 4h As] [Ks]
LaJess: bets $6
lelala: calls $6
*** SHOW DOWN ***
LaJess: shows [Ah Kh] (a flush, Ace high)
lelala: mucks hand
LaJess collected $41.50 from pot
*** SUMMARY ***
Total pot $42 | Rake $0.50
Board [5h 8h 4h As Ks]
Seat 3: LaJess (big blind) showed [Ah Kh] and won ($41.50) with a flush, Ace high
Seat 5: lelala (button) (small blind) mucked


PokerStars Hand #146991412364:  Hold'em Limit ($3/$6 USD) - 2016/01/13 16:57:53 ET
Table 'Lameia' 6-max Seat #3 is the button
Seat 3: LaJess ($34.98 in chips)
Seat 5: lelala ($75.56 in chips)
LaJess: posts small blind $1
lelala: posts big blind $3
*** HOLE CARDS ***
LaJess: folds
Uncalled bet ($2) returned to lelala
lelala collected $2 from pot
*** SUMMARY ***
Total pot $2 | Rake $0
Seat 3: LaJess (button) (small blind) folded before Flop
Seat 5: lelala (big blind) collected ($2)


PokerStars Hand #146991407892:  Hold'em Limit ($3/$6 USD) - 2016/01/13 16:57:48 ET
Table 'Lameia' 6-max Seat #5 is the button
Seat 3: LaJess ($37.98 in chips)
Seat 5: lelala ($72.56 in chips)
lelala: posts small blind $1
LaJess: posts big blind $3
*** HOLE CARDS ***
lelala: raises $3 to $6
LaJess: folds
Uncalled bet ($3) returned to lelala
lelala collected $6 from pot
*** SUMMARY ***
Total pot $6 | Rake $0
Seat 3: LaJess (big blind) folded before Flop
Seat 5: lelala (button) (small blind) collected ($6)


PokerStars Hand #146991394779:  Hold'em Limit ($3/$6 USD) - 2016/01/13 16:57:31 ET
Table 'Lameia' 6-max Seat #3 is the button
Seat 3: LaJess ($58.98 in chips)
Seat 5: lelala ($52.06 in chips)
LaJess: posts small blind $1
lelala: posts big blind $3
*** HOLE CARDS ***
LaJess: raises $3 to $6
lelala: calls $3
*** FLOP *** [5c Kc 2h]
lelala: checks
LaJess: bets $3
lelala: raises $3 to $6
LaJess: raises $3 to $9
lelala: calls $3
*** TURN *** [5c Kc 2h] [4c]
lelala: checks
LaJess: bets $6
lelala: calls $6
*** RIVER *** [5c Kc 2h 4c] [2c]
lelala: checks
LaJess: checks
*** SHOW DOWN ***
lelala: shows [Tc 5d] (a flush, King high)
LaJess: mucks hand
lelala collected $41.50 from pot
*** SUMMARY ***
Total pot $42 | Rake $0.50
Board [5c Kc 2h 4c 2c]
Seat 3: LaJess (button) (small blind) mucked
Seat 5: lelala (big blind) showed [Tc 5d] and won ($41.50) with a flush, King high


PokerStars Hand #146991495451:  Hold'em Limit ($3/$6 USD) - 2016/01/13 16:59:22 ET
Table 'Lameia' 6-max Seat #5 is the button
Seat 3: LaJess ($93.56 in chips)
Seat 5: lelala ($101.56 in chips)
lelala: posts small blind $1
LaJess: posts big blind $3
*** HOLE CARDS ***
lelala: raises $3 to $6
LaJess: raises $3 to $9
lelala: raises $3 to $12
Betting is capped
LaJess: calls $3
*** FLOP *** [Ad Jc 4h]
LaJess: bets $3
lelala: calls $3
*** TURN *** [Ad Jc 4h] [Jh]
LaJess: bets $6
lelala: raises $6 to $12
LaJess: raises $6 to $18
lelala: calls $6
*** RIVER *** [Ad Jc 4h Jh] [2d]
LaJess: bets $6
lelala: calls $6
*** SHOW DOWN ***
LaJess: shows [Ts Qd] (a pair of Jacks)
lelala: shows [Kh Ah] (two pair, Aces and Jacks)
lelala collected $77.50 from pot
*** SUMMARY ***
Total pot $78 | Rake $0.50
Board [Ad Jc 4h Jh 2d]
Seat 3: LaJess (big blind) showed [Ts Qd] and lost with a pair of Jacks
Seat 5: lelala (button) (small blind) showed [Kh Ah] and won ($77.50) with two pair, Aces and Jacks


PokerStars Hand #146991489022:  Hold'em Limit ($3/$6 USD) - 2016/01/13 16:59:14 ET
Table 'Lameia' 6-max Seat #3 is the button
Seat 3: LaJess ($8.48 in chips)
Seat 5: lelala ($100.56 in chips)
LaJess: posts small blind $1
lelala: posts big blind $3
*** HOLE CARDS ***
LaJess: folds
Uncalled bet ($2) returned to lelala
lelala collected $2 from pot
*** SUMMARY ***
Total pot $2 | Rake $0
Seat 3: LaJess (button) (small blind) folded before Flop
Seat 5: lelala (big blind) collected ($2)


PokerStars Hand #146991485498:  Hold'em Limit ($3/$6 USD) - 2016/01/13 16:59:10 ET
Table 'Lameia' 6-max Seat #5 is the button
Seat 3: LaJess ($7.48 in chips)
Seat 5: lelala ($101.56 in chips)
lelala: posts small blind $1
LaJess: posts big blind $3
*** HOLE CARDS ***
lelala: folds
Uncalled bet ($2) returned to LaJess
LaJess collected $2 from pot
LaJess: doesn't show hand
*** SUMMARY ***
Total pot $2 | Rake $0
Seat 3: LaJess (big blind) collected ($2)
Seat 5: lelala (button) (small blind) folded before Flop


PokerStars Hand #146991470930:  Hold'em Limit ($3/$6 USD) - 2016/01/13 16:58:52 ET
Table 'Lameia' 6-max Seat #3 is the button
Seat 3: LaJess ($34.48 in chips)
Seat 5: lelala ($75.06 in chips)
LaJess: posts small blind $1
lelala: posts big blind $3
*** HOLE CARDS ***
LaJess: raises $3 to $6
lelala: raises $3 to $9
LaJess: raises $3 to $12
Betting is capped
lelala: calls $3
*** FLOP *** [Td 7s 3h]
lelala: bets $3
LaJess: raises $3 to $6
lelala: raises $3 to $9
LaJess: calls $3
*** TURN *** [Td 7s 3h] [Kh]
lelala: bets $6
LaJess: calls $6
*** RIVER *** [Td 7s 3h Kh] [5d]
lelala: bets $6
LaJess: folds
Uncalled bet ($6) returned to lelala
lelala collected $53.50 from pot
*** SUMMARY ***
Total pot $54 | Rake $0.50
Board [Td 7s 3h Kh 5d]
Seat 3: LaJess (button) (small blind) folded on the River
Seat 5: lelala (big blind) collected ($53.50)


PokerStars Hand #146991464978:  Hold'em Limit ($3/$6 USD) - 2016/01/13 16:58:46 ET
Table 'Lameia' 6-max Seat #5 is the button
Seat 3: LaJess ($33.48 in chips)
Seat 5: lelala ($76.06 in chips)
lelala: posts small blind $1
LaJess: posts big blind $3
*** HOLE CARDS ***
lelala: folds
Uncalled bet ($2) returned to LaJess
LaJess collected $2 from pot
LaJess: doesn't show hand
*** SUMMARY ***
Total pot $2 | Rake $0
Seat 3: LaJess (big blind) collected ($2)
Seat 5: lelala (button) (small blind) folded before Flop


PokerStars Hand #146991432812:  Hold'em Limit ($3/$6 USD) - 2016/01/13 16:58:14 ET
Table 'Lameia' 6-max Seat #3 is the button
Seat 3: LaJess ($54.48 in chips)
Seat 5: lelala ($55.56 in chips)
LaJess: posts small blind $1
lelala: posts big blind $3
*** HOLE CARDS ***
LaJess: calls $2
lelala: raises $3 to $6
LaJess: raises $3 to $9
lelala: calls $3
*** FLOP *** [8h 2c Jc]
lelala: checks
LaJess: bets $3
lelala: raises $3 to $6
LaJess: calls $3
*** TURN *** [8h 2c Jc] [9s]
lelala: bets $6
LaJess: calls $6
*** RIVER *** [8h 2c Jc 9s] [3d]
lelala: bets $6
LaJess: folds
Uncalled bet ($6) returned to lelala
lelala collected $41.50 from pot
*** SUMMARY ***
Total pot $42 | Rake $0.50
Board [8h 2c Jc 9s 3d]
Seat 3: LaJess (button) (small blind) folded on the River
Seat 5: lelala (big blind) collected ($41.50)


PokerStars Hand #146991558938:  Hold'em Limit ($3/$6 USD) - 2016/01/13 17:00:40 ET
Table 'Lameia' 6-max Seat #5 is the button
Seat 3: LaJess ($60.82 in chips)
Seat 5: lelala ($132.32 in chips)
lelala: posts small blind $1
LaJess: posts big blind $3
*** HOLE CARDS ***
lelala: folds
Uncalled bet ($2) returned to LaJess
LaJess collected $2 from pot
LaJess: doesn't show hand
*** SUMMARY ***
Total pot $2 | Rake $0
Seat 3: LaJess (big blind) collected ($2)
Seat 5: lelala (button) (small blind) folded before Flop


PokerStars Hand #146991547804:  Hold'em Limit ($3/$6 USD) - 2016/01/13 17:00:26 ET
Table 'Lameia' 6-max Seat #3 is the button
Seat 3: LaJess ($78.82 in chips)
Seat 5: lelala ($114.82 in chips)
LaJess: posts small blind $1
lelala: posts big blind $3
*** HOLE CARDS ***
LaJess: raises $3 to $6
lelala: calls $3
*** FLOP *** [Kc Js 8d]
lelala: checks
LaJess: checks
*** TURN *** [Kc Js 8d] [5c]
lelala: bets $6
LaJess: raises $6 to $12
lelala: calls $6
*** RIVER *** [Kc Js 8d 5c] [7h]
lelala: checks
LaJess: checks
*** SHOW DOWN ***
lelala: shows [5s 6d] (a pair of Fives)
LaJess: mucks hand
lelala collected $35.50 from pot
*** SUMMARY ***
Total pot $36 | Rake $0.50
Board [Kc Js 8d 5c 7h]
Seat 3: LaJess (button) (small blind) mucked
Seat 5: lelala (big blind) showed [5s 6d] and won ($35.50) with a pair of Fives


PokerStars Hand #146991544040:  Hold'em Limit ($3/$6 USD) - 2016/01/13 17:00:22 ET
Table 'Lameia' 6-max Seat #5 is the button
Seat 3: LaJess ($77.82 in chips)
Seat 5: lelala ($115.82 in chips)
lelala: posts small blind $1
LaJess: posts big blind $3
*** HOLE CARDS ***
lelala: folds
Uncalled bet ($2) returned to LaJess
LaJess collected $2 from pot
LaJess: doesn't show hand
*** SUMMARY ***
Total pot $2 | Rake $0
Seat 3: LaJess (big blind) collected ($2)
Seat 5: lelala (button) (small blind) folded before Flop


PokerStars Hand #146991531321:  Hold'em Limit ($3/$6 USD) - 2016/01/13 17:00:06 ET
Table 'Lameia' 6-max Seat #3 is the button
Seat 3: LaJess ($54.32 in chips)
Seat 5: lelala ($139.82 in chips)
LaJess: posts small blind $1
lelala: posts big blind $3
*** HOLE CARDS ***
shlimazlbes leaves the table
LaJess: calls $2
lelala: raises $3 to $6
LaJess: calls $3
*** FLOP *** [Tc 6d 5h]
lelala: bets $3
LaJess: raises $3 to $6
lelala: calls $3
*** TURN *** [Tc 6d 5h] [Jd]
lelala: checks
LaJess: bets $6
lelala: calls $6
*** RIVER *** [Tc 6d 5h Jd] [6c]
lelala: checks
LaJess: bets $6
lelala: calls $6
*** SHOW DOWN ***
LaJess: shows [Ks Kd] (two pair, Kings and Sixes)
lelala: mucks hand
LaJess collected $47.50 from pot
*** SUMMARY ***
Total pot $48 | Rake $0.50
Board [Tc 6d 5h Jd 6c]
Seat 3: LaJess (button) (small blind) showed [Ks Kd] and won ($47.50) with two pair, Kings and Sixes
Seat 5: lelala (big blind) mucked


PokerStars Hand #146991523103:  Hold'em Limit ($3/$6 USD) - 2016/01/13 16:59:56 ET
Table 'Lameia' 6-max Seat #5 is the button
Seat 3: LaJess ($60.32 in chips)
Seat 5: lelala ($134.06 in chips)
lelala: posts small blind $1
LaJess: posts big blind $3
*** HOLE CARDS ***
lelala: raises $3 to $6
LaJess: calls $3
*** FLOP *** [Qc 4d Th]
LaJess: checks
lelala: bets $3
LaJess: folds
Uncalled bet ($3) returned to lelala
lelala collected $11.76 from pot
*** SUMMARY ***
Total pot $12 | Rake $0.24
Board [Qc 4d Th]
Seat 3: LaJess (big blind) folded on the Flop
Seat 5: lelala (button) (small blind) collected ($11.76)


PokerStars Hand #146991519436:  Hold'em Limit ($3/$6 USD) - 2016/01/13 16:59:52 ET
Table 'Lameia' 6-max Seat #3 is the button
Seat 3: LaJess ($61.32 in chips)
Seat 5: lelala ($133.06 in chips)
LaJess: posts small blind $1
lelala: posts big blind $3
*** HOLE CARDS ***
LaJess: folds
Uncalled bet ($2) returned to lelala
lelala collected $2 from pot
*** SUMMARY ***
Total pot $2 | Rake $0
Seat 3: LaJess (button) (small blind) folded before Flop
Seat 5: lelala (big blind) collected ($2)


PokerStars Hand #146991515610:  Hold'em Limit ($3/$6 USD) - 2016/01/13 16:59:47 ET
Table 'Lameia' 6-max Seat #5 is the button
Seat 3: LaJess ($60.32 in chips)
Seat 5: lelala ($134.06 in chips)
lelala: posts small blind $1
LaJess: posts big blind $3
*** HOLE CARDS ***
lelala: folds
Uncalled bet ($2) returned to LaJess
LaJess collected $2 from pot
LaJess: doesn't show hand
*** SUMMARY ***
Total pot $2 | Rake $0
Seat 3: LaJess (big blind) collected ($2)
Seat 5: lelala (button) (small blind) folded before Flop


PokerStars Hand #146991508988:  Hold'em Limit ($3/$6 USD) - 2016/01/13 16:59:39 ET
Table 'Lameia' 6-max Seat #3 is the button
Seat 3: LaJess ($54.56 in chips)
Seat 5: lelala ($140.06 in chips)
LaJess: posts small blind $1
lelala: posts big blind $3
*** HOLE CARDS ***
LaJess: raises $3 to $6
lelala: calls $3
*** FLOP *** [4c Ks Kc]
lelala: checks
LaJess: bets $3
lelala: folds
Uncalled bet ($3) returned to LaJess
LaJess collected $11.76 from pot
LaJess: doesn't show hand
*** SUMMARY ***
Total pot $12 | Rake $0.24
Board [4c Ks Kc]
Seat 3: LaJess (button) (small blind) collected ($11.76)
Seat 5: lelala (big blind) folded on the Flop


PokerStars Hand #146991590596:  Hold'em Limit ($3/$6 USD) - 2016/01/13 17:01:16 ET
Table 'Lameia' 6-max Seat #3 is the button
Seat 3: LaJess ($84.32 in chips)
Seat 5: lelala ($108.32 in chips)
LaJess: posts small blind $1
lelala: posts big blind $3
*** HOLE CARDS ***
LaJess: calls $2
lelala: raises $3 to $6
LaJess: calls $3
*** FLOP *** [4s Tc Kh]
lelala: bets $3
LaJess: calls $3
*** TURN *** [4s Tc Kh] [6c]
lelala: checks
LaJess: checks
*** RIVER *** [4s Tc Kh 6c] [9s]
lelala: checks
LaJess: bets $6
lelala: raises $6 to $12
LaJess: calls $6
*** SHOW DOWN ***
lelala: shows [9h 5h] (a pair of Nines)
LaJess: shows [9c 7c] (a pair of Nines - King+Ten+Seven kicker)
LaJess collected $41.50 from pot
*** SUMMARY ***
Total pot $42 | Rake $0.50
Board [4s Tc Kh 6c 9s]
Seat 3: LaJess (button) (small blind) showed [9c 7c] and won ($41.50) with a pair of Nines
Seat 5: lelala (big blind) showed [9h 5h] and lost with a pair of Nines


PokerStars Hand #146991586316:  Hold'em Limit ($3/$6 USD) - 2016/01/13 17:01:11 ET
Table 'Lameia' 6-max Seat #5 is the button
Seat 3: LaJess ($83.32 in chips)
Seat 5: lelala ($109.32 in chips)
lelala: posts small blind $1
LaJess: posts big blind $3
*** HOLE CARDS ***
lelala: folds
Uncalled bet ($2) returned to LaJess
LaJess collected $2 from pot
LaJess: doesn't show hand
*** SUMMARY ***
Total pot $2 | Rake $0
Seat 3: LaJess (big blind) collected ($2)
Seat 5: lelala (button) (small blind) folded before Flop


PokerStars Hand #146991579585:  Hold'em Limit ($3/$6 USD) - 2016/01/13 17:01:04 ET
Table 'Lameia' 6-max Seat #3 is the button
Seat 3: LaJess ($80.32 in chips)
Seat 5: lelala ($112.32 in chips)
LaJess: posts small blind $1
lelala: posts big blind $3
*** HOLE CARDS ***
LaJess: raises $3 to $6
lelala: folds
Uncalled bet ($3) returned to LaJess
LaJess collected $6 from pot
LaJess: doesn't show hand
*** SUMMARY ***
Total pot $6 | Rake $0
Seat 3: LaJess (button) (small blind) collected ($6)
Seat 5: lelala (big blind) folded before Flop


PokerStars Hand #146991575610:  Hold'em Limit ($3/$6 USD) - 2016/01/13 17:01:00 ET
Table 'Lameia' 6-max Seat #5 is the button
Seat 3: LaJess ($79.32 in chips)
Seat 5: lelala ($113.32 in chips)
lelala: posts small blind $1
LaJess: posts big blind $3
*** HOLE CARDS ***
lelala: folds
Uncalled bet ($2) returned to LaJess
LaJess collected $2 from pot
LaJess: doesn't show hand
*** SUMMARY ***
Total pot $2 | Rake $0
Seat 3: LaJess (big blind) collected ($2)
Seat 5: lelala (button) (small blind) folded before Flop


PokerStars Hand #146991562609:  Hold'em Limit ($3/$6 USD) - 2016/01/13 17:00:44 ET
Table 'Lameia' 6-max Seat #3 is the button
Seat 3: LaJess ($61.82 in chips)
Seat 5: lelala ($131.32 in chips)
LaJess: posts small blind $1
lelala: posts big blind $3
*** HOLE CARDS ***
LaJess: calls $2
lelala: checks
*** FLOP *** [Kd 6d Js]
lelala: bets $3
LaJess: calls $3
*** TURN *** [Kd 6d Js] [8d]
lelala: bets $6
LaJess: raises $6 to $12
lelala: calls $6
*** RIVER *** [Kd 6d Js 8d] [9d]
lelala: checks
LaJess: checks
*** SHOW DOWN ***
lelala: shows [6s Th] (a pair of Sixes)
LaJess: shows [Ah Kh] (a pair of Kings)
LaJess collected $35.50 from pot
*** SUMMARY ***
Total pot $36 | Rake $0.50
Board [Kd 6d Js 8d 9d]
Seat 3: LaJess (button) (small blind) showed [Ah Kh] and won ($35.50) with a pair of Kings
Seat 5: lelala (big blind) showed [6s Th] and lost with a pair of Sixes


PokerStars Hand #146991670688:  Hold'em Limit ($3/$6 USD) - 2016/01/13 17:02:37 ET
Table 'Lameia' 6-max Seat #3 is the button
Seat 3: LaJess ($101.82 in chips)
Seat 5: lelala ($74.24 in chips)
LaJess: posts small blind $1
lelala: posts big blind $3
*** HOLE CARDS ***
LaJess: folds
Uncalled bet ($2) returned to lelala
lelala collected $2 from pot
*** SUMMARY ***
Total pot $2 | Rake $0
Seat 3: LaJess (button) (small blind) folded before Flop
Seat 5: lelala (big blind) collected ($2)


PokerStars Hand #146991663531:  Hold'em Limit ($3/$6 USD) - 2016/01/13 17:02:30 ET
Table 'Lameia' 6-max Seat #5 is the button
Seat 3: LaJess ($104.82 in chips)
Seat 5: lelala ($71.24 in chips)
lelala: posts small blind $1
Pokali: is sitting out
LaJess: posts big blind $3
*** HOLE CARDS ***
lelala: raises $3 to $6
Pokali leaves the table
LaJess: folds
Uncalled bet ($3) returned to lelala
lelala collected $6 from pot
*** SUMMARY ***
Total pot $6 | Rake $0
Seat 3: LaJess (big blind) folded before Flop
Seat 5: lelala (button) (small blind) collected ($6)


PokerStars Hand #146991675457:  Hold'em Limit ($3/$6 USD) - 2016/01/13 17:02:41 ET
Table 'Lameia' 6-max Seat #5 is the button
Seat 3: LaJess ($100.82 in chips)
Seat 5: lelala ($75.24 in chips)
lelala: posts small blind $1
LaJess: posts big blind $3
*** HOLE CARDS ***
lelala: raises $3 to $6
LaJess: folds
Uncalled bet ($3) returned to lelala
lelala collected $6 from pot
*** SUMMARY ***
Total pot $6 | Rake $0
Seat 3: LaJess (big blind) folded before Flop
Seat 5: lelala (button) (small blind) collected ($6)


PokerStars Hand #146991680994:  Hold'em Limit ($3/$6 USD) - 2016/01/13 17:02:47 ET
Table 'Lameia' 6-max Seat #3 is the button
Seat 3: LaJess ($97.82 in chips)
Seat 5: lelala ($78.24 in chips)
LaJess: posts small blind $1
lelala: posts big blind $3
*** HOLE CARDS ***
LaJess: folds
Uncalled bet ($2) returned to lelala
lelala collected $2 from pot
*** SUMMARY ***
Total pot $2 | Rake $0
Seat 3: LaJess (button) (small blind) folded before Flop
Seat 5: lelala (big blind) collected ($2)


PokerStars Hand #146991732918:  Hold'em Limit ($3/$6 USD) - 2016/01/13 17:03:39 ET
Table 'Lameia' 6-max Seat #5 is the button
Seat 3: LaJess ($87.32 in chips)
Seat 5: lelala ($87.74 in chips)
lelala: posts small blind $1
LaJess: posts big blind $3
*** HOLE CARDS ***
lelala: folds
Uncalled bet ($2) returned to LaJess
LaJess collected $2 from pot
LaJess: doesn't show hand
*** SUMMARY ***
Total pot $2 | Rake $0
Seat 3: LaJess (big blind) collected ($2)
Seat 5: lelala (button) (small blind) folded before Flop


PokerStars Hand #146991728473:  Hold'em Limit ($3/$6 USD) - 2016/01/13 17:03:35 ET
Table 'Lameia' 6-max Seat #3 is the button
Seat 3: LaJess ($88.32 in chips)
Seat 5: lelala ($86.74 in chips)
LaJess: posts small blind $1
lelala: posts big blind $3
*** HOLE CARDS ***
LaJess: folds
Uncalled bet ($2) returned to lelala
lelala collected $2 from pot
*** SUMMARY ***
Total pot $2 | Rake $0
Seat 3: LaJess (button) (small blind) folded before Flop
Seat 5: lelala (big blind) collected ($2)


PokerStars Hand #146991710281:  Hold'em Limit ($3/$6 USD) - 2016/01/13 17:03:17 ET
Table 'Lameia' 6-max Seat #5 is the button
Seat 3: LaJess ($118.32 in chips)
Seat 5: lelala ($57.24 in chips)
lelala: posts small blind $1
LaJess: posts big blind $3
*** HOLE CARDS ***
lelala: raises $3 to $6
LaJess: raises $3 to $9
lelala: calls $3
*** FLOP *** [Td Kc 9s]
LaJess: bets $3
lelala: calls $3
*** TURN *** [Td Kc 9s] [As]
LaJess: bets $6
lelala: calls $6
*** RIVER *** [Td Kc 9s As] [Kd]
LaJess: bets $6
lelala: raises $6 to $12
LaJess: calls $6
*** SHOW DOWN ***
lelala: shows [Ks 2c] (three of a kind, Kings)
LaJess: mucks hand
lelala collected $59.50 from pot
*** SUMMARY ***
Total pot $60 | Rake $0.50
Board [Td Kc 9s As Kd]
Seat 3: LaJess (big blind) mucked
Seat 5: lelala (button) (small blind) showed [Ks 2c] and won ($59.50) with three of a kind, Kings


PokerStars Hand #146991691078:  Hold'em Limit ($3/$6 USD) - 2016/01/13 17:02:57 ET
Table 'Lameia' 6-max Seat #3 is the button
Seat 3: LaJess ($97.82 in chips)
Seat 5: lelala ($78.24 in chips)
LaJess: posts small blind $1
lelala: posts big blind $3
*** HOLE CARDS ***
LaJess: raises $3 to $6
lelala: calls $3
*** FLOP *** [As Ts 9d]
lelala: checks
LaJess: bets $3
lelala: calls $3
*** TURN *** [As Ts 9d] [6s]
lelala: checks
LaJess: bets $6
lelala: calls $6
*** RIVER *** [As Ts 9d 6s] [2s]
lelala: checks
LaJess: bets $6
lelala: calls $6
*** SHOW DOWN ***
LaJess: shows [Qc 9s] (a flush, Ace high)
lelala: mucks hand
LaJess collected $41.50 from pot
*** SUMMARY ***
Total pot $42 | Rake $0.50
Board [As Ts 9d 6s 2s]
Seat 3: LaJess (button) (small blind) showed [Qc 9s] and won ($41.50) with a flush, Ace high
Seat 5: lelala (big blind) mucked


PokerStars Hand #146991685784:  Hold'em Limit ($3/$6 USD) - 2016/01/13 17:02:52 ET
Table 'Lameia' 6-max Seat #5 is the button
Seat 3: LaJess ($96.82 in chips)
Seat 5: lelala ($79.24 in chips)
lelala: posts small blind $1
LaJess: posts big blind $3
*** HOLE CARDS ***
lelala: folds
Uncalled bet ($2) returned to LaJess
LaJess collected $2 from pot
LaJess: doesn't show hand
*** SUMMARY ***
Total pot $2 | Rake $0
Seat 3: LaJess (big blind) collected ($2)
Seat 5: lelala (button) (small blind) folded before Flop


PokerStars Hand #146991737760:  Hold'em Limit ($3/$6 USD) - 2016/01/13 17:03:44 ET
Table 'Lameia' 6-max Seat #3 is the button
Seat 3: LaJess ($88.32 in chips)
Seat 5: lelala ($86.74 in chips)
LaJess: posts small blind $1
lelala: posts big blind $3
*** HOLE CARDS ***
LaJess: folds
Uncalled bet ($2) returned to lelala
lelala collected $2 from pot
*** SUMMARY ***
Total pot $2 | Rake $0
Seat 3: LaJess (button) (small blind) folded before Flop
Seat 5: lelala (big blind) collected ($2)


PokerStars Hand #146991775287:  Hold'em Limit ($3/$6 USD) - 2016/01/13 17:04:21 ET
Table 'Lameia' 6-max Seat #3 is the button
Seat 3: LaJess ($53.32 in chips)
Seat 5: lelala ($121 in chips)
LaJess: posts small blind $1
lelala: posts big blind $3
*** HOLE CARDS ***
LaJess: raises $3 to $6
lelala: calls $3
*** FLOP *** [Jd Kc 5s]
lelala: checks
LaJess: bets $3
lelala: raises $3 to $6
LaJess: raises $3 to $9
lelala: calls $3
*** TURN *** [Jd Kc 5s] [7s]
lelala: checks
LaJess: bets $6
lelala: calls $6
*** RIVER *** [Jd Kc 5s 7s] [Jc]
lelala: checks
LaJess: bets $6
lelala: calls $6
*** SHOW DOWN ***
LaJess: shows [8s 8h] (two pair, Jacks and Eights)
lelala: mucks hand
LaJess collected $53.50 from pot
*** SUMMARY ***
Total pot $54 | Rake $0.50
Board [Jd Kc 5s 7s Jc]
Seat 3: LaJess (button) (small blind) showed [8s 8h] and won ($53.50) with two pair, Jacks and Eights
Seat 5: lelala (big blind) mucked


PokerStars Hand #146991758510:  Hold'em Limit ($3/$6 USD) - 2016/01/13 17:04:04 ET
Table 'Lameia' 6-max Seat #5 is the button
Seat 3: LaJess ($80.32 in chips)
Seat 5: lelala ($94.50 in chips)
lelala: posts small blind $1
LaJess: posts big blind $3
*** HOLE CARDS ***
lelala: raises $3 to $6
LaJess: raises $3 to $9
lelala: raises $3 to $12
Betting is capped
LaJess: calls $3
*** FLOP *** [6h 4h Kh]
LaJess: checks
lelala: bets $3
LaJess: calls $3
*** TURN *** [6h 4h Kh] [Ks]
LaJess: checks
lelala: bets $6
LaJess: calls $6
*** RIVER *** [6h 4h Kh Ks] [9s]
LaJess: checks
lelala: bets $6
LaJess: calls $6
*** SHOW DOWN ***
lelala: shows [Kc As] (three of a kind, Kings)
LaJess: mucks hand
lelala collected $53.50 from pot
*** SUMMARY ***
Total pot $54 | Rake $0.50
Board [6h 4h Kh Ks 9s]
Seat 3: LaJess (big blind) mucked
Seat 5: lelala (button) (small blind) showed [Kc As] and won ($53.50) with three of a kind, Kings


PokerStars Hand #146991754411:  Hold'em Limit ($3/$6 USD) - 2016/01/13 17:04:01 ET
Table 'Lameia' 6-max Seat #3 is the button
Seat 3: LaJess ($81.32 in chips)
Seat 5: lelala ($93.50 in chips)
LaJess: posts small blind $1
lelala: posts big blind $3
*** HOLE CARDS ***
LaJess: folds
Uncalled bet ($2) returned to lelala
lelala collected $2 from pot
*** SUMMARY ***
Total pot $2 | Rake $0
Seat 3: LaJess (button) (small blind) folded before Flop
Seat 5: lelala (big blind) collected ($2)


PokerStars Hand #146991742207:  Hold'em Limit ($3/$6 USD) - 2016/01/13 17:03:48 ET
Table 'Lameia' 6-max Seat #5 is the button
Seat 3: LaJess ($87.32 in chips)
Seat 5: lelala ($87.74 in chips)
lelala: posts small blind $1
LaJess: posts big blind $3
*** HOLE CARDS ***
lelala: raises $3 to $6
LaJess: calls $3
*** FLOP *** [2s Qh 9h]
LaJess: checks
lelala: checks
*** TURN *** [2s Qh 9h] [6c]
LaJess: checks
lelala: bets $6
LaJess: folds
Uncalled bet ($6) returned to lelala
lelala collected $11.76 from pot
*** SUMMARY ***
Total pot $12 | Rake $0.24
Board [2s Qh 9h 6c]
Seat 3: LaJess (big blind) folded on the Turn
Seat 5: lelala (button) (small blind) collected ($11.76)


PokerStars Hand #146991853053:  Hold'em Limit ($3/$6 USD) - 2016/01/13 17:05:38 ET
Table 'Lameia' 6-max Seat #3 is the button
Seat 3: LaJess ($93.32 in chips)
Seat 5: lelala ($79.50 in chips)
LaJess: posts small blind $1
lelala: posts big blind $3
*** HOLE CARDS ***
LaJess: raises $3 to $6
lelala: folds
Uncalled bet ($3) returned to LaJess
LaJess collected $6 from pot
LaJess: doesn't show hand
*** SUMMARY ***
Total pot $6 | Rake $0
Seat 3: LaJess (button) (small blind) collected ($6)
Seat 5: lelala (big blind) folded before Flop


PokerStars Hand #146991848078:  Hold'em Limit ($3/$6 USD) - 2016/01/13 17:05:34 ET
Table 'Lameia' 6-max Seat #5 is the button
Seat 3: LaJess ($92.32 in chips)
Seat 5: lelala ($80.50 in chips)
lelala: posts small blind $1
LaJess: posts big blind $3
*** HOLE CARDS ***
lelala: folds
Uncalled bet ($2) returned to LaJess
LaJess collected $2 from pot
LaJess: doesn't show hand
*** SUMMARY ***
Total pot $2 | Rake $0
Seat 3: LaJess (big blind) collected ($2)
Seat 5: lelala (button) (small blind) folded before Flop


PokerStars Hand #146991843808:  Hold'em Limit ($3/$6 USD) - 2016/01/13 17:05:29 ET
Table 'Lameia' 6-max Seat #3 is the button
Seat 3: LaJess ($93.32 in chips)
Seat 5: lelala ($79.50 in chips)
LaJess: posts small blind $1
lelala: posts big blind $3
*** HOLE CARDS ***
LaJess: folds
Uncalled bet ($2) returned to lelala
lelala collected $2 from pot
*** SUMMARY ***
Total pot $2 | Rake $0
Seat 3: LaJess (button) (small blind) folded before Flop
Seat 5: lelala (big blind) collected ($2)


PokerStars Hand #146991829354:  Hold'em Limit ($3/$6 USD) - 2016/01/13 17:05:15 ET
Table 'Lameia' 6-max Seat #5 is the button
Seat 3: LaJess ($111.32 in chips)
Seat 5: lelala ($62 in chips)
lelala: posts small blind $1
LaJess: posts big blind $3
*** HOLE CARDS ***
lelala: raises $3 to $6
LaJess: raises $3 to $9
lelala: calls $3
*** FLOP *** [7h 8d 9d]
LaJess: bets $3
lelala: calls $3
*** TURN *** [7h 8d 9d] [Qh]
LaJess: checks
lelala: bets $6
LaJess: calls $6
*** RIVER *** [7h 8d 9d Qh] [Jc]
LaJess: checks
lelala: bets $6
LaJess: folds
Uncalled bet ($6) returned to lelala
lelala collected $35.50 from pot
*** SUMMARY ***
Total pot $36 | Rake $0.50
Board [7h 8d 9d Qh Jc]
Seat 3: LaJess (big blind) folded on the River
Seat 5: lelala (button) (small blind) collected ($35.50)


PokerStars Hand #146991824652:  Hold'em Limit ($3/$6 USD) - 2016/01/13 17:05:10 ET
Table 'Lameia' 6-max Seat #3 is the button
Seat 3: LaJess ($112.32 in chips)
Seat 5: lelala ($61 in chips)
LaJess: posts small blind $1
lelala: posts big blind $3
*** HOLE CARDS ***
LaJess: folds
Uncalled bet ($2) returned to lelala
lelala collected $2 from pot
*** SUMMARY ***
Total pot $2 | Rake $0
Seat 3: LaJess (button) (small blind) folded before Flop
Seat 5: lelala (big blind) collected ($2)


PokerStars Hand #146991818652:  Hold'em Limit ($3/$6 USD) - 2016/01/13 17:05:05 ET
Table 'Lameia' 6-max Seat #5 is the button
Seat 3: LaJess ($115.32 in chips)
Seat 5: lelala ($58 in chips)
lelala: posts small blind $1
LaJess: posts big blind $3
*** HOLE CARDS ***
lelala: raises $3 to $6
LaJess: folds
Uncalled bet ($3) returned to lelala
lelala collected $6 from pot
*** SUMMARY ***
Total pot $6 | Rake $0
Seat 3: LaJess (big blind) folded before Flop
Seat 5: lelala (button) (small blind) collected ($6)


PokerStars Hand #146991812458:  Hold'em Limit ($3/$6 USD) - 2016/01/13 17:04:59 ET
Table 'Lameia' 6-max Seat #3 is the button
Seat 3: LaJess ($112.32 in chips)
Seat 5: lelala ($61 in chips)
LaJess: posts small blind $1
lelala: posts big blind $3
*** HOLE CARDS ***
LaJess: raises $3 to $6
lelala: folds
Uncalled bet ($3) returned to LaJess
LaJess collected $6 from pot
LaJess: doesn't show hand
*** SUMMARY ***
Total pot $6 | Rake $0
Seat 3: LaJess (button) (small blind) collected ($6)
Seat 5: lelala (big blind) folded before Flop


PokerStars Hand #146991791226:  Hold'em Limit ($3/$6 USD) - 2016/01/13 17:04:38 ET
Table 'Lameia' 6-max Seat #5 is the button
Seat 3: LaJess ($79.82 in chips)
Seat 5: lelala ($94 in chips)
lelala: posts small blind $1
LaJess: posts big blind $3
*** HOLE CARDS ***
lelala: raises $3 to $6
LaJess: raises $3 to $9
lelala: raises $3 to $12
Betting is capped
LaJess: calls $3
*** FLOP *** [As Ks 8h]
LaJess: checks
lelala: bets $3
LaJess: raises $3 to $6
lelala: raises $3 to $9
LaJess: calls $3
*** TURN *** [As Ks 8h] [Qs]
LaJess: checks
lelala: bets $6
LaJess: calls $6
*** RIVER *** [As Ks 8h Qs] [Kd]
LaJess: bets $6
lelala: calls $6
*** SHOW DOWN ***
LaJess: shows [Kh 5h] (three of a kind, Kings)
lelala: mucks hand
LaJess collected $65.50 from pot
*** SUMMARY ***
Total pot $66 | Rake $0.50
Board [As Ks 8h Qs Kd]
Seat 3: LaJess (big blind) showed [Kh 5h] and won ($65.50) with three of a kind, Kings
Seat 5: lelala (button) (small blind) mucked


PokerStars Hand #146991870554:  Hold'em Limit ($3/$6 USD) - 2016/01/13 17:05:56 ET
Table 'Lameia' 6-max Seat #3 is the button
Seat 3: LaJess ($102.08 in chips)
Seat 5: lelala ($70.50 in chips)
LaJess: posts small blind $1
lelala: posts big blind $3
*** HOLE CARDS ***
LaJess: raises $3 to $6
lelala: raises $3 to $9
LaJess: folds
Uncalled bet ($3) returned to lelala
lelala collected $12 from pot
*** SUMMARY ***
Total pot $12 | Rake $0
Seat 3: LaJess (button) (small blind) folded before Flop
Seat 5: lelala (big blind) collected ($12)


PokerStars Hand #146991876443:  Hold'em Limit ($3/$6 USD) - 2016/01/13 17:06:02 ET
Table 'Lameia' 6-max Seat #5 is the button
Seat 3: LaJess ($96.08 in chips)
Seat 5: lelala ($76.50 in chips)
lelala: posts small blind $1
LaJess: posts big blind $3
*** HOLE CARDS ***
lelala: raises $3 to $6
LaJess: calls $3
*** FLOP *** [5h Jd Th]
LaJess: checks
lelala: bets $3
LaJess: raises $3 to $6
lelala: raises $3 to $9
LaJess: raises $3 to $12
Betting is capped
lelala: calls $3
*** TURN *** [5h Jd Th] [4h]
LaJess: bets $6
lelala: calls $6
*** RIVER *** [5h Jd Th 4h] [7d]
LaJess: bets $6
lelala: calls $6
*** SHOW DOWN ***
LaJess: shows [Jh 3h] (a flush, Jack high)
lelala: mucks hand
LaJess collected $59.50 from pot
*** SUMMARY ***
Total pot $60 | Rake $0.50
Board [5h Jd Th 4h 7d]
Seat 3: LaJess (big blind) showed [Jh 3h] and won ($59.50) with a flush, Jack high
Seat 5: lelala (button) (small blind) mucked


PokerStars Hand #146991892428:  Hold'em Limit ($3/$6 USD) - 2016/01/13 17:06:18 ET
Table 'Lameia' 6-max Seat #3 is the button
Seat 3: LaJess ($125.58 in chips)
Seat 5: lelala ($46.50 in chips)
LaJess: posts small blind $1
lelala: posts big blind $3
*** HOLE CARDS ***
LaJess: folds
Uncalled bet ($2) returned to lelala
lelala collected $2 from pot
*** SUMMARY ***
Total pot $2 | Rake $0
Seat 3: LaJess (button) (small blind) folded before Flop
Seat 5: lelala (big blind) collected ($2)


PokerStars Hand #146991899979:  Hold'em Limit ($3/$6 USD) - 2016/01/13 17:06:25 ET
Table 'Lameia' 6-max Seat #5 is the button
Seat 3: LaJess ($124.58 in chips)
Seat 5: lelala ($47.50 in chips)
lelala: posts small blind $1
LaJess: posts big blind $3
*** HOLE CARDS ***
lelala: raises $3 to $6
LaJess: folds
Uncalled bet ($3) returned to lelala
lelala collected $6 from pot
*** SUMMARY ***
Total pot $6 | Rake $0
Seat 3: LaJess (big blind) folded before Flop
Seat 5: lelala (button) (small blind) collected ($6)


PokerStars Hand #146991904760:  Hold'em Limit ($3/$6 USD) - 2016/01/13 17:06:30 ET
Table 'Lameia' 6-max Seat #3 is the button
Seat 3: LaJess ($121.58 in chips)
Seat 5: lelala ($50.50 in chips)
LaJess: posts small blind $1
lelala: posts big blind $3
*** HOLE CARDS ***
LaJess: raises $3 to $6
lelala: raises $3 to $9
LaJess: calls $3
*** FLOP *** [9s Ah 5h]
lelala: bets $3
LaJess: raises $3 to $6
lelala: raises $3 to $9
LaJess: raises $3 to $12
Betting is capped
lelala: calls $3
*** TURN *** [9s Ah 5h] [5c]
lelala: bets $6
LaJess: raises $6 to $12
lelala: raises $6 to $18
LaJess: calls $6
*** RIVER *** [9s Ah 5h 5c] [7s]
lelala: bets $6
LaJess: calls $6
*** SHOW DOWN ***
lelala: shows [Jd As] (two pair, Aces and Fives)
LaJess: mucks hand
lelala collected $89.50 from pot
*** SUMMARY ***
Total pot $90 | Rake $0.50
Board [9s Ah 5h 5c 7s]
Seat 3: LaJess (button) (small blind) mucked
Seat 5: lelala (big blind) showed [Jd As] and won ($89.50) with two pair, Aces and Fives


PokerStars Hand #146991858024:  Hold'em Limit ($3/$6 USD) - 2016/01/13 17:05:43 ET
Table 'Lameia' 6-max Seat #5 is the button
Seat 3: LaJess ($96.32 in chips)
Seat 5: lelala ($76.50 in chips)
lelala: posts small blind $1
LaJess: posts big blind $3
*** HOLE CARDS ***
lelala: raises $3 to $6
LaJess: calls $3
*** FLOP *** [Kc Jc 3d]
LaJess: checks
lelala: checks
*** TURN *** [Kc Jc 3d] [7h]
LaJess: bets $6
lelala: folds
Uncalled bet ($6) returned to LaJess
LaJess collected $11.76 from pot
LaJess: doesn't show hand
*** SUMMARY ***
Total pot $12 | Rake $0.24
Board [Kc Jc 3d 7h]
Seat 3: LaJess (big blind) collected ($11.76)
Seat 5: lelala (button) (small blind) folded on the Turn


PokerStars Hand #146991937103:  Hold'em Limit ($3/$6 USD) - 2016/01/13 17:07:02 ET
Table 'Lameia' 6-max Seat #5 is the button
Seat 3: LaJess ($63.58 in chips)
Seat 5: lelala ($107.52 in chips)
lelala: posts small blind $1
LaJess: posts big blind $3
*** HOLE CARDS ***
lelala: raises $3 to $6
LaJess: folds
Uncalled bet ($3) returned to lelala
lelala collected $6 from pot
*** SUMMARY ***
Total pot $6 | Rake $0
Seat 3: LaJess (big blind) folded before Flop
Seat 5: lelala (button) (small blind) collected ($6)


PokerStars Hand #146991932468:  Hold'em Limit ($3/$6 USD) - 2016/01/13 17:06:57 ET
Table 'Lameia' 6-max Seat #3 is the button
Seat 3: LaJess ($64.58 in chips)
Seat 5: lelala ($106.52 in chips)
LaJess: posts small blind $1
lelala: posts big blind $3
*** HOLE CARDS ***
LaJess: folds
Uncalled bet ($2) returned to lelala
lelala collected $2 from pot
*** SUMMARY ***
Total pot $2 | Rake $0
Seat 3: LaJess (button) (small blind) folded before Flop
Seat 5: lelala (big blind) collected ($2)


PokerStars Hand #146991942269:  Hold'em Limit ($3/$6 USD) - 2016/01/13 17:07:07 ET
Table 'Lameia' 6-max Seat #3 is the button
Seat 3: LaJess ($60.58 in chips)
Seat 5: lelala ($110.52 in chips)
LaJess: posts small blind $1
lelala: posts big blind $3
*** HOLE CARDS ***
LaJess: raises $3 to $6
lelala: calls $3
*** FLOP *** [As Qs Ts]
lelala: checks
LaJess: bets $3
lelala: folds
Uncalled bet ($3) returned to LaJess
LaJess collected $11.76 from pot
LaJess: doesn't show hand
*** SUMMARY ***
Total pot $12 | Rake $0.24
Board [As Qs Ts]
Seat 3: LaJess (button) (small blind) collected ($11.76)
Seat 5: lelala (big blind) folded on the Flop


PokerStars Hand #146991951258:  Hold'em Limit ($3/$6 USD) - 2016/01/13 17:07:16 ET
Table 'Lameia' 6-max Seat #5 is the button
Seat 3: LaJess ($66.34 in chips)
Seat 5: lelala ($104.52 in chips)
lelala: posts small blind $1
LaJess: posts big blind $3
*** HOLE CARDS ***
lelala: raises $3 to $6
LaJess: raises $3 to $9
lelala: raises $3 to $12
Betting is capped
LaJess: calls $3
*** FLOP *** [7h 2s Ks]
LaJess: checks
lelala: bets $3
LaJess: folds
Uncalled bet ($3) returned to lelala
lelala collected $23.52 from pot
*** SUMMARY ***
Total pot $24 | Rake $0.48
Board [7h 2s Ks]
Seat 3: LaJess (big blind) folded on the Flop
Seat 5: lelala (button) (small blind) collected ($23.52)


PokerStars Hand #146991969082:  Hold'em Limit ($3/$6 USD) - 2016/01/13 17:07:33 ET
Table 'Lameia' 6-max Seat #5 is the button
Seat 3: LaJess ($53.34 in chips)
Seat 5: lelala ($117.04 in chips)
lelala: posts small blind $1
LaJess: posts big blind $3
*** HOLE CARDS ***
lelala: folds
Uncalled bet ($2) returned to LaJess
LaJess collected $2 from pot
LaJess: doesn't show hand
*** SUMMARY ***
Total pot $2 | Rake $0
Seat 3: LaJess (big blind) collected ($2)
Seat 5: lelala (button) (small blind) folded before Flop


PokerStars Hand #146991964258:  Hold'em Limit ($3/$6 USD) - 2016/01/13 17:07:28 ET
Table 'Lameia' 6-max Seat #3 is the button
Seat 3: LaJess ($54.34 in chips)
Seat 5: lelala ($116.04 in chips)
LaJess: posts small blind $1
lelala: posts big blind $3
*** HOLE CARDS ***
LaJess: folds
Uncalled bet ($2) returned to lelala
lelala collected $2 from pot
*** SUMMARY ***
Total pot $2 | Rake $0
Seat 3: LaJess (button) (small blind) folded before Flop
Seat 5: lelala (big blind) collected ($2)


PokerStars Hand #146991921071:  Hold'em Limit ($3/$6 USD) - 2016/01/13 17:06:46 ET
Table 'Lameia' 6-max Seat #5 is the button
Seat 3: LaJess ($76.58 in chips)
Seat 5: lelala ($95 in chips)
lelala: posts small blind $1
LaJess: posts big blind $3
*** HOLE CARDS ***
lelala: raises $3 to $6
LaJess: raises $3 to $9
lelala: raises $3 to $12
Betting is capped
LaJess: calls $3
*** FLOP *** [Jd 9c Kc]
LaJess: checks
lelala: bets $3
LaJess: folds
Uncalled bet ($3) returned to lelala
lelala collected $23.52 from pot
*** SUMMARY ***
Total pot $24 | Rake $0.48
Board [Jd 9c Kc]
Seat 3: LaJess (big blind) folded on the Flop
Seat 5: lelala (button) (small blind) collected ($23.52)


PokerStars Hand #146991973863:  Hold'em Limit ($3/$6 USD) - 2016/01/13 17:07:38 ET
Table 'Lameia' 6-max Seat #3 is the button
Seat 3: LaJess ($54.34 in chips)
Seat 5: lelala ($116.04 in chips)
LaJess: posts small blind $1
lelala: posts big blind $3
*** HOLE CARDS ***
LaJess: raises $3 to $6
lelala: calls $3
*** FLOP *** [5c 5h Ac]
lelala: checks
LaJess: bets $3
lelala: folds
Uncalled bet ($3) returned to LaJess
LaJess collected $11.76 from pot
LaJess: doesn't show hand
*** SUMMARY ***
Total pot $12 | Rake $0.24
Board [5c 5h Ac]
Seat 3: LaJess (button) (small blind) collected ($11.76)
Seat 5: lelala (big blind) folded on the Flop


PokerStars Hand #146991993357:  Hold'em Limit ($3/$6 USD) - 2016/01/13 17:07:57 ET
Table 'Lameia' 6-max Seat #3 is the button
Seat 3: LaJess ($54.10 in chips)
Seat 5: lelala ($115.80 in chips)
LaJess: posts small blind $1
lelala: posts big blind $3
*** HOLE CARDS ***
LaJess: raises $3 to $6
lelala: calls $3
*** FLOP *** [2c 5d 4s]
lelala: checks
LaJess: bets $3
lelala: calls $3
*** TURN *** [2c 5d 4s] [4h]
lelala: checks
LaJess: checks
*** RIVER *** [2c 5d 4s 4h] [3d]
lelala: checks
LaJess: bets $6
lelala: folds
Uncalled bet ($6) returned to LaJess
LaJess collected $17.64 from pot
LaJess: doesn't show hand
*** SUMMARY ***
Total pot $18 | Rake $0.36
Board [2c 5d 4s 4h 3d]
Seat 3: LaJess (button) (small blind) collected ($17.64)
Seat 5: lelala (big blind) folded on the River


PokerStars Hand #146992028409:  Hold'em Limit ($3/$6 USD) - 2016/01/13 17:08:32 ET
Table 'Lameia' 6-max Seat #3 is the button
Seat 3: LaJess ($71.38 in chips)
Seat 5: lelala ($97.80 in chips)
LaJess: posts small blind $1
lelala: posts big blind $3
*** HOLE CARDS ***
LaJess: folds
Uncalled bet ($2) returned to lelala
lelala collected $2 from pot
*** SUMMARY ***
Total pot $2 | Rake $0
Seat 3: LaJess (button) (small blind) folded before Flop
Seat 5: lelala (big blind) collected ($2)


PokerStars Hand #146992016208:  Hold'em Limit ($3/$6 USD) - 2016/01/13 17:08:20 ET
Table 'Lameia' 6-max Seat #5 is the button
Seat 3: LaJess ($62.74 in chips)
Seat 5: lelala ($106.80 in chips)
lelala: posts small blind $1
LaJess: posts big blind $3
*** HOLE CARDS ***
lelala: raises $3 to $6
LaJess: raises $3 to $9
lelala: calls $3
*** FLOP *** [6c Ad Ks]
LaJess: bets $3
lelala: folds
Uncalled bet ($3) returned to LaJess
LaJess collected $17.64 from pot
LaJess: doesn't show hand
*** SUMMARY ***
Total pot $18 | Rake $0.36
Board [6c Ad Ks]
Seat 3: LaJess (big blind) collected ($17.64)
Seat 5: lelala (button) (small blind) folded on the Flop


PokerStars Hand #146991982830:  Hold'em Limit ($3/$6 USD) - 2016/01/13 17:07:47 ET
Table 'Lameia' 6-max Seat #5 is the button
Seat 3: LaJess ($60.10 in chips)
Seat 5: lelala ($110.04 in chips)
lelala: posts small blind $1
LaJess: posts big blind $3
*** HOLE CARDS ***
lelala: raises $3 to $6
LaJess: calls $3
*** FLOP *** [8h 4h Ad]
LaJess: checks
lelala: bets $3
LaJess: folds
Uncalled bet ($3) returned to lelala
lelala collected $11.76 from pot
*** SUMMARY ***
Total pot $12 | Rake $0.24
Board [8h 4h Ad]
Seat 3: LaJess (big blind) folded on the Flop
Seat 5: lelala (button) (small blind) collected ($11.76)


PokerStars Hand #146992089978:  Hold'em Limit ($3/$6 USD) - 2016/01/13 17:09:34 ET
Table 'Lameia' 6-max Seat #5 is the button
Seat 3: LaJess ($110.38 in chips)
Seat 5: lelala ($57.80 in chips)
lelala: posts small blind $1
LaJess: posts big blind $3
*** HOLE CARDS ***
lelala: folds
Uncalled bet ($2) returned to LaJess
LaJess collected $2 from pot
LaJess: doesn't show hand
*** SUMMARY ***
Total pot $2 | Rake $0
Seat 3: LaJess (big blind) collected ($2)
Seat 5: lelala (button) (small blind) folded before Flop


PokerStars Hand #146992085912:  Hold'em Limit ($3/$6 USD) - 2016/01/13 17:09:30 ET
Table 'Lameia' 6-max Seat #3 is the button
Seat 3: LaJess ($111.38 in chips)
Seat 5: lelala ($56.80 in chips)
LaJess: posts small blind $1
lelala: posts big blind $3
*** HOLE CARDS ***
LaJess: folds
Uncalled bet ($2) returned to lelala
lelala collected $2 from pot
*** SUMMARY ***
Total pot $2 | Rake $0
Seat 3: LaJess (button) (small blind) folded before Flop
Seat 5: lelala (big blind) collected ($2)


PokerStars Hand #146992071843:  Hold'em Limit ($3/$6 USD) - 2016/01/13 17:09:16 ET
Table 'Lameia' 6-max Seat #5 is the button
Seat 3: LaJess ($114.38 in chips)
Seat 5: lelala ($53.80 in chips)
lelala: posts small blind $1
LaJess: posts big blind $3
*** HOLE CARDS ***
lelala: folds
Uncalled bet ($2) returned to LaJess
LaJess collected $2 from pot
LaJess: doesn't show hand
*** SUMMARY ***
Total pot $2 | Rake $0
Seat 3: LaJess (big blind) collected ($2)
Seat 5: lelala (button) (small blind) folded before Flop


PokerStars Hand #146992056407:  Hold'em Limit ($3/$6 USD) - 2016/01/13 17:09:01 ET
Table 'Lameia' 6-max Seat #3 is the button
Seat 3: LaJess ($96.88 in chips)
Seat 5: lelala ($71.80 in chips)
LaJess: posts small blind $1
lelala: posts big blind $3
*** HOLE CARDS ***
LaJess: raises $3 to $6
lelala: calls $3
*** FLOP *** [Qc 4c 9d]
lelala: checks
LaJess: checks
*** TURN *** [Qc 4c 9d] [Js]
lelala: bets $6
LaJess: raises $6 to $12
lelala: calls $6
*** RIVER *** [Qc 4c 9d Js] [Tc]
lelala: checks
LaJess: bets $6
lelala: folds
Uncalled bet ($6) returned to LaJess
LaJess collected $35.50 from pot
LaJess: doesn't show hand
*** SUMMARY ***
Total pot $36 | Rake $0.50
Board [Qc 4c 9d Js Tc]
Seat 3: LaJess (button) (small blind) collected ($35.50)
Seat 5: lelala (big blind) folded on the River


PokerStars Hand #146992033042:  Hold'em Limit ($3/$6 USD) - 2016/01/13 17:08:37 ET
Table 'Lameia' 6-max Seat #5 is the button
Seat 3: LaJess ($70.38 in chips)
Seat 5: lelala ($98.80 in chips)
lelala: posts small blind $1
LaJess: posts big blind $3
*** HOLE CARDS ***
lelala: raises $3 to $6
LaJess: raises $3 to $9
lelala: calls $3
*** FLOP *** [Jd 8s Tc]
LaJess: bets $3
lelala: raises $3 to $6
LaJess: raises $3 to $9
lelala: raises $3 to $12
Betting is capped
LaJess: calls $3
*** TURN *** [Jd 8s Tc] [Th]
LaJess: bets $6
lelala: calls $6
*** RIVER *** [Jd 8s Tc Th] [3h]
LaJess: bets $6
lelala: folds
Uncalled bet ($6) returned to LaJess
LaJess collected $53.50 from pot
LaJess: doesn't show hand
*** SUMMARY ***
Total pot $54 | Rake $0.50
Board [Jd 8s Tc Th 3h]
Seat 3: LaJess (big blind) collected ($53.50)
Seat 5: lelala (button) (small blind) folded on the River


PokerStars Hand #146992080690:  Hold'em Limit ($3/$6 USD) - 2016/01/13 17:09:25 ET
Table 'Lameia' 6-max Seat #5 is the button
Seat 3: LaJess ($114.38 in chips)
Seat 5: lelala ($53.80 in chips)
lelala: posts small blind $1
LaJess: posts big blind $3
*** HOLE CARDS ***
lelala: raises $3 to $6
LaJess: folds
Uncalled bet ($3) returned to lelala
lelala collected $6 from pot
*** SUMMARY ***
Total pot $6 | Rake $0
Seat 3: LaJess (big blind) folded before Flop
Seat 5: lelala (button) (small blind) collected ($6)


PokerStars Hand #146992076284:  Hold'em Limit ($3/$6 USD) - 2016/01/13 17:09:21 ET
Table 'Lameia' 6-max Seat #3 is the button
Seat 3: LaJess ($115.38 in chips)
Seat 5: lelala ($52.80 in chips)
LaJess: posts small blind $1
lelala: posts big blind $3
*** HOLE CARDS ***
LaJess: folds
Uncalled bet ($2) returned to lelala
lelala collected $2 from pot
*** SUMMARY ***
Total pot $2 | Rake $0
Seat 3: LaJess (button) (small blind) folded before Flop
Seat 5: lelala (big blind) collected ($2)


PokerStars Hand #146992104123:  Hold'em Limit ($3/$6 USD) - 2016/01/13 17:09:48 ET
Table 'Lameia' 6-max Seat #5 is the button
Seat 3: LaJess ($102.38 in chips)
Seat 5: lelala ($65.44 in chips)
lelala: posts small blind $1
LaJess: posts big blind $3
*** HOLE CARDS ***
lelala: folds
Uncalled bet ($2) returned to LaJess
LaJess collected $2 from pot
LaJess: doesn't show hand
*** SUMMARY ***
Total pot $2 | Rake $0
Seat 3: LaJess (big blind) collected ($2)
Seat 5: lelala (button) (small blind) folded before Flop


PokerStars Hand #146992094872:  Hold'em Limit ($3/$6 USD) - 2016/01/13 17:09:39 ET
Table 'Lameia' 6-max Seat #3 is the button
Seat 3: LaJess ($111.38 in chips)
Seat 5: lelala ($56.80 in chips)
LaJess: posts small blind $1
lelala: posts big blind $3
*** HOLE CARDS ***
LaJess: raises $3 to $6
lelala: raises $3 to $9
LaJess: calls $3
*** FLOP *** [9d Qd Kc]
lelala: bets $3
LaJess: folds
Uncalled bet ($3) returned to lelala
lelala collected $17.64 from pot
*** SUMMARY ***
Total pot $18 | Rake $0.36
Board [9d Qd Kc]
Seat 3: LaJess (button) (small blind) folded on the Flop
Seat 5: lelala (big blind) collected ($17.64)


PokerStars Hand #146992108704:  Hold'em Limit ($3/$6 USD) - 2016/01/13 17:09:53 ET
Table 'Lameia' 6-max Seat #3 is the button
Seat 3: LaJess ($103.38 in chips)
Seat 5: lelala ($64.44 in chips)
LaJess: posts small blind $1
lelala: posts big blind $3
*** HOLE CARDS ***
LaJess: raises $3 to $6
lelala: calls $3
*** FLOP *** [5h Js Qc]
lelala: checks
LaJess: bets $3
lelala: folds
Uncalled bet ($3) returned to LaJess
LaJess collected $11.76 from pot
LaJess: doesn't show hand
*** SUMMARY ***
Total pot $12 | Rake $0.24
Board [5h Js Qc]
Seat 3: LaJess (button) (small blind) collected ($11.76)
Seat 5: lelala (big blind) folded on the Flop


PokerStars Hand #146992122018:  Hold'em Limit ($3/$6 USD) - 2016/01/13 17:10:06 ET
Table 'Lameia' 6-max Seat #3 is the button
Seat 3: LaJess ($110.14 in chips)
Seat 5: lelala ($57.44 in chips)
LaJess: posts small blind $1
lelala: posts big blind $3
*** HOLE CARDS ***
LaJess: folds
Uncalled bet ($2) returned to lelala
lelala collected $2 from pot
*** SUMMARY ***
Total pot $2 | Rake $0
Seat 3: LaJess (button) (small blind) folded before Flop
Seat 5: lelala (big blind) collected ($2)


PokerStars Hand #146992117336:  Hold'em Limit ($3/$6 USD) - 2016/01/13 17:10:01 ET
Table 'Lameia' 6-max Seat #5 is the button
Seat 3: LaJess ($109.14 in chips)
Seat 5: lelala ($58.44 in chips)
lelala: posts small blind $1
LaJess: posts big blind $3
*** HOLE CARDS ***
lelala: folds
Uncalled bet ($2) returned to LaJess
LaJess collected $2 from pot
LaJess: doesn't show hand
*** SUMMARY ***
Total pot $2 | Rake $0
Seat 3: LaJess (big blind) collected ($2)
Seat 5: lelala (button) (small blind) folded before Flop


PokerStars Hand #146992131739:  Hold'em Limit ($3/$6 USD) - 2016/01/13 17:10:16 ET
Table 'Lameia' 6-max Seat #3 is the button
Seat 3: LaJess ($110.14 in chips)
Seat 5: lelala ($57.44 in chips)
LaJess: posts small blind $1
lelala: posts big blind $3
*** HOLE CARDS ***
LaJess: raises $3 to $6
lelala: folds
Uncalled bet ($3) returned to LaJess
LaJess collected $6 from pot
LaJess: doesn't show hand
*** SUMMARY ***
Total pot $6 | Rake $0
Seat 3: LaJess (button) (small blind) collected ($6)
Seat 5: lelala (big blind) folded before Flop


PokerStars Hand #146992127167:  Hold'em Limit ($3/$6 USD) - 2016/01/13 17:10:11 ET
Table 'Lameia' 6-max Seat #5 is the button
Seat 3: LaJess ($109.14 in chips)
Seat 5: lelala ($58.44 in chips)
lelala: posts small blind $1
LaJess: posts big blind $3
*** HOLE CARDS ***
lelala: folds
Uncalled bet ($2) returned to LaJess
LaJess collected $2 from pot
LaJess: doesn't show hand
*** SUMMARY ***
Total pot $2 | Rake $0
Seat 3: LaJess (big blind) collected ($2)
Seat 5: lelala (button) (small blind) folded before Flop


PokerStars Hand #146992137076:  Hold'em Limit ($3/$6 USD) - 2016/01/13 17:10:21 ET
Table 'Lameia' 6-max Seat #5 is the button
Seat 3: LaJess ($113.14 in chips)
Seat 5: lelala ($54.44 in chips)
lelala: posts small blind $1
LaJess: posts big blind $3
*** HOLE CARDS ***
lelala: folds
Uncalled bet ($2) returned to LaJess
LaJess collected $2 from pot
LaJess: doesn't show hand
*** SUMMARY ***
Total pot $2 | Rake $0
Seat 3: LaJess (big blind) collected ($2)
Seat 5: lelala (button) (small blind) folded before Flop


PokerStars Hand #146992141953:  Hold'em Limit ($3/$6 USD) - 2016/01/13 17:10:26 ET
Table 'Lameia' 6-max Seat #3 is the button
Seat 3: LaJess ($114.14 in chips)
Seat 5: lelala ($53.44 in chips)
LaJess: posts small blind $1
lelala: posts big blind $3
*** HOLE CARDS ***
LaJess: raises $3 to $6
lelala: raises $3 to $9
LaJess: calls $3
*** FLOP *** [5s Qc Ac]
lelala: bets $3
LaJess: raises $3 to $6
lelala: raises $3 to $9
LaJess: calls $3
*** TURN *** [5s Qc Ac] [2c]
lelala: bets $6
LaJess: calls $6
*** RIVER *** [5s Qc Ac 2c] [Kh]
lelala: bets $6
LaJess: calls $6
*** SHOW DOWN ***
lelala: shows [As Jh] (a pair of Aces)
LaJess: mucks hand
lelala collected $59.50 from pot
*** SUMMARY ***
Total pot $60 | Rake $0.50
Board [5s Qc Ac 2c Kh]
Seat 3: LaJess (button) (small blind) mucked
Seat 5: lelala (big blind) showed [As Jh] and won ($59.50) with a pair of Aces


PokerStars Hand #146992160807:  Hold'em Limit ($3/$6 USD) - 2016/01/13 17:10:45 ET
Table 'Lameia' 6-max Seat #5 is the button
Seat 3: LaJess ($84.14 in chips)
Seat 5: lelala ($82.94 in chips)
lelala: posts small blind $1
LaJess: posts big blind $3
*** HOLE CARDS ***
lelala: folds
Uncalled bet ($2) returned to LaJess
LaJess collected $2 from pot
LaJess: doesn't show hand
*** SUMMARY ***
Total pot $2 | Rake $0
Seat 3: LaJess (big blind) collected ($2)
Seat 5: lelala (button) (small blind) folded before Flop


PokerStars Hand #146992172098:  Hold'em Limit ($3/$6 USD) - 2016/01/13 17:10:57 ET
Table 'Lameia' 6-max Seat #5 is the button
Seat 3: LaJess ($88.14 in chips)
Seat 5: lelala ($78.94 in chips)
lelala: posts small blind $1
LaJess: posts big blind $3
*** HOLE CARDS ***
lelala: folds
Uncalled bet ($2) returned to LaJess
LaJess collected $2 from pot
LaJess: doesn't show hand
*** SUMMARY ***
Total pot $2 | Rake $0
Seat 3: LaJess (big blind) collected ($2)
Seat 5: lelala (button) (small blind) folded before Flop


PokerStars Hand #146992165510:  Hold'em Limit ($3/$6 USD) - 2016/01/13 17:10:50 ET
Table 'Lameia' 6-max Seat #3 is the button
Seat 3: LaJess ($85.14 in chips)
Seat 5: lelala ($81.94 in chips)
LaJess: posts small blind $1
lelala: posts big blind $3
*** HOLE CARDS ***
LaJess: raises $3 to $6
lelala: folds
Uncalled bet ($3) returned to LaJess
LaJess collected $6 from pot
LaJess: doesn't show hand
*** SUMMARY ***
Total pot $6 | Rake $0
Seat 3: LaJess (button) (small blind) collected ($6)
Seat 5: lelala (big blind) folded before Flop


PokerStars Hand #146992188469:  Hold'em Limit ($3/$6 USD) - 2016/01/13 17:11:13 ET
Table 'Lameia' 6-max Seat #5 is the button
Seat 3: LaJess ($80.14 in chips)
Seat 5: lelala ($86.58 in chips)
lelala: posts small blind $1
LaJess: posts big blind $3
*** HOLE CARDS ***
lelala: folds
Uncalled bet ($2) returned to LaJess
LaJess collected $2 from pot
LaJess: doesn't show hand
*** SUMMARY ***
Total pot $2 | Rake $0
Seat 3: LaJess (big blind) collected ($2)
Seat 5: lelala (button) (small blind) folded before Flop


PokerStars Hand #146992176519:  Hold'em Limit ($3/$6 USD) - 2016/01/13 17:11:01 ET
Table 'Lameia' 6-max Seat #3 is the button
Seat 3: LaJess ($89.14 in chips)
Seat 5: lelala ($77.94 in chips)
LaJess: posts small blind $1
lelala: posts big blind $3
*** HOLE CARDS ***
LaJess: raises $3 to $6
lelala: calls $3
*** FLOP *** [5d 9d Ac]
lelala: checks
LaJess: bets $3
lelala: raises $3 to $6
LaJess: folds
Uncalled bet ($3) returned to lelala
lelala collected $17.64 from pot
*** SUMMARY ***
Total pot $18 | Rake $0.36
Board [5d 9d Ac]
Seat 3: LaJess (button) (small blind) folded on the Flop
Seat 5: lelala (big blind) collected ($17.64)


PokerStars Hand #146992193181:  Hold'em Limit ($3/$6 USD) - 2016/01/13 17:11:18 ET
Table 'Lameia' 6-max Seat #3 is the button
Seat 3: LaJess ($81.14 in chips)
Seat 5: lelala ($85.58 in chips)
LaJess: posts small blind $1
lelala: posts big blind $3
*** HOLE CARDS ***
LaJess: folds
Uncalled bet ($2) returned to lelala
lelala collected $2 from pot
*** SUMMARY ***
Total pot $2 | Rake $0
Seat 3: LaJess (button) (small blind) folded before Flop
Seat 5: lelala (big blind) collected ($2)


PokerStars Hand #146992210942:  Hold'em Limit ($3/$6 USD) - 2016/01/13 17:11:35 ET
Table 'Lameia' 6-max Seat #3 is the button
Seat 3: LaJess ($74.14 in chips)
Seat 5: lelala ($92.34 in chips)
LaJess: posts small blind $1
lelala: posts big blind $3
*** HOLE CARDS ***
LaJess: folds
Uncalled bet ($2) returned to lelala
lelala collected $2 from pot
*** SUMMARY ***
Total pot $2 | Rake $0
Seat 3: LaJess (button) (small blind) folded before Flop
Seat 5: lelala (big blind) collected ($2)


PokerStars Hand #146992197614:  Hold'em Limit ($3/$6 USD) - 2016/01/13 17:11:22 ET
Table 'Lameia' 6-max Seat #5 is the button
Seat 3: LaJess ($80.14 in chips)
Seat 5: lelala ($86.58 in chips)
lelala: posts small blind $1
LaJess: posts big blind $3
*** HOLE CARDS ***
lelala: raises $3 to $6
LaJess: calls $3
*** FLOP *** [2s 4c 4s]
LaJess: checks
lelala: bets $3
LaJess: folds
Uncalled bet ($3) returned to lelala
lelala collected $11.76 from pot
*** SUMMARY ***
Total pot $12 | Rake $0.24
Board [2s 4c 4s]
Seat 3: LaJess (big blind) folded on the Flop
Seat 5: lelala (button) (small blind) collected ($11.76)


PokerStars Hand #146992216030:  Hold'em Limit ($3/$6 USD) - 2016/01/13 17:11:41 ET
Table 'Lameia' 6-max Seat #5 is the button
Seat 3: LaJess ($73.14 in chips)
Seat 5: lelala ($93.34 in chips)
lelala: posts small blind $1
LaJess: posts big blind $3
*** HOLE CARDS ***
lelala: raises $3 to $6
LaJess: calls $3
*** FLOP *** [Qd 9d Kc]
LaJess: checks
lelala: bets $3
LaJess: calls $3
*** TURN *** [Qd 9d Kc] [4s]
LaJess: checks
lelala: bets $6
LaJess: calls $6
*** RIVER *** [Qd 9d Kc 4s] [Qc]
LaJess: checks
lelala: checks
*** SHOW DOWN ***
LaJess: shows [8h 9h] (two pair, Queens and Nines)
lelala: mucks hand
LaJess collected $29.50 from pot
*** SUMMARY ***
Total pot $30 | Rake $0.50
Board [Qd 9d Kc 4s Qc]
Seat 3: LaJess (big blind) showed [8h 9h] and won ($29.50) with two pair, Queens and Nines
Seat 5: lelala (button) (small blind) mucked


PokerStars Hand #146992232695:  Hold'em Limit ($3/$6 USD) - 2016/01/13 17:11:57 ET
Table 'Lameia' 6-max Seat #3 is the button
Seat 3: LaJess ($87.64 in chips)
Seat 5: lelala ($78.34 in chips)
LaJess: posts small blind $1
lelala: posts big blind $3
*** HOLE CARDS ***
LaJess: folds
Uncalled bet ($2) returned to lelala
lelala collected $2 from pot
*** SUMMARY ***
Total pot $2 | Rake $0
Seat 3: LaJess (button) (small blind) folded before Flop
Seat 5: lelala (big blind) collected ($2)


PokerStars Hand #146992248256:  Hold'em Limit ($3/$6 USD) - 2016/01/13 17:12:13 ET
Table 'Lameia' 6-max Seat #3 is the button
Seat 3: LaJess ($87.64 in chips)
Seat 5: lelala ($78.34 in chips)
LaJess: posts small blind $1
lelala: posts big blind $3
*** HOLE CARDS ***
LaJess: folds
Uncalled bet ($2) returned to lelala
lelala collected $2 from pot
WarzyFish joins the table at seat #6
*** SUMMARY ***
Total pot $2 | Rake $0
Seat 3: LaJess (button) (small blind) folded before Flop
Seat 5: lelala (big blind) collected ($2)


PokerStars Hand #146992243474:  Hold'em Limit ($3/$6 USD) - 2016/01/13 17:12:08 ET
Table 'Lameia' 6-max Seat #5 is the button
Seat 3: LaJess ($86.64 in chips)
Seat 5: lelala ($79.34 in chips)
lelala: posts small blind $1
LaJess: posts big blind $3
*** HOLE CARDS ***
lelala: folds
Uncalled bet ($2) returned to LaJess
LaJess collected $2 from pot
LaJess: doesn't show hand
*** SUMMARY ***
Total pot $2 | Rake $0
Seat 3: LaJess (big blind) collected ($2)
Seat 5: lelala (button) (small blind) folded before Flop


PokerStars Hand #146996555516:  Hold'em Limit ($3/$6 USD) - 2016/01/13 18:28:21 ET
Table 'Lameia' 6-max Seat #4 is the button
Seat 1: Krazy90 ($153.45 in chips)
Seat 4: bentinck113 ($114.09 in chips)
bentinck113: posts small blind $1
Krazy90: posts big blind $3
*** HOLE CARDS ***
bentinck113: raises $3 to $6
Krazy90: calls $3
*** FLOP *** [4h Jc 2c]
Krazy90: checks
bentinck113: bets $3
Krazy90: folds
Uncalled bet ($3) returned to bentinck113
bentinck113 collected $11.76 from pot
bentinck113: doesn't show hand
*** SUMMARY ***
Total pot $12 | Rake $0.24
Board [4h Jc 2c]
Seat 1: Krazy90 (big blind) folded on the Flop
Seat 4: bentinck113 (button) (small blind) collected ($11.76)


PokerStars Hand #146996570885:  Hold'em Limit ($3/$6 USD) - 2016/01/13 18:28:39 ET
Table 'Lameia' 6-max Seat #1 is the button
Seat 1: Krazy90 ($147.45 in chips)
Seat 4: bentinck113 ($119.85 in chips)
Krazy90: posts small blind $1
bentinck113: posts big blind $3
*** HOLE CARDS ***
Krazy90: raises $3 to $6
bentinck113: raises $3 to $9
Krazy90: calls $3
*** FLOP *** [2s 5c 7s]
bentinck113: bets $3
Krazy90: calls $3
*** TURN *** [2s 5c 7s] [5d]
bentinck113: bets $6
Krazy90: folds
Uncalled bet ($6) returned to bentinck113
bentinck113 collected $23.52 from pot
bentinck113: doesn't show hand
*** SUMMARY ***
Total pot $24 | Rake $0.48
Board [2s 5c 7s 5d]
Seat 1: Krazy90 (button) (small blind) folded on the Turn
Seat 4: bentinck113 (big blind) collected ($23.52)


