PokerStars Hand #162638346253:  Hold'em Limit ($3/$6 USD) - 2016/12/08 18:57:40 ET
Table 'Lampetia' 6-max Seat #6 is the button
Seat 3: flp0798 ($72.70 in chips)
Seat 6: avekety ($60.42 in chips)
avekety: posts small blind $1
flp0798: posts big blind $3
*** HOLE CARDS ***
avekety: raises $3 to $6
flp0798: raises $3 to $9
avekety: raises $3 to $12
Betting is capped
flp0798: calls $3
*** FLOP *** [2h 7s Ah]
flp0798: bets $3
avekety: raises $3 to $6
flp0798: raises $3 to $9
avekety: calls $3
*** TURN *** [2h 7s Ah] [Kc]
flp0798: bets $6
avekety: raises $6 to $12
flp0798: raises $6 to $18
avekety: raises $6 to $24
Betting is capped
flp0798: calls $6
*** RIVER *** [2h 7s Ah Kc] [2s]
flp0798: bets $6
avekety: raises $6 to $12
GRAILKO joins the table at seat #4
flp0798: raises $6 to $18
avekety: folds
Uncalled bet ($6) returned to flp0798
flp0798 collected $113.50 from pot
flp0798 leaves the table
*** SUMMARY ***
Total pot $114 | Rake $0.50
Board [2h 7s Ah Kc 2s]
Seat 3: flp0798 (big blind) collected ($113.50)
Seat 6: avekety (button) (small blind) folded on the River


