PokerStars Hand #150733806562:  Hold'em Limit ($3/$6 USD) - 2016/03/21 20:13:03 ET
Table 'Lampetia' 6-max Seat #2 is the button
Seat 1: Johnliu ($202.64 in chips)
Seat 2: MissEKAmouse ($214.02 in chips)
MissEKAmouse: posts small blind $1
PycV: is sitting out
Johnliu: posts big blind $3
*** HOLE CARDS ***
PycV leaves the table
MissEKAmouse: raises $3 to $6
Johnliu: calls $3
*** FLOP *** [3c 4h 8d]
RinaFox leaves the table
Johnliu: checks
MissEKAmouse: bets $3
Johnliu: calls $3
*** TURN *** [3c 4h 8d] [Js]
Johnliu: bets $6
MissEKAmouse: folds
Uncalled bet ($6) returned to Johnliu
Johnliu collected $17.64 from pot
Johnliu: doesn't show hand
*** SUMMARY ***
Total pot $18 | Rake $0.36
Board [3c 4h 8d Js]
Seat 1: Johnliu (big blind) collected ($17.64)
Seat 2: MissEKAmouse (button) (small blind) folded on the Turn


PokerStars Hand #150734406187:  Hold'em Limit ($3/$6 USD) - 2016/03/21 20:29:37 ET
Table 'Lampetia' 6-max Seat #2 is the button
Seat 2: MissEKAmouse ($202.02 in chips)
Seat 6: Profitables ($168 in chips)
MissEKAmouse: posts small blind $1
Profitables: posts big blind $3
*** HOLE CARDS ***
MissEKAmouse: raises $3 to $6
Profitables: calls $3
*** FLOP *** [Ah 2d Qd]
Profitables: checks
MissEKAmouse: checks
*** TURN *** [Ah 2d Qd] [Js]
Profitables: checks
MissEKAmouse: bets $6
Profitables: folds
Uncalled bet ($6) returned to MissEKAmouse
MissEKAmouse collected $11.76 from pot
MissEKAmouse: doesn't show hand
*** SUMMARY ***
Total pot $12 | Rake $0.24
Board [Ah 2d Qd Js]
Seat 2: MissEKAmouse (button) (small blind) collected ($11.76)
Seat 6: Profitables (big blind) folded on the Turn


PokerStars Hand #150734438520:  Hold'em Limit ($3/$6 USD) - 2016/03/21 20:30:32 ET
Table 'Lampetia' 6-max Seat #2 is the button
Seat 2: MissEKAmouse ($231.28 in chips)
Seat 6: Profitables ($138 in chips)
MissEKAmouse: posts small blind $1
Profitables: posts big blind $3
*** HOLE CARDS ***
MissEKAmouse: folds
Uncalled bet ($2) returned to Profitables
Profitables collected $2 from pot
Profitables: doesn't show hand
*** SUMMARY ***
Total pot $2 | Rake $0
Seat 2: MissEKAmouse (button) (small blind) folded before Flop
Seat 6: Profitables (big blind) collected ($2)


PokerStars Hand #150734418707:  Hold'em Limit ($3/$6 USD) - 2016/03/21 20:29:58 ET
Table 'Lampetia' 6-max Seat #6 is the button
Seat 2: MissEKAmouse ($207.78 in chips)
Seat 6: Profitables ($162 in chips)
Profitables: posts small blind $1
MissEKAmouse: posts big blind $3
*** HOLE CARDS ***
Profitables: raises $3 to $6
MissEKAmouse: calls $3
*** FLOP *** [7s 3s 8h]
MissEKAmouse: bets $3
Profitables: raises $3 to $6
MissEKAmouse: calls $3
*** TURN *** [7s 3s 8h] [Js]
MissEKAmouse: checks
Profitables: bets $6
MissEKAmouse: calls $6
*** RIVER *** [7s 3s 8h Js] [Ks]
MissEKAmouse: bets $6
Profitables: calls $6
*** SHOW DOWN ***
MissEKAmouse: shows [7d 9s] (a flush, King high)
Profitables: mucks hand
MissEKAmouse collected $47.50 from pot
*** SUMMARY ***
Total pot $48 | Rake $0.50
Board [7s 3s 8h Js Ks]
Seat 2: MissEKAmouse (big blind) showed [7d 9s] and won ($47.50) with a flush, King high
Seat 6: Profitables (button) (small blind) mucked


PokerStars Hand #150734441770:  Hold'em Limit ($3/$6 USD) - 2016/03/21 20:30:38 ET
Table 'Lampetia' 6-max Seat #6 is the button
Seat 2: MissEKAmouse ($230.28 in chips)
Seat 6: Profitables ($139 in chips)
Profitables: posts small blind $1
MissEKAmouse: posts big blind $3
*** HOLE CARDS ***
Profitables: raises $3 to $6
MissEKAmouse: calls $3
*** FLOP *** [7h Qs Tc]
MissEKAmouse: checks
Profitables: bets $3
MissEKAmouse: calls $3
*** TURN *** [7h Qs Tc] [2s]
MissEKAmouse: checks
Profitables: bets $6
MissEKAmouse: calls $6
*** RIVER *** [7h Qs Tc 2s] [4c]
MissEKAmouse: checks
Profitables: bets $6
MissEKAmouse: calls $6
*** SHOW DOWN ***
Profitables: shows [Jd 8s] (high card Queen)
MissEKAmouse: shows [6d Ah] (high card Ace)
MissEKAmouse collected $41.50 from pot
*** SUMMARY ***
Total pot $42 | Rake $0.50
Board [7h Qs Tc 2s 4c]
Seat 2: MissEKAmouse (big blind) showed [6d Ah] and won ($41.50) with high card Ace
Seat 6: Profitables (button) (small blind) showed [Jd 8s] and lost with high card Queen


PokerStars Hand #150734524900:  Hold'em Limit ($3/$6 USD) - 2016/03/21 20:33:00 ET
Table 'Lampetia' 6-max Seat #6 is the button
Seat 2: MissEKAmouse ($235.78 in chips)
Seat 6: Profitables ($132.50 in chips)
Profitables: posts small blind $1
MissEKAmouse: posts big blind $3
*** HOLE CARDS ***
Profitables: raises $3 to $6
MissEKAmouse: calls $3
*** FLOP *** [Kc 2c 9s]
MissEKAmouse: checks
Profitables: bets $3
MissEKAmouse: folds
Uncalled bet ($3) returned to Profitables
Profitables collected $11.76 from pot
Profitables: doesn't show hand
*** SUMMARY ***
Total pot $12 | Rake $0.24
Board [Kc 2c 9s]
Seat 2: MissEKAmouse (big blind) folded on the Flop
Seat 6: Profitables (button) (small blind) collected ($11.76)


PokerStars Hand #150734513182:  Hold'em Limit ($3/$6 USD) - 2016/03/21 20:32:40 ET
Table 'Lampetia' 6-max Seat #2 is the button
Seat 2: MissEKAmouse ($250.78 in chips)
Seat 6: Profitables ($118 in chips)
MissEKAmouse: posts small blind $1
Profitables: posts big blind $3
*** HOLE CARDS ***
MissEKAmouse: raises $3 to $6
Profitables: calls $3
*** FLOP *** [7s 7d 3h]
Profitables: checks
MissEKAmouse: bets $3
Profitables: calls $3
*** TURN *** [7s 7d 3h] [9s]
Profitables: checks
MissEKAmouse: bets $6
Profitables: calls $6
*** RIVER *** [7s 7d 3h 9s] [8h]
Profitables: checks
MissEKAmouse: checks
*** SHOW DOWN ***
Profitables: shows [Th 6d] (a straight, Six to Ten)
MissEKAmouse: mucks hand
Profitables collected $29.50 from pot
*** SUMMARY ***
Total pot $30 | Rake $0.50
Board [7s 7d 3h 9s 8h]
Seat 2: MissEKAmouse (button) (small blind) mucked
Seat 6: Profitables (big blind) showed [Th 6d] and won ($29.50) with a straight, Six to Ten


PokerStars Hand #150734559210:  Hold'em Limit ($3/$6 USD) - 2016/03/21 20:34:00 ET
Table 'Lampetia' 6-max Seat #2 is the button
Seat 2: MissEKAmouse ($211.54 in chips)
Seat 6: Profitables ($155.76 in chips)
MissEKAmouse: posts small blind $1
Profitables: posts big blind $3
*** HOLE CARDS ***
MissEKAmouse: folds
Uncalled bet ($2) returned to Profitables
Profitables collected $2 from pot
Profitables: doesn't show hand
*** SUMMARY ***
Total pot $2 | Rake $0
Seat 2: MissEKAmouse (button) (small blind) folded before Flop
Seat 6: Profitables (big blind) collected ($2)


PokerStars Hand #150734555406:  Hold'em Limit ($3/$6 USD) - 2016/03/21 20:33:53 ET
Table 'Lampetia' 6-max Seat #6 is the button
Seat 2: MissEKAmouse ($214.54 in chips)
Seat 6: Profitables ($152.76 in chips)
Profitables: posts small blind $1
MissEKAmouse: posts big blind $3
*** HOLE CARDS ***
Profitables: raises $3 to $6
MissEKAmouse: folds
Uncalled bet ($3) returned to Profitables
Profitables collected $6 from pot
Profitables: doesn't show hand
*** SUMMARY ***
Total pot $6 | Rake $0
Seat 2: MissEKAmouse (big blind) folded before Flop
Seat 6: Profitables (button) (small blind) collected ($6)


PokerStars Hand #150734550033:  Hold'em Limit ($3/$6 USD) - 2016/03/21 20:33:44 ET
Table 'Lampetia' 6-max Seat #2 is the button
Seat 2: MissEKAmouse ($208.78 in chips)
Seat 6: Profitables ($158.76 in chips)
MissEKAmouse: posts small blind $1
Profitables: posts big blind $3
*** HOLE CARDS ***
MissEKAmouse: raises $3 to $6
Profitables: calls $3
*** FLOP *** [Kd 5d 7d]
Profitables: checks
MissEKAmouse: bets $3
Profitables: folds
Uncalled bet ($3) returned to MissEKAmouse
MissEKAmouse collected $11.76 from pot
MissEKAmouse: doesn't show hand
*** SUMMARY ***
Total pot $12 | Rake $0.24
Board [Kd 5d 7d]
Seat 2: MissEKAmouse (button) (small blind) collected ($11.76)
Seat 6: Profitables (big blind) folded on the Flop


PokerStars Hand #150734546406:  Hold'em Limit ($3/$6 USD) - 2016/03/21 20:33:38 ET
Table 'Lampetia' 6-max Seat #6 is the button
Seat 2: MissEKAmouse ($211.78 in chips)
Seat 6: Profitables ($155.76 in chips)
Profitables: posts small blind $1
MissEKAmouse: posts big blind $3
*** HOLE CARDS ***
Profitables: raises $3 to $6
MissEKAmouse: folds
Uncalled bet ($3) returned to Profitables
Profitables collected $6 from pot
Profitables: doesn't show hand
*** SUMMARY ***
Total pot $6 | Rake $0
Seat 2: MissEKAmouse (big blind) folded before Flop
Seat 6: Profitables (button) (small blind) collected ($6)


PokerStars Hand #150734532800:  Hold'em Limit ($3/$6 USD) - 2016/03/21 20:33:14 ET
Table 'Lampetia' 6-max Seat #2 is the button
Seat 2: MissEKAmouse ($229.78 in chips)
Seat 6: Profitables ($138.26 in chips)
MissEKAmouse: posts small blind $1
Profitables: posts big blind $3
*** HOLE CARDS ***
MissEKAmouse: calls $2
Profitables: checks
*** FLOP *** [3h 5c 2d]
Profitables: checks
MissEKAmouse: bets $3
Profitables: calls $3
*** TURN *** [3h 5c 2d] [Kc]
Profitables: checks
MissEKAmouse: bets $6
Profitables: calls $6
*** RIVER *** [3h 5c 2d Kc] [6s]
Profitables: checks
MissEKAmouse: bets $6
Profitables: raises $6 to $12
MissEKAmouse: folds
Uncalled bet ($6) returned to Profitables
Profitables collected $35.50 from pot
Profitables: doesn't show hand
*** SUMMARY ***
Total pot $36 | Rake $0.50
Board [3h 5c 2d Kc 6s]
Seat 2: MissEKAmouse (button) (small blind) folded on the River
Seat 6: Profitables (big blind) collected ($35.50)


PokerStars Hand #150734593340:  Hold'em Limit ($3/$6 USD) - 2016/03/21 20:34:59 ET
Table 'Lampetia' 6-max Seat #2 is the button
Seat 2: MissEKAmouse ($162.54 in chips)
Seat 6: Profitables ($203.76 in chips)
MissEKAmouse: posts small blind $1
Profitables: posts big blind $3
*** HOLE CARDS ***
MissEKAmouse: raises $3 to $6
Profitables: calls $3
*** FLOP *** [8d 2d 7h]
Profitables: checks
MissEKAmouse: bets $3
Profitables: folds
Uncalled bet ($3) returned to MissEKAmouse
MissEKAmouse collected $11.76 from pot
MissEKAmouse: doesn't show hand
*** SUMMARY ***
Total pot $12 | Rake $0.24
Board [8d 2d 7h]
Seat 2: MissEKAmouse (button) (small blind) collected ($11.76)
Seat 6: Profitables (big blind) folded on the Flop


PokerStars Hand #150734589093:  Hold'em Limit ($3/$6 USD) - 2016/03/21 20:34:52 ET
Table 'Lampetia' 6-max Seat #6 is the button
Seat 2: MissEKAmouse ($165.54 in chips)
Seat 6: Profitables ($200.76 in chips)
Profitables: posts small blind $1
MissEKAmouse: posts big blind $3
*** HOLE CARDS ***
Profitables: raises $3 to $6
MissEKAmouse: folds
Uncalled bet ($3) returned to Profitables
Profitables collected $6 from pot
Profitables: doesn't show hand
*** SUMMARY ***
Total pot $6 | Rake $0
Seat 2: MissEKAmouse (big blind) folded before Flop
Seat 6: Profitables (button) (small blind) collected ($6)


PokerStars Hand #150734578229:  Hold'em Limit ($3/$6 USD) - 2016/03/21 20:34:33 ET
Table 'Lampetia' 6-max Seat #2 is the button
Seat 2: MissEKAmouse ($180.54 in chips)
Seat 6: Profitables ($186.26 in chips)
MissEKAmouse: posts small blind $1
Profitables: posts big blind $3
*** HOLE CARDS ***
MissEKAmouse: raises $3 to $6
Profitables: calls $3
*** FLOP *** [5h 5d Td]
Profitables: checks
MissEKAmouse: bets $3
Profitables: calls $3
*** TURN *** [5h 5d Td] [3s]
Profitables: checks
MissEKAmouse: bets $6
Profitables: raises $6 to $12
MissEKAmouse: folds
Uncalled bet ($6) returned to Profitables
Profitables collected $29.50 from pot
Profitables: doesn't show hand
*** SUMMARY ***
Total pot $30 | Rake $0.50
Board [5h 5d Td 3s]
Seat 2: MissEKAmouse (button) (small blind) folded on the Turn
Seat 6: Profitables (big blind) collected ($29.50)


PokerStars Hand #150734562541:  Hold'em Limit ($3/$6 USD) - 2016/03/21 20:34:05 ET
Table 'Lampetia' 6-max Seat #6 is the button
Seat 2: MissEKAmouse ($210.54 in chips)
Seat 6: Profitables ($156.76 in chips)
Profitables: posts small blind $1
MissEKAmouse: posts big blind $3
*** HOLE CARDS ***
Profitables: raises $3 to $6
MissEKAmouse: raises $3 to $9
Profitables: calls $3
*** FLOP *** [7d 6h Jd]
MissEKAmouse: bets $3
Profitables: calls $3
*** TURN *** [7d 6h Jd] [9d]
MissEKAmouse: bets $6
Profitables: raises $6 to $12
MissEKAmouse: calls $6
*** RIVER *** [7d 6h Jd 9d] [8c]
MissEKAmouse: checks
Profitables: bets $6
MissEKAmouse: calls $6
*** SHOW DOWN ***
Profitables: shows [Jh Ts] (a straight, Seven to Jack)
MissEKAmouse: mucks hand
Profitables collected $59.50 from pot
*** SUMMARY ***
Total pot $60 | Rake $0.50
Board [7d 6h Jd 9d 8c]
Seat 2: MissEKAmouse (big blind) mucked
Seat 6: Profitables (button) (small blind) showed [Jh Ts] and won ($59.50) with a straight, Seven to Jack


PokerStars Hand #150734623601:  Hold'em Limit ($3/$6 USD) - 2016/03/21 20:35:51 ET
Table 'Lampetia' 6-max Seat #2 is the button
Seat 2: MissEKAmouse ($147.30 in chips)
Seat 6: Profitables ($218.26 in chips)
MissEKAmouse: posts small blind $1
Profitables: posts big blind $3
*** HOLE CARDS ***
MissEKAmouse: folds
Uncalled bet ($2) returned to Profitables
Profitables collected $2 from pot
Profitables: doesn't show hand
*** SUMMARY ***
Total pot $2 | Rake $0
Seat 2: MissEKAmouse (button) (small blind) folded before Flop
Seat 6: Profitables (big blind) collected ($2)


PokerStars Hand #150734601523:  Hold'em Limit ($3/$6 USD) - 2016/03/21 20:35:13 ET
Table 'Lampetia' 6-max Seat #6 is the button
Seat 2: MissEKAmouse ($168.30 in chips)
Seat 6: Profitables ($197.76 in chips)
Profitables: posts small blind $1
MissEKAmouse: posts big blind $3
*** HOLE CARDS ***
Profitables: raises $3 to $6
MissEKAmouse: calls $3
*** FLOP *** [5h 8h 2d]
MissEKAmouse: checks
Profitables: bets $3
MissEKAmouse: calls $3
*** TURN *** [5h 8h 2d] [8s]
MissEKAmouse: checks
Profitables: bets $6
MissEKAmouse: calls $6
*** RIVER *** [5h 8h 2d 8s] [3d]
MissEKAmouse: checks
Profitables: bets $6
MissEKAmouse: calls $6
*** SHOW DOWN ***
Profitables: shows [Ad 8d] (three of a kind, Eights)
MissEKAmouse: mucks hand
Profitables collected $41.50 from pot
*** SUMMARY ***
Total pot $42 | Rake $0.50
Board [5h 8h 2d 8s 3d]
Seat 2: MissEKAmouse (big blind) mucked
Seat 6: Profitables (button) (small blind) showed [Ad 8d] and won ($41.50) with three of a kind, Eights


PokerStars Hand #150734655390:  Hold'em Limit ($3/$6 USD) - 2016/03/21 20:36:30 ET
Table 'Lampetia' 6-max Seat #6 is the button
Seat 2: MissEKAmouse ($156.82 in chips)
Seat 6: Profitables ($208.26 in chips)
Profitables: posts small blind $1
Kongdori joins the table at seat #3
MissEKAmouse: posts big blind $3
*** HOLE CARDS ***
Profitables: raises $3 to $6
MissEKAmouse: raises $3 to $9
Profitables: calls $3
*** FLOP *** [7h 2d 2s]
MissEKAmouse: bets $3
Profitables: calls $3
*** TURN *** [7h 2d 2s] [Kh]
MissEKAmouse: bets $6
Profitables: calls $6
*** RIVER *** [7h 2d 2s Kh] [2h]
MissEKAmouse: checks
Profitables: bets $6
mishkamoya joins the table at seat #1
MissEKAmouse: folds
Uncalled bet ($6) returned to Profitables
Profitables collected $35.50 from pot
Profitables: doesn't show hand
*** SUMMARY ***
Total pot $36 | Rake $0.50
Board [7h 2d 2s Kh 2h]
Seat 2: MissEKAmouse (big blind) folded on the River
Seat 6: Profitables (button) (small blind) collected ($35.50)


PokerStars Hand #150734650891:  Hold'em Limit ($3/$6 USD) - 2016/03/21 20:36:23 ET
Table 'Lampetia' 6-max Seat #2 is the button
Seat 2: MissEKAmouse ($157.82 in chips)
Seat 6: Profitables ($207.26 in chips)
MissEKAmouse: posts small blind $1
Profitables: posts big blind $3
*** HOLE CARDS ***
MissEKAmouse: folds
Uncalled bet ($2) returned to Profitables
Profitables collected $2 from pot
Profitables: doesn't show hand
*** SUMMARY ***
Total pot $2 | Rake $0
Seat 2: MissEKAmouse (button) (small blind) folded before Flop
Seat 6: Profitables (big blind) collected ($2)


PokerStars Hand #150734626616:  Hold'em Limit ($3/$6 USD) - 2016/03/21 20:35:56 ET
Table 'Lampetia' 6-max Seat #6 is the button
Seat 2: MissEKAmouse ($146.30 in chips)
Seat 6: Profitables ($219.26 in chips)
Profitables: posts small blind $1
MissEKAmouse: posts big blind $3
*** HOLE CARDS ***
Profitables: raises $3 to $6
MissEKAmouse: calls $3
*** FLOP *** [5d 8c 2c]
MissEKAmouse: bets $3
Profitables: raises $3 to $6
MissEKAmouse: calls $3
*** TURN *** [5d 8c 2c] [2d]
MissEKAmouse: checks
Profitables: checks
*** RIVER *** [5d 8c 2c 2d] [9c]
MissEKAmouse: checks
Profitables: checks
*** SHOW DOWN ***
MissEKAmouse: shows [7d 5h] (two pair, Fives and Deuces)
Profitables: mucks hand
MissEKAmouse collected $23.52 from pot
*** SUMMARY ***
Total pot $24 | Rake $0.48
Board [5d 8c 2c 2d 9c]
Seat 2: MissEKAmouse (big blind) showed [7d 5h] and won ($23.52) with two pair, Fives and Deuces
Seat 6: Profitables (button) (small blind) mucked


PokerStars Hand #150739104388:  Hold'em Limit ($3/$6 USD) - 2016/03/21 23:20:34 ET
Table 'Lampetia' 6-max Seat #3 is the button
Seat 3: besimbmldel ($432.72 in chips)
Seat 5: RinaFox ($107.33 in chips)
besimbmldel: posts small blind $1
RinaFox: posts big blind $3
*** HOLE CARDS ***
besimbmldel: raises $3 to $6
RinaFox: calls $3
*** FLOP *** [Ts Tc 8c]
RinaFox: checks
besimbmldel: bets $3
RinaFox: folds
Uncalled bet ($3) returned to besimbmldel
besimbmldel collected $11.76 from pot
besimbmldel: doesn't show hand
*** SUMMARY ***
Total pot $12 | Rake $0.24
Board [Ts Tc 8c]
Seat 3: besimbmldel (button) (small blind) collected ($11.76)
Seat 5: RinaFox (big blind) folded on the Flop


PokerStars Hand #150739112990:  Hold'em Limit ($3/$6 USD) - 2016/03/21 23:20:47 ET
Table 'Lampetia' 6-max Seat #5 is the button
Seat 3: besimbmldel ($438.48 in chips)
Seat 5: RinaFox ($101.33 in chips)
RinaFox: posts small blind $1
besimbmldel: posts big blind $3
*** HOLE CARDS ***
RinaFox: raises $3 to $6
besimbmldel: raises $3 to $9
RinaFox: calls $3
*** FLOP *** [Kd Ac 2c]
besimbmldel: bets $3
RinaFox: calls $3
*** TURN *** [Kd Ac 2c] [9s]
besimbmldel: bets $6
RinaFox: raises $6 to $12
besimbmldel: calls $6
*** RIVER *** [Kd Ac 2c 9s] [7c]
besimbmldel: checks
RinaFox: checks
*** SHOW DOWN ***
besimbmldel: shows [Qd Th] (high card Ace)
RinaFox: shows [Tc 9h] (a pair of Nines)
RinaFox collected $47.50 from pot
*** SUMMARY ***
Total pot $48 | Rake $0.50
Board [Kd Ac 2c 9s 7c]
Seat 3: besimbmldel (big blind) showed [Qd Th] and lost with high card Ace
Seat 5: RinaFox (button) (small blind) showed [Tc 9h] and won ($47.50) with a pair of Nines


PokerStars Hand #150739120119:  Hold'em Limit ($3/$6 USD) - 2016/03/21 23:21:08 ET
Table 'Lampetia' 6-max Seat #3 is the button
Seat 3: besimbmldel ($414.48 in chips)
Seat 5: RinaFox ($124.83 in chips)
besimbmldel: posts small blind $1
RinaFox: posts big blind $3
*** HOLE CARDS ***
besimbmldel: raises $3 to $6
RinaFox: calls $3
*** FLOP *** [5s 3s 6c]
RinaFox: checks
besimbmldel: bets $3
RinaFox: calls $3
*** TURN *** [5s 3s 6c] [5d]
RinaFox: checks
besimbmldel: bets $6
RinaFox: calls $6
*** RIVER *** [5s 3s 6c 5d] [Ks]
RinaFox: checks
besimbmldel: bets $6
RinaFox: raises $6 to $12
besimbmldel: calls $6
*** SHOW DOWN ***
RinaFox: shows [Qs Kc] (two pair, Kings and Fives)
besimbmldel: mucks hand
RinaFox collected $53.50 from pot
*** SUMMARY ***
Total pot $54 | Rake $0.50
Board [5s 3s 6c 5d Ks]
Seat 3: besimbmldel (button) (small blind) mucked
Seat 5: RinaFox (big blind) showed [Qs Kc] and won ($53.50) with two pair, Kings and Fives


PokerStars Hand #150739918492:  Hold'em Limit ($3/$6 USD) - 2016/03/22 0:03:19 ET
Table 'Lampetia' 6-max Seat #2 is the button
Seat 1: anetkaapro ($138.10 in chips)
Seat 2: jammi-h ($257.89 in chips)
jammi-h: posts small blind $1
anetkaapro: posts big blind $3
*** HOLE CARDS ***
jammi-h: raises $3 to $6
anetkaapro: raises $3 to $9
jammi-h: calls $3
*** FLOP *** [Jd 8s Jc]
anetkaapro: bets $3
jammi-h: calls $3
*** TURN *** [Jd 8s Jc] [Kc]
anetkaapro: bets $6
jammi-h: calls $6
*** RIVER *** [Jd 8s Jc Kc] [Ts]
anetkaapro: bets $6
jammi-h: calls $6
*** SHOW DOWN ***
anetkaapro: shows [Kd Ad] (two pair, Kings and Jacks)
jammi-h: mucks hand
anetkaapro collected $47.50 from pot
*** SUMMARY ***
Total pot $48 | Rake $0.50
Board [Jd 8s Jc Kc Ts]
Seat 1: anetkaapro (big blind) showed [Kd Ad] and won ($47.50) with two pair, Kings and Jacks
Seat 2: jammi-h (button) (small blind) mucked


PokerStars Hand #150739911624:  Hold'em Limit ($3/$6 USD) - 2016/03/22 0:02:55 ET
Table 'Lampetia' 6-max Seat #2 is the button
Seat 1: anetkaapro ($145.10 in chips)
Seat 2: jammi-h ($251.13 in chips)
jammi-h: posts small blind $1
RinaFox: is sitting out
QueticoSteve: is sitting out
anetkaapro: posts big blind $3
*** HOLE CARDS ***
jammi-h: raises $3 to $6
anetkaapro: calls $3
*** FLOP *** [Kc Ks 5d]
anetkaapro: checks
QueticoSteve leaves the table
jammi-h: bets $3
anetkaapro: folds
Uncalled bet ($3) returned to jammi-h
jammi-h collected $11.76 from pot
jammi-h: doesn't show hand
*** SUMMARY ***
Total pot $12 | Rake $0.24
Board [Kc Ks 5d]
Seat 1: anetkaapro (big blind) folded on the Flop
Seat 2: jammi-h (button) (small blind) collected ($11.76)


PokerStars Hand #150739917192:  Hold'em Limit ($3/$6 USD) - 2016/03/22 0:03:14 ET
Table 'Lampetia' 6-max Seat #1 is the button
Seat 1: anetkaapro ($139.10 in chips)
Seat 2: jammi-h ($256.89 in chips)
anetkaapro: posts small blind $1
jammi-h: posts big blind $3
*** HOLE CARDS ***
anetkaapro: folds
Uncalled bet ($2) returned to jammi-h
RinaFox leaves the table
jammi-h collected $2 from pot
jammi-h: doesn't show hand
*** SUMMARY ***
Total pot $2 | Rake $0
Seat 1: anetkaapro (button) (small blind) folded before Flop
Seat 2: jammi-h (big blind) collected ($2)


PokerStars Hand #150739922908:  Hold'em Limit ($3/$6 USD) - 2016/03/22 0:03:34 ET
Table 'Lampetia' 6-max Seat #1 is the button
Seat 1: anetkaapro ($161.60 in chips)
Seat 2: jammi-h ($233.89 in chips)
anetkaapro: posts small blind $1
jammi-h: posts big blind $3
*** HOLE CARDS ***
anetkaapro: raises $3 to $6
jammi-h: calls $3
*** FLOP *** [9c 6h 6s]
jammi-h: checks
anetkaapro: bets $3
jammi-h: calls $3
*** TURN *** [9c 6h 6s] [7h]
RinaFox joins the table at seat #3
jammi-h: checks
anetkaapro: checks
*** RIVER *** [9c 6h 6s 7h] [3c]
jammi-h: checks
anetkaapro: checks
*** SHOW DOWN ***
jammi-h: shows [Js Qh] (a pair of Sixes)
anetkaapro: mucks hand
jammi-h collected $17.64 from pot
*** SUMMARY ***
Total pot $18 | Rake $0.36
Board [9c 6h 6s 7h 3c]
Seat 1: anetkaapro (button) (small blind) mucked
Seat 2: jammi-h (big blind) showed [Js Qh] and won ($17.64) with a pair of Sixes


PokerStars Hand #150739941537:  Hold'em Limit ($3/$6 USD) - 2016/03/22 0:04:37 ET
Table 'Lampetia' 6-max Seat #3 is the button
Seat 2: jammi-h ($218.53 in chips)
Seat 3: RinaFox ($117 in chips)
RinaFox: posts small blind $1
anetkaapro: is sitting out
jammi-h: posts big blind $3
*** HOLE CARDS ***
RinaFox: raises $3 to $6
jammi-h: folds
Uncalled bet ($3) returned to RinaFox
RinaFox collected $6 from pot
RinaFox: doesn't show hand
*** SUMMARY ***
Total pot $6 | Rake $0
Seat 2: jammi-h (big blind) folded before Flop
Seat 3: RinaFox (button) (small blind) collected ($6)


PokerStars Hand #150739964045:  Hold'em Limit ($3/$6 USD) - 2016/03/22 0:05:54 ET
Table 'Lampetia' 6-max Seat #3 is the button
Seat 2: jammi-h ($224.17 in chips)
Seat 3: RinaFox ($111 in chips)
RinaFox: posts small blind $1
jammi-h: posts big blind $3
*** HOLE CARDS ***
RinaFox: raises $3 to $6
jammi-h: folds
Uncalled bet ($3) returned to RinaFox
RinaFox collected $6 from pot
RinaFox: doesn't show hand
*** SUMMARY ***
Total pot $6 | Rake $0
Seat 2: jammi-h (big blind) folded before Flop
Seat 3: RinaFox (button) (small blind) collected ($6)


PokerStars Hand #150739947286:  Hold'em Limit ($3/$6 USD) - 2016/03/22 0:04:57 ET
Table 'Lampetia' 6-max Seat #2 is the button
Seat 2: jammi-h ($215.53 in chips)
Seat 3: RinaFox ($120 in chips)
jammi-h: posts small blind $1
RinaFox: posts big blind $3
*** HOLE CARDS ***
jammi-h: raises $3 to $6
RinaFox: calls $3
*** FLOP *** [8c 6c 5h]
RinaFox: checks
jammi-h: bets $3
RinaFox: calls $3
*** TURN *** [8c 6c 5h] [4c]
RinaFox: checks
jammi-h: bets $6
RinaFox: folds
Uncalled bet ($6) returned to jammi-h
jammi-h collected $17.64 from pot
jammi-h: doesn't show hand
*** SUMMARY ***
Total pot $18 | Rake $0.36
Board [8c 6c 5h 4c]
Seat 2: jammi-h (button) (small blind) collected ($17.64)
Seat 3: RinaFox (big blind) folded on the Turn


