PokerStars Hand #145592036336:  Hold'em Limit ($3/$6 USD) - 2015/12/19 13:21:51 ET
Table 'Lampetia II' 6-max Seat #2 is the button
Seat 2: ROCK2010 ($126.28 in chips)
Seat 4: AzureCaper ($72 in chips)
ROCK2010: posts small blind $1
AzureCaper: posts big blind $3
*** HOLE CARDS ***
ROCK2010: folds
Uncalled bet ($2) returned to AzureCaper
AzureCaper collected $2 from pot
AzureCaper: doesn't show hand
*** SUMMARY ***
Total pot $2 | Rake $0
Seat 2: ROCK2010 (button) (small blind) folded before Flop
Seat 4: AzureCaper (big blind) collected ($2)


PokerStars Hand #145592025774:  Hold'em Limit ($3/$6 USD) - 2015/12/19 13:21:40 ET
Table 'Lampetia II' 6-max Seat #4 is the button
Seat 2: ROCK2010 ($114.76 in chips)
Seat 4: AzureCaper ($82.76 in chips)
AzureCaper: posts small blind $1
ROCK2010: posts big blind $3
*** HOLE CARDS ***
AzureCaper: raises $3 to $6
ROCK2010: calls $3
*** FLOP *** [8s 5d 8d]
ROCK2010: bets $3
AzureCaper: raises $3 to $6
ROCK2010: raises $3 to $9
AzureCaper: folds
Uncalled bet ($3) returned to ROCK2010
ROCK2010 collected $23.52 from pot
*** SUMMARY ***
Total pot $24 | Rake $0.48
Board [8s 5d 8d]
Seat 2: ROCK2010 (big blind) collected ($23.52)
Seat 4: AzureCaper (button) (small blind) folded on the Flop


PokerStars Hand #145592040245:  Hold'em Limit ($3/$6 USD) - 2015/12/19 13:21:56 ET
Table 'Lampetia II' 6-max Seat #4 is the button
Seat 2: ROCK2010 ($125.28 in chips)
Seat 4: AzureCaper ($73 in chips)
AzureCaper: posts small blind $1
ROCK2010: posts big blind $3
*** HOLE CARDS ***
AzureCaper: raises $3 to $6
ROCK2010: folds
Uncalled bet ($3) returned to AzureCaper
AzureCaper collected $6 from pot
AzureCaper: doesn't show hand
*** SUMMARY ***
Total pot $6 | Rake $0
Seat 2: ROCK2010 (big blind) folded before Flop
Seat 4: AzureCaper (button) (small blind) collected ($6)


PokerStars Hand #145592047756:  Hold'em Limit ($3/$6 USD) - 2015/12/19 13:22:04 ET
Table 'Lampetia II' 6-max Seat #2 is the button
Seat 2: ROCK2010 ($122.28 in chips)
Seat 4: AzureCaper ($76 in chips)
ROCK2010: posts small blind $1
AzureCaper: posts big blind $3
*** HOLE CARDS ***
ROCK2010: calls $2
AzureCaper: raises $3 to $6
ROCK2010: calls $3
*** FLOP *** [2s Jh Th]
AzureCaper: bets $3
ROCK2010: calls $3
*** TURN *** [2s Jh Th] [3c]
AzureCaper: bets $6
ROCK2010: folds
Uncalled bet ($6) returned to AzureCaper
AzureCaper collected $17.64 from pot
AzureCaper: doesn't show hand
*** SUMMARY ***
Total pot $18 | Rake $0.36
Board [2s Jh Th 3c]
Seat 2: ROCK2010 (button) (small blind) folded on the Turn
Seat 4: AzureCaper (big blind) collected ($17.64)


PokerStars Hand #145592062628:  Hold'em Limit ($3/$6 USD) - 2015/12/19 13:22:20 ET
Table 'Lampetia II' 6-max Seat #4 is the button
Seat 2: ROCK2010 ($113.28 in chips)
Seat 4: AzureCaper ($84.64 in chips)
AzureCaper: posts small blind $1
ROCK2010: posts big blind $3
*** HOLE CARDS ***
artiZzt joins the table at seat #3
AzureCaper: folds
Uncalled bet ($2) returned to ROCK2010
ROCK2010 collected $2 from pot
ROCK2010: doesn't show hand
*** SUMMARY ***
Total pot $2 | Rake $0
Seat 2: ROCK2010 (big blind) collected ($2)
Seat 4: AzureCaper (button) (small blind) folded before Flop


