PokerStars Hand #163700296721:  Hold'em Limit ($3/$6 USD) - 2016/12/29 2:18:52 ET
Table 'Lampland' 6-max Seat #4 is the button
Seat 3: ragz2riche5 ($501.86 in chips)
Seat 4: ToDaFelt ($97.14 in chips)
ToDaFelt: posts small blind $1
fire852181 was removed from the table for failing to post
alpha2777: is sitting out
ragz2riche5: posts big blind $3
*** HOLE CARDS ***
alpha2777 leaves the table
ToDaFelt: folds
Uncalled bet ($2) returned to ragz2riche5
ragz2riche5 collected $2 from pot
ragz2riche5: doesn't show hand
*** SUMMARY ***
Total pot $2 | Rake $0
Seat 3: ragz2riche5 (big blind) collected ($2)
Seat 4: ToDaFelt (button) (small blind) folded before Flop


PokerStars Hand #163700300564:  Hold'em Limit ($3/$6 USD) - 2016/12/29 2:19:05 ET
Table 'Lampland' 6-max Seat #3 is the button
Seat 3: ragz2riche5 ($502.86 in chips)
Seat 4: ToDaFelt ($96.14 in chips)
ragz2riche5: posts small blind $1
ToDaFelt: posts big blind $3
*** HOLE CARDS ***
ragz2riche5: folds
Uncalled bet ($2) returned to ToDaFelt
ToDaFelt collected $2 from pot
ToDaFelt: doesn't show hand
*** SUMMARY ***
Total pot $2 | Rake $0
Seat 3: ragz2riche5 (button) (small blind) folded before Flop
Seat 4: ToDaFelt (big blind) collected ($2)


