PokerStars Hand #161587869944:  Hold'em Limit ($3/$6 USD) - 2016/11/18 10:09:45 ET
Table 'Lancelot II' 6-max Seat #6 is the button
Seat 4: Kosova1968 ($40 in chips)
Seat 6: kolaz03 ($72 in chips)
kolaz03: posts small blind $1
Kosova1968: posts big blind $3
*** HOLE CARDS ***
kolaz03: raises $3 to $6
Kosova1968: calls $3
*** FLOP *** [8d Qd 8c]
Kosova1968: bets $3
kolaz03: calls $3
*** TURN *** [8d Qd 8c] [Ts]
Kosova1968: checks
kolaz03: bets $6
Kosova1968: folds
Uncalled bet ($6) returned to kolaz03
kolaz03 collected $17.64 from pot
kolaz03: doesn't show hand
*** SUMMARY ***
Total pot $18 | Rake $0.36
Board [8d Qd 8c Ts]
Seat 4: Kosova1968 (big blind) folded on the Turn
Seat 6: kolaz03 (button) (small blind) collected ($17.64)


PokerStars Hand #161587902278:  Hold'em Limit ($3/$6 USD) - 2016/11/18 10:10:36 ET
Table 'Lancelot II' 6-max Seat #4 is the button
Seat 4: Kosova1968 ($31 in chips)
Seat 6: kolaz03 ($80.64 in chips)
Kosova1968: posts small blind $1
kolaz03: posts big blind $3
*** HOLE CARDS ***
Kosova1968: folds
Uncalled bet ($2) returned to kolaz03
kolaz03 collected $2 from pot
kolaz03: doesn't show hand
*** SUMMARY ***
Total pot $2 | Rake $0
Seat 4: Kosova1968 (button) (small blind) folded before Flop
Seat 6: kolaz03 (big blind) collected ($2)


PokerStars Hand #161587906513:  Hold'em Limit ($3/$6 USD) - 2016/11/18 10:10:42 ET
Table 'Lancelot II' 6-max Seat #6 is the button
Seat 4: Kosova1968 ($30 in chips)
Seat 6: kolaz03 ($81.64 in chips)
kolaz03: posts small blind $1
Kosova1968: posts big blind $3
*** HOLE CARDS ***
kolaz03: raises $3 to $6
Kosova1968: calls $3
*** FLOP *** [As 2h Qs]
Kosova1968: checks
kolaz03: bets $3
Kosova1968: folds
Uncalled bet ($3) returned to kolaz03
Pelurile joins the table at seat #1
kolaz03 collected $11.76 from pot
kolaz03: doesn't show hand
*** SUMMARY ***
Total pot $12 | Rake $0.24
Board [As 2h Qs]
Seat 4: Kosova1968 (big blind) folded on the Flop
Seat 6: kolaz03 (button) (small blind) collected ($11.76)


PokerStars Hand #161587919016:  Hold'em Limit ($3/$6 USD) - 2016/11/18 10:11:02 ET
Table 'Lancelot II' 6-max Seat #4 is the button
Seat 4: Kosova1968 ($24 in chips)
Seat 6: kolaz03 ($87.40 in chips)
Kosova1968: posts small blind $1
kolaz03: posts big blind $3
*** HOLE CARDS ***
Kosova1968: raises $3 to $6
kolaz03: calls $3
*** FLOP *** [Qh 3h 5c]
kolaz03: checks
Kosova1968: checks
*** TURN *** [Qh 3h 5c] [Th]
kolaz03: bets $6
Kosova1968: folds
Uncalled bet ($6) returned to kolaz03
kolaz03 collected $11.76 from pot
kolaz03: doesn't show hand
grabaz joins the table at seat #3
*** SUMMARY ***
Total pot $12 | Rake $0.24
Board [Qh 3h 5c Th]
Seat 4: Kosova1968 (button) (small blind) folded on the Turn
Seat 6: kolaz03 (big blind) collected ($11.76)


