PokerStars Hand #144885665293:  Hold'em Limit ($3/$6 USD) - 2015/12/05 18:50:40 ET
Table 'Lancelot IV' 2-max Seat #2 is the button
Seat 1: RaisemyNut$ ($139.37 in chips)
Seat 2: ManuelSikora ($94.52 in chips)
ManuelSikora: posts small blind $1
RaisemyNut$: posts big blind $3
*** HOLE CARDS ***
ManuelSikora: raises $3 to $6
RaisemyNut$: calls $3
*** FLOP *** [9c 8c Js]
RaisemyNut$: checks
ManuelSikora: bets $3
RaisemyNut$: calls $3
*** TURN *** [9c 8c Js] [Tc]
RaisemyNut$: checks
ManuelSikora: checks
*** RIVER *** [9c 8c Js Tc] [4s]
RaisemyNut$: checks
ManuelSikora: checks
*** SHOW DOWN ***
RaisemyNut$: shows [8s Ac] (a pair of Eights)
ManuelSikora: shows [Ad 9s] (a pair of Nines)
ManuelSikora collected $17.64 from pot
*** SUMMARY ***
Total pot $18 | Rake $0.36
Board [9c 8c Js Tc 4s]
Seat 1: RaisemyNut$ (big blind) showed [8s Ac] and lost with a pair of Eights
Seat 2: ManuelSikora (button) (small blind) showed [Ad 9s] and won ($17.64) with a pair of Nines


PokerStars Hand #144885655997:  Hold'em Limit ($3/$6 USD) - 2015/12/05 18:50:28 ET
Table 'Lancelot IV' 2-max Seat #1 is the button
Seat 1: RaisemyNut$ ($151.37 in chips)
Seat 2: ManuelSikora ($83 in chips)
RaisemyNut$: posts small blind $1
ManuelSikora: posts big blind $3
*** HOLE CARDS ***
RaisemyNut$: raises $3 to $6
ManuelSikora: raises $3 to $9
RaisemyNut$: calls $3
*** FLOP *** [6h 9h 5h]
ManuelSikora: bets $3
RaisemyNut$: calls $3
*** TURN *** [6h 9h 5h] [Qc]
ManuelSikora: bets $6
RaisemyNut$: folds
Uncalled bet ($6) returned to ManuelSikora
ManuelSikora collected $23.52 from pot
*** SUMMARY ***
Total pot $24 | Rake $0.48
Board [6h 9h 5h Qc]
Seat 1: RaisemyNut$ (button) (small blind) folded on the Turn
Seat 2: ManuelSikora (big blind) collected ($23.52)


PokerStars Hand #144885714399:  Hold'em Limit ($3/$6 USD) - 2015/12/05 18:51:48 ET
Table 'Lancelot IV' 2-max Seat #1 is the button
Seat 1: RaisemyNut$ ($114.53 in chips)
Seat 2: ManuelSikora ($117.30 in chips)
RaisemyNut$: posts small blind $1
ManuelSikora: posts big blind $3
*** HOLE CARDS ***
RaisemyNut$: raises $3 to $6
ManuelSikora: calls $3
*** FLOP *** [Qc 2d Jc]
ManuelSikora: bets $3
RaisemyNut$: calls $3
*** TURN *** [Qc 2d Jc] [4h]
ManuelSikora: bets $6
RaisemyNut$: calls $6
*** RIVER *** [Qc 2d Jc 4h] [Ah]
ManuelSikora: bets $6
RaisemyNut$: raises $6 to $12
ManuelSikora: calls $6
*** SHOW DOWN ***
RaisemyNut$: shows [6c Ac] (a pair of Aces)
ManuelSikora: shows [2h Jd] (two pair, Jacks and Deuces)
ManuelSikora collected $53.50 from pot
*** SUMMARY ***
Total pot $54 | Rake $0.50
Board [Qc 2d Jc 4h Ah]
Seat 1: RaisemyNut$ (button) (small blind) showed [6c Ac] and lost with a pair of Aces
Seat 2: ManuelSikora (big blind) showed [2h Jd] and won ($53.50) with two pair, Jacks and Deuces


PokerStars Hand #144885710459:  Hold'em Limit ($3/$6 USD) - 2015/12/05 18:51:42 ET
Table 'Lancelot IV' 2-max Seat #2 is the button
Seat 1: RaisemyNut$ ($117.53 in chips)
Seat 2: ManuelSikora ($114.30 in chips)
ManuelSikora: posts small blind $1
RaisemyNut$: posts big blind $3
*** HOLE CARDS ***
ManuelSikora: raises $3 to $6
RaisemyNut$: folds
Uncalled bet ($3) returned to ManuelSikora
ManuelSikora collected $6 from pot
ManuelSikora: doesn't show hand
*** SUMMARY ***
Total pot $6 | Rake $0
Seat 1: RaisemyNut$ (big blind) folded before Flop
Seat 2: ManuelSikora (button) (small blind) collected ($6)


PokerStars Hand #144885704139:  Hold'em Limit ($3/$6 USD) - 2015/12/05 18:51:34 ET
Table 'Lancelot IV' 2-max Seat #1 is the button
Seat 1: RaisemyNut$ ($108.89 in chips)
Seat 2: ManuelSikora ($123.30 in chips)
RaisemyNut$: posts small blind $1
ManuelSikora: posts big blind $3
*** HOLE CARDS ***
RaisemyNut$: raises $3 to $6
ManuelSikora: calls $3
*** FLOP *** [Kc 9h Th]
ManuelSikora: bets $3
RaisemyNut$: raises $3 to $6
ManuelSikora: folds
Uncalled bet ($3) returned to RaisemyNut$
RaisemyNut$ collected $17.64 from pot
RaisemyNut$: doesn't show hand
*** SUMMARY ***
Total pot $18 | Rake $0.36
Board [Kc 9h Th]
Seat 1: RaisemyNut$ (button) (small blind) collected ($17.64)
Seat 2: ManuelSikora (big blind) folded on the Flop


PokerStars Hand #144885700405:  Hold'em Limit ($3/$6 USD) - 2015/12/05 18:51:29 ET
Table 'Lancelot IV' 2-max Seat #2 is the button
Seat 1: RaisemyNut$ ($111.89 in chips)
Seat 2: ManuelSikora ($120.30 in chips)
ManuelSikora: posts small blind $1
RaisemyNut$: posts big blind $3
*** HOLE CARDS ***
ManuelSikora: raises $3 to $6
RaisemyNut$: folds
Uncalled bet ($3) returned to ManuelSikora
ManuelSikora collected $6 from pot
ManuelSikora: doesn't show hand
*** SUMMARY ***
Total pot $6 | Rake $0
Seat 1: RaisemyNut$ (big blind) folded before Flop
Seat 2: ManuelSikora (button) (small blind) collected ($6)


PokerStars Hand #144885693015:  Hold'em Limit ($3/$6 USD) - 2015/12/05 18:51:18 ET
Table 'Lancelot IV' 2-max Seat #1 is the button
Seat 1: RaisemyNut$ ($120.89 in chips)
Seat 2: ManuelSikora ($111.66 in chips)
RaisemyNut$: posts small blind $1
ManuelSikora: posts big blind $3
*** HOLE CARDS ***
RaisemyNut$: raises $3 to $6
ManuelSikora: raises $3 to $9
RaisemyNut$: calls $3
*** FLOP *** [Ts Td 9d]
ManuelSikora: bets $3
RaisemyNut$: folds
Uncalled bet ($3) returned to ManuelSikora
ManuelSikora collected $17.64 from pot
ManuelSikora: doesn't show hand
*** SUMMARY ***
Total pot $18 | Rake $0.36
Board [Ts Td 9d]
Seat 1: RaisemyNut$ (button) (small blind) folded on the Flop
Seat 2: ManuelSikora (big blind) collected ($17.64)


PokerStars Hand #144885684936:  Hold'em Limit ($3/$6 USD) - 2015/12/05 18:51:07 ET
Table 'Lancelot IV' 2-max Seat #2 is the button
Seat 1: RaisemyNut$ ($109.37 in chips)
Seat 2: ManuelSikora ($123.66 in chips)
ManuelSikora: posts small blind $1
RaisemyNut$: posts big blind $3
*** HOLE CARDS ***
ManuelSikora: raises $3 to $6
RaisemyNut$: calls $3
*** FLOP *** [7d 4c Ts]
RaisemyNut$: checks
ManuelSikora: checks
*** TURN *** [7d 4c Ts] [2c]
RaisemyNut$: checks
ManuelSikora: checks
*** RIVER *** [7d 4c Ts 2c] [8h]
RaisemyNut$: bets $6
ManuelSikora: calls $6
*** SHOW DOWN ***
RaisemyNut$: shows [9d 8c] (a pair of Eights)
ManuelSikora: mucks hand
RaisemyNut$ collected $23.52 from pot
*** SUMMARY ***
Total pot $24 | Rake $0.48
Board [7d 4c Ts 2c 8h]
Seat 1: RaisemyNut$ (big blind) showed [9d 8c] and won ($23.52) with a pair of Eights
Seat 2: ManuelSikora (button) (small blind) mucked


PokerStars Hand #144885675383:  Hold'em Limit ($3/$6 USD) - 2015/12/05 18:50:54 ET
Table 'Lancelot IV' 2-max Seat #1 is the button
Seat 1: RaisemyNut$ ($130.37 in chips)
Seat 2: ManuelSikora ($103.16 in chips)
RaisemyNut$: posts small blind $1
ManuelSikora: posts big blind $3
*** HOLE CARDS ***
RaisemyNut$: raises $3 to $6
ManuelSikora: calls $3
*** FLOP *** [9c 6h 7d]
ManuelSikora: checks
RaisemyNut$: bets $3
ManuelSikora: calls $3
*** TURN *** [9c 6h 7d] [Ks]
ManuelSikora: bets $6
RaisemyNut$: calls $6
*** RIVER *** [9c 6h 7d Ks] [Kd]
ManuelSikora: bets $6
RaisemyNut$: calls $6
*** SHOW DOWN ***
ManuelSikora: shows [Th Ts] (two pair, Kings and Tens)
RaisemyNut$: mucks hand
ManuelSikora collected $41.50 from pot
*** SUMMARY ***
Total pot $42 | Rake $0.50
Board [9c 6h 7d Ks Kd]
Seat 1: RaisemyNut$ (button) (small blind) mucked
Seat 2: ManuelSikora (big blind) showed [Th Ts] and won ($41.50) with two pair, Kings and Tens


PokerStars Hand #144885754898:  Hold'em Limit ($3/$6 USD) - 2015/12/05 18:52:44 ET
Table 'Lancelot IV' 2-max Seat #2 is the button
Seat 1: RaisemyNut$ ($119.53 in chips)
Seat 2: ManuelSikora ($110.32 in chips)
ManuelSikora: posts small blind $1
RaisemyNut$: posts big blind $3
*** HOLE CARDS ***
ManuelSikora: calls $2
RaisemyNut$: raises $3 to $6
ManuelSikora: calls $3
*** FLOP *** [Kc 4c 7s]
RaisemyNut$: bets $3
ManuelSikora: raises $3 to $6
RaisemyNut$: calls $3
*** TURN *** [Kc 4c 7s] [Qh]
RaisemyNut$: checks
ManuelSikora: checks
*** RIVER *** [Kc 4c 7s Qh] [8d]
RaisemyNut$: checks
ManuelSikora: checks
*** SHOW DOWN ***
RaisemyNut$: shows [Th Js] (high card King)
ManuelSikora: shows [4s 2d] (a pair of Fours)
ManuelSikora collected $23.52 from pot
*** SUMMARY ***
Total pot $24 | Rake $0.48
Board [Kc 4c 7s Qh 8d]
Seat 1: RaisemyNut$ (big blind) showed [Th Js] and lost with high card King
Seat 2: ManuelSikora (button) (small blind) showed [4s 2d] and won ($23.52) with a pair of Fours


PokerStars Hand #144885745199:  Hold'em Limit ($3/$6 USD) - 2015/12/05 18:52:30 ET
Table 'Lancelot IV' 2-max Seat #1 is the button
Seat 1: RaisemyNut$ ($93.03 in chips)
Seat 2: ManuelSikora ($137.32 in chips)
RaisemyNut$: posts small blind $1
ManuelSikora: posts big blind $3
*** HOLE CARDS ***
RaisemyNut$: raises $3 to $6
ManuelSikora: calls $3
*** FLOP *** [As Jh 2h]
ManuelSikora: bets $3
RaisemyNut$: calls $3
*** TURN *** [As Jh 2h] [Ad]
ManuelSikora: bets $6
RaisemyNut$: raises $6 to $12
ManuelSikora: calls $6
*** RIVER *** [As Jh 2h Ad] [Ks]
ManuelSikora: checks
RaisemyNut$: bets $6
ManuelSikora: calls $6
*** SHOW DOWN ***
RaisemyNut$: shows [Ah Tc] (three of a kind, Aces)
ManuelSikora: mucks hand
RaisemyNut$ collected $53.50 from pot
*** SUMMARY ***
Total pot $54 | Rake $0.50
Board [As Jh 2h Ad Ks]
Seat 1: RaisemyNut$ (button) (small blind) showed [Ah Tc] and won ($53.50) with three of a kind, Aces
Seat 2: ManuelSikora (big blind) mucked


PokerStars Hand #144885741632:  Hold'em Limit ($3/$6 USD) - 2015/12/05 18:52:26 ET
Table 'Lancelot IV' 2-max Seat #2 is the button
Seat 1: RaisemyNut$ ($96.03 in chips)
Seat 2: ManuelSikora ($134.32 in chips)
ManuelSikora: posts small blind $1
RaisemyNut$: posts big blind $3
*** HOLE CARDS ***
ManuelSikora: raises $3 to $6
RaisemyNut$: folds
Uncalled bet ($3) returned to ManuelSikora
ManuelSikora collected $6 from pot
ManuelSikora: doesn't show hand
*** SUMMARY ***
Total pot $6 | Rake $0
Seat 1: RaisemyNut$ (big blind) folded before Flop
Seat 2: ManuelSikora (button) (small blind) collected ($6)


PokerStars Hand #144885733635:  Hold'em Limit ($3/$6 USD) - 2015/12/05 18:52:14 ET
Table 'Lancelot IV' 2-max Seat #1 is the button
Seat 1: RaisemyNut$ ($108.03 in chips)
Seat 2: ManuelSikora ($122.80 in chips)
RaisemyNut$: posts small blind $1
ManuelSikora: posts big blind $3
*** HOLE CARDS ***
RaisemyNut$: raises $3 to $6
ManuelSikora: raises $3 to $9
RaisemyNut$: calls $3
*** FLOP *** [Qs 7h 9s]
ManuelSikora: bets $3
RaisemyNut$: calls $3
*** TURN *** [Qs 7h 9s] [2s]
ManuelSikora: bets $6
RaisemyNut$: folds
Uncalled bet ($6) returned to ManuelSikora
ManuelSikora collected $23.52 from pot
ManuelSikora: doesn't show hand
*** SUMMARY ***
Total pot $24 | Rake $0.48
Board [Qs 7h 9s 2s]
Seat 1: RaisemyNut$ (button) (small blind) folded on the Turn
Seat 2: ManuelSikora (big blind) collected ($23.52)


PokerStars Hand #144885725053:  Hold'em Limit ($3/$6 USD) - 2015/12/05 18:52:02 ET
Table 'Lancelot IV' 2-max Seat #2 is the button
Seat 1: RaisemyNut$ ($87.53 in chips)
Seat 2: ManuelSikora ($143.80 in chips)
ManuelSikora: posts small blind $1
RaisemyNut$: posts big blind $3
*** HOLE CARDS ***
ManuelSikora: raises $3 to $6
RaisemyNut$: calls $3
*** FLOP *** [9s Kc 5d]
RaisemyNut$: bets $3
ManuelSikora: calls $3
*** TURN *** [9s Kc 5d] [7h]
RaisemyNut$: bets $6
ManuelSikora: calls $6
*** RIVER *** [9s Kc 5d 7h] [Ts]
RaisemyNut$: bets $6
ManuelSikora: calls $6
*** SHOW DOWN ***
RaisemyNut$: shows [Ks 8s] (a pair of Kings)
ManuelSikora: mucks hand
RaisemyNut$ collected $41.50 from pot
*** SUMMARY ***
Total pot $42 | Rake $0.50
Board [9s Kc 5d 7h Ts]
Seat 1: RaisemyNut$ (big blind) showed [Ks 8s] and won ($41.50) with a pair of Kings
Seat 2: ManuelSikora (button) (small blind) mucked


PokerStars Hand #144885765434:  Hold'em Limit ($3/$6 USD) - 2015/12/05 18:52:58 ET
Table 'Lancelot IV' 2-max Seat #1 is the button
Seat 1: RaisemyNut$ ($107.53 in chips)
Seat 2: ManuelSikora ($121.84 in chips)
RaisemyNut$: posts small blind $1
ManuelSikora: posts big blind $3
*** HOLE CARDS ***
RaisemyNut$: raises $3 to $6
ManuelSikora: calls $3
*** FLOP *** [Td 8h Tc]
ManuelSikora: bets $3
RaisemyNut$: raises $3 to $6
ManuelSikora: calls $3
*** TURN *** [Td 8h Tc] [4h]
ManuelSikora: bets $6
RaisemyNut$: raises $6 to $12
ManuelSikora: calls $6
*** RIVER *** [Td 8h Tc 4h] [9s]
ManuelSikora: checks
RaisemyNut$: bets $6
ManuelSikora: calls $6
*** SHOW DOWN ***
RaisemyNut$: shows [6c 7s] (a straight, Six to Ten)
ManuelSikora: mucks hand
RaisemyNut$ collected $59.50 from pot
*** SUMMARY ***
Total pot $60 | Rake $0.50
Board [Td 8h Tc 4h 9s]
Seat 1: RaisemyNut$ (button) (small blind) showed [6c 7s] and won ($59.50) with a straight, Six to Ten
Seat 2: ManuelSikora (big blind) mucked


PokerStars Hand #144885775581:  Hold'em Limit ($3/$6 USD) - 2015/12/05 18:53:12 ET
Table 'Lancelot IV' 2-max Seat #2 is the button
Seat 1: RaisemyNut$ ($137.03 in chips)
Seat 2: ManuelSikora ($91.84 in chips)
ManuelSikora: posts small blind $1
RaisemyNut$: posts big blind $3
*** HOLE CARDS ***
ManuelSikora: raises $3 to $6
RaisemyNut$: calls $3
*** FLOP *** [6c As 8c]
RaisemyNut$: checks
ManuelSikora: checks
*** TURN *** [6c As 8c] [2h]
RaisemyNut$: bets $6
ManuelSikora: folds
Uncalled bet ($6) returned to RaisemyNut$
RaisemyNut$ collected $11.76 from pot
RaisemyNut$: doesn't show hand
*** SUMMARY ***
Total pot $12 | Rake $0.24
Board [6c As 8c 2h]
Seat 1: RaisemyNut$ (big blind) collected ($11.76)
Seat 2: ManuelSikora (button) (small blind) folded on the Turn


PokerStars Hand #144885782485:  Hold'em Limit ($3/$6 USD) - 2015/12/05 18:53:22 ET
Table 'Lancelot IV' 2-max Seat #1 is the button
Seat 1: RaisemyNut$ ($142.79 in chips)
Seat 2: ManuelSikora ($85.84 in chips)
RaisemyNut$: posts small blind $1
ManuelSikora: posts big blind $3
*** HOLE CARDS ***
RaisemyNut$: raises $3 to $6
ManuelSikora: calls $3
*** FLOP *** [5s Td Kc]
ManuelSikora: bets $3
RaisemyNut$: calls $3
*** TURN *** [5s Td Kc] [8c]
ManuelSikora: bets $6
RaisemyNut$: raises $6 to $12
ManuelSikora: folds
Uncalled bet ($6) returned to RaisemyNut$
RaisemyNut$ collected $29.50 from pot
RaisemyNut$: doesn't show hand
*** SUMMARY ***
Total pot $30 | Rake $0.50
Board [5s Td Kc 8c]
Seat 1: RaisemyNut$ (button) (small blind) collected ($29.50)
Seat 2: ManuelSikora (big blind) folded on the Turn


PokerStars Hand #144885790818:  Hold'em Limit ($3/$6 USD) - 2015/12/05 18:53:33 ET
Table 'Lancelot IV' 2-max Seat #2 is the button
Seat 1: RaisemyNut$ ($157.29 in chips)
Seat 2: ManuelSikora ($70.84 in chips)
ManuelSikora: posts small blind $1
RaisemyNut$: posts big blind $3
*** HOLE CARDS ***
ManuelSikora: calls $2
RaisemyNut$: checks
*** FLOP *** [5c Jc 4d]
RaisemyNut$: bets $3
ManuelSikora: folds
Uncalled bet ($3) returned to RaisemyNut$
RaisemyNut$ collected $5.88 from pot
RaisemyNut$: doesn't show hand
*** SUMMARY ***
Total pot $6 | Rake $0.12
Board [5c Jc 4d]
Seat 1: RaisemyNut$ (big blind) collected ($5.88)
Seat 2: ManuelSikora (button) (small blind) folded on the Flop


PokerStars Hand #144885798375:  Hold'em Limit ($3/$6 USD) - 2015/12/05 18:53:43 ET
Table 'Lancelot IV' 2-max Seat #1 is the button
Seat 1: RaisemyNut$ ($160.17 in chips)
Seat 2: ManuelSikora ($67.84 in chips)
RaisemyNut$: posts small blind $1
ManuelSikora: posts big blind $3
*** HOLE CARDS ***
RaisemyNut$: raises $3 to $6
ManuelSikora: raises $3 to $9
RaisemyNut$: calls $3
*** FLOP *** [5h Jd 3s]
ManuelSikora: bets $3
RaisemyNut$: calls $3
*** TURN *** [5h Jd 3s] [9s]
ManuelSikora: bets $6
RaisemyNut$: calls $6
*** RIVER *** [5h Jd 3s 9s] [4d]
ManuelSikora: checks
RaisemyNut$: bets $6
ManuelSikora: folds
Uncalled bet ($6) returned to RaisemyNut$
RaisemyNut$ collected $35.50 from pot
RaisemyNut$: doesn't show hand
*** SUMMARY ***
Total pot $36 | Rake $0.50
Board [5h Jd 3s 9s 4d]
Seat 1: RaisemyNut$ (button) (small blind) collected ($35.50)
Seat 2: ManuelSikora (big blind) folded on the River


PokerStars Hand #144885811686:  Hold'em Limit ($3/$6 USD) - 2015/12/05 18:54:01 ET
Table 'Lancelot IV' 2-max Seat #2 is the button
Seat 1: RaisemyNut$ ($177.67 in chips)
Seat 2: ManuelSikora ($49.84 in chips)
ManuelSikora: posts small blind $1
RaisemyNut$: posts big blind $3
*** HOLE CARDS ***
ManuelSikora: raises $3 to $6
RaisemyNut$: raises $3 to $9
ManuelSikora: raises $3 to $12
Betting is capped
RaisemyNut$: calls $3
*** FLOP *** [3c 2s Ad]
RaisemyNut$: bets $3
ManuelSikora: calls $3
*** TURN *** [3c 2s Ad] [6s]
RaisemyNut$: bets $6
ManuelSikora: folds
Uncalled bet ($6) returned to RaisemyNut$
RaisemyNut$ collected $29.50 from pot
RaisemyNut$: doesn't show hand
*** SUMMARY ***
Total pot $30 | Rake $0.50
Board [3c 2s Ad 6s]
Seat 1: RaisemyNut$ (big blind) collected ($29.50)
Seat 2: ManuelSikora (button) (small blind) folded on the Turn


PokerStars Hand #144885820444:  Hold'em Limit ($3/$6 USD) - 2015/12/05 18:54:13 ET
Table 'Lancelot IV' 2-max Seat #1 is the button
Seat 1: RaisemyNut$ ($192.17 in chips)
Seat 2: ManuelSikora ($34.84 in chips)
RaisemyNut$: posts small blind $1
ManuelSikora: posts big blind $3
*** HOLE CARDS ***
RaisemyNut$: raises $3 to $6
ManuelSikora: raises $3 to $9
RaisemyNut$: calls $3
*** FLOP *** [5h Qc Ad]
ManuelSikora: bets $3
RaisemyNut$: folds
Uncalled bet ($3) returned to ManuelSikora
ManuelSikora collected $17.64 from pot
ManuelSikora: doesn't show hand
*** SUMMARY ***
Total pot $18 | Rake $0.36
Board [5h Qc Ad]
Seat 1: RaisemyNut$ (button) (small blind) folded on the Flop
Seat 2: ManuelSikora (big blind) collected ($17.64)


PokerStars Hand #144885827237:  Hold'em Limit ($3/$6 USD) - 2015/12/05 18:54:23 ET
Table 'Lancelot IV' 2-max Seat #2 is the button
Seat 1: RaisemyNut$ ($183.17 in chips)
Seat 2: ManuelSikora ($43.48 in chips)
ManuelSikora: posts small blind $1
RaisemyNut$: posts big blind $3
*** HOLE CARDS ***
ManuelSikora: raises $3 to $6
RaisemyNut$: folds
Uncalled bet ($3) returned to ManuelSikora
ManuelSikora collected $6 from pot
ManuelSikora: doesn't show hand
*** SUMMARY ***
Total pot $6 | Rake $0
Seat 1: RaisemyNut$ (big blind) folded before Flop
Seat 2: ManuelSikora (button) (small blind) collected ($6)


PokerStars Hand #144885831098:  Hold'em Limit ($3/$6 USD) - 2015/12/05 18:54:28 ET
Table 'Lancelot IV' 2-max Seat #1 is the button
Seat 1: RaisemyNut$ ($180.17 in chips)
Seat 2: ManuelSikora ($46.48 in chips)
RaisemyNut$: posts small blind $1
ManuelSikora: posts big blind $3
*** HOLE CARDS ***
RaisemyNut$: raises $3 to $6
ManuelSikora: raises $3 to $9
RaisemyNut$: calls $3
*** FLOP *** [3d 6h 3s]
ManuelSikora: bets $3
RaisemyNut$: calls $3
*** TURN *** [3d 6h 3s] [4d]
ManuelSikora: bets $6
RaisemyNut$: calls $6
*** RIVER *** [3d 6h 3s 4d] [Qh]
ManuelSikora: checks
RaisemyNut$: checks
*** SHOW DOWN ***
ManuelSikora: shows [Ks 8s] (a pair of Threes)
RaisemyNut$: mucks hand
ManuelSikora collected $35.50 from pot
*** SUMMARY ***
Total pot $36 | Rake $0.50
Board [3d 6h 3s 4d Qh]
Seat 1: RaisemyNut$ (button) (small blind) mucked
Seat 2: ManuelSikora (big blind) showed [Ks 8s] and won ($35.50) with a pair of Threes


PokerStars Hand #144885845325:  Hold'em Limit ($3/$6 USD) - 2015/12/05 18:54:48 ET
Table 'Lancelot IV' 2-max Seat #2 is the button
Seat 1: RaisemyNut$ ($162.17 in chips)
Seat 2: ManuelSikora ($63.98 in chips)
ManuelSikora: posts small blind $1
RaisemyNut$: posts big blind $3
*** HOLE CARDS ***
ManuelSikora: raises $3 to $6
RaisemyNut$: raises $3 to $9
ManuelSikora: calls $3
*** FLOP *** [Td Jc 3s]
RaisemyNut$: bets $3
ManuelSikora: calls $3
*** TURN *** [Td Jc 3s] [Ks]
RaisemyNut$: bets $6
ManuelSikora: folds
Uncalled bet ($6) returned to RaisemyNut$
RaisemyNut$ collected $23.52 from pot
RaisemyNut$: doesn't show hand
*** SUMMARY ***
Total pot $24 | Rake $0.48
Board [Td Jc 3s Ks]
Seat 1: RaisemyNut$ (big blind) collected ($23.52)
Seat 2: ManuelSikora (button) (small blind) folded on the Turn


