PokerStars Hand #164934431652:  Hold'em Limit ($3/$6 USD) - 2017/01/21 10:42:36 ET
Table 'Lancelot' 6-max Seat #3 is the button
Seat 3: dalton135 ($49.01 in chips)
Seat 4: AzureCaper ($92.26 in chips)
dalton135: posts small blind $1
AzureCaper: posts big blind $3
*** HOLE CARDS ***
dalton135: raises $3 to $6
AzureCaper: folds
Uncalled bet ($3) returned to dalton135
dalton135 collected $6 from pot
dalton135: doesn't show hand
*** SUMMARY ***
Total pot $6 | Rake $0
Seat 3: dalton135 (button) (small blind) collected ($6)
Seat 4: AzureCaper (big blind) folded before Flop


PokerStars Hand #164934417476:  Hold'em Limit ($3/$6 USD) - 2017/01/21 10:42:18 ET
Table 'Lancelot' 6-max Seat #4 is the button
Seat 3: dalton135 ($55.01 in chips)
Seat 4: AzureCaper ($86.50 in chips)
AzureCaper: posts small blind $1
dalton135: posts big blind $3
*** HOLE CARDS ***
AzureCaper: raises $3 to $6
dalton135: calls $3
*** FLOP *** [4c 4s 2d]
dalton135: checks
AzureCaper: bets $3
dalton135: folds
Uncalled bet ($3) returned to AzureCaper
AzureCaper collected $11.76 from pot
*** SUMMARY ***
Total pot $12 | Rake $0.24
Board [4c 4s 2d]
Seat 3: dalton135 (big blind) folded on the Flop
Seat 4: AzureCaper (button) (small blind) collected ($11.76)


PokerStars Hand #164934481878:  Hold'em Limit ($3/$6 USD) - 2017/01/21 10:43:39 ET
Table 'Lancelot' 6-max Seat #3 is the button
Seat 3: dalton135 ($64.65 in chips)
Seat 4: AzureCaper ($76.26 in chips)
dalton135: posts small blind $1
AzureCaper: posts big blind $3
*** HOLE CARDS ***
dalton135: folds
Uncalled bet ($2) returned to AzureCaper
AzureCaper collected $2 from pot
AzureCaper: doesn't show hand
*** SUMMARY ***
Total pot $2 | Rake $0
Seat 3: dalton135 (button) (small blind) folded before Flop
Seat 4: AzureCaper (big blind) collected ($2)


PokerStars Hand #164934472875:  Hold'em Limit ($3/$6 USD) - 2017/01/21 10:43:28 ET
Table 'Lancelot' 6-max Seat #4 is the button
Seat 3: dalton135 ($63.65 in chips)
Seat 4: AzureCaper ($77.26 in chips)
AzureCaper: posts small blind $1
dalton135: posts big blind $3
*** HOLE CARDS ***
AzureCaper: folds
Uncalled bet ($2) returned to dalton135
dalton135 collected $2 from pot
dalton135: doesn't show hand
*** SUMMARY ***
Total pot $2 | Rake $0
Seat 3: dalton135 (big blind) collected ($2)
Seat 4: AzureCaper (button) (small blind) folded before Flop


PokerStars Hand #164934466548:  Hold'em Limit ($3/$6 USD) - 2017/01/21 10:43:20 ET
Table 'Lancelot' 6-max Seat #3 is the button
Seat 3: dalton135 ($60.65 in chips)
Seat 4: AzureCaper ($80.26 in chips)
dalton135: posts small blind $1
AzureCaper: posts big blind $3
*** HOLE CARDS ***
dalton135: raises $3 to $6
AzureCaper: folds
Uncalled bet ($3) returned to dalton135
dalton135 collected $6 from pot
dalton135: doesn't show hand
*** SUMMARY ***
Total pot $6 | Rake $0
Seat 3: dalton135 (button) (small blind) collected ($6)
Seat 4: AzureCaper (big blind) folded before Flop


PokerStars Hand #164934437510:  Hold'em Limit ($3/$6 USD) - 2017/01/21 10:42:43 ET
Table 'Lancelot' 6-max Seat #4 is the button
Seat 3: dalton135 ($52.01 in chips)
Seat 4: AzureCaper ($89.26 in chips)
AzureCaper: posts small blind $1
dalton135: posts big blind $3
*** HOLE CARDS ***
AzureCaper: raises $3 to $6
dalton135: calls $3
*** FLOP *** [4s 7d 2s]
dalton135: checks
AzureCaper: bets $3
dalton135: calls $3
*** TURN *** [4s 7d 2s] [6s]
dalton135: checks
AzureCaper: checks
*** RIVER *** [4s 7d 2s 6s] [5h]
dalton135: bets $6
AzureCaper: folds
Uncalled bet ($6) returned to dalton135
dalton135 collected $17.64 from pot
dalton135: doesn't show hand
*** SUMMARY ***
Total pot $18 | Rake $0.36
Board [4s 7d 2s 6s 5h]
Seat 3: dalton135 (big blind) collected ($17.64)
Seat 4: AzureCaper (button) (small blind) folded on the River


PokerStars Hand #164934545628:  Hold'em Limit ($3/$6 USD) - 2017/01/21 10:45:00 ET
Table 'Lancelot' 6-max Seat #3 is the button
Seat 3: dalton135 ($35.65 in chips)
Seat 4: AzureCaper ($104.76 in chips)
dalton135: posts small blind $1
AzureCaper: posts big blind $3
*** HOLE CARDS ***
dalton135: folds
Uncalled bet ($2) returned to AzureCaper
AzureCaper collected $2 from pot
AzureCaper: doesn't show hand
*** SUMMARY ***
Total pot $2 | Rake $0
Seat 3: dalton135 (button) (small blind) folded before Flop
Seat 4: AzureCaper (big blind) collected ($2)


PokerStars Hand #164934531424:  Hold'em Limit ($3/$6 USD) - 2017/01/21 10:44:42 ET
Table 'Lancelot' 6-max Seat #4 is the button
Seat 3: dalton135 ($38.65 in chips)
Seat 4: AzureCaper ($101.76 in chips)
AzureCaper: posts small blind $1
dalton135: posts big blind $3
*** HOLE CARDS ***
AzureCaper: raises $3 to $6
dalton135: folds
Uncalled bet ($3) returned to AzureCaper
AzureCaper collected $6 from pot
AzureCaper: doesn't show hand
*** SUMMARY ***
Total pot $6 | Rake $0
Seat 3: dalton135 (big blind) folded before Flop
Seat 4: AzureCaper (button) (small blind) collected ($6)


PokerStars Hand #164934524868:  Hold'em Limit ($3/$6 USD) - 2017/01/21 10:44:33 ET
Table 'Lancelot' 6-max Seat #3 is the button
Seat 3: dalton135 ($39.65 in chips)
Seat 4: AzureCaper ($100.76 in chips)
dalton135: posts small blind $1
AzureCaper: posts big blind $3
*** HOLE CARDS ***
dalton135: folds
Uncalled bet ($2) returned to AzureCaper
AzureCaper collected $2 from pot
AzureCaper: doesn't show hand
*** SUMMARY ***
Total pot $2 | Rake $0
Seat 3: dalton135 (button) (small blind) folded before Flop
Seat 4: AzureCaper (big blind) collected ($2)


PokerStars Hand #164934495863:  Hold'em Limit ($3/$6 USD) - 2017/01/21 10:43:56 ET
Table 'Lancelot' 6-max Seat #4 is the button
Seat 3: dalton135 ($63.65 in chips)
Seat 4: AzureCaper ($77.26 in chips)
AzureCaper: posts small blind $1
dalton135: posts big blind $3
*** HOLE CARDS ***
AzureCaper: raises $3 to $6
dalton135: calls $3
*** FLOP *** [2d 7s Ks]
dalton135: checks
AzureCaper: bets $3
dalton135: raises $3 to $6
AzureCaper: calls $3
*** TURN *** [2d 7s Ks] [8c]
dalton135: bets $6
AzureCaper: raises $6 to $12
dalton135: calls $6
*** RIVER *** [2d 7s Ks 8c] [Qc]
dalton135: checks
AzureCaper: bets $6
dalton135: folds
Uncalled bet ($6) returned to AzureCaper
AzureCaper collected $47.50 from pot
AzureCaper: doesn't show hand
*** SUMMARY ***
Total pot $48 | Rake $0.50
Board [2d 7s Ks 8c Qc]
Seat 3: dalton135 (big blind) folded on the River
Seat 4: AzureCaper (button) (small blind) collected ($47.50)


PokerStars Hand #164934591903:  Hold'em Limit ($3/$6 USD) - 2017/01/21 10:45:58 ET
Table 'Lancelot' 6-max Seat #4 is the button
Seat 3: dalton135 ($41.17 in chips)
Seat 4: AzureCaper ($98.76 in chips)
AzureCaper: posts small blind $1
dalton135: posts big blind $3
*** HOLE CARDS ***
AzureCaper: folds
Uncalled bet ($2) returned to dalton135
dalton135 collected $2 from pot
dalton135: doesn't show hand
*** SUMMARY ***
Total pot $2 | Rake $0
Seat 3: dalton135 (big blind) collected ($2)
Seat 4: AzureCaper (button) (small blind) folded before Flop


PokerStars Hand #164934586455:  Hold'em Limit ($3/$6 USD) - 2017/01/21 10:45:51 ET
Table 'Lancelot' 6-max Seat #3 is the button
Seat 3: dalton135 ($42.17 in chips)
Seat 4: AzureCaper ($97.76 in chips)
dalton135: posts small blind $1
AzureCaper: posts big blind $3
*** HOLE CARDS ***
dalton135: folds
Uncalled bet ($2) returned to AzureCaper
AzureCaper collected $2 from pot
AzureCaper: doesn't show hand
*** SUMMARY ***
Total pot $2 | Rake $0
Seat 3: dalton135 (button) (small blind) folded before Flop
Seat 4: AzureCaper (big blind) collected ($2)


PokerStars Hand #164934582305:  Hold'em Limit ($3/$6 USD) - 2017/01/21 10:45:46 ET
Table 'Lancelot' 6-max Seat #4 is the button
Seat 3: dalton135 ($41.17 in chips)
Seat 4: AzureCaper ($98.76 in chips)
AzureCaper: posts small blind $1
dalton135: posts big blind $3
*** HOLE CARDS ***
AzureCaper: folds
Uncalled bet ($2) returned to dalton135
dalton135 collected $2 from pot
dalton135: doesn't show hand
*** SUMMARY ***
Total pot $2 | Rake $0
Seat 3: dalton135 (big blind) collected ($2)
Seat 4: AzureCaper (button) (small blind) folded before Flop


PokerStars Hand #164934577823:  Hold'em Limit ($3/$6 USD) - 2017/01/21 10:45:41 ET
Table 'Lancelot' 6-max Seat #3 is the button
Seat 3: dalton135 ($42.17 in chips)
Seat 4: AzureCaper ($97.76 in chips)
dalton135: posts small blind $1
AzureCaper: posts big blind $3
*** HOLE CARDS ***
dalton135: folds
Uncalled bet ($2) returned to AzureCaper
AzureCaper collected $2 from pot
AzureCaper: doesn't show hand
*** SUMMARY ***
Total pot $2 | Rake $0
Seat 3: dalton135 (button) (small blind) folded before Flop
Seat 4: AzureCaper (big blind) collected ($2)


PokerStars Hand #164934560830:  Hold'em Limit ($3/$6 USD) - 2017/01/21 10:45:19 ET
Table 'Lancelot' 6-max Seat #4 is the button
Seat 3: dalton135 ($30.65 in chips)
Seat 4: AzureCaper ($109.76 in chips)
AzureCaper: posts small blind $1
dalton135: posts big blind $3
*** HOLE CARDS ***
AzureCaper: raises $3 to $6
dalton135: calls $3
*** FLOP *** [2c Js 3h]
dalton135: bets $3
AzureCaper: raises $3 to $6
dalton135: calls $3
*** TURN *** [2c Js 3h] [4c]
dalton135: checks
AzureCaper: checks
*** RIVER *** [2c Js 3h 4c] [5s]
dalton135: bets $6
AzureCaper: folds
Uncalled bet ($6) returned to dalton135
dalton135 collected $23.52 from pot
dalton135: doesn't show hand
*** SUMMARY ***
Total pot $24 | Rake $0.48
Board [2c Js 3h 4c 5s]
Seat 3: dalton135 (big blind) collected ($23.52)
Seat 4: AzureCaper (button) (small blind) folded on the River


PokerStars Hand #164934556799:  Hold'em Limit ($3/$6 USD) - 2017/01/21 10:45:14 ET
Table 'Lancelot' 6-max Seat #3 is the button
Seat 3: dalton135 ($31.65 in chips)
Seat 4: AzureCaper ($108.76 in chips)
dalton135: posts small blind $1
AzureCaper: posts big blind $3
*** HOLE CARDS ***
dalton135: folds
Uncalled bet ($2) returned to AzureCaper
AzureCaper collected $2 from pot
AzureCaper: doesn't show hand
*** SUMMARY ***
Total pot $2 | Rake $0
Seat 3: dalton135 (button) (small blind) folded before Flop
Seat 4: AzureCaper (big blind) collected ($2)


PokerStars Hand #164934549693:  Hold'em Limit ($3/$6 USD) - 2017/01/21 10:45:05 ET
Table 'Lancelot' 6-max Seat #4 is the button
Seat 3: dalton135 ($34.65 in chips)
Seat 4: AzureCaper ($105.76 in chips)
AzureCaper: posts small blind $1
dalton135: posts big blind $3
*** HOLE CARDS ***
AzureCaper: raises $3 to $6
dalton135: folds
Uncalled bet ($3) returned to AzureCaper
AzureCaper collected $6 from pot
AzureCaper: doesn't show hand
*** SUMMARY ***
Total pot $6 | Rake $0
Seat 3: dalton135 (big blind) folded before Flop
Seat 4: AzureCaper (button) (small blind) collected ($6)


PokerStars Hand #164934634643:  Hold'em Limit ($3/$6 USD) - 2017/01/21 10:46:52 ET
Table 'Lancelot' 6-max Seat #3 is the button
Seat 3: dalton135 ($42.81 in chips)
Seat 4: AzureCaper ($96.52 in chips)
dalton135: posts small blind $1
AzureCaper: posts big blind $3
*** HOLE CARDS ***
dalton135: folds
Uncalled bet ($2) returned to AzureCaper
AzureCaper collected $2 from pot
AzureCaper: doesn't show hand
*** SUMMARY ***
Total pot $2 | Rake $0
Seat 3: dalton135 (button) (small blind) folded before Flop
Seat 4: AzureCaper (big blind) collected ($2)


PokerStars Hand #164934624292:  Hold'em Limit ($3/$6 USD) - 2017/01/21 10:46:39 ET
Table 'Lancelot' 6-max Seat #4 is the button
Seat 3: dalton135 ($34.17 in chips)
Seat 4: AzureCaper ($105.52 in chips)
AzureCaper: posts small blind $1
dalton135: posts big blind $3
*** HOLE CARDS ***
AzureCaper: raises $3 to $6
dalton135: calls $3
*** FLOP *** [6d 4s Jc]
dalton135: checks
AzureCaper: bets $3
dalton135: raises $3 to $6
AzureCaper: folds
Uncalled bet ($3) returned to dalton135
dalton135 collected $17.64 from pot
dalton135: doesn't show hand
*** SUMMARY ***
Total pot $18 | Rake $0.36
Board [6d 4s Jc]
Seat 3: dalton135 (big blind) collected ($17.64)
Seat 4: AzureCaper (button) (small blind) folded on the Flop


PokerStars Hand #164934615634:  Hold'em Limit ($3/$6 USD) - 2017/01/21 10:46:28 ET
Table 'Lancelot' 6-max Seat #3 is the button
Seat 3: dalton135 ($35.17 in chips)
Seat 4: AzureCaper ($104.52 in chips)
dalton135: posts small blind $1
AzureCaper: posts big blind $3
*** HOLE CARDS ***
dalton135: folds
Uncalled bet ($2) returned to AzureCaper
AzureCaper collected $2 from pot
AzureCaper: doesn't show hand
*** SUMMARY ***
Total pot $2 | Rake $0
Seat 3: dalton135 (button) (small blind) folded before Flop
Seat 4: AzureCaper (big blind) collected ($2)


PokerStars Hand #164934601120:  Hold'em Limit ($3/$6 USD) - 2017/01/21 10:46:10 ET
Table 'Lancelot' 6-max Seat #4 is the button
Seat 3: dalton135 ($41.17 in chips)
Seat 4: AzureCaper ($98.76 in chips)
AzureCaper: posts small blind $1
dalton135: posts big blind $3
*** HOLE CARDS ***
AzureCaper: raises $3 to $6
dalton135: calls $3
*** FLOP *** [3h Jd 8s]
dalton135: checks
AzureCaper: bets $3
dalton135: folds
Uncalled bet ($3) returned to AzureCaper
AzureCaper collected $11.76 from pot
AzureCaper: doesn't show hand
*** SUMMARY ***
Total pot $12 | Rake $0.24
Board [3h Jd 8s]
Seat 3: dalton135 (big blind) folded on the Flop
Seat 4: AzureCaper (button) (small blind) collected ($11.76)


PokerStars Hand #164934596602:  Hold'em Limit ($3/$6 USD) - 2017/01/21 10:46:04 ET
Table 'Lancelot' 6-max Seat #3 is the button
Seat 3: dalton135 ($42.17 in chips)
Seat 4: AzureCaper ($97.76 in chips)
dalton135: posts small blind $1
AzureCaper: posts big blind $3
*** HOLE CARDS ***
dalton135: folds
Uncalled bet ($2) returned to AzureCaper
AzureCaper collected $2 from pot
AzureCaper: doesn't show hand
*** SUMMARY ***
Total pot $2 | Rake $0
Seat 3: dalton135 (button) (small blind) folded before Flop
Seat 4: AzureCaper (big blind) collected ($2)


PokerStars Hand #164934657371:  Hold'em Limit ($3/$6 USD) - 2017/01/21 10:47:22 ET
Table 'Lancelot' 6-max Seat #4 is the button
Seat 3: dalton135 ($28.81 in chips)
Seat 4: AzureCaper ($110.04 in chips)
AzureCaper: posts small blind $1
dalton135: posts big blind $3
*** HOLE CARDS ***
AzureCaper: raises $3 to $6
dalton135: folds
Uncalled bet ($3) returned to AzureCaper
dalton135 leaves the table
AzureCaper collected $6 from pot
AzureCaper: doesn't show hand
*** SUMMARY ***
Total pot $6 | Rake $0
Seat 3: dalton135 (big blind) folded before Flop
Seat 4: AzureCaper (button) (small blind) collected ($6)


PokerStars Hand #164934653176:  Hold'em Limit ($3/$6 USD) - 2017/01/21 10:47:17 ET
Table 'Lancelot' 6-max Seat #3 is the button
Seat 3: dalton135 ($29.81 in chips)
Seat 4: AzureCaper ($109.04 in chips)
dalton135: posts small blind $1
AzureCaper: posts big blind $3
*** HOLE CARDS ***
dalton135: folds
Uncalled bet ($2) returned to AzureCaper
AzureCaper collected $2 from pot
AzureCaper: doesn't show hand
*** SUMMARY ***
Total pot $2 | Rake $0
Seat 3: dalton135 (button) (small blind) folded before Flop
Seat 4: AzureCaper (big blind) collected ($2)


PokerStars Hand #164934638984:  Hold'em Limit ($3/$6 USD) - 2017/01/21 10:46:58 ET
Table 'Lancelot' 6-max Seat #4 is the button
Seat 3: dalton135 ($41.81 in chips)
Seat 4: AzureCaper ($97.52 in chips)
AzureCaper: posts small blind $1
dalton135: posts big blind $3
*** HOLE CARDS ***
AzureCaper: raises $3 to $6
dalton135: calls $3
*** FLOP *** [2c 5c As]
dalton135: checks
AzureCaper: bets $3
dalton135: raises $3 to $6
AzureCaper: calls $3
*** TURN *** [2c 5c As] [2s]
dalton135: checks
AzureCaper: bets $6
dalton135: folds
Uncalled bet ($6) returned to AzureCaper
AzureCaper collected $23.52 from pot
AzureCaper: doesn't show hand
*** SUMMARY ***
Total pot $24 | Rake $0.48
Board [2c 5c As 2s]
Seat 3: dalton135 (big blind) folded on the Turn
Seat 4: AzureCaper (button) (small blind) collected ($23.52)


