PokerStars Hand #171639203468:  Hold'em Limit ($3/$6 USD) - 2017/06/11 12:13:09 ET
Table 'Landi' 6-max Seat #3 is the button
Seat 3: simper11 ($121 in chips)
Seat 6: kdjg ($47.45 in chips)
simper11: posts small blind $1
kdjg: posts big blind $3
*** HOLE CARDS ***
simper11: raises $3 to $6
kdjg: raises $3 to $9
simper11: calls $3
*** FLOP *** [7d Ac Qh]
kdjg: bets $3
simper11: folds
Uncalled bet ($3) returned to kdjg
kdjg collected $17.64 from pot
kdjg: doesn't show hand
*** SUMMARY ***
Total pot $18 | Rake $0.36
Board [7d Ac Qh]
Seat 3: simper11 (button) (small blind) folded on the Flop
Seat 6: kdjg (big blind) collected ($17.64)


PokerStars Hand #171639212245:  Hold'em Limit ($3/$6 USD) - 2017/06/11 12:13:21 ET
Table 'Landi' 6-max Seat #6 is the button
Seat 3: simper11 ($120 in chips)
Seat 6: kdjg ($56.09 in chips)
kdjg: posts small blind $1
simper11: posts big blind $3
*** HOLE CARDS ***
kdjg: folds
Uncalled bet ($2) returned to simper11
simper11 collected $2 from pot
simper11: doesn't show hand
*** SUMMARY ***
Total pot $2 | Rake $0
Seat 3: simper11 (big blind) collected ($2)
Seat 6: kdjg (button) (small blind) folded before Flop


PokerStars Hand #171639217047:  Hold'em Limit ($3/$6 USD) - 2017/06/11 12:13:28 ET
Table 'Landi' 6-max Seat #3 is the button
Seat 3: simper11 ($121 in chips)
Seat 6: kdjg ($55.09 in chips)
simper11: posts small blind $1
kdjg: posts big blind $3
*** HOLE CARDS ***
simper11: raises $3 to $6
kdjg: folds
Uncalled bet ($3) returned to simper11
simper11 collected $6 from pot
simper11: doesn't show hand
*** SUMMARY ***
Total pot $6 | Rake $0
Seat 3: simper11 (button) (small blind) collected ($6)
Seat 6: kdjg (big blind) folded before Flop


