PokerStars Hand #169935074688:  Hold'em Limit ($3/$6 USD) - 2017/05/04 8:00:19 ET
Table 'Landi' 6-max Seat #3 is the button
Seat 3: Bablonaut ($117 in chips)
Seat 6: BugerDV ($75 in chips)
Bablonaut: posts small blind $1
BugerDV: posts big blind $3
*** HOLE CARDS ***
Bablonaut: folds
Uncalled bet ($2) returned to BugerDV
BugerDV collected $2 from pot
BugerDV: doesn't show hand
*** SUMMARY ***
Total pot $2 | Rake $0
Seat 3: Bablonaut (button) (small blind) folded before Flop
Seat 6: BugerDV (big blind) collected ($2)


PokerStars Hand #169935072277:  Hold'em Limit ($3/$6 USD) - 2017/05/04 8:00:06 ET
Table 'Landi' 6-max Seat #6 is the button
Seat 3: Bablonaut ($120 in chips)
Seat 6: BugerDV ($72 in chips)
BugerDV: posts small blind $1
Bablonaut: posts big blind $3
*** HOLE CARDS ***
BugerDV: raises $3 to $6
Bablonaut: folds
Uncalled bet ($3) returned to BugerDV
BugerDV collected $6 from pot
BugerDV: doesn't show hand
*** SUMMARY ***
Total pot $6 | Rake $0
Seat 3: Bablonaut (big blind) folded before Flop
Seat 6: BugerDV (button) (small blind) collected ($6)


PokerStars Hand #169935075808:  Hold'em Limit ($3/$6 USD) - 2017/05/04 8:00:25 ET
Table 'Landi' 6-max Seat #6 is the button
Seat 3: Bablonaut ($116 in chips)
Seat 6: BugerDV ($76 in chips)
BugerDV: posts small blind $1
Bablonaut: posts big blind $3
*** HOLE CARDS ***
BugerDV: raises $3 to $6
Bablonaut: calls $3
*** FLOP *** [2d 6h Ad]
Bablonaut: checks
BugerDV: checks
*** TURN *** [2d 6h Ad] [Ac]
Bablonaut: checks
BugerDV: bets $6
Bablonaut: folds
Uncalled bet ($6) returned to BugerDV
BugerDV collected $11.76 from pot
BugerDV: doesn't show hand
*** SUMMARY ***
Total pot $12 | Rake $0.24
Board [2d 6h Ad Ac]
Seat 3: Bablonaut (big blind) folded on the Turn
Seat 6: BugerDV (button) (small blind) collected ($11.76)


PokerStars Hand #169935079387:  Hold'em Limit ($3/$6 USD) - 2017/05/04 8:00:44 ET
Table 'Landi' 6-max Seat #3 is the button
Seat 3: Bablonaut ($110 in chips)
Seat 6: BugerDV ($81.76 in chips)
Bablonaut: posts small blind $1
BugerDV: posts big blind $3
*** HOLE CARDS ***
Bablonaut: raises $3 to $6
BugerDV: raises $3 to $9
Bablonaut: calls $3
*** FLOP *** [3c 2c 8s]
BugerDV: bets $3
Bablonaut: calls $3
*** TURN *** [3c 2c 8s] [Th]
BugerDV: bets $6
Bablonaut: folds
Uncalled bet ($6) returned to BugerDV
BugerDV collected $23.52 from pot
BugerDV: doesn't show hand
*** SUMMARY ***
Total pot $24 | Rake $0.48
Board [3c 2c 8s Th]
Seat 3: Bablonaut (button) (small blind) folded on the Turn
Seat 6: BugerDV (big blind) collected ($23.52)


PokerStars Hand #169935086062:  Hold'em Limit ($3/$6 USD) - 2017/05/04 8:01:17 ET
Table 'Landi' 6-max Seat #3 is the button
Seat 3: Bablonaut ($92 in chips)
Seat 6: BugerDV ($99.04 in chips)
Bablonaut: posts small blind $1
BugerDV: posts big blind $3
*** HOLE CARDS ***
Bablonaut: folds
Uncalled bet ($2) returned to BugerDV
BugerDV collected $2 from pot
BugerDV: doesn't show hand
*** SUMMARY ***
Total pot $2 | Rake $0
Seat 3: Bablonaut (button) (small blind) folded before Flop
Seat 6: BugerDV (big blind) collected ($2)


PokerStars Hand #169935083649:  Hold'em Limit ($3/$6 USD) - 2017/05/04 8:01:05 ET
Table 'Landi' 6-max Seat #6 is the button
Seat 3: Bablonaut ($98 in chips)
Seat 6: BugerDV ($93.28 in chips)
BugerDV: posts small blind $1
Bablonaut: posts big blind $3
*** HOLE CARDS ***
BugerDV: raises $3 to $6
Bablonaut: calls $3
*** FLOP *** [Jd 7s 6d]
Bablonaut: checks
BugerDV: bets $3
Bablonaut: folds
Uncalled bet ($3) returned to BugerDV
BugerDV collected $11.76 from pot
BugerDV: doesn't show hand
*** SUMMARY ***
Total pot $12 | Rake $0.24
Board [Jd 7s 6d]
Seat 3: Bablonaut (big blind) folded on the Flop
Seat 6: BugerDV (button) (small blind) collected ($11.76)


PokerStars Hand #169935088461:  Hold'em Limit ($3/$6 USD) - 2017/05/04 8:01:29 ET
Table 'Landi' 6-max Seat #3 is the button
Seat 3: Bablonaut ($92 in chips)
Seat 6: BugerDV ($99.04 in chips)
Bablonaut: posts small blind $1
BugerDV: posts big blind $3
*** HOLE CARDS ***
Bablonaut: folds
Uncalled bet ($2) returned to BugerDV
BugerDV collected $2 from pot
BugerDV: doesn't show hand
*** SUMMARY ***
Total pot $2 | Rake $0
Seat 3: Bablonaut (button) (small blind) folded before Flop
Seat 6: BugerDV (big blind) collected ($2)


PokerStars Hand #169935089447:  Hold'em Limit ($3/$6 USD) - 2017/05/04 8:01:34 ET
Table 'Landi' 6-max Seat #6 is the button
Seat 3: Bablonaut ($91 in chips)
Seat 6: BugerDV ($100.04 in chips)
BugerDV: posts small blind $1
Bablonaut: posts big blind $3
*** HOLE CARDS ***
BugerDV: raises $3 to $6
Bablonaut: calls $3
*** FLOP *** [6s Qh 5s]
Bablonaut: checks
BugerDV: bets $3
Bablonaut: raises $3 to $6
BugerDV: calls $3
*** TURN *** [6s Qh 5s] [Js]
Bablonaut: bets $6
BugerDV: raises $6 to $12
Bablonaut: calls $6
*** RIVER *** [6s Qh 5s Js] [4c]
Bablonaut: checks
BugerDV: bets $6
Bablonaut: calls $6
*** SHOW DOWN ***
BugerDV: shows [As Qd] (a pair of Queens)
Bablonaut: mucks hand
BugerDV collected $59.50 from pot
*** SUMMARY ***
Total pot $60 | Rake $0.50
Board [6s Qh 5s Js 4c]
Seat 3: Bablonaut (big blind) mucked
Seat 6: BugerDV (button) (small blind) showed [As Qd] and won ($59.50) with a pair of Queens


PokerStars Hand #169935094643:  Hold'em Limit ($3/$6 USD) - 2017/05/04 8:01:58 ET
Table 'Landi' 6-max Seat #3 is the button
Seat 3: Bablonaut ($61 in chips)
Seat 6: BugerDV ($129.54 in chips)
Bablonaut: posts small blind $1
BugerDV: posts big blind $3
*** HOLE CARDS ***
Bablonaut: raises $3 to $6
BugerDV: calls $3
*** FLOP *** [8c Qs 9h]
BugerDV: checks
Bablonaut: checks
*** TURN *** [8c Qs 9h] [3c]
BugerDV: bets $6
Bablonaut: folds
Uncalled bet ($6) returned to BugerDV
BugerDV collected $11.76 from pot
BugerDV: doesn't show hand
*** SUMMARY ***
Total pot $12 | Rake $0.24
Board [8c Qs 9h 3c]
Seat 3: Bablonaut (button) (small blind) folded on the Turn
Seat 6: BugerDV (big blind) collected ($11.76)


PokerStars Hand #169935098468:  Hold'em Limit ($3/$6 USD) - 2017/05/04 8:02:15 ET
Table 'Landi' 6-max Seat #6 is the button
Seat 3: Bablonaut ($55 in chips)
Seat 6: BugerDV ($135.30 in chips)
BugerDV: posts small blind $1
Bablonaut: posts big blind $3
*** HOLE CARDS ***
BugerDV: raises $3 to $6
Bablonaut: raises $3 to $9
BugerDV: calls $3
*** FLOP *** [6c 9d 4h]
Bablonaut: bets $3
BugerDV: calls $3
*** TURN *** [6c 9d 4h] [Tc]
cola26licht joins the table at seat #2
Bablonaut: bets $6
BugerDV: calls $6
*** RIVER *** [6c 9d 4h Tc] [3h]
Bablonaut: bets $6
BugerDV: folds
Uncalled bet ($6) returned to Bablonaut
Bablonaut collected $35.50 from pot
Bablonaut: doesn't show hand
*** SUMMARY ***
Total pot $36 | Rake $0.50
Board [6c 9d 4h Tc 3h]
Seat 3: Bablonaut (big blind) collected ($35.50)
Seat 6: BugerDV (button) (small blind) folded on the River


PokerStars Hand #169935107322:  Hold'em Limit ($3/$6 USD) - 2017/05/04 8:02:53 ET
Table 'Landi' 6-max Seat #3 is the button
Seat 3: Bablonaut ($72.50 in chips)
Seat 6: BugerDV ($117.30 in chips)
Bablonaut: posts small blind $1
BugerDV: posts big blind $3
*** HOLE CARDS ***
Bablonaut: folds
Uncalled bet ($2) returned to BugerDV
BugerDV collected $2 from pot
BugerDV: doesn't show hand
*** SUMMARY ***
Total pot $2 | Rake $0
Seat 3: Bablonaut (button) (small blind) folded before Flop
Seat 6: BugerDV (big blind) collected ($2)


PokerStars Hand #169937231241:  Hold'em Limit ($3/$6 USD) - 2017/05/04 9:15:26 ET
Table 'Landi' 6-max Seat #4 is the button
Seat 4: oliwan ($294.82 in chips)
Seat 6: Qvidde ($88.55 in chips)
oliwan: posts small blind $1
Anchig: is sitting out
Qvidde: posts big blind $3
*** HOLE CARDS ***
oliwan: raises $3 to $6
Qvidde: calls $3
*** FLOP *** [7s Qh 3s]
Qvidde: checks
oliwan: bets $3
Qvidde: calls $3
*** TURN *** [7s Qh 3s] [8c]
Qvidde: checks
oliwan: bets $6
Qvidde: calls $6
*** RIVER *** [7s Qh 3s 8c] [Ad]
Qvidde: checks
oliwan: bets $6
Qvidde: calls $6
*** SHOW DOWN ***
oliwan: shows [9c Qc] (a pair of Queens)
Qvidde: mucks hand
oliwan collected $41.50 from pot
*** SUMMARY ***
Total pot $42 | Rake $0.50
Board [7s Qh 3s 8c Ad]
Seat 4: oliwan (button) (small blind) showed [9c Qc] and won ($41.50) with a pair of Queens
Seat 6: Qvidde (big blind) mucked


