PokerStars Hand #159663024027:  Hold'em Limit ($3/$6 USD) - 2016/10/08 18:07:04 ET
Table 'Lanzia' 6-max Seat #6 is the button
Seat 4: AzureCaper ($72 in chips)
Seat 6: phjravenswaa ($161.05 in chips)
phjravenswaa: posts small blind $1
AzureCaper: posts big blind $3
*** HOLE CARDS ***
phjravenswaa: folds
Uncalled bet ($2) returned to AzureCaper
AzureCaper collected $2 from pot
AzureCaper: doesn't show hand
*** SUMMARY ***
Total pot $2 | Rake $0
Seat 4: AzureCaper (big blind) collected ($2)
Seat 6: phjravenswaa (button) (small blind) folded before Flop


PokerStars Hand #159663011520:  Hold'em Limit ($3/$6 USD) - 2016/10/08 18:06:46 ET
Table 'Lanzia' 6-max Seat #4 is the button
Seat 4: AzureCaper ($78.76 in chips)
Seat 6: phjravenswaa ($146.55 in chips)
AzureCaper: posts small blind $1
phjravenswaa: posts big blind $3
*** HOLE CARDS ***
AzureCaper: raises $3 to $6
phjravenswaa: calls $3
*** FLOP *** [Js Kc Qh]
phjravenswaa: bets $3
AzureCaper: calls $3
*** TURN *** [Js Kc Qh] [5c]
phjravenswaa: checks
AzureCaper: bets $6
phjravenswaa: calls $6
*** RIVER *** [Js Kc Qh 5c] [6s]
phjravenswaa: checks
AzureCaper: checks
*** SHOW DOWN ***
phjravenswaa: shows [Qd 8c] (a pair of Queens)
AzureCaper: mucks hand
phjravenswaa collected $29.50 from pot
*** SUMMARY ***
Total pot $30 | Rake $0.50
Board [Js Kc Qh 5c 6s]
Seat 4: AzureCaper (button) (small blind) mucked
Seat 6: phjravenswaa (big blind) showed [Qd 8c] and won ($29.50) with a pair of Queens


PokerStars Hand #159663008072:  Hold'em Limit ($3/$6 USD) - 2016/10/08 18:06:42 ET
Table 'Lanzia' 6-max Seat #6 is the button
Seat 4: AzureCaper ($77.76 in chips)
Seat 6: phjravenswaa ($147.55 in chips)
phjravenswaa: posts small blind $1
AzureCaper: posts big blind $3
*** HOLE CARDS ***
phjravenswaa: folds
Uncalled bet ($2) returned to AzureCaper
AzureCaper collected $2 from pot
AzureCaper: doesn't show hand
*** SUMMARY ***
Total pot $2 | Rake $0
Seat 4: AzureCaper (big blind) collected ($2)
Seat 6: phjravenswaa (button) (small blind) folded before Flop


PokerStars Hand #159662999750:  Hold'em Limit ($3/$6 USD) - 2016/10/08 18:06:30 ET
Table 'Lanzia' 6-max Seat #4 is the button
Seat 4: AzureCaper ($72 in chips)
Seat 6: phjravenswaa ($153.55 in chips)
AzureCaper: posts small blind $1
phjravenswaa: posts big blind $3
*** HOLE CARDS ***
AzureCaper: raises $3 to $6
phjravenswaa: calls $3
*** FLOP *** [8c 7s 3c]
phjravenswaa: checks
AzureCaper: bets $3
phjravenswaa: folds
Uncalled bet ($3) returned to AzureCaper
AzureCaper collected $11.76 from pot
AzureCaper: doesn't show hand
*** SUMMARY ***
Total pot $12 | Rake $0.24
Board [8c 7s 3c]
Seat 4: AzureCaper (button) (small blind) collected ($11.76)
Seat 6: phjravenswaa (big blind) folded on the Flop


PokerStars Hand #159663037367:  Hold'em Limit ($3/$6 USD) - 2016/10/08 18:07:23 ET
Table 'Lanzia' 6-max Seat #6 is the button
Seat 4: AzureCaper ($78.76 in chips)
Seat 6: phjravenswaa ($154.05 in chips)
phjravenswaa: posts small blind $1
AzureCaper: posts big blind $3
*** HOLE CARDS ***
phjravenswaa: folds
Uncalled bet ($2) returned to AzureCaper
phjravenswaa leaves the table
AzureCaper collected $2 from pot
AzureCaper: doesn't show hand
*** SUMMARY ***
Total pot $2 | Rake $0
Seat 4: AzureCaper (big blind) collected ($2)
Seat 6: phjravenswaa (button) (small blind) folded before Flop


PokerStars Hand #159663027310:  Hold'em Limit ($3/$6 USD) - 2016/10/08 18:07:09 ET
Table 'Lanzia' 6-max Seat #4 is the button
Seat 4: AzureCaper ($73 in chips)
Seat 6: phjravenswaa ($160.05 in chips)
AzureCaper: posts small blind $1
phjravenswaa: posts big blind $3
*** HOLE CARDS ***
AzureCaper: raises $3 to $6
phjravenswaa: calls $3
*** FLOP *** [Th 4c 9h]
phjravenswaa: checks
AzureCaper: bets $3
phjravenswaa: folds
Uncalled bet ($3) returned to AzureCaper
AzureCaper collected $11.76 from pot
AzureCaper: doesn't show hand
*** SUMMARY ***
Total pot $12 | Rake $0.24
Board [Th 4c 9h]
Seat 4: AzureCaper (button) (small blind) collected ($11.76)
Seat 6: phjravenswaa (big blind) folded on the Flop


