PokerStars Hand #173536761038:  Hold'em Limit ($3/$6 USD) - 2017/07/26 12:24:33 ET
Table 'Lanzia' 6-max Seat #1 is the button
Seat 1: cola26licht ($66.04 in chips)
Seat 2: B_loJkl ($153 in chips)
artecris joins the table at seat #3
cola26licht: posts small blind $1
B_loJkl: posts big blind $3
*** HOLE CARDS ***
cola26licht: folds
Uncalled bet ($2) returned to B_loJkl
B_loJkl collected $2 from pot
B_loJkl: doesn't show hand
*** SUMMARY ***
Total pot $2 | Rake $0
Seat 1: cola26licht (button) (small blind) folded before Flop
Seat 2: B_loJkl (big blind) collected ($2)


PokerStars Hand #173537005065:  Hold'em Limit ($3/$6 USD) - 2017/07/26 12:30:53 ET
Table 'Lanzia' 6-max Seat #5 is the button
Seat 3: artecris ($108.61 in chips)
Seat 5: B_loJkl ($107 in chips)
B_loJkl: posts small blind $1
artecris: posts big blind $3
*** HOLE CARDS ***
B_loJkl: raises $3 to $6
artecris: calls $3
*** FLOP *** [8h 7c 3s]
artecris: checks
B_loJkl: bets $3
artecris: calls $3
*** TURN *** [8h 7c 3s] [2c]
artecris: checks
B_loJkl: bets $6
artecris: raises $6 to $12
B_loJkl: calls $6
*** RIVER *** [8h 7c 3s 2c] [Qc]
artecris: bets $6
B_loJkl: folds
Uncalled bet ($6) returned to artecris
artecris collected $41.50 from pot
artecris: doesn't show hand
*** SUMMARY ***
Total pot $42 | Rake $0.50
Board [8h 7c 3s 2c Qc]
Seat 3: artecris (big blind) collected ($41.50)
Seat 5: B_loJkl (button) (small blind) folded on the River


PokerStars Hand #173537001886:  Hold'em Limit ($3/$6 USD) - 2017/07/26 12:30:48 ET
Table 'Lanzia' 6-max Seat #3 is the button
Seat 3: artecris ($109.61 in chips)
Seat 5: B_loJkl ($106 in chips)
artecris: posts small blind $1
B_loJkl: posts big blind $3
*** HOLE CARDS ***
artecris: folds
Uncalled bet ($2) returned to B_loJkl
B_loJkl collected $2 from pot
B_loJkl: doesn't show hand
CONSTANCY555 leaves the table
*** SUMMARY ***
Total pot $2 | Rake $0
Seat 3: artecris (button) (small blind) folded before Flop
Seat 5: B_loJkl (big blind) collected ($2)


PokerStars Hand #173537023441:  Hold'em Limit ($3/$6 USD) - 2017/07/26 12:31:22 ET
Table 'Lanzia' 6-max Seat #3 is the button
Seat 3: artecris ($129.11 in chips)
Seat 5: B_loJkl ($86 in chips)
artecris: posts small blind $1
B_loJkl: posts big blind $3
*** HOLE CARDS ***
artecris: raises $3 to $6
B_loJkl: calls $3
*** FLOP *** [Qs Qh 3c]
B_loJkl: checks
artecris: checks
*** TURN *** [Qs Qh 3c] [8c]
B_loJkl: bets $6
artecris: calls $6
*** RIVER *** [Qs Qh 3c 8c] [6d]
B_loJkl: bets $6
artecris: folds
Uncalled bet ($6) returned to B_loJkl
B_loJkl collected $23.52 from pot
B_loJkl: doesn't show hand
*** SUMMARY ***
Total pot $24 | Rake $0.48
Board [Qs Qh 3c 8c 6d]
Seat 3: artecris (button) (small blind) folded on the River
Seat 5: B_loJkl (big blind) collected ($23.52)


PokerStars Hand #173537037976:  Hold'em Limit ($3/$6 USD) - 2017/07/26 12:31:45 ET
Table 'Lanzia' 6-max Seat #3 is the button
Seat 3: artecris ($114.11 in chips)
Seat 5: B_loJkl ($100.52 in chips)
artecris: posts small blind $1
B_loJkl: posts big blind $3
*** HOLE CARDS ***
artecris: calls $2
B_loJkl: raises $3 to $6
artecris: calls $3
*** FLOP *** [2s Kh Tc]
B_loJkl: bets $3
artecris: raises $3 to $6
B_loJkl: calls $3
*** TURN *** [2s Kh Tc] [9h]
B_loJkl: checks
artecris: bets $6
B_loJkl: folds
Uncalled bet ($6) returned to artecris
artecris collected $23.52 from pot
artecris: doesn't show hand
*** SUMMARY ***
Total pot $24 | Rake $0.48
Board [2s Kh Tc 9h]
Seat 3: artecris (button) (small blind) collected ($23.52)
Seat 5: B_loJkl (big blind) folded on the Turn


PokerStars Hand #173537033209:  Hold'em Limit ($3/$6 USD) - 2017/07/26 12:31:37 ET
Table 'Lanzia' 6-max Seat #5 is the button
Seat 3: artecris ($117.11 in chips)
Seat 5: B_loJkl ($97.52 in chips)
B_loJkl: posts small blind $1
artecris: posts big blind $3
*** HOLE CARDS ***
B_loJkl: raises $3 to $6
artecris: folds
Uncalled bet ($3) returned to B_loJkl
B_loJkl collected $6 from pot
B_loJkl: doesn't show hand
*** SUMMARY ***
Total pot $6 | Rake $0
Seat 3: artecris (big blind) folded before Flop
Seat 5: B_loJkl (button) (small blind) collected ($6)


