PokerStars Hand #167533592597:  Hold'em Limit ($3/$6 USD) - 2017/03/13 13:07:49 ET
Table 'Lanzia' 6-max Seat #1 is the button
Seat 1: kolaz03 ($86.50 in chips)
Seat 6: chebob ($71.64 in chips)
kolaz03: posts small blind $1
chebob: posts big blind $3
*** HOLE CARDS ***
kolaz03: folds
Uncalled bet ($2) returned to chebob
chebob collected $2 from pot
chebob: doesn't show hand
*** SUMMARY ***
Total pot $2 | Rake $0
Seat 1: kolaz03 (button) (small blind) folded before Flop
Seat 6: chebob (big blind) collected ($2)


PokerStars Hand #167533544026:  Hold'em Limit ($3/$6 USD) - 2017/03/13 13:06:43 ET
Table 'Lanzia' 6-max Seat #1 is the button
Seat 1: kolaz03 ($72 in chips)
Seat 6: chebob ($78 in chips)
sim5sim5 has timed out
sim5sim5: is sitting out
kolaz03: posts small blind $1
chebob: posts big blind $3
*** HOLE CARDS ***
kolaz03: raises $3 to $6
sim5sim5 leaves the table
chebob: raises $3 to $9
kolaz03: calls $3
*** FLOP *** [Qc 9c Ts]
chebob: bets $3
kolaz03: folds
Uncalled bet ($3) returned to chebob
chebob collected $17.64 from pot
chebob: doesn't show hand
*** SUMMARY ***
Total pot $18 | Rake $0.36
Board [Qc 9c Ts]
Seat 1: kolaz03 (button) (small blind) folded on the Flop
Seat 6: chebob (big blind) collected ($17.64)


PokerStars Hand #167533572294:  Hold'em Limit ($3/$6 USD) - 2017/03/13 13:07:22 ET
Table 'Lanzia' 6-max Seat #6 is the button
Seat 1: kolaz03 ($72 in chips)
Seat 6: chebob ($86.64 in chips)
chebob: posts small blind $1
kolaz03: posts big blind $3
*** HOLE CARDS ***
chebob: raises $3 to $6
kolaz03: calls $3
*** FLOP *** [6h Js 8c]
kolaz03: checks
chebob: bets $3
kolaz03: calls $3
*** TURN *** [6h Js 8c] [3s]
kolaz03: checks
chebob: bets $6
kolaz03: calls $6
*** RIVER *** [6h Js 8c 3s] [9c]
kolaz03: checks
chebob: checks
*** SHOW DOWN ***
kolaz03: shows [Th Qd] (a straight, Eight to Queen)
chebob: mucks hand
kolaz03 collected $29.50 from pot
*** SUMMARY ***
Total pot $30 | Rake $0.50
Board [6h Js 8c 3s 9c]
Seat 1: kolaz03 (big blind) showed [Th Qd] and won ($29.50) with a straight, Eight to Queen
Seat 6: chebob (button) (small blind) mucked


PokerStars Hand #167533601473:  Hold'em Limit ($3/$6 USD) - 2017/03/13 13:08:01 ET
Table 'Lanzia' 6-max Seat #6 is the button
Seat 1: kolaz03 ($85.50 in chips)
Seat 6: chebob ($72.64 in chips)
chebob: posts small blind $1
kolaz03: posts big blind $3
*** HOLE CARDS ***
SLK500 joins the table at seat #2
chebob: raises $3 to $6
kolaz03: raises $3 to $9
chebob: calls $3
*** FLOP *** [2c Th 9c]
kolaz03: bets $3
chebob: calls $3
*** TURN *** [2c Th 9c] [6d]
kolaz03: checks
chebob: checks
*** RIVER *** [2c Th 9c 6d] [8h]
kolaz03: bets $6
chebob: calls $6
*** SHOW DOWN ***
kolaz03: shows [9h 6h] (two pair, Nines and Sixes)
chebob: mucks hand
kolaz03 collected $35.50 from pot
*** SUMMARY ***
Total pot $36 | Rake $0.50
Board [2c Th 9c 6d 8h]
Seat 1: kolaz03 (big blind) showed [9h 6h] and won ($35.50) with two pair, Nines and Sixes
Seat 6: chebob (button) (small blind) mucked


PokerStars Hand #167535827240:  Hold'em Limit ($3/$6 USD) - 2017/03/13 13:56:16 ET
Table 'Lanzia' 6-max Seat #5 is the button
Seat 2: Faqquer ($145.15 in chips)
Seat 5: Great_Kang ($123.19 in chips)
Great_Kang: posts small blind $1
Faqquer: posts big blind $3
*** HOLE CARDS ***
Great_Kang: folds
Uncalled bet ($2) returned to Faqquer
Faqquer collected $2 from pot
Faqquer: doesn't show hand
*** SUMMARY ***
Total pot $2 | Rake $0
Seat 2: Faqquer (big blind) collected ($2)
Seat 5: Great_Kang (button) (small blind) folded before Flop


PokerStars Hand #167535813243:  Hold'em Limit ($3/$6 USD) - 2017/03/13 13:55:54 ET
Table 'Lanzia' 6-max Seat #2 is the button
Seat 2: Faqquer ($133.63 in chips)
Seat 5: Great_Kang ($135.19 in chips)
Faqquer: posts small blind $1
Great_Kang: posts big blind $3
*** HOLE CARDS ***
Faqquer: raises $3 to $6
Great_Kang: raises $3 to $9
Faqquer: calls $3
*** FLOP *** [Ah Ks 4d]
Great_Kang: bets $3
Faqquer: calls $3
*** TURN *** [Ah Ks 4d] [Qd]
Great_Kang: checks
Faqquer: bets $6
Great_Kang: folds
Uncalled bet ($6) returned to Faqquer
Faqquer collected $23.52 from pot
*** SUMMARY ***
Total pot $24 | Rake $0.48
Board [Ah Ks 4d Qd]
Seat 2: Faqquer (button) (small blind) collected ($23.52)
Seat 5: Great_Kang (big blind) folded on the Turn


PokerStars Hand #167535842861:  Hold'em Limit ($3/$6 USD) - 2017/03/13 13:56:41 ET
Table 'Lanzia' 6-max Seat #2 is the button
Seat 2: Faqquer ($152.91 in chips)
Seat 5: Great_Kang ($120 in chips)
Faqquer: posts small blind $1
Great_Kang: posts big blind $3
*** HOLE CARDS ***
Faqquer: folds
Uncalled bet ($2) returned to Great_Kang
Great_Kang collected $2 from pot
Great_Kang: doesn't show hand
*** SUMMARY ***
Total pot $2 | Rake $0
Seat 2: Faqquer (button) (small blind) folded before Flop
Seat 5: Great_Kang (big blind) collected ($2)


PokerStars Hand #167535839322:  Hold'em Limit ($3/$6 USD) - 2017/03/13 13:56:35 ET
Table 'Lanzia' 6-max Seat #5 is the button
Seat 2: Faqquer ($151.91 in chips)
Seat 5: Great_Kang ($120 in chips)
Great_Kang: posts small blind $1
Faqquer: posts big blind $3
*** HOLE CARDS ***
Great_Kang: folds
Uncalled bet ($2) returned to Faqquer
Faqquer collected $2 from pot
Faqquer: doesn't show hand
*** SUMMARY ***
Total pot $2 | Rake $0
Seat 2: Faqquer (big blind) collected ($2)
Seat 5: Great_Kang (button) (small blind) folded before Flop


PokerStars Hand #167535830163:  Hold'em Limit ($3/$6 USD) - 2017/03/13 13:56:21 ET
Table 'Lanzia' 6-max Seat #2 is the button
Seat 2: Faqquer ($146.15 in chips)
Seat 5: Great_Kang ($122.19 in chips)
Faqquer: posts small blind $1
Great_Kang: posts big blind $3
*** HOLE CARDS ***
Faqquer: raises $3 to $6
Great_Kang: calls $3
*** FLOP *** [Qs 8d 5c]
Great_Kang: checks
Faqquer: bets $3
Great_Kang: folds
Uncalled bet ($3) returned to Faqquer
Faqquer collected $11.76 from pot
Faqquer: doesn't show hand
*** SUMMARY ***
Total pot $12 | Rake $0.24
Board [Qs 8d 5c]
Seat 2: Faqquer (button) (small blind) collected ($11.76)
Seat 5: Great_Kang (big blind) folded on the Flop


PokerStars Hand #167535845815:  Hold'em Limit ($3/$6 USD) - 2017/03/13 13:56:45 ET
Table 'Lanzia' 6-max Seat #5 is the button
Seat 2: Faqquer ($151.91 in chips)
Seat 5: Great_Kang ($121 in chips)
Great_Kang: posts small blind $1
Faqquer: posts big blind $3
*** HOLE CARDS ***
Great_Kang: raises $3 to $6
Faqquer: calls $3
*** FLOP *** [Qs 6s 8d]
Faqquer: checks
Great_Kang: bets $3
Faqquer: calls $3
*** TURN *** [Qs 6s 8d] [3c]
Faqquer: checks
Great_Kang: checks
*** RIVER *** [Qs 6s 8d 3c] [2h]
Faqquer: checks
Great_Kang: bets $6
Faqquer: folds
Uncalled bet ($6) returned to Great_Kang
Great_Kang collected $17.64 from pot
Great_Kang: doesn't show hand
*** SUMMARY ***
Total pot $18 | Rake $0.36
Board [Qs 6s 8d 3c 2h]
Seat 2: Faqquer (big blind) folded on the River
Seat 5: Great_Kang (button) (small blind) collected ($17.64)


PokerStars Hand #167535889389:  Hold'em Limit ($3/$6 USD) - 2017/03/13 13:57:52 ET
Table 'Lanzia' 6-max Seat #2 is the button
Seat 2: Faqquer ($151.67 in chips)
Seat 5: Great_Kang ($120.64 in chips)
Faqquer: posts small blind $1
Great_Kang: posts big blind $3
*** HOLE CARDS ***
Faqquer: raises $3 to $6
Great_Kang: calls $3
*** FLOP *** [Qd 2s 2d]
Great_Kang: checks
Faqquer: bets $3
Great_Kang: calls $3
*** TURN *** [Qd 2s 2d] [Kh]
Great_Kang: checks
Faqquer: bets $6
Great_Kang: calls $6
*** RIVER *** [Qd 2s 2d Kh] [Ac]
Great_Kang: checks
Faqquer: checks
*** SHOW DOWN ***
Great_Kang: shows [3s Ah] (two pair, Aces and Deuces)
Faqquer: mucks hand
Great_Kang collected $29.50 from pot
*** SUMMARY ***
Total pot $30 | Rake $0.50
Board [Qd 2s 2d Kh Ac]
Seat 2: Faqquer (button) (small blind) mucked
Seat 5: Great_Kang (big blind) showed [3s Ah] and won ($29.50) with two pair, Aces and Deuces


PokerStars Hand #167535875259:  Hold'em Limit ($3/$6 USD) - 2017/03/13 13:57:31 ET
Table 'Lanzia' 6-max Seat #2 is the button
Seat 2: Faqquer ($142.91 in chips)
Seat 5: Great_Kang ($129.64 in chips)
Faqquer: posts small blind $1
Great_Kang: posts big blind $3
*** HOLE CARDS ***
Faqquer: raises $3 to $6
Great_Kang: folds
Uncalled bet ($3) returned to Faqquer
Faqquer collected $6 from pot
Faqquer: doesn't show hand
*** SUMMARY ***
Total pot $6 | Rake $0
Seat 2: Faqquer (button) (small blind) collected ($6)
Seat 5: Great_Kang (big blind) folded before Flop


PokerStars Hand #167535879480:  Hold'em Limit ($3/$6 USD) - 2017/03/13 13:57:37 ET
Table 'Lanzia' 6-max Seat #5 is the button
Seat 2: Faqquer ($145.91 in chips)
Seat 5: Great_Kang ($126.64 in chips)
Great_Kang: posts small blind $1
Faqquer: posts big blind $3
*** HOLE CARDS ***
Great_Kang: raises $3 to $6
Faqquer: calls $3
*** FLOP *** [5h Ac As]
Faqquer: checks
Great_Kang: checks
*** TURN *** [5h Ac As] [4c]
Faqquer: checks
Great_Kang: checks
*** RIVER *** [5h Ac As 4c] [8c]
Faqquer: checks
Great_Kang: checks
*** SHOW DOWN ***
Faqquer: shows [Tc Kd] (a pair of Aces)
Great_Kang: mucks hand
Faqquer collected $11.76 from pot
*** SUMMARY ***
Total pot $12 | Rake $0.24
Board [5h Ac As 4c 8c]
Seat 2: Faqquer (big blind) showed [Tc Kd] and won ($11.76) with a pair of Aces
Seat 5: Great_Kang (button) (small blind) mucked


PokerStars Hand #167535901938:  Hold'em Limit ($3/$6 USD) - 2017/03/13 13:58:12 ET
Table 'Lanzia' 6-max Seat #5 is the button
Seat 2: Faqquer ($136.67 in chips)
Seat 5: Great_Kang ($135.14 in chips)
Great_Kang: posts small blind $1
Faqquer: posts big blind $3
*** HOLE CARDS ***
Great_Kang: raises $3 to $6
Faqquer: calls $3
*** FLOP *** [2d Tc 5h]
Faqquer: checks
Great_Kang: bets $3
Faqquer: calls $3
*** TURN *** [2d Tc 5h] [Th]
Faqquer: checks
Great_Kang: checks
*** RIVER *** [2d Tc 5h Th] [7s]
Faqquer: bets $6
Great_Kang: calls $6
*** SHOW DOWN ***
Faqquer: shows [Kc 7h] (two pair, Tens and Sevens)
Great_Kang: mucks hand
Faqquer collected $29.50 from pot
*** SUMMARY ***
Total pot $30 | Rake $0.50
Board [2d Tc 5h Th 7s]
Seat 2: Faqquer (big blind) showed [Kc 7h] and won ($29.50) with two pair, Tens and Sevens
Seat 5: Great_Kang (button) (small blind) mucked


PokerStars Hand #167535915147:  Hold'em Limit ($3/$6 USD) - 2017/03/13 13:58:32 ET
Table 'Lanzia' 6-max Seat #5 is the button
Seat 2: Faqquer ($150.17 in chips)
Seat 5: Great_Kang ($121.14 in chips)
Great_Kang: posts small blind $1
Faqquer: posts big blind $3
*** HOLE CARDS ***
Great_Kang: raises $3 to $6
Faqquer: calls $3
*** FLOP *** [Kc 2h 2c]
Faqquer: checks
Great_Kang: bets $3
Faqquer: folds
Uncalled bet ($3) returned to Great_Kang
Great_Kang collected $11.76 from pot
Great_Kang: doesn't show hand
*** SUMMARY ***
Total pot $12 | Rake $0.24
Board [Kc 2h 2c]
Seat 2: Faqquer (big blind) folded on the Flop
Seat 5: Great_Kang (button) (small blind) collected ($11.76)


PokerStars Hand #167535923127:  Hold'em Limit ($3/$6 USD) - 2017/03/13 13:58:44 ET
Table 'Lanzia' 6-max Seat #2 is the button
Seat 2: Faqquer ($144.17 in chips)
Seat 5: Great_Kang ($126.90 in chips)
Faqquer: posts small blind $1
Great_Kang: posts big blind $3
*** HOLE CARDS ***
Faqquer: raises $3 to $6
Great_Kang: calls $3
*** FLOP *** [Qs 9h 5d]
Great_Kang: checks
Faqquer: checks
*** TURN *** [Qs 9h 5d] [Td]
Great_Kang: bets $6
Faqquer: calls $6
*** RIVER *** [Qs 9h 5d Td] [As]
Great_Kang: checks
Faqquer: bets $6
Great_Kang: folds
Uncalled bet ($6) returned to Faqquer
Faqquer collected $23.52 from pot
Faqquer: doesn't show hand
*** SUMMARY ***
Total pot $24 | Rake $0.48
Board [Qs 9h 5d Td As]
Seat 2: Faqquer (button) (small blind) collected ($23.52)
Seat 5: Great_Kang (big blind) folded on the River


PokerStars Hand #167535912439:  Hold'em Limit ($3/$6 USD) - 2017/03/13 13:58:28 ET
Table 'Lanzia' 6-max Seat #2 is the button
Seat 2: Faqquer ($151.17 in chips)
Seat 5: Great_Kang ($120.14 in chips)
Faqquer: posts small blind $1
Great_Kang: posts big blind $3
*** HOLE CARDS ***
Faqquer: folds
Uncalled bet ($2) returned to Great_Kang
Great_Kang collected $2 from pot
Great_Kang: doesn't show hand
*** SUMMARY ***
Total pot $2 | Rake $0
Seat 2: Faqquer (button) (small blind) folded before Flop
Seat 5: Great_Kang (big blind) collected ($2)


PokerStars Hand #167535936627:  Hold'em Limit ($3/$6 USD) - 2017/03/13 13:59:06 ET
Table 'Lanzia' 6-max Seat #5 is the button
Seat 2: Faqquer ($155.69 in chips)
Seat 5: Great_Kang ($120 in chips)
Great_Kang: posts small blind $1
Faqquer: posts big blind $3
*** HOLE CARDS ***
Great_Kang: raises $3 to $6
Faqquer: calls $3
*** FLOP *** [6c 8h 8s]
Faqquer: checks
Great_Kang: bets $3
Faqquer: calls $3
*** TURN *** [6c 8h 8s] [5c]
Faqquer: checks
Great_Kang: checks
*** RIVER *** [6c 8h 8s 5c] [2d]
Faqquer: checks
Great_Kang: bets $6
Faqquer: calls $6
*** SHOW DOWN ***
Great_Kang: shows [5h 9s] (two pair, Eights and Fives)
Faqquer: mucks hand
Great_Kang collected $29.50 from pot
*** SUMMARY ***
Total pot $30 | Rake $0.50
Board [6c 8h 8s 5c 2d]
Seat 2: Faqquer (big blind) mucked
Seat 5: Great_Kang (button) (small blind) showed [5h 9s] and won ($29.50) with two pair, Eights and Fives


PokerStars Hand #167535968440:  Hold'em Limit ($3/$6 USD) - 2017/03/13 13:59:56 ET
Table 'Lanzia' 6-max Seat #2 is the button
Seat 2: Faqquer ($140.33 in chips)
Seat 5: Great_Kang ($134.14 in chips)
Faqquer: posts small blind $1
Great_Kang: posts big blind $3
*** HOLE CARDS ***
Faqquer: raises $3 to $6
Great_Kang: calls $3
*** FLOP *** [Qd 8d Js]
Great_Kang: checks
Faqquer: checks
*** TURN *** [Qd 8d Js] [6c]
Great_Kang: checks
Faqquer: bets $6
Great_Kang: calls $6
*** RIVER *** [Qd 8d Js 6c] [4h]
Great_Kang: checks
Faqquer: checks
*** SHOW DOWN ***
Great_Kang: shows [5c 6h] (a pair of Sixes)
Faqquer: shows [9s 9c] (a pair of Nines)
Faqquer collected $23.52 from pot
*** SUMMARY ***
Total pot $24 | Rake $0.48
Board [Qd 8d Js 6c 4h]
Seat 2: Faqquer (button) (small blind) showed [9s 9c] and won ($23.52) with a pair of Nines
Seat 5: Great_Kang (big blind) showed [5c 6h] and lost with a pair of Sixes


PokerStars Hand #167535949323:  Hold'em Limit ($3/$6 USD) - 2017/03/13 13:59:26 ET
Table 'Lanzia' 6-max Seat #2 is the button
Seat 2: Faqquer ($140.69 in chips)
Seat 5: Great_Kang ($134.50 in chips)
Faqquer: posts small blind $1
Great_Kang: posts big blind $3
*** HOLE CARDS ***
Faqquer: raises $3 to $6
Great_Kang: raises $3 to $9
Faqquer: calls $3
*** FLOP *** [Jd Kd Kh]
Great_Kang: bets $3
Faqquer: folds
Uncalled bet ($3) returned to Great_Kang
Great_Kang collected $17.64 from pot
Great_Kang: doesn't show hand
*** SUMMARY ***
Total pot $18 | Rake $0.36
Board [Jd Kd Kh]
Seat 2: Faqquer (button) (small blind) folded on the Flop
Seat 5: Great_Kang (big blind) collected ($17.64)


PokerStars Hand #167536001626:  Hold'em Limit ($3/$6 USD) - 2017/03/13 14:00:46 ET
Table 'Lanzia' 6-max Seat #2 is the button
Seat 2: Faqquer ($153.61 in chips)
Seat 5: Great_Kang ($120.14 in chips)
Faqquer: posts small blind $1
Great_Kang: posts big blind $3
*** HOLE CARDS ***
Faqquer: raises $3 to $6
Great_Kang: calls $3
*** FLOP *** [6s 5s 4c]
Great_Kang: checks
squik joins the table at seat #3
Faqquer: checks
*** TURN *** [6s 5s 4c] [Ac]
Great_Kang: checks
Faqquer: bets $6
Great_Kang: folds
Uncalled bet ($6) returned to Faqquer
Faqquer collected $11.76 from pot
Faqquer: doesn't show hand
*** SUMMARY ***
Total pot $12 | Rake $0.24
Board [6s 5s 4c Ac]
Seat 2: Faqquer (button) (small blind) collected ($11.76)
Seat 5: Great_Kang (big blind) folded on the Turn


PokerStars Hand #167535990274:  Hold'em Limit ($3/$6 USD) - 2017/03/13 14:00:29 ET
Table 'Lanzia' 6-max Seat #5 is the button
Seat 2: Faqquer ($147.85 in chips)
Seat 5: Great_Kang ($126.14 in chips)
Great_Kang: posts small blind $1
Faqquer: posts big blind $3
*** HOLE CARDS ***
Great_Kang: raises $3 to $6
Faqquer: calls $3
*** FLOP *** [3c Kh 8c]
Faqquer: checks
Great_Kang: checks
*** TURN *** [3c Kh 8c] [4c]
Faqquer: bets $6
Great_Kang: folds
Uncalled bet ($6) returned to Faqquer
Faqquer collected $11.76 from pot
Faqquer: doesn't show hand
*** SUMMARY ***
Total pot $12 | Rake $0.24
Board [3c Kh 8c 4c]
Seat 2: Faqquer (big blind) collected ($11.76)
Seat 5: Great_Kang (button) (small blind) folded on the Turn


PokerStars Hand #167536012578:  Hold'em Limit ($3/$6 USD) - 2017/03/13 14:01:01 ET
Table 'Lanzia' 6-max Seat #5 is the button
Seat 2: Faqquer ($159.37 in chips)
Seat 5: Great_Kang ($120 in chips)
Great_Kang: posts small blind $1
Faqquer: posts big blind $3
*** HOLE CARDS ***
Great_Kang: folds
Uncalled bet ($2) returned to Faqquer
Faqquer collected $2 from pot
Faqquer: doesn't show hand
*** SUMMARY ***
Total pot $2 | Rake $0
Seat 2: Faqquer (big blind) collected ($2)
Seat 5: Great_Kang (button) (small blind) folded before Flop


PokerStars Hand #167535987154:  Hold'em Limit ($3/$6 USD) - 2017/03/13 14:00:24 ET
Table 'Lanzia' 6-max Seat #2 is the button
Seat 2: Faqquer ($148.85 in chips)
Seat 5: Great_Kang ($125.14 in chips)
Faqquer: posts small blind $1
Great_Kang: posts big blind $3
*** HOLE CARDS ***
Faqquer: folds
Uncalled bet ($2) returned to Great_Kang
Great_Kang collected $2 from pot
Great_Kang: doesn't show hand
*** SUMMARY ***
Total pot $2 | Rake $0
Seat 2: Faqquer (button) (small blind) folded before Flop
Seat 5: Great_Kang (big blind) collected ($2)


PokerStars Hand #167535982373:  Hold'em Limit ($3/$6 USD) - 2017/03/13 14:00:17 ET
Table 'Lanzia' 6-max Seat #5 is the button
Seat 2: Faqquer ($151.85 in chips)
Seat 5: Great_Kang ($122.14 in chips)
Great_Kang: posts small blind $1
Faqquer: posts big blind $3
*** HOLE CARDS ***
Great_Kang: raises $3 to $6
Faqquer: folds
Uncalled bet ($3) returned to Great_Kang
Great_Kang collected $6 from pot
Great_Kang: doesn't show hand
*** SUMMARY ***
Total pot $6 | Rake $0
Seat 2: Faqquer (big blind) folded before Flop
Seat 5: Great_Kang (button) (small blind) collected ($6)


PokerStars Hand #167536967537:  Hold'em Limit ($3/$6 USD) - 2017/03/13 14:20:40 ET
Table 'Lanzia' 6-max Seat #6 is the button
Seat 3: squik ($110.46 in chips)
Seat 6: krytalex ($171.27 in chips)
Great_Kang will be allowed to play after the button
krytalex: posts small blind $1
squik: posts big blind $3
*** HOLE CARDS ***
krytalex: raises $3 to $6
squik: calls $3
*** FLOP *** [6d 6h 8d]
squik: checks
boriskloris joins the table at seat #5
krytalex: bets $3
squik: raises $3 to $6
krytalex: calls $3
*** TURN *** [6d 6h 8d] [2c]
squik: bets $6
krytalex: calls $6
*** RIVER *** [6d 6h 8d 2c] [5c]
squik: bets $6
krytalex: calls $6
*** SHOW DOWN ***
squik: shows [8c Qc] (two pair, Eights and Sixes)
krytalex: mucks hand
squik collected $47.50 from pot
*** SUMMARY ***
Total pot $48 | Rake $0.50
Board [6d 6h 8d 2c 5c]
Seat 3: squik (big blind) showed [8c Qc] and won ($47.50) with two pair, Eights and Sixes
Seat 6: krytalex (button) (small blind) mucked


PokerStars Hand #167537357456:  Hold'em Limit ($3/$6 USD) - 2017/03/13 14:28:31 ET
Table 'Lanzia' 6-max Seat #4 is the button
Seat 3: squik ($104.96 in chips)
Seat 4: Great_Kang ($124 in chips)
Great_Kang: posts small blind $1
krytalex: is sitting out
squik: posts big blind $3
*** HOLE CARDS ***
Great_Kang: raises $3 to $6
squik: raises $3 to $9
Great_Kang: calls $3
*** FLOP *** [Ah 3h Jc]
squik: bets $3
Great_Kang: calls $3
*** TURN *** [Ah 3h Jc] [Ts]
squik: bets $6
krytalex leaves the table
Great_Kang: calls $6
*** RIVER *** [Ah 3h Jc Ts] [Qs]
squik: bets $6
SLK500 joins the table at seat #1
Great_Kang: folds
Uncalled bet ($6) returned to squik
squik collected $35.50 from pot
*** SUMMARY ***
Total pot $36 | Rake $0.50
Board [Ah 3h Jc Ts Qs]
Seat 3: squik (big blind) collected ($35.50)
Seat 4: Great_Kang (button) (small blind) folded on the River


PokerStars Hand #167537382348:  Hold'em Limit ($3/$6 USD) - 2017/03/13 14:29:01 ET
Table 'Lanzia' 6-max Seat #3 is the button
Seat 3: squik ($122.46 in chips)
Seat 4: Great_Kang ($120 in chips)
squik: posts small blind $1
Great_Kang: posts big blind $3
*** HOLE CARDS ***
squik: raises $3 to $6
Great_Kang: raises $3 to $9
squik: calls $3
*** FLOP *** [Th 6c 8h]
Great_Kang: bets $3
squik: calls $3
*** TURN *** [Th 6c 8h] [5s]
Great_Kang: checks
squik: bets $6
Great_Kang: calls $6
*** RIVER *** [Th 6c 8h 5s] [Jc]
Great_Kang: checks
squik: bets $6
Great_Kang: folds
Uncalled bet ($6) returned to squik
squik collected $35.50 from pot
*** SUMMARY ***
Total pot $36 | Rake $0.50
Board [Th 6c 8h 5s Jc]
Seat 3: squik (button) (small blind) collected ($35.50)
Seat 4: Great_Kang (big blind) folded on the River


PokerStars Hand #167542365179:  Hold'em Limit ($3/$6 USD) - 2017/03/13 16:05:52 ET
Table 'Lanzia' 6-max Seat #3 is the button
Seat 1: RaisemyNut$ ($192.49 in chips)
Seat 3: squik ($88.89 in chips)
squik: posts small blind $1
Antrax288: is sitting out
RaisemyNut$: posts big blind $3
*** HOLE CARDS ***
squik: raises $3 to $6
RaisemyNut$: calls $3
*** FLOP *** [Th Qd Ac]
RaisemyNut$: checks
Antrax288 leaves the table
squik: bets $3
RaisemyNut$: calls $3
*** TURN *** [Th Qd Ac] [3c]
RaisemyNut$: checks
squik: bets $6
RaisemyNut$: calls $6
*** RIVER *** [Th Qd Ac 3c] [Qh]
RaisemyNut$: checks
squik: bets $6
oldtimers XX joins the table at seat #4
RaisemyNut$: calls $6
*** SHOW DOWN ***
squik: shows [Ah Ad] (a full house, Aces full of Queens)
RaisemyNut$: mucks hand
squik collected $41.50 from pot
vestimokrec joins the table at seat #5
*** SUMMARY ***
Total pot $42 | Rake $0.50
Board [Th Qd Ac 3c Qh]
Seat 1: RaisemyNut$ (big blind) mucked
Seat 3: squik (button) (small blind) showed [Ah Ad] and won ($41.50) with a full house, Aces full of Queens


PokerStars Hand #167542393672:  Hold'em Limit ($3/$6 USD) - 2017/03/13 16:06:26 ET
Table 'Lanzia' 6-max Seat #1 is the button
Seat 1: RaisemyNut$ ($171.49 in chips)
Seat 3: squik ($109.39 in chips)
RaisemyNut$: posts small blind $1
squik: posts big blind $3
*** HOLE CARDS ***
RaisemyNut$: raises $3 to $6
squik: calls $3
*** FLOP *** [9h Qd 7h]
squik: checks
RaisemyNut$: bets $3
zxkz joins the table at seat #6
squik: folds
Uncalled bet ($3) returned to RaisemyNut$
RaisemyNut$ collected $11.76 from pot
RaisemyNut$: doesn't show hand
*** SUMMARY ***
Total pot $12 | Rake $0.24
Board [9h Qd 7h]
Seat 1: RaisemyNut$ (button) (small blind) collected ($11.76)
Seat 3: squik (big blind) folded on the Flop


PokerStars Hand #167542614668:  Hold'em Limit ($3/$6 USD) - 2017/03/13 16:10:30 ET
Table 'Lanzia' 6-max Seat #3 is the button
Seat 1: RaisemyNut$ ($133.25 in chips)
Seat 3: squik ($120.28 in chips)
squik: posts small blind $1
vestimokrec: is sitting out
zxkz: is sitting out
RaisemyNut$: posts big blind $3
*** HOLE CARDS ***
squik: folds
Uncalled bet ($2) returned to RaisemyNut$
RaisemyNut$ collected $2 from pot
RaisemyNut$: doesn't show hand
*** SUMMARY ***
Total pot $2 | Rake $0
Seat 1: RaisemyNut$ (big blind) collected ($2)
Seat 3: squik (button) (small blind) folded before Flop


PokerStars Hand #167542619776:  Hold'em Limit ($3/$6 USD) - 2017/03/13 16:10:36 ET
Table 'Lanzia' 6-max Seat #1 is the button
Seat 1: RaisemyNut$ ($134.25 in chips)
Seat 3: squik ($119.28 in chips)
RaisemyNut$: posts small blind $1
squik: posts big blind $3
*** HOLE CARDS ***
RaisemyNut$: raises $3 to $6
squik: raises $3 to $9
RaisemyNut$: calls $3
*** FLOP *** [4d Ts 7s]
zxkz leaves the table
squik: bets $3
RaisemyNut$: calls $3
*** TURN *** [4d Ts 7s] [Kd]
squik: bets $6
vestimokrec leaves the table
RaisemyNut$: calls $6
*** RIVER *** [4d Ts 7s Kd] [4s]
squik: checks
RaisemyNut$: checks
*** SHOW DOWN ***
squik: shows [As Jc] (a pair of Fours)
RaisemyNut$: shows [5s 5h] (two pair, Fives and Fours)
RaisemyNut$ collected $35.50 from pot
*** SUMMARY ***
Total pot $36 | Rake $0.50
Board [4d Ts 7s Kd 4s]
Seat 1: RaisemyNut$ (button) (small blind) showed [5s 5h] and won ($35.50) with two pair, Fives and Fours
Seat 3: squik (big blind) showed [As Jc] and lost with a pair of Fours


PokerStars Hand #167542696957:  Hold'em Limit ($3/$6 USD) - 2017/03/13 16:12:02 ET
Table 'Lanzia' 6-max Seat #1 is the button
Seat 1: RaisemyNut$ ($147.27 in chips)
Seat 3: squik ($104.78 in chips)
RaisemyNut$: posts small blind $1
squik: posts big blind $3
*** HOLE CARDS ***
RaisemyNut$: raises $3 to $6
squik: calls $3
*** FLOP *** [5s 3s Kd]
squik: checks
RaisemyNut$: bets $3
squik: raises $3 to $6
RaisemyNut$: calls $3
*** TURN *** [5s 3s Kd] [8c]
squik: bets $6
**Geka**555 joins the table at seat #2
RaisemyNut$: calls $6
*** RIVER *** [5s 3s Kd 8c] [2s]
squik: bets $6
RaisemyNut$: folds
Uncalled bet ($6) returned to squik
squik collected $35.50 from pot
*** SUMMARY ***
Total pot $36 | Rake $0.50
Board [5s 3s Kd 8c 2s]
Seat 1: RaisemyNut$ (button) (small blind) folded on the River
Seat 3: squik (big blind) collected ($35.50)


PokerStars Hand #167542679965:  Hold'em Limit ($3/$6 USD) - 2017/03/13 16:11:43 ET
Table 'Lanzia' 6-max Seat #3 is the button
Seat 1: RaisemyNut$ ($135.75 in chips)
Seat 3: squik ($116.78 in chips)
squik: posts small blind $1
RaisemyNut$: posts big blind $3
*** HOLE CARDS ***
squik: raises $3 to $6
RaisemyNut$: raises $3 to $9
squik: calls $3
*** FLOP *** [Kh 5d 8d]
RaisemyNut$: bets $3
squik: calls $3
*** TURN *** [Kh 5d 8d] [Jc]
RaisemyNut$: bets $6
squik: folds
Uncalled bet ($6) returned to RaisemyNut$
RaisemyNut$ collected $23.52 from pot
RaisemyNut$: doesn't show hand
*** SUMMARY ***
Total pot $24 | Rake $0.48
Board [Kh 5d 8d Jc]
Seat 1: RaisemyNut$ (big blind) collected ($23.52)
Seat 3: squik (button) (small blind) folded on the Turn


PokerStars Hand #167542675125:  Hold'em Limit ($3/$6 USD) - 2017/03/13 16:11:38 ET
Table 'Lanzia' 6-max Seat #1 is the button
Seat 1: RaisemyNut$ ($136.75 in chips)
Seat 3: squik ($115.78 in chips)
RaisemyNut$: posts small blind $1
even98 was removed from the table for failing to post
squik: posts big blind $3
*** HOLE CARDS ***
RaisemyNut$: folds
Uncalled bet ($2) returned to squik
squik collected $2 from pot
*** SUMMARY ***
Total pot $2 | Rake $0
Seat 1: RaisemyNut$ (button) (small blind) folded before Flop
Seat 3: squik (big blind) collected ($2)


PokerStars Hand #167542639836:  Hold'em Limit ($3/$6 USD) - 2017/03/13 16:10:58 ET
Table 'Lanzia' 6-max Seat #3 is the button
Seat 1: RaisemyNut$ ($151.75 in chips)
Seat 3: squik ($101.28 in chips)
squik: posts small blind $1
RaisemyNut$: posts big blind $3
*** HOLE CARDS ***
squik: raises $3 to $6
RaisemyNut$: calls $3
*** FLOP *** [9c 6c Ts]
RaisemyNut$: checks
squik: bets $3
RaisemyNut$: calls $3
*** TURN *** [9c 6c Ts] [Qs]
RaisemyNut$: checks
squik: bets $6
RaisemyNut$: calls $6
*** RIVER *** [9c 6c Ts Qs] [2c]
RaisemyNut$: checks
squik: bets $6
RaisemyNut$: folds
Uncalled bet ($6) returned to squik
squik collected $29.50 from pot
*** SUMMARY ***
Total pot $30 | Rake $0.50
Board [9c 6c Ts Qs 2c]
Seat 1: RaisemyNut$ (big blind) folded on the River
Seat 3: squik (button) (small blind) collected ($29.50)


