PokerStars Hand #153565182562:  Hold'em Limit ($3/$6 USD) - 2016/05/19 20:17:44 ET
Table 'Laocoon' 6-max Seat #1 is the button
Seat 1: basetang ($225 in chips)
Seat 3: AAforever187 ($171.35 in chips)
basetang: posts small blind $1
AAforever187: posts big blind $3
*** HOLE CARDS ***
basetang: raises $3 to $6
AAforever187: raises $3 to $9
basetang: calls $3
*** FLOP *** [Ac Qs 2d]
AAforever187: bets $3
basetang: folds
Uncalled bet ($3) returned to AAforever187
AAforever187 collected $17.64 from pot
AAforever187: doesn't show hand
*** SUMMARY ***
Total pot $18 | Rake $0.36
Board [Ac Qs 2d]
Seat 1: basetang (button) (small blind) folded on the Flop
Seat 3: AAforever187 (big blind) collected ($17.64)


PokerStars Hand #153565173044:  Hold'em Limit ($3/$6 USD) - 2016/05/19 20:17:26 ET
Table 'Laocoon' 6-max Seat #3 is the button
Seat 3: AAforever187 ($172.35 in chips)
Seat 6: AUpMySlev ($213.86 in chips)
basetang will be allowed to play after the button
franc para leaves the table
AAforever187: posts small blind $1
AUpMySlev: posts big blind $3
*** HOLE CARDS ***
AAforever187: folds
Uncalled bet ($2) returned to AUpMySlev
AUpMySlev collected $2 from pot
*** SUMMARY ***
Total pot $2 | Rake $0
Seat 3: AAforever187 (button) (small blind) folded before Flop
Seat 6: AUpMySlev (big blind) collected ($2)


PokerStars Hand #153565190590:  Hold'em Limit ($3/$6 USD) - 2016/05/19 20:18:00 ET
Table 'Laocoon' 6-max Seat #3 is the button
Seat 1: basetang ($216 in chips)
Seat 3: AAforever187 ($179.99 in chips)
AAforever187: posts small blind $1
basetang: posts big blind $3
*** HOLE CARDS ***
AAforever187: calls $2
basetang: raises $3 to $6
AAforever187: calls $3
*** FLOP *** [3s Jc 6h]
basetang: bets $3
AAforever187: calls $3
*** TURN *** [3s Jc 6h] [4h]
basetang: bets $6
AAforever187: raises $6 to $12
basetang: folds
Uncalled bet ($6) returned to AAforever187
AAforever187 collected $29.50 from pot
AAforever187: doesn't show hand
*** SUMMARY ***
Total pot $30 | Rake $0.50
Board [3s Jc 6h 4h]
Seat 1: basetang (big blind) folded on the Turn
Seat 3: AAforever187 (button) (small blind) collected ($29.50)


