PokerStars Hand #153913665162:  Hold'em Limit ($3/$6 USD) - 2016/05/27 11:48:51 ET
Table 'Laocoon II' 6-max Seat #6 is the button
Seat 3: Basicxx ($30.88 in chips)
Seat 6: Titanic001 ($120 in chips)
Titanic001: posts small blind $1
Basicxx: posts big blind $3
*** HOLE CARDS ***
Titanic001: raises $3 to $6
Basicxx: calls $3
*** FLOP *** [Ah 3d 3s]
Basicxx: checks
Titanic001: bets $3
Basicxx: calls $3
*** TURN *** [Ah 3d 3s] [Qh]
Basicxx: bets $6
Titanic001: folds
Uncalled bet ($6) returned to Basicxx
Basicxx collected $17.64 from pot
*** SUMMARY ***
Total pot $18 | Rake $0.36
Board [Ah 3d 3s Qh]
Seat 3: Basicxx (big blind) collected ($17.64)
Seat 6: Titanic001 (button) (small blind) folded on the Turn


PokerStars Hand #153913711363:  Hold'em Limit ($3/$6 USD) - 2016/05/27 11:50:02 ET
Table 'Laocoon II' 6-max Seat #6 is the button
Seat 3: Basicxx ($66.02 in chips)
Seat 6: Titanic001 ($84 in chips)
Titanic001: posts small blind $1
Basicxx: posts big blind $3
*** HOLE CARDS ***
aade1ante joins the table at seat #4
Titanic001: folds
Uncalled bet ($2) returned to Basicxx
Basicxx collected $2 from pot
*** SUMMARY ***
Total pot $2 | Rake $0
Seat 3: Basicxx (big blind) collected ($2)
Seat 6: Titanic001 (button) (small blind) folded before Flop


PokerStars Hand #153913683813:  Hold'em Limit ($3/$6 USD) - 2016/05/27 11:49:20 ET
Table 'Laocoon II' 6-max Seat #3 is the button
Seat 3: Basicxx ($39.52 in chips)
Seat 6: Titanic001 ($111 in chips)
Basicxx: posts small blind $1
Titanic001: posts big blind $3
*** HOLE CARDS ***
Basicxx: raises $3 to $6
Titanic001: calls $3
*** FLOP *** [3h 2c Jh]
Titanic001: checks
Basicxx: bets $3
Titanic001: raises $3 to $6
Basicxx: raises $3 to $9
Titanic001: calls $3
*** TURN *** [3h 2c Jh] [9d]
Titanic001: checks
Basicxx: bets $6
Titanic001: calls $6
*** RIVER *** [3h 2c Jh 9d] [Qd]
Titanic001: checks
Basicxx: bets $6
Titanic001: calls $6
*** SHOW DOWN ***
Basicxx: shows [Jd Ac] (a pair of Jacks)
Titanic001: mucks hand
Basicxx collected $53.50 from pot
*** SUMMARY ***
Total pot $54 | Rake $0.50
Board [3h 2c Jh 9d Qd]
Seat 3: Basicxx (button) (small blind) showed [Jd Ac] and won ($53.50) with a pair of Jacks
Seat 6: Titanic001 (big blind) mucked


PokerStars Hand #153913744880:  Hold'em Limit ($3/$6 USD) - 2016/05/27 11:50:54 ET
Table 'Laocoon II' 6-max Seat #3 is the button
Seat 3: Basicxx ($58.02 in chips)
Seat 6: Titanic001 ($91.76 in chips)
Basicxx: posts small blind $1
Titanic001: posts big blind $3
*** HOLE CARDS ***
Basicxx: raises $3 to $6
Titanic001: calls $3
*** FLOP *** [6s 7h 9c]
Titanic001: checks
Basicxx: checks
*** TURN *** [6s 7h 9c] [7d]
Titanic001: checks
Basicxx: checks
*** RIVER *** [6s 7h 9c 7d] [Td]
Titanic001: checks
Basicxx: bets $6
Titanic001: folds
Uncalled bet ($6) returned to Basicxx
Basicxx collected $11.76 from pot
*** SUMMARY ***
Total pot $12 | Rake $0.24
Board [6s 7h 9c 7d Td]
Seat 3: Basicxx (button) (small blind) collected ($11.76)
Seat 6: Titanic001 (big blind) folded on the River


PokerStars Hand #153913737713:  Hold'em Limit ($3/$6 USD) - 2016/05/27 11:50:43 ET
Table 'Laocoon II' 6-max Seat #6 is the button
Seat 3: Basicxx ($61.02 in chips)
Seat 6: Titanic001 ($88.76 in chips)
Titanic001: posts small blind $1
Basicxx: posts big blind $3
*** HOLE CARDS ***
Titanic001: raises $3 to $6
Basicxx: folds
Uncalled bet ($3) returned to Titanic001
Titanic001 collected $6 from pot
*** SUMMARY ***
Total pot $6 | Rake $0
Seat 3: Basicxx (big blind) folded before Flop
Seat 6: Titanic001 (button) (small blind) collected ($6)


PokerStars Hand #153913732739:  Hold'em Limit ($3/$6 USD) - 2016/05/27 11:50:36 ET
Table 'Laocoon II' 6-max Seat #3 is the button
Seat 3: Basicxx ($62.02 in chips)
Seat 6: Titanic001 ($87.76 in chips)
Basicxx: posts small blind $1
Titanic001: posts big blind $3
*** HOLE CARDS ***
Basicxx: folds
Uncalled bet ($2) returned to Titanic001
Titanic001 collected $2 from pot
*** SUMMARY ***
Total pot $2 | Rake $0
Seat 3: Basicxx (button) (small blind) folded before Flop
Seat 6: Titanic001 (big blind) collected ($2)


PokerStars Hand #153913728531:  Hold'em Limit ($3/$6 USD) - 2016/05/27 11:50:29 ET
Table 'Laocoon II' 6-max Seat #6 is the button
Seat 3: Basicxx ($61.02 in chips)
Seat 6: Titanic001 ($88.76 in chips)
Titanic001: posts small blind $1
Basicxx: posts big blind $3
*** HOLE CARDS ***
Titanic001: folds
Uncalled bet ($2) returned to Basicxx
Basicxx collected $2 from pot
*** SUMMARY ***
Total pot $2 | Rake $0
Seat 3: Basicxx (big blind) collected ($2)
Seat 6: Titanic001 (button) (small blind) folded before Flop


PokerStars Hand #153913715046:  Hold'em Limit ($3/$6 USD) - 2016/05/27 11:50:08 ET
Table 'Laocoon II' 6-max Seat #3 is the button
Seat 3: Basicxx ($67.02 in chips)
Seat 6: Titanic001 ($83 in chips)
Basicxx: posts small blind $1
Titanic001: posts big blind $3
*** HOLE CARDS ***
Basicxx: calls $2
Titanic001: raises $3 to $6
Basicxx: calls $3
*** FLOP *** [8c 4h 3c]
Titanic001: bets $3
Basicxx: folds
Uncalled bet ($3) returned to Titanic001
Titanic001 collected $11.76 from pot
*** SUMMARY ***
Total pot $12 | Rake $0.24
Board [8c 4h 3c]
Seat 3: Basicxx (button) (small blind) folded on the Flop
Seat 6: Titanic001 (big blind) collected ($11.76)


PokerStars Hand #153913795279:  Hold'em Limit ($3/$6 USD) - 2016/05/27 11:52:12 ET
Table 'Laocoon II' 6-max Seat #6 is the button
Seat 3: Basicxx ($55.78 in chips)
Seat 6: Titanic001 ($93.64 in chips)
Titanic001: posts small blind $1
Basicxx: posts big blind $3
*** HOLE CARDS ***
Titanic001: folds
Uncalled bet ($2) returned to Basicxx
Basicxx collected $2 from pot
*** SUMMARY ***
Total pot $2 | Rake $0
Seat 3: Basicxx (big blind) collected ($2)
Seat 6: Titanic001 (button) (small blind) folded before Flop


PokerStars Hand #153913791111:  Hold'em Limit ($3/$6 USD) - 2016/05/27 11:52:05 ET
Table 'Laocoon II' 6-max Seat #3 is the button
Seat 3: Basicxx ($56.78 in chips)
Seat 6: Titanic001 ($92.64 in chips)
Basicxx: posts small blind $1
Titanic001: posts big blind $3
*** HOLE CARDS ***
Basicxx: folds
Uncalled bet ($2) returned to Titanic001
Titanic001 collected $2 from pot
*** SUMMARY ***
Total pot $2 | Rake $0
Seat 3: Basicxx (button) (small blind) folded before Flop
Seat 6: Titanic001 (big blind) collected ($2)


PokerStars Hand #153913780791:  Hold'em Limit ($3/$6 USD) - 2016/05/27 11:51:50 ET
Table 'Laocoon II' 6-max Seat #6 is the button
Seat 3: Basicxx ($59.78 in chips)
Seat 6: Titanic001 ($89.76 in chips)
Titanic001: posts small blind $1
Basicxx: posts big blind $3
*** HOLE CARDS ***
Titanic001: calls $2
Basicxx: checks
*** FLOP *** [2h Qd Qs]
Basicxx: checks
Titanic001: bets $3
Basicxx: folds
Uncalled bet ($3) returned to Titanic001
Titanic001 collected $5.88 from pot
*** SUMMARY ***
Total pot $6 | Rake $0.12
Board [2h Qd Qs]
Seat 3: Basicxx (big blind) folded on the Flop
Seat 6: Titanic001 (button) (small blind) collected ($5.88)


PokerStars Hand #153913775012:  Hold'em Limit ($3/$6 USD) - 2016/05/27 11:51:41 ET
Table 'Laocoon II' 6-max Seat #3 is the button
Seat 3: Basicxx ($60.78 in chips)
Seat 6: Titanic001 ($88.76 in chips)
Basicxx: posts small blind $1
Titanic001: posts big blind $3
*** HOLE CARDS ***
Basicxx: folds
Uncalled bet ($2) returned to Titanic001
Titanic001 collected $2 from pot
*** SUMMARY ***
Total pot $2 | Rake $0
Seat 3: Basicxx (button) (small blind) folded before Flop
Seat 6: Titanic001 (big blind) collected ($2)


PokerStars Hand #153913771089:  Hold'em Limit ($3/$6 USD) - 2016/05/27 11:51:35 ET
Table 'Laocoon II' 6-max Seat #6 is the button
Seat 3: Basicxx ($59.78 in chips)
Seat 6: Titanic001 ($89.76 in chips)
Titanic001: posts small blind $1
Basicxx: posts big blind $3
*** HOLE CARDS ***
Titanic001: folds
Uncalled bet ($2) returned to Basicxx
Basicxx collected $2 from pot
*** SUMMARY ***
Total pot $2 | Rake $0
Seat 3: Basicxx (big blind) collected ($2)
Seat 6: Titanic001 (button) (small blind) folded before Flop


PokerStars Hand #153913766285:  Hold'em Limit ($3/$6 USD) - 2016/05/27 11:51:27 ET
Table 'Laocoon II' 6-max Seat #3 is the button
Seat 3: Basicxx ($60.78 in chips)
Seat 6: Titanic001 ($88.76 in chips)
Basicxx: posts small blind $1
Titanic001: posts big blind $3
*** HOLE CARDS ***
Basicxx: folds
Uncalled bet ($2) returned to Titanic001
Titanic001 collected $2 from pot
*** SUMMARY ***
Total pot $2 | Rake $0
Seat 3: Basicxx (button) (small blind) folded before Flop
Seat 6: Titanic001 (big blind) collected ($2)


PokerStars Hand #153913760583:  Hold'em Limit ($3/$6 USD) - 2016/05/27 11:51:19 ET
Table 'Laocoon II' 6-max Seat #6 is the button
Seat 3: Basicxx ($63.78 in chips)
Seat 6: Titanic001 ($85.76 in chips)
Titanic001: posts small blind $1
Basicxx: posts big blind $3
*** HOLE CARDS ***
Titanic001: raises $3 to $6
Basicxx: folds
Uncalled bet ($3) returned to Titanic001
Titanic001 collected $6 from pot
*** SUMMARY ***
Total pot $6 | Rake $0
Seat 3: Basicxx (big blind) folded before Flop
Seat 6: Titanic001 (button) (small blind) collected ($6)


PokerStars Hand #153913827678:  Hold'em Limit ($3/$6 USD) - 2016/05/27 11:53:02 ET
Table 'Laocoon II' 6-max Seat #3 is the button
Seat 3: Basicxx ($30.78 in chips)
Seat 6: Titanic001 ($118.14 in chips)
Basicxx: posts small blind $1
Titanic001: posts big blind $3
*** HOLE CARDS ***
Basicxx: folds
Uncalled bet ($2) returned to Titanic001
Titanic001 collected $2 from pot
*** SUMMARY ***
Total pot $2 | Rake $0
Seat 3: Basicxx (button) (small blind) folded before Flop
Seat 6: Titanic001 (big blind) collected ($2)


PokerStars Hand #153913823837:  Hold'em Limit ($3/$6 USD) - 2016/05/27 11:52:56 ET
Table 'Laocoon II' 6-max Seat #6 is the button
Seat 3: Basicxx ($29.78 in chips)
Seat 6: Titanic001 ($119.14 in chips)
Titanic001: posts small blind $1
Basicxx: posts big blind $3
*** HOLE CARDS ***
Titanic001: folds
Uncalled bet ($2) returned to Basicxx
Basicxx collected $2 from pot
*** SUMMARY ***
Total pot $2 | Rake $0
Seat 3: Basicxx (big blind) collected ($2)
Seat 6: Titanic001 (button) (small blind) folded before Flop


PokerStars Hand #153913798629:  Hold'em Limit ($3/$6 USD) - 2016/05/27 11:52:17 ET
Table 'Laocoon II' 6-max Seat #3 is the button
Seat 3: Basicxx ($56.78 in chips)
Seat 6: Titanic001 ($92.64 in chips)
Basicxx: posts small blind $1
Titanic001: posts big blind $3
*** HOLE CARDS ***
Basicxx: raises $3 to $6
Titanic001: calls $3
*** FLOP *** [4h 9h 6s]
Titanic001: checks
Basicxx: bets $3
Titanic001: calls $3
*** TURN *** [4h 9h 6s] [3s]
Titanic001: checks
Basicxx: bets $6
Titanic001: raises $6 to $12
Basicxx: calls $6
*** RIVER *** [4h 9h 6s 3s] [2c]
Titanic001: bets $6
Basicxx: calls $6
*** SHOW DOWN ***
Titanic001: shows [5s 9s] (a straight, Deuce to Six)
Basicxx: mucks hand
Titanic001 collected $53.50 from pot
*** SUMMARY ***
Total pot $54 | Rake $0.50
Board [4h 9h 6s 3s 2c]
Seat 3: Basicxx (button) (small blind) mucked
Seat 6: Titanic001 (big blind) showed [5s 9s] and won ($53.50) with a straight, Deuce to Six


PokerStars Hand #153913863474:  Hold'em Limit ($3/$6 USD) - 2016/05/27 11:53:57 ET
Table 'Laocoon II' 6-max Seat #3 is the button
Seat 3: Basicxx ($40.28 in chips)
Seat 6: Titanic001 ($108.14 in chips)
Basicxx: posts small blind $1
Titanic001: posts big blind $3
*** HOLE CARDS ***
Basicxx: raises $3 to $6
Titanic001: folds
Uncalled bet ($3) returned to Basicxx
Basicxx collected $6 from pot
*** SUMMARY ***
Total pot $6 | Rake $0
Seat 3: Basicxx (button) (small blind) collected ($6)
Seat 6: Titanic001 (big blind) folded before Flop


PokerStars Hand #153913856475:  Hold'em Limit ($3/$6 USD) - 2016/05/27 11:53:46 ET
Table 'Laocoon II' 6-max Seat #6 is the button
Seat 3: Basicxx ($43.28 in chips)
Seat 6: Titanic001 ($105.14 in chips)
Titanic001: posts small blind $1
Basicxx: posts big blind $3
*** HOLE CARDS ***
Titanic001: raises $3 to $6
Basicxx: folds
Uncalled bet ($3) returned to Titanic001
Titanic001 collected $6 from pot
*** SUMMARY ***
Total pot $6 | Rake $0
Seat 3: Basicxx (big blind) folded before Flop
Seat 6: Titanic001 (button) (small blind) collected ($6)


PokerStars Hand #153913851445:  Hold'em Limit ($3/$6 USD) - 2016/05/27 11:53:38 ET
Table 'Laocoon II' 6-max Seat #3 is the button
Seat 3: Basicxx ($44.28 in chips)
Seat 6: Titanic001 ($104.14 in chips)
Basicxx: posts small blind $1
Titanic001: posts big blind $3
*** HOLE CARDS ***
Basicxx: folds
Uncalled bet ($2) returned to Titanic001
Titanic001 collected $2 from pot
*** SUMMARY ***
Total pot $2 | Rake $0
Seat 3: Basicxx (button) (small blind) folded before Flop
Seat 6: Titanic001 (big blind) collected ($2)


PokerStars Hand #153913832615:  Hold'em Limit ($3/$6 USD) - 2016/05/27 11:53:09 ET
Table 'Laocoon II' 6-max Seat #6 is the button
Seat 3: Basicxx ($29.78 in chips)
Seat 6: Titanic001 ($119.14 in chips)
Titanic001: posts small blind $1
Basicxx: posts big blind $3
*** HOLE CARDS ***
Titanic001: raises $3 to $6
Basicxx: calls $3
*** FLOP *** [5s Th 2s]
Basicxx: checks
Titanic001: bets $3
Basicxx: calls $3
*** TURN *** [5s Th 2s] [2h]
Basicxx: checks
Titanic001: checks
*** RIVER *** [5s Th 2s 2h] [8d]
Basicxx: bets $6
Titanic001: calls $6
*** SHOW DOWN ***
Basicxx: shows [Td Qh] (two pair, Tens and Deuces)
Titanic001: mucks hand
Basicxx collected $29.50 from pot
*** SUMMARY ***
Total pot $30 | Rake $0.50
Board [5s Th 2s 2h 8d]
Seat 3: Basicxx (big blind) showed [Td Qh] and won ($29.50) with two pair, Tens and Deuces
Seat 6: Titanic001 (button) (small blind) mucked


PokerStars Hand #153913900866:  Hold'em Limit ($3/$6 USD) - 2016/05/27 11:54:55 ET
Table 'Laocoon II' 6-max Seat #6 is the button
Seat 3: Basicxx ($34.28 in chips)
Seat 6: Titanic001 ($113.78 in chips)
Titanic001: posts small blind $1
Basicxx: posts big blind $3
*** HOLE CARDS ***
Titanic001: calls $2
Basicxx: raises $3 to $6
Titanic001: calls $3
*** FLOP *** [6c 9s 5h]
Basicxx: bets $3
Titanic001: folds
Uncalled bet ($3) returned to Basicxx
Basicxx collected $11.76 from pot
*** SUMMARY ***
Total pot $12 | Rake $0.24
Board [6c 9s 5h]
Seat 3: Basicxx (big blind) collected ($11.76)
Seat 6: Titanic001 (button) (small blind) folded on the Flop


PokerStars Hand #153913883397:  Hold'em Limit ($3/$6 USD) - 2016/05/27 11:54:28 ET
Table 'Laocoon II' 6-max Seat #3 is the button
Seat 3: Basicxx ($37.28 in chips)
Seat 6: Titanic001 ($110.90 in chips)
aade1ante leaves the table
Basicxx: posts small blind $1
Titanic001: posts big blind $3
*** HOLE CARDS ***
Basicxx: calls $2
Titanic001: checks
*** FLOP *** [5h 7c 4c]
Titanic001: bets $3
Basicxx: folds
Uncalled bet ($3) returned to Titanic001
Titanic001 collected $5.88 from pot
*** SUMMARY ***
Total pot $6 | Rake $0.12
Board [5h 7c 4c]
Seat 3: Basicxx (button) (small blind) folded on the Flop
Seat 6: Titanic001 (big blind) collected ($5.88)


PokerStars Hand #153913869728:  Hold'em Limit ($3/$6 USD) - 2016/05/27 11:54:07 ET
Table 'Laocoon II' 6-max Seat #6 is the button
Seat 3: Basicxx ($43.28 in chips)
Seat 6: Titanic001 ($105.14 in chips)
Titanic001: posts small blind $1
Basicxx: posts big blind $3
*** HOLE CARDS ***
Titanic001: raises $3 to $6
Basicxx: calls $3
*** FLOP *** [8c 2h Kh]
Basicxx: checks
Titanic001: bets $3
Basicxx: folds
Uncalled bet ($3) returned to Titanic001
Titanic001 collected $11.76 from pot
*** SUMMARY ***
Total pot $12 | Rake $0.24
Board [8c 2h Kh]
Seat 3: Basicxx (big blind) folded on the Flop
Seat 6: Titanic001 (button) (small blind) collected ($11.76)


PokerStars Hand #153913937973:  Hold'em Limit ($3/$6 USD) - 2016/05/27 11:56:00 ET
Table 'Laocoon II' 6-max Seat #3 is the button
Seat 3: Basicxx ($57.32 in chips)
Seat 6: Titanic001 ($89.78 in chips)
Basicxx: posts small blind $1
Titanic001: posts big blind $3
*** HOLE CARDS ***
Basicxx: folds
Uncalled bet ($2) returned to Titanic001
Titanic001 collected $2 from pot
*** SUMMARY ***
Total pot $2 | Rake $0
Seat 3: Basicxx (button) (small blind) folded before Flop
Seat 6: Titanic001 (big blind) collected ($2)


PokerStars Hand #153913912709:  Hold'em Limit ($3/$6 USD) - 2016/05/27 11:55:14 ET
Table 'Laocoon II' 6-max Seat #3 is the button
Seat 3: Basicxx ($40.04 in chips)
Seat 6: Titanic001 ($107.78 in chips)
Basicxx: posts small blind $1
Titanic001: posts big blind $3
*** HOLE CARDS ***
Basicxx: raises $3 to $6
Titanic001: calls $3
*** FLOP *** [5s 2c Ts]
Titanic001: checks
Basicxx: bets $3
Titanic001: calls $3
*** TURN *** [5s 2c Ts] [Ad]
Titanic001: checks
Basicxx: bets $6
Titanic001: folds
Uncalled bet ($6) returned to Basicxx
Basicxx collected $17.64 from pot
*** SUMMARY ***
Total pot $18 | Rake $0.36
Board [5s 2c Ts Ad]
Seat 3: Basicxx (button) (small blind) collected ($17.64)
Seat 6: Titanic001 (big blind) folded on the Turn


PokerStars Hand #153913967270:  Hold'em Limit ($3/$6 USD) - 2016/05/27 11:56:54 ET
Table 'Laocoon II' 6-max Seat #3 is the button
Seat 3: Basicxx ($46.32 in chips)
Seat 6: Titanic001 ($100.54 in chips)
Basicxx: posts small blind $1
Titanic001: posts big blind $3
*** HOLE CARDS ***
Basicxx: raises $3 to $6
Titanic001: calls $3
*** FLOP *** [5c Ks 8c]
Titanic001: checks
Basicxx: bets $3
Titanic001: calls $3
*** TURN *** [5c Ks 8c] [Qc]
Titanic001: checks
Basicxx: bets $6
Titanic001: calls $6
*** RIVER *** [5c Ks 8c Qc] [4c]
Titanic001: checks
Basicxx: bets $6
Titanic001: folds
Uncalled bet ($6) returned to Basicxx
Basicxx collected $29.50 from pot
*** SUMMARY ***
Total pot $30 | Rake $0.50
Board [5c Ks 8c Qc 4c]
Seat 3: Basicxx (button) (small blind) collected ($29.50)
Seat 6: Titanic001 (big blind) folded on the River


PokerStars Hand #153913961208:  Hold'em Limit ($3/$6 USD) - 2016/05/27 11:56:43 ET
Table 'Laocoon II' 6-max Seat #6 is the button
Seat 3: Basicxx ($49.32 in chips)
Seat 6: Titanic001 ($97.54 in chips)
Titanic001: posts small blind $1
Basicxx: posts big blind $3
*** HOLE CARDS ***
Titanic001: raises $3 to $6
Basicxx: folds
Uncalled bet ($3) returned to Titanic001
Titanic001 collected $6 from pot
*** SUMMARY ***
Total pot $6 | Rake $0
Seat 3: Basicxx (big blind) folded before Flop
Seat 6: Titanic001 (button) (small blind) collected ($6)


PokerStars Hand #153913955948:  Hold'em Limit ($3/$6 USD) - 2016/05/27 11:56:33 ET
Table 'Laocoon II' 6-max Seat #3 is the button
Seat 3: Basicxx ($50.32 in chips)
Seat 6: Titanic001 ($96.54 in chips)
Basicxx: posts small blind $1
Titanic001: posts big blind $3
*** HOLE CARDS ***
Basicxx: folds
Uncalled bet ($2) returned to Titanic001
Titanic001 collected $2 from pot
*** SUMMARY ***
Total pot $2 | Rake $0
Seat 3: Basicxx (button) (small blind) folded before Flop
Seat 6: Titanic001 (big blind) collected ($2)


PokerStars Hand #153913942327:  Hold'em Limit ($3/$6 USD) - 2016/05/27 11:56:08 ET
Table 'Laocoon II' 6-max Seat #6 is the button
Seat 3: Basicxx ($56.32 in chips)
Seat 6: Titanic001 ($90.78 in chips)
Titanic001: posts small blind $1
Basicxx: posts big blind $3
*** HOLE CARDS ***
Titanic001: raises $3 to $6
Basicxx: calls $3
*** FLOP *** [8d 6s 7s]
Basicxx: checks
Titanic001: checks
*** TURN *** [8d 6s 7s] [Jd]
Basicxx: checks
Titanic001: checks
*** RIVER *** [8d 6s 7s Jd] [6c]
Basicxx: checks
Titanic001: checks
*** SHOW DOWN ***
Basicxx: shows [4s Ts] (a pair of Sixes)
Titanic001: shows [3d Ac] (a pair of Sixes - Ace kicker)
Titanic001 collected $11.76 from pot
*** SUMMARY ***
Total pot $12 | Rake $0.24
Board [8d 6s 7s Jd 6c]
Seat 3: Basicxx (big blind) showed [4s Ts] and lost with a pair of Sixes
Seat 6: Titanic001 (button) (small blind) showed [3d Ac] and won ($11.76) with a pair of Sixes


PokerStars Hand #153913980002:  Hold'em Limit ($3/$6 USD) - 2016/05/27 11:57:17 ET
Table 'Laocoon II' 6-max Seat #6 is the button
Seat 3: Basicxx ($60.82 in chips)
Seat 6: Titanic001 ($85.54 in chips)
Titanic001: posts small blind $1
Basicxx: posts big blind $3
*** HOLE CARDS ***
Titanic001: folds
Uncalled bet ($2) returned to Basicxx
Basicxx collected $2 from pot
beng_51 joins the table at seat #4
*** SUMMARY ***
Total pot $2 | Rake $0
Seat 3: Basicxx (big blind) collected ($2)
Seat 6: Titanic001 (button) (small blind) folded before Flop


PokerStars Hand #153914607425:  Hold'em Limit ($3/$6 USD) - 2016/05/27 12:13:59 ET
Table 'Laocoon II' 6-max Seat #3 is the button
Seat 3: Basicxx ($69.23 in chips)
Seat 4: beng_51 ($266.36 in chips)
Basicxx: posts small blind $1
beng_51: posts big blind $3
*** HOLE CARDS ***
Basicxx: folds
Uncalled bet ($2) returned to beng_51
beng_51 collected $2 from pot
*** SUMMARY ***
Total pot $2 | Rake $0
Seat 3: Basicxx (button) (small blind) folded before Flop
Seat 4: beng_51 (big blind) collected ($2)


PokerStars Hand #153914596469:  Hold'em Limit ($3/$6 USD) - 2016/05/27 12:13:43 ET
Table 'Laocoon II' 6-max Seat #4 is the button
Seat 3: Basicxx ($75.23 in chips)
Seat 4: beng_51 ($260.60 in chips)
beng_51: posts small blind $1
Basicxx: posts big blind $3
*** HOLE CARDS ***
beng_51: raises $3 to $6
Basicxx: calls $3
*** FLOP *** [Qh 2h Qc]
Basicxx: checks
beng_51: bets $3
Basicxx: folds
Uncalled bet ($3) returned to beng_51
beng_51 collected $11.76 from pot
*** SUMMARY ***
Total pot $12 | Rake $0.24
Board [Qh 2h Qc]
Seat 3: Basicxx (big blind) folded on the Flop
Seat 4: beng_51 (button) (small blind) collected ($11.76)


PokerStars Hand #153914584709:  Hold'em Limit ($3/$6 USD) - 2016/05/27 12:13:25 ET
Table 'Laocoon II' 6-max Seat #3 is the button
Seat 3: Basicxx ($81.23 in chips)
Seat 4: beng_51 ($254.84 in chips)
Basicxx: posts small blind $1
beng_51: posts big blind $3
*** HOLE CARDS ***
Basicxx: calls $2
beng_51: raises $3 to $6
Basicxx: calls $3
*** FLOP *** [Ah Kd Qc]
beng_51: bets $3
Basicxx: folds
Uncalled bet ($3) returned to beng_51
beng_51 collected $11.76 from pot
*** SUMMARY ***
Total pot $12 | Rake $0.24
Board [Ah Kd Qc]
Seat 3: Basicxx (button) (small blind) folded on the Flop
Seat 4: beng_51 (big blind) collected ($11.76)


PokerStars Hand #153914579679:  Hold'em Limit ($3/$6 USD) - 2016/05/27 12:13:17 ET
Table 'Laocoon II' 6-max Seat #4 is the button
Seat 3: Basicxx ($80.23 in chips)
Seat 4: beng_51 ($255.84 in chips)
beng_51: posts small blind $1
Basicxx: posts big blind $3
*** HOLE CARDS ***
beng_51: folds
Uncalled bet ($2) returned to Basicxx
Basicxx collected $2 from pot
*** SUMMARY ***
Total pot $2 | Rake $0
Seat 3: Basicxx (big blind) collected ($2)
Seat 4: beng_51 (button) (small blind) folded before Flop


PokerStars Hand #153914560504:  Hold'em Limit ($3/$6 USD) - 2016/05/27 12:12:48 ET
Table 'Laocoon II' 6-max Seat #3 is the button
Seat 3: Basicxx ($101.23 in chips)
Seat 4: beng_51 ($235.34 in chips)
Basicxx: posts small blind $1
beng_51: posts big blind $3
*** HOLE CARDS ***
Basicxx: raises $3 to $6
sawel888 leaves the table
beng_51: raises $3 to $9
Basicxx: calls $3
*** FLOP *** [8h Jd Qc]
beng_51: checks
Basicxx: checks
*** TURN *** [8h Jd Qc] [Jc]
beng_51: bets $6
Basicxx: calls $6
*** RIVER *** [8h Jd Qc Jc] [6h]
beng_51: bets $6
Basicxx: calls $6
*** SHOW DOWN ***
beng_51: shows [6s 6d] (a full house, Sixes full of Jacks)
Basicxx: mucks hand
beng_51 collected $41.50 from pot
*** SUMMARY ***
Total pot $42 | Rake $0.50
Board [8h Jd Qc Jc 6h]
Seat 3: Basicxx (button) (small blind) mucked
Seat 4: beng_51 (big blind) showed [6s 6d] and won ($41.50) with a full house, Sixes full of Jacks


PokerStars Hand #153914635860:  Hold'em Limit ($3/$6 USD) - 2016/05/27 12:14:42 ET
Table 'Laocoon II' 6-max Seat #3 is the button
Seat 3: Basicxx ($44.23 in chips)
Seat 4: beng_51 ($290.86 in chips)
Basicxx: posts small blind $1
beng_51: posts big blind $3
*** HOLE CARDS ***
Basicxx: folds
Uncalled bet ($2) returned to beng_51
beng_51 collected $2 from pot
*** SUMMARY ***
Total pot $2 | Rake $0
Seat 3: Basicxx (button) (small blind) folded before Flop
Seat 4: beng_51 (big blind) collected ($2)


PokerStars Hand #153914611295:  Hold'em Limit ($3/$6 USD) - 2016/05/27 12:14:05 ET
Table 'Laocoon II' 6-max Seat #4 is the button
Seat 3: Basicxx ($68.23 in chips)
Seat 4: beng_51 ($267.36 in chips)
beng_51: posts small blind $1
Basicxx: posts big blind $3
*** HOLE CARDS ***
beng_51: raises $3 to $6
Basicxx: raises $3 to $9
beng_51: calls $3
*** FLOP *** [4h 5s Qs]
Basicxx: bets $3
beng_51: calls $3
*** TURN *** [4h 5s Qs] [Ac]
Basicxx: bets $6
beng_51: calls $6
*** RIVER *** [4h 5s Qs Ac] [Kc]
Basicxx: bets $6
beng_51: calls $6
*** SHOW DOWN ***
Basicxx: shows [6d 7h] (high card Ace)
beng_51: shows [8h 5h] (a pair of Fives)
beng_51 collected $47.50 from pot
*** SUMMARY ***
Total pot $48 | Rake $0.50
Board [4h 5s Qs Ac Kc]
Seat 3: Basicxx (big blind) showed [6d 7h] and lost with high card Ace
Seat 4: beng_51 (button) (small blind) showed [8h 5h] and won ($47.50) with a pair of Fives


PokerStars Hand #153914669206:  Hold'em Limit ($3/$6 USD) - 2016/05/27 12:15:33 ET
Table 'Laocoon II' 6-max Seat #3 is the button
Seat 3: Basicxx ($28.23 in chips)
Seat 4: beng_51 ($306.36 in chips)
Basicxx: posts small blind $1
beng_51: posts big blind $3
*** HOLE CARDS ***
Basicxx: raises $3 to $6
beng_51: calls $3
*** FLOP *** [Kh Ah 6s]
beng_51: checks
Basicxx: bets $3
beng_51: folds
Uncalled bet ($3) returned to Basicxx
Basicxx collected $11.76 from pot
*** SUMMARY ***
Total pot $12 | Rake $0.24
Board [Kh Ah 6s]
Seat 3: Basicxx (button) (small blind) collected ($11.76)
Seat 4: beng_51 (big blind) folded on the Flop


PokerStars Hand #153914639556:  Hold'em Limit ($3/$6 USD) - 2016/05/27 12:14:48 ET
Table 'Laocoon II' 6-max Seat #4 is the button
Seat 3: Basicxx ($43.23 in chips)
Seat 4: beng_51 ($291.86 in chips)
beng_51: posts small blind $1
Basicxx: posts big blind $3
*** HOLE CARDS ***
beng_51: raises $3 to $6
Basicxx: calls $3
*** FLOP *** [Jh As 8d]
Basicxx: checks
beng_51: bets $3
Basicxx: calls $3
*** TURN *** [Jh As 8d] [4c]
Basicxx: checks
beng_51: bets $6
Basicxx: calls $6
*** RIVER *** [Jh As 8d 4c] [4h]
Basicxx: checks
beng_51: bets $6
Basicxx: folds
Uncalled bet ($6) returned to beng_51
beng_51 collected $29.50 from pot
*** SUMMARY ***
Total pot $30 | Rake $0.50
Board [Jh As 8d 4c 4h]
Seat 3: Basicxx (big blind) folded on the River
Seat 4: beng_51 (button) (small blind) collected ($29.50)


PokerStars Hand #153914710296:  Hold'em Limit ($3/$6 USD) - 2016/05/27 12:16:34 ET
Table 'Laocoon II' 6-max Seat #3 is the button
Seat 3: Basicxx ($54.49 in chips)
Seat 4: beng_51 ($279.36 in chips)
Basicxx: posts small blind $1
beng_51: posts big blind $3
*** HOLE CARDS ***
Basicxx: raises $3 to $6
beng_51: calls $3
*** FLOP *** [Kh Qh As]
beng_51: bets $3
Basicxx: calls $3
*** TURN *** [Kh Qh As] [Ts]
beng_51: bets $6
Basicxx: calls $6
*** RIVER *** [Kh Qh As Ts] [9h]
beng_51: bets $6
Basicxx: calls $6
*** SHOW DOWN ***
beng_51: shows [7c Jc] (a straight, Ten to Ace)
Basicxx: mucks hand
beng_51 collected $41.50 from pot
*** SUMMARY ***
Total pot $42 | Rake $0.50
Board [Kh Qh As Ts 9h]
Seat 3: Basicxx (button) (small blind) mucked
Seat 4: beng_51 (big blind) showed [7c Jc] and won ($41.50) with a straight, Ten to Ace


PokerStars Hand #153914685565:  Hold'em Limit ($3/$6 USD) - 2016/05/27 12:15:57 ET
Table 'Laocoon II' 6-max Seat #4 is the button
Seat 3: Basicxx ($33.99 in chips)
Seat 4: beng_51 ($300.36 in chips)
beng_51: posts small blind $1
Basicxx: posts big blind $3
*** HOLE CARDS ***
beng_51: raises $3 to $6
Basicxx: calls $3
*** FLOP *** [6h 9d 4d]
Basicxx: bets $3
beng_51: calls $3
*** TURN *** [6h 9d 4d] [5d]
Basicxx: bets $6
beng_51: calls $6
*** RIVER *** [6h 9d 4d 5d] [9h]
Basicxx: bets $6
beng_51: calls $6
*** SHOW DOWN ***
Basicxx: shows [7s 8c] (a straight, Five to Nine)
beng_51: mucks hand
Basicxx collected $41.50 from pot
*** SUMMARY ***
Total pot $42 | Rake $0.50
Board [6h 9d 4d 5d 9h]
Seat 3: Basicxx (big blind) showed [7s 8c] and won ($41.50) with a straight, Five to Nine
Seat 4: beng_51 (button) (small blind) mucked


PokerStars Hand #153914732978:  Hold'em Limit ($3/$6 USD) - 2016/05/27 12:17:09 ET
Table 'Laocoon II' 6-max Seat #4 is the button
Seat 3: Basicxx ($33.49 in chips)
Seat 4: beng_51 ($299.86 in chips)
beng_51: posts small blind $1
Basicxx: posts big blind $3
*** HOLE CARDS ***
beng_51: raises $3 to $6
Basicxx: folds
Uncalled bet ($3) returned to beng_51
beng_51 collected $6 from pot
*** SUMMARY ***
Total pot $6 | Rake $0
Seat 3: Basicxx (big blind) folded before Flop
Seat 4: beng_51 (button) (small blind) collected ($6)


PokerStars Hand #153914765601:  Hold'em Limit ($3/$6 USD) - 2016/05/27 12:17:58 ET
Table 'Laocoon II' 6-max Seat #2 is the button
Seat 2: ChicagoBull4 ($48 in chips)
Seat 4: beng_51 ($309.62 in chips)
ChicagoBull4: posts small blind $1
beng_51: posts big blind $3
*** HOLE CARDS ***
ChicagoBull4: raises $3 to $6
beng_51: folds
Uncalled bet ($3) returned to ChicagoBull4
ChicagoBull4 collected $6 from pot
ChicagoBull4: doesn't show hand
*** SUMMARY ***
Total pot $6 | Rake $0
Seat 2: ChicagoBull4 (button) (small blind) collected ($6)
Seat 4: beng_51 (big blind) folded before Flop


PokerStars Hand #153914755918:  Hold'em Limit ($3/$6 USD) - 2016/05/27 12:17:44 ET
Table 'Laocoon II' 6-max Seat #4 is the button
Seat 2: ChicagoBull4 ($54 in chips)
Seat 4: beng_51 ($303.86 in chips)
beng_51: posts small blind $1
ChicagoBull4: posts big blind $3
*** HOLE CARDS ***
Basicxx leaves the table
beng_51: raises $3 to $6
ChicagoBull4: calls $3
*** FLOP *** [5s Ah Tc]
ChicagoBull4: checks
beng_51: bets $3
ChicagoBull4: folds
Uncalled bet ($3) returned to beng_51
beng_51 collected $11.76 from pot
*** SUMMARY ***
Total pot $12 | Rake $0.24
Board [5s Ah Tc]
Seat 2: ChicagoBull4 (big blind) folded on the Flop
Seat 4: beng_51 (button) (small blind) collected ($11.76)


PokerStars Hand #153914742442:  Hold'em Limit ($3/$6 USD) - 2016/05/27 12:17:23 ET
Table 'Laocoon II' 6-max Seat #3 is the button
Seat 3: Basicxx ($30.49 in chips)
Seat 4: beng_51 ($302.86 in chips)
ChicagoBull4 joins the table at seat #2
Basicxx: posts small blind $1
beng_51: posts big blind $3
*** HOLE CARDS ***
Basicxx: folds
Uncalled bet ($2) returned to beng_51
beng_51 collected $2 from pot
*** SUMMARY ***
Total pot $2 | Rake $0
Seat 3: Basicxx (button) (small blind) folded before Flop
Seat 4: beng_51 (big blind) collected ($2)


PokerStars Hand #153914771331:  Hold'em Limit ($3/$6 USD) - 2016/05/27 12:18:07 ET
Table 'Laocoon II' 6-max Seat #4 is the button
Seat 2: ChicagoBull4 ($51 in chips)
Seat 4: beng_51 ($306.62 in chips)
beng_51: posts small blind $1
ChicagoBull4: posts big blind $3
*** HOLE CARDS ***
beng_51: raises $3 to $6
ChicagoBull4: raises $3 to $9
beng_51: calls $3
*** FLOP *** [Ad Ts 9c]
ChicagoBull4: bets $3
beng_51: folds
Uncalled bet ($3) returned to ChicagoBull4
ChicagoBull4 collected $17.64 from pot
ChicagoBull4: doesn't show hand
*** SUMMARY ***
Total pot $18 | Rake $0.36
Board [Ad Ts 9c]
Seat 2: ChicagoBull4 (big blind) collected ($17.64)
Seat 4: beng_51 (button) (small blind) folded on the Flop


PokerStars Hand #153914784988:  Hold'em Limit ($3/$6 USD) - 2016/05/27 12:18:27 ET
Table 'Laocoon II' 6-max Seat #4 is the button
Seat 2: ChicagoBull4 ($58.64 in chips)
Seat 4: beng_51 ($298.62 in chips)
beng_51: posts small blind $1
ChicagoBull4: posts big blind $3
*** HOLE CARDS ***
beng_51: raises $3 to $6
ChicagoBull4: raises $3 to $9
beng_51: calls $3
*** FLOP *** [Kd 8h Qc]
ChicagoBull4: bets $3
beng_51: raises $3 to $6
ChicagoBull4: calls $3
*** TURN *** [Kd 8h Qc] [Js]
ChicagoBull4: checks
beng_51: bets $6
ChicagoBull4: calls $6
*** RIVER *** [Kd 8h Qc Js] [Qd]
ChicagoBull4: checks
beng_51: bets $6
ChicagoBull4: calls $6
*** SHOW DOWN ***
beng_51: shows [6h Kh] (two pair, Kings and Queens)
ChicagoBull4: shows [Ac Ah] (two pair, Aces and Queens)
ChicagoBull4 collected $53.50 from pot
*** SUMMARY ***
Total pot $54 | Rake $0.50
Board [Kd 8h Qc Js Qd]
Seat 2: ChicagoBull4 (big blind) showed [Ac Ah] and won ($53.50) with two pair, Aces and Queens
Seat 4: beng_51 (button) (small blind) showed [6h Kh] and lost with two pair, Kings and Queens


PokerStars Hand #153914781793:  Hold'em Limit ($3/$6 USD) - 2016/05/27 12:18:23 ET
Table 'Laocoon II' 6-max Seat #2 is the button
Seat 2: ChicagoBull4 ($59.64 in chips)
Seat 4: beng_51 ($297.62 in chips)
ChicagoBull4: posts small blind $1
beng_51: posts big blind $3
*** HOLE CARDS ***
ChicagoBull4: folds
Uncalled bet ($2) returned to beng_51
beng_51 collected $2 from pot
*** SUMMARY ***
Total pot $2 | Rake $0
Seat 2: ChicagoBull4 (button) (small blind) folded before Flop
Seat 4: beng_51 (big blind) collected ($2)


PokerStars Hand #153914804836:  Hold'em Limit ($3/$6 USD) - 2016/05/27 12:18:57 ET
Table 'Laocoon II' 6-max Seat #2 is the button
Seat 2: ChicagoBull4 ($85.14 in chips)
Seat 4: beng_51 ($271.62 in chips)
ChicagoBull4: posts small blind $1
beng_51: posts big blind $3
*** HOLE CARDS ***
ChicagoBull4: raises $3 to $6
beng_51: raises $3 to $9
ChicagoBull4: calls $3
*** FLOP *** [6c Jc 4h]
beng_51: bets $3
ChicagoBull4: calls $3
*** TURN *** [6c Jc 4h] [Js]
beng_51: bets $6
ChicagoBull4: folds
Uncalled bet ($6) returned to beng_51
beng_51 collected $23.52 from pot
*** SUMMARY ***
Total pot $24 | Rake $0.48
Board [6c Jc 4h Js]
Seat 2: ChicagoBull4 (button) (small blind) folded on the Turn
Seat 4: beng_51 (big blind) collected ($23.52)


PokerStars Hand #153914846309:  Hold'em Limit ($3/$6 USD) - 2016/05/27 12:20:00 ET
Table 'Laocoon II' 6-max Seat #4 is the button
Seat 2: ChicagoBull4 ($83.66 in chips)
Seat 4: beng_51 ($272.14 in chips)
beng_51: posts small blind $1
ChicagoBull4: posts big blind $3
*** HOLE CARDS ***
beng_51: raises $3 to $6
ChicagoBull4: folds
Uncalled bet ($3) returned to beng_51
beng_51 collected $6 from pot
*** SUMMARY ***
Total pot $6 | Rake $0
Seat 2: ChicagoBull4 (big blind) folded before Flop
Seat 4: beng_51 (button) (small blind) collected ($6)


PokerStars Hand #153914841497:  Hold'em Limit ($3/$6 USD) - 2016/05/27 12:19:53 ET
Table 'Laocoon II' 6-max Seat #2 is the button
Seat 2: ChicagoBull4 ($84.66 in chips)
Seat 4: beng_51 ($271.14 in chips)
ChicagoBull4: posts small blind $1
beng_51: posts big blind $3
*** HOLE CARDS ***
ChicagoBull4: folds
Uncalled bet ($2) returned to beng_51
beng_51 collected $2 from pot
*** SUMMARY ***
Total pot $2 | Rake $0
Seat 2: ChicagoBull4 (button) (small blind) folded before Flop
Seat 4: beng_51 (big blind) collected ($2)


PokerStars Hand #153914820970:  Hold'em Limit ($3/$6 USD) - 2016/05/27 12:19:22 ET
Table 'Laocoon II' 6-max Seat #4 is the button
Seat 2: ChicagoBull4 ($73.14 in chips)
Seat 4: beng_51 ($283.14 in chips)
beng_51: posts small blind $1
ChicagoBull4: posts big blind $3
*** HOLE CARDS ***
beng_51: raises $3 to $6
ChicagoBull4: calls $3
*** FLOP *** [2s 9d 6d]
ChicagoBull4: checks
beng_51: checks
*** TURN *** [2s 9d 6d] [4s]
ChicagoBull4: bets $6
beng_51: calls $6
*** RIVER *** [2s 9d 6d 4s] [Ac]
ChicagoBull4: checks
beng_51: checks
*** SHOW DOWN ***
ChicagoBull4: shows [4h 5s] (a pair of Fours)
beng_51: mucks hand
ChicagoBull4 collected $23.52 from pot
*** SUMMARY ***
Total pot $24 | Rake $0.48
Board [2s 9d 6d 4s Ac]
Seat 2: ChicagoBull4 (big blind) showed [4h 5s] and won ($23.52) with a pair of Fours
Seat 4: beng_51 (button) (small blind) mucked


PokerStars Hand #153914850190:  Hold'em Limit ($3/$6 USD) - 2016/05/27 12:20:06 ET
Table 'Laocoon II' 6-max Seat #2 is the button
Seat 2: ChicagoBull4 ($80.66 in chips)
Seat 4: beng_51 ($275.14 in chips)
ChicagoBull4: posts small blind $1
beng_51: posts big blind $3
*** HOLE CARDS ***
ChicagoBull4: raises $3 to $6
beng_51: raises $3 to $9
ChicagoBull4: calls $3
*** FLOP *** [6h Jd Td]
beng_51: bets $3
ChicagoBull4: folds
Uncalled bet ($3) returned to beng_51
beng_51 collected $17.64 from pot
*** SUMMARY ***
Total pot $18 | Rake $0.36
Board [6h Jd Td]
Seat 2: ChicagoBull4 (button) (small blind) folded on the Flop
Seat 4: beng_51 (big blind) collected ($17.64)


PokerStars Hand #153914858439:  Hold'em Limit ($3/$6 USD) - 2016/05/27 12:20:19 ET
Table 'Laocoon II' 6-max Seat #4 is the button
Seat 2: ChicagoBull4 ($71.66 in chips)
Seat 4: beng_51 ($283.78 in chips)
beng_51: posts small blind $1
ChicagoBull4: posts big blind $3
*** HOLE CARDS ***
beng_51: raises $3 to $6
ChicagoBull4: calls $3
*** FLOP *** [7c 2s Th]
ChicagoBull4: checks
beng_51: bets $3
ChicagoBull4: calls $3
*** TURN *** [7c 2s Th] [Kh]
ChicagoBull4: checks
beng_51: bets $6
ChicagoBull4: raises $6 to $12
beng_51: raises $6 to $18
ChicagoBull4: calls $6
*** RIVER *** [7c 2s Th Kh] [Ah]
ChicagoBull4: checks
beng_51: bets $6
ChicagoBull4: calls $6
*** SHOW DOWN ***
beng_51: shows [7d Kd] (two pair, Kings and Sevens)
ChicagoBull4: shows [Ks Ac] (two pair, Aces and Kings)
ChicagoBull4 collected $65.50 from pot
*** SUMMARY ***
Total pot $66 | Rake $0.50
Board [7c 2s Th Kh Ah]
Seat 2: ChicagoBull4 (big blind) showed [Ks Ac] and won ($65.50) with two pair, Aces and Kings
Seat 4: beng_51 (button) (small blind) showed [7d Kd] and lost with two pair, Kings and Sevens


PokerStars Hand #153914899931:  Hold'em Limit ($3/$6 USD) - 2016/05/27 12:21:21 ET
Table 'Laocoon II' 6-max Seat #4 is the button
Seat 2: ChicagoBull4 ($95.16 in chips)
Seat 4: beng_51 ($259.42 in chips)
beng_51: posts small blind $1
ChicagoBull4: posts big blind $3
*** HOLE CARDS ***
beng_51: folds
Uncalled bet ($2) returned to ChicagoBull4
ChicagoBull4 collected $2 from pot
ChicagoBull4: doesn't show hand
*** SUMMARY ***
Total pot $2 | Rake $0
Seat 2: ChicagoBull4 (big blind) collected ($2)
Seat 4: beng_51 (button) (small blind) folded before Flop


PokerStars Hand #153914878939:  Hold'em Limit ($3/$6 USD) - 2016/05/27 12:20:50 ET
Table 'Laocoon II' 6-max Seat #2 is the button
Seat 2: ChicagoBull4 ($104.16 in chips)
Seat 4: beng_51 ($250.78 in chips)
ChicagoBull4: posts small blind $1
beng_51: posts big blind $3
*** HOLE CARDS ***
ChicagoBull4: raises $3 to $6
beng_51: calls $3
*** FLOP *** [5c Td 2d]
beng_51: checks
ChicagoBull4: bets $3
beng_51: calls $3
*** TURN *** [5c Td 2d] [2s]
beng_51: checks
ChicagoBull4: checks
*** RIVER *** [5c Td 2d 2s] [8h]
beng_51: bets $6
ChicagoBull4: folds
Uncalled bet ($6) returned to beng_51
beng_51 collected $17.64 from pot
*** SUMMARY ***
Total pot $18 | Rake $0.36
Board [5c Td 2d 2s 8h]
Seat 2: ChicagoBull4 (button) (small blind) folded on the River
Seat 4: beng_51 (big blind) collected ($17.64)


