PokerStars Hand #145063806959:  Hold'em Limit ($3/$6 USD) - 2015/12/09 5:42:18 ET
Table 'Laocoon' 6-max Seat #3 is the button
Seat 3: superYan3 ($107.50 in chips)
Seat 4: Agrotait ($72 in chips)
superYan3: posts small blind $1
Agrotait: posts big blind $3
*** HOLE CARDS ***
Hywong joins the table at seat #6
superYan3: folds
Uncalled bet ($2) returned to Agrotait
Agrotait collected $2 from pot
Agrotait: doesn't show hand
*** SUMMARY ***
Total pot $2 | Rake $0
Seat 3: superYan3 (button) (small blind) folded before Flop
Seat 4: Agrotait (big blind) collected ($2)


PokerStars Hand #145068030650:  Hold'em Limit ($3/$6 USD) - 2015/12/09 8:07:03 ET
Table 'Laocoon' 6-max Seat #5 is the button
Seat 2: PycV ($188.97 in chips)
Seat 5: Xerxesklonk ($124.43 in chips)
B_loJkl will be allowed to play after the button
Xerxesklonk: posts small blind $1
Great_Kang: is sitting out
PycV: posts big blind $3
*** HOLE CARDS ***
Xerxesklonk: raises $3 to $6
PycV: calls $3
*** FLOP *** [6d Qc 7h]
PycV: checks
Xerxesklonk: bets $3
PycV: calls $3
*** TURN *** [6d Qc 7h] [5s]
PycV: checks
Xerxesklonk: bets $6
superYan3 leaves the table
PycV: calls $6
*** RIVER *** [6d Qc 7h 5s] [4c]
B_loJkl leaves the table
PycV: checks
Xerxesklonk: bets $6
PycV: calls $6
*** SHOW DOWN ***
Xerxesklonk: shows [Qd Tc] (a pair of Queens)
PycV: mucks hand
Xerxesklonk collected $41.50 from pot
*** SUMMARY ***
Total pot $42 | Rake $0.50
Board [6d Qc 7h 5s 4c]
Seat 2: PycV (big blind) mucked
Seat 5: Xerxesklonk (button) (small blind) showed [Qd Tc] and won ($41.50) with a pair of Queens


