PokerStars Hand #144925020902:  Hold'em Limit ($3/$6 USD) - 2015/12/06 14:13:02 ET
Table 'Laocoon II' 2-max Seat #2 is the button
Seat 1: nyatsocow ($80 in chips)
Seat 2: Necromadx ($120 in chips)
Necromadx: posts small blind $1
nyatsocow: posts big blind $3
*** HOLE CARDS ***
Necromadx: raises $3 to $6
nyatsocow: calls $3
*** FLOP *** [9h 3c 2c]
nyatsocow: checks
Necromadx: bets $3
nyatsocow: calls $3
*** TURN *** [9h 3c 2c] [3h]
nyatsocow: checks
Necromadx: checks
*** RIVER *** [9h 3c 2c 3h] [7d]
nyatsocow: bets $6
Necromadx: folds
Uncalled bet ($6) returned to nyatsocow
nyatsocow collected $17.64 from pot
*** SUMMARY ***
Total pot $18 | Rake $0.36
Board [9h 3c 2c 3h 7d]
Seat 1: nyatsocow (big blind) collected ($17.64)
Seat 2: Necromadx (button) (small blind) folded on the River


PokerStars Hand #144925118805:  Hold'em Limit ($3/$6 USD) - 2015/12/06 14:14:33 ET
Table 'Laocoon II' 2-max Seat #2 is the button
Seat 1: nyatsocow ($106.80 in chips)
Seat 2: Necromadx ($120 in chips)
Necromadx: posts small blind $1
nyatsocow: posts big blind $3
*** HOLE CARDS ***
Necromadx: folds
Uncalled bet ($2) returned to nyatsocow
nyatsocow collected $2 from pot
nyatsocow: doesn't show hand
*** SUMMARY ***
Total pot $2 | Rake $0
Seat 1: nyatsocow (big blind) collected ($2)
Seat 2: Necromadx (button) (small blind) folded before Flop


PokerStars Hand #144925103448:  Hold'em Limit ($3/$6 USD) - 2015/12/06 14:14:18 ET
Table 'Laocoon II' 2-max Seat #1 is the button
Seat 1: nyatsocow ($103.92 in chips)
Seat 2: Necromadx ($123 in chips)
nyatsocow: posts small blind $1
Necromadx: posts big blind $3
*** HOLE CARDS ***
nyatsocow: calls $2
Necromadx: checks
*** FLOP *** [8s 5d 5c]
Necromadx: checks
nyatsocow: checks
*** TURN *** [8s 5d 5c] [5s]
Necromadx: checks
nyatsocow: bets $6
Necromadx: folds
Uncalled bet ($6) returned to nyatsocow
nyatsocow collected $5.88 from pot
nyatsocow: doesn't show hand
*** SUMMARY ***
Total pot $6 | Rake $0.12
Board [8s 5d 5c 5s]
Seat 1: nyatsocow (button) (small blind) collected ($5.88)
Seat 2: Necromadx (big blind) folded on the Turn


PokerStars Hand #144925097449:  Hold'em Limit ($3/$6 USD) - 2015/12/06 14:14:13 ET
Table 'Laocoon II' 2-max Seat #2 is the button
Seat 1: nyatsocow ($106.92 in chips)
Seat 2: Necromadx ($120 in chips)
Necromadx: posts small blind $1
nyatsocow: posts big blind $3
*** HOLE CARDS ***
Necromadx: raises $3 to $6
nyatsocow: folds
Uncalled bet ($3) returned to Necromadx
Necromadx collected $6 from pot
Necromadx: doesn't show hand
*** SUMMARY ***
Total pot $6 | Rake $0
Seat 1: nyatsocow (big blind) folded before Flop
Seat 2: Necromadx (button) (small blind) collected ($6)


PokerStars Hand #144925081701:  Hold'em Limit ($3/$6 USD) - 2015/12/06 14:13:58 ET
Table 'Laocoon II' 2-max Seat #1 is the button
Seat 1: nyatsocow ($95.40 in chips)
Seat 2: Necromadx ($120 in chips)
nyatsocow: posts small blind $1
Necromadx: posts big blind $3
*** HOLE CARDS ***
nyatsocow: raises $3 to $6
Necromadx: calls $3
*** FLOP *** [4c 6s 3h]
Necromadx: checks
nyatsocow: checks
*** TURN *** [4c 6s 3h] [Qh]
Necromadx: checks
nyatsocow: bets $6
Necromadx: calls $6
*** RIVER *** [4c 6s 3h Qh] [Td]
Necromadx: checks
nyatsocow: checks
*** SHOW DOWN ***
Necromadx: shows [Kc 5h] (high card King)
nyatsocow: shows [Js As] (high card Ace)
nyatsocow collected $23.52 from pot
*** SUMMARY ***
Total pot $24 | Rake $0.48
Board [4c 6s 3h Qh Td]
Seat 1: nyatsocow (button) (small blind) showed [Js As] and won ($23.52) with high card Ace
Seat 2: Necromadx (big blind) showed [Kc 5h] and lost with high card King


PokerStars Hand #144925074114:  Hold'em Limit ($3/$6 USD) - 2015/12/06 14:13:51 ET
Table 'Laocoon II' 2-max Seat #2 is the button
Seat 1: nyatsocow ($94.40 in chips)
Seat 2: Necromadx ($120 in chips)
Necromadx: posts small blind $1
nyatsocow: posts big blind $3
*** HOLE CARDS ***
Necromadx: folds
Uncalled bet ($2) returned to nyatsocow
nyatsocow collected $2 from pot
*** SUMMARY ***
Total pot $2 | Rake $0
Seat 1: nyatsocow (big blind) collected ($2)
Seat 2: Necromadx (button) (small blind) folded before Flop


PokerStars Hand #144925058955:  Hold'em Limit ($3/$6 USD) - 2015/12/06 14:13:37 ET
Table 'Laocoon II' 2-max Seat #1 is the button
Seat 1: nyatsocow ($88.64 in chips)
Seat 2: Necromadx ($120 in chips)
nyatsocow: posts small blind $1
Necromadx: posts big blind $3
*** HOLE CARDS ***
nyatsocow: raises $3 to $6
Necromadx: calls $3
*** FLOP *** [3h Th 6s]
Necromadx: checks
nyatsocow: checks
*** TURN *** [3h Th 6s] [Ad]
Necromadx: checks
nyatsocow: bets $6
Necromadx: folds
Uncalled bet ($6) returned to nyatsocow
nyatsocow collected $11.76 from pot
*** SUMMARY ***
Total pot $12 | Rake $0.24
Board [3h Th 6s Ad]
Seat 1: nyatsocow (button) (small blind) collected ($11.76)
Seat 2: Necromadx (big blind) folded on the Turn


PokerStars Hand #144925166930:  Hold'em Limit ($3/$6 USD) - 2015/12/06 14:15:22 ET
Table 'Laocoon II' 2-max Seat #1 is the button
Seat 1: nyatsocow ($110.30 in chips)
Seat 2: Necromadx ($131.52 in chips)
nyatsocow: posts small blind $1
Necromadx: posts big blind $3
*** HOLE CARDS ***
nyatsocow: raises $3 to $6
Necromadx: folds
Uncalled bet ($3) returned to nyatsocow
nyatsocow collected $6 from pot
nyatsocow: doesn't show hand
*** SUMMARY ***
Total pot $6 | Rake $0
Seat 1: nyatsocow (button) (small blind) collected ($6)
Seat 2: Necromadx (big blind) folded before Flop


PokerStars Hand #144925148673:  Hold'em Limit ($3/$6 USD) - 2015/12/06 14:15:00 ET
Table 'Laocoon II' 2-max Seat #2 is the button
Seat 1: nyatsocow ($122.30 in chips)
Seat 2: Necromadx ($120 in chips)
Necromadx: posts small blind $1
nyatsocow: posts big blind $3
*** HOLE CARDS ***
Necromadx: raises $3 to $6
nyatsocow: raises $3 to $9
Necromadx: calls $3
*** FLOP *** [7d 3s Ks]
nyatsocow: bets $3
Necromadx: calls $3
*** TURN *** [7d 3s Ks] [5h]
nyatsocow: checks
Necromadx: bets $6
nyatsocow: folds
Uncalled bet ($6) returned to Necromadx
Necromadx collected $23.52 from pot
Necromadx: doesn't show hand
*** SUMMARY ***
Total pot $24 | Rake $0.48
Board [7d 3s Ks 5h]
Seat 1: nyatsocow (big blind) folded on the Turn
Seat 2: Necromadx (button) (small blind) collected ($23.52)


PokerStars Hand #144925124479:  Hold'em Limit ($3/$6 USD) - 2015/12/06 14:14:38 ET
Table 'Laocoon II' 2-max Seat #1 is the button
Seat 1: nyatsocow ($107.80 in chips)
Seat 2: Necromadx ($120 in chips)
nyatsocow: posts small blind $1
Necromadx: posts big blind $3
*** HOLE CARDS ***
nyatsocow: raises $3 to $6
Necromadx: calls $3
*** FLOP *** [Ac 7h Js]
Necromadx: checks
nyatsocow: bets $3
Necromadx: calls $3
*** TURN *** [Ac 7h Js] [Th]
Necromadx: checks
nyatsocow: bets $6
Necromadx: calls $6
*** RIVER *** [Ac 7h Js Th] [9c]
Necromadx: checks
nyatsocow: bets $6
Necromadx: folds
Uncalled bet ($6) returned to nyatsocow
nyatsocow collected $29.50 from pot
nyatsocow: doesn't show hand
*** SUMMARY ***
Total pot $30 | Rake $0.50
Board [Ac 7h Js Th 9c]
Seat 1: nyatsocow (button) (small blind) collected ($29.50)
Seat 2: Necromadx (big blind) folded on the River


PokerStars Hand #144925212355:  Hold'em Limit ($3/$6 USD) - 2015/12/06 14:16:06 ET
Table 'Laocoon II' 2-max Seat #1 is the button
Seat 1: nyatsocow ($91.30 in chips)
Seat 2: Necromadx ($150.02 in chips)
nyatsocow: posts small blind $1
Necromadx: posts big blind $3
*** HOLE CARDS ***
nyatsocow: raises $3 to $6
Necromadx: raises $3 to $9
nyatsocow: calls $3
*** FLOP *** [Jh 7d 5h]
Necromadx: bets $3
nyatsocow: raises $3 to $6
Necromadx: calls $3
*** TURN *** [Jh 7d 5h] [8d]
Necromadx: checks
nyatsocow: bets $6
Necromadx: calls $6
*** RIVER *** [Jh 7d 5h 8d] [Ac]
Necromadx: checks
nyatsocow: bets $6
Necromadx: calls $6
*** SHOW DOWN ***
nyatsocow: shows [9h Th] (a straight, Seven to Jack)
Necromadx: mucks hand
nyatsocow collected $53.50 from pot
*** SUMMARY ***
Total pot $54 | Rake $0.50
Board [Jh 7d 5h 8d Ac]
Seat 1: nyatsocow (button) (small blind) showed [9h Th] and won ($53.50) with a straight, Seven to Jack
Seat 2: Necromadx (big blind) mucked


PokerStars Hand #144925202034:  Hold'em Limit ($3/$6 USD) - 2015/12/06 14:15:57 ET
Table 'Laocoon II' 2-max Seat #2 is the button
Seat 1: nyatsocow ($94.30 in chips)
Seat 2: Necromadx ($147.02 in chips)
Necromadx: posts small blind $1
nyatsocow: posts big blind $3
*** HOLE CARDS ***
Necromadx: raises $3 to $6
nyatsocow: folds
Uncalled bet ($3) returned to Necromadx
Necromadx collected $6 from pot
Necromadx: doesn't show hand
*** SUMMARY ***
Total pot $6 | Rake $0
Seat 1: nyatsocow (big blind) folded before Flop
Seat 2: Necromadx (button) (small blind) collected ($6)


PokerStars Hand #144925195525:  Hold'em Limit ($3/$6 USD) - 2015/12/06 14:15:51 ET
Table 'Laocoon II' 2-max Seat #1 is the button
Seat 1: nyatsocow ($95.30 in chips)
Seat 2: Necromadx ($146.02 in chips)
nyatsocow: posts small blind $1
Necromadx: posts big blind $3
*** HOLE CARDS ***
nyatsocow: folds
Uncalled bet ($2) returned to Necromadx
Necromadx collected $2 from pot
Necromadx: doesn't show hand
*** SUMMARY ***
Total pot $2 | Rake $0
Seat 1: nyatsocow (button) (small blind) folded before Flop
Seat 2: Necromadx (big blind) collected ($2)


PokerStars Hand #144925174594:  Hold'em Limit ($3/$6 USD) - 2015/12/06 14:15:29 ET
Table 'Laocoon II' 2-max Seat #2 is the button
Seat 1: nyatsocow ($113.30 in chips)
Seat 2: Necromadx ($128.52 in chips)
Necromadx: posts small blind $1
nyatsocow: posts big blind $3
*** HOLE CARDS ***
Necromadx: raises $3 to $6
nyatsocow: calls $3
*** FLOP *** [Jd 7s 9d]
nyatsocow: checks
Necromadx: checks
*** TURN *** [Jd 7s 9d] [Kd]
nyatsocow: bets $6
Necromadx: calls $6
*** RIVER *** [Jd 7s 9d Kd] [Qc]
nyatsocow: checks
Necromadx: bets $6
nyatsocow: calls $6
*** SHOW DOWN ***
Necromadx: shows [Kh 5c] (a pair of Kings)
nyatsocow: mucks hand
Necromadx collected $35.50 from pot
*** SUMMARY ***
Total pot $36 | Rake $0.50
Board [Jd 7s 9d Kd Qc]
Seat 1: nyatsocow (big blind) mucked
Seat 2: Necromadx (button) (small blind) showed [Kh 5c] and won ($35.50) with a pair of Kings


PokerStars Hand #144925306664:  Hold'em Limit ($3/$6 USD) - 2015/12/06 14:17:33 ET
Table 'Laocoon II' 2-max Seat #1 is the button
Seat 1: nyatsocow ($81.80 in chips)
Seat 2: Necromadx ($157.92 in chips)
nyatsocow: posts small blind $1
Necromadx: posts big blind $3
*** HOLE CARDS ***
nyatsocow: raises $3 to $6
Necromadx: calls $3
*** FLOP *** [6d 6h 7d]
Necromadx: checks
nyatsocow: bets $3
Necromadx: raises $3 to $6
nyatsocow: folds
Uncalled bet ($3) returned to Necromadx
Necromadx collected $17.64 from pot
Necromadx: doesn't show hand
*** SUMMARY ***
Total pot $18 | Rake $0.36
Board [6d 6h 7d]
Seat 1: nyatsocow (button) (small blind) folded on the Flop
Seat 2: Necromadx (big blind) collected ($17.64)


PokerStars Hand #144925291953:  Hold'em Limit ($3/$6 USD) - 2015/12/06 14:17:19 ET
Table 'Laocoon II' 2-max Seat #2 is the button
Seat 1: nyatsocow ($87.80 in chips)
Seat 2: Necromadx ($152.16 in chips)
Necromadx: posts small blind $1
nyatsocow: posts big blind $3
*** HOLE CARDS ***
Necromadx: raises $3 to $6
nyatsocow: calls $3
*** FLOP *** [7s 4h 3s]
nyatsocow: checks
Necromadx: bets $3
nyatsocow: folds
Uncalled bet ($3) returned to Necromadx
Necromadx collected $11.76 from pot
Necromadx: doesn't show hand
*** SUMMARY ***
Total pot $12 | Rake $0.24
Board [7s 4h 3s]
Seat 1: nyatsocow (big blind) folded on the Flop
Seat 2: Necromadx (button) (small blind) collected ($11.76)


PokerStars Hand #144925270002:  Hold'em Limit ($3/$6 USD) - 2015/12/06 14:16:59 ET
Table 'Laocoon II' 2-max Seat #1 is the button
Seat 1: nyatsocow ($96.80 in chips)
Seat 2: Necromadx ($143.52 in chips)
nyatsocow: posts small blind $1
Necromadx: posts big blind $3
*** HOLE CARDS ***
nyatsocow: raises $3 to $6
Necromadx: calls $3
*** FLOP *** [Ad 8h 4c]
Necromadx: checks
nyatsocow said, "nh"
nyatsocow: bets $3
Necromadx: calls $3
*** TURN *** [Ad 8h 4c] [Kh]
Necromadx: checks
nyatsocow: checks
*** RIVER *** [Ad 8h 4c Kh] [2c]
Necromadx: checks
nyatsocow: checks
*** SHOW DOWN ***
Necromadx: shows [Td 4h] (a pair of Fours)
nyatsocow: mucks hand
Necromadx collected $17.64 from pot
*** SUMMARY ***
Total pot $18 | Rake $0.36
Board [Ad 8h 4c Kh 2c]
Seat 1: nyatsocow (button) (small blind) mucked
Seat 2: Necromadx (big blind) showed [Td 4h] and won ($17.64) with a pair of Fours


PokerStars Hand #144925238139:  Hold'em Limit ($3/$6 USD) - 2015/12/06 14:16:30 ET
Table 'Laocoon II' 2-max Seat #2 is the button
Seat 1: nyatsocow ($117.80 in chips)
Seat 2: Necromadx ($123.02 in chips)
Necromadx: posts small blind $1
nyatsocow: posts big blind $3
*** HOLE CARDS ***
Necromadx: raises $3 to $6
nyatsocow: calls $3
*** FLOP *** [Tc 8h 7h]
nyatsocow: checks
Necromadx: bets $3
nyatsocow: calls $3
*** TURN *** [Tc 8h 7h] [5d]
nyatsocow: checks
Necromadx: bets $6
nyatsocow: calls $6
*** RIVER *** [Tc 8h 7h 5d] [3s]
nyatsocow: checks
Necromadx: bets $6
nyatsocow: calls $6
*** SHOW DOWN ***
Necromadx: shows [Jc Jd] (a pair of Jacks)
nyatsocow: mucks hand
Necromadx collected $41.50 from pot
*** SUMMARY ***
Total pot $42 | Rake $0.50
Board [Tc 8h 7h 5d 3s]
Seat 1: nyatsocow (big blind) mucked
Seat 2: Necromadx (button) (small blind) showed [Jc Jd] and won ($41.50) with a pair of Jacks


PokerStars Hand #144925362806:  Hold'em Limit ($3/$6 USD) - 2015/12/06 14:18:24 ET
Table 'Laocoon II' 2-max Seat #2 is the button
Seat 1: nyatsocow ($84.30 in chips)
Seat 2: Necromadx ($154.20 in chips)
Necromadx: posts small blind $1
nyatsocow: posts big blind $3
*** HOLE CARDS ***
Necromadx: raises $3 to $6
nyatsocow: calls $3
*** FLOP *** [4h 2s Kh]
nyatsocow: checks
Necromadx: bets $3
nyatsocow: folds
Uncalled bet ($3) returned to Necromadx
Necromadx collected $11.76 from pot
Necromadx: doesn't show hand
*** SUMMARY ***
Total pot $12 | Rake $0.24
Board [4h 2s Kh]
Seat 1: nyatsocow (big blind) folded on the Flop
Seat 2: Necromadx (button) (small blind) collected ($11.76)


PokerStars Hand #144925338153:  Hold'em Limit ($3/$6 USD) - 2015/12/06 14:18:01 ET
Table 'Laocoon II' 2-max Seat #1 is the button
Seat 1: nyatsocow ($63.80 in chips)
Seat 2: Necromadx ($175.20 in chips)
nyatsocow: posts small blind $1
Necromadx: posts big blind $3
*** HOLE CARDS ***
nyatsocow: raises $3 to $6
Necromadx: raises $3 to $9
nyatsocow: calls $3
*** FLOP *** [2s 7s Ts]
Necromadx: bets $3
nyatsocow: raises $3 to $6
Necromadx: calls $3
*** TURN *** [2s 7s Ts] [6d]
Necromadx: checks
nyatsocow: bets $6
Necromadx: calls $6
*** RIVER *** [2s 7s Ts 6d] [Ac]
Necromadx: checks
nyatsocow: bets $6
Necromadx: folds
Uncalled bet ($6) returned to nyatsocow
nyatsocow collected $41.50 from pot
nyatsocow: doesn't show hand
*** SUMMARY ***
Total pot $42 | Rake $0.50
Board [2s 7s Ts 6d Ac]
Seat 1: nyatsocow (button) (small blind) collected ($41.50)
Seat 2: Necromadx (big blind) folded on the River


PokerStars Hand #144925319755:  Hold'em Limit ($3/$6 USD) - 2015/12/06 14:17:45 ET
Table 'Laocoon II' 2-max Seat #2 is the button
Seat 1: nyatsocow ($72.80 in chips)
Seat 2: Necromadx ($166.56 in chips)
Necromadx: posts small blind $1
nyatsocow: posts big blind $3
*** HOLE CARDS ***
Necromadx: raises $3 to $6
nyatsocow: calls $3
*** FLOP *** [3s 2c Qd]
nyatsocow: checks
Necromadx: bets $3
nyatsocow: calls $3
*** TURN *** [3s 2c Qd] [6s]
nyatsocow: checks
Necromadx: checks
*** RIVER *** [3s 2c Qd 6s] [4h]
nyatsocow: checks
Necromadx: checks
*** SHOW DOWN ***
nyatsocow: shows [As Js] (high card Ace)
Necromadx: shows [2h 8h] (a pair of Deuces)
Necromadx collected $17.64 from pot
*** SUMMARY ***
Total pot $18 | Rake $0.36
Board [3s 2c Qd 6s 4h]
Seat 1: nyatsocow (big blind) showed [As Js] and lost with high card Ace
Seat 2: Necromadx (button) (small blind) showed [2h 8h] and won ($17.64) with a pair of Deuces


PokerStars Hand #144925433076:  Hold'em Limit ($3/$6 USD) - 2015/12/06 14:19:28 ET
Table 'Laocoon II' 2-max Seat #1 is the button
Seat 1: nyatsocow ($80.80 in chips)
Seat 2: Necromadx ($156.46 in chips)
nyatsocow: posts small blind $1
Necromadx: posts big blind $3
*** HOLE CARDS ***
nyatsocow: folds
Uncalled bet ($2) returned to Necromadx
Necromadx collected $2 from pot
Necromadx: doesn't show hand
*** SUMMARY ***
Total pot $2 | Rake $0
Seat 1: nyatsocow (button) (small blind) folded before Flop
Seat 2: Necromadx (big blind) collected ($2)


PokerStars Hand #144925402474:  Hold'em Limit ($3/$6 USD) - 2015/12/06 14:19:00 ET
Table 'Laocoon II' 2-max Seat #2 is the button
Seat 1: nyatsocow ($101.80 in chips)
Seat 2: Necromadx ($135.96 in chips)
Necromadx: posts small blind $1
nyatsocow: posts big blind $3
*** HOLE CARDS ***
Necromadx: raises $3 to $6
nyatsocow: calls $3
*** FLOP *** [Ts 9c 6h]
nyatsocow: checks
Necromadx: bets $3
nyatsocow: calls $3
*** TURN *** [Ts 9c 6h] [Td]
nyatsocow: checks
Necromadx: bets $6
nyatsocow: calls $6
*** RIVER *** [Ts 9c 6h Td] [Jc]
nyatsocow: checks
Necromadx: bets $6
nyatsocow: calls $6
*** SHOW DOWN ***
Necromadx: shows [8d Th] (three of a kind, Tens)
nyatsocow: mucks hand
Necromadx collected $41.50 from pot
*** SUMMARY ***
Total pot $42 | Rake $0.50
Board [Ts 9c 6h Td Jc]
Seat 1: nyatsocow (big blind) mucked
Seat 2: Necromadx (button) (small blind) showed [8d Th] and won ($41.50) with three of a kind, Tens


PokerStars Hand #144925375754:  Hold'em Limit ($3/$6 USD) - 2015/12/06 14:18:35 ET
Table 'Laocoon II' 2-max Seat #1 is the button
Seat 1: nyatsocow ($78.30 in chips)
Seat 2: Necromadx ($159.96 in chips)
nyatsocow: posts small blind $1
Necromadx: posts big blind $3
*** HOLE CARDS ***
nyatsocow: raises $3 to $6
Necromadx: raises $3 to $9
nyatsocow: calls $3
*** FLOP *** [Jh 4d Tc]
Necromadx: bets $3
nyatsocow: calls $3
*** TURN *** [Jh 4d Tc] [8d]
Necromadx: checks
nyatsocow: bets $6
Necromadx: calls $6
*** RIVER *** [Jh 4d Tc 8d] [2s]
Necromadx: checks
nyatsocow: bets $6
Necromadx: calls $6
*** SHOW DOWN ***
nyatsocow: shows [Kd 8c] (a pair of Eights)
Necromadx: mucks hand
nyatsocow collected $47.50 from pot
*** SUMMARY ***
Total pot $48 | Rake $0.50
Board [Jh 4d Tc 8d 2s]
Seat 1: nyatsocow (button) (small blind) showed [Kd 8c] and won ($47.50) with a pair of Eights
Seat 2: Necromadx (big blind) mucked


PokerStars Hand #144925501284:  Hold'em Limit ($3/$6 USD) - 2015/12/06 14:20:32 ET
Table 'Laocoon II' 2-max Seat #1 is the button
Seat 1: nyatsocow ($59.44 in chips)
Seat 2: Necromadx ($176.96 in chips)
nyatsocow: posts small blind $1
Necromadx: posts big blind $3
*** HOLE CARDS ***
nyatsocow: folds
Uncalled bet ($2) returned to Necromadx
Necromadx collected $2 from pot
Necromadx: doesn't show hand
*** SUMMARY ***
Total pot $2 | Rake $0
Seat 1: nyatsocow (button) (small blind) folded before Flop
Seat 2: Necromadx (big blind) collected ($2)


PokerStars Hand #144925486831:  Hold'em Limit ($3/$6 USD) - 2015/12/06 14:20:19 ET
Table 'Laocoon II' 2-max Seat #2 is the button
Seat 1: nyatsocow ($50.80 in chips)
Seat 2: Necromadx ($185.96 in chips)
Necromadx: posts small blind $1
nyatsocow: posts big blind $3
*** HOLE CARDS ***
Necromadx: raises $3 to $6
nyatsocow: calls $3
*** FLOP *** [As 6h Td]
nyatsocow: checks
Necromadx: bets $3
nyatsocow: raises $3 to $6
Necromadx: folds
Uncalled bet ($3) returned to nyatsocow
nyatsocow collected $17.64 from pot
nyatsocow: doesn't show hand
*** SUMMARY ***
Total pot $18 | Rake $0.36
Board [As 6h Td]
Seat 1: nyatsocow (big blind) collected ($17.64)
Seat 2: Necromadx (button) (small blind) folded on the Flop


PokerStars Hand #144925480248:  Hold'em Limit ($3/$6 USD) - 2015/12/06 14:20:12 ET
Table 'Laocoon II' 2-max Seat #1 is the button
Seat 1: nyatsocow ($51.80 in chips)
Seat 2: Necromadx ($184.96 in chips)
nyatsocow: posts small blind $1
Necromadx: posts big blind $3
*** HOLE CARDS ***
nyatsocow: folds
Uncalled bet ($2) returned to Necromadx
Necromadx collected $2 from pot
Necromadx: doesn't show hand
*** SUMMARY ***
Total pot $2 | Rake $0
Seat 1: nyatsocow (button) (small blind) folded before Flop
Seat 2: Necromadx (big blind) collected ($2)


PokerStars Hand #144925474472:  Hold'em Limit ($3/$6 USD) - 2015/12/06 14:20:06 ET
Table 'Laocoon II' 2-max Seat #2 is the button
Seat 1: nyatsocow ($54.80 in chips)
Seat 2: Necromadx ($181.96 in chips)
Necromadx: posts small blind $1
nyatsocow: posts big blind $3
*** HOLE CARDS ***
Necromadx: raises $3 to $6
nyatsocow: folds
Uncalled bet ($3) returned to Necromadx
Necromadx collected $6 from pot
Necromadx: doesn't show hand
*** SUMMARY ***
Total pot $6 | Rake $0
Seat 1: nyatsocow (big blind) folded before Flop
Seat 2: Necromadx (button) (small blind) collected ($6)


PokerStars Hand #144925469126:  Hold'em Limit ($3/$6 USD) - 2015/12/06 14:20:01 ET
Table 'Laocoon II' 2-max Seat #1 is the button
Seat 1: nyatsocow ($55.80 in chips)
Seat 2: Necromadx ($180.96 in chips)
nyatsocow: posts small blind $1
Necromadx: posts big blind $3
*** HOLE CARDS ***
nyatsocow: folds
Uncalled bet ($2) returned to Necromadx
Necromadx collected $2 from pot
Necromadx: doesn't show hand
*** SUMMARY ***
Total pot $2 | Rake $0
Seat 1: nyatsocow (button) (small blind) folded before Flop
Seat 2: Necromadx (big blind) collected ($2)


PokerStars Hand #144925439324:  Hold'em Limit ($3/$6 USD) - 2015/12/06 14:19:34 ET
Table 'Laocoon II' 2-max Seat #2 is the button
Seat 1: nyatsocow ($79.80 in chips)
Seat 2: Necromadx ($157.46 in chips)
Necromadx: posts small blind $1
nyatsocow: posts big blind $3
*** HOLE CARDS ***
Necromadx: raises $3 to $6
nyatsocow: calls $3
*** FLOP *** [Th 7d 6h]
nyatsocow: checks
Necromadx: bets $3
nyatsocow: raises $3 to $6
Necromadx: calls $3
*** TURN *** [Th 7d 6h] [Jh]
nyatsocow: checks
Necromadx: bets $6
nyatsocow: calls $6
*** RIVER *** [Th 7d 6h Jh] [3d]
nyatsocow: checks
Necromadx: bets $6
nyatsocow: calls $6
*** SHOW DOWN ***
Necromadx: shows [4h 8h] (a flush, Jack high)
nyatsocow: mucks hand
Necromadx collected $47.50 from pot
*** SUMMARY ***
Total pot $48 | Rake $0.50
Board [Th 7d 6h Jh 3d]
Seat 1: nyatsocow (big blind) mucked
Seat 2: Necromadx (button) (small blind) showed [4h 8h] and won ($47.50) with a flush, Jack high


PokerStars Hand #144925546044:  Hold'em Limit ($3/$6 USD) - 2015/12/06 14:21:13 ET
Table 'Laocoon II' 2-max Seat #2 is the button
Seat 1: nyatsocow ($66.08 in chips)
Seat 2: Necromadx ($169.96 in chips)
Necromadx: posts small blind $1
nyatsocow: posts big blind $3
*** HOLE CARDS ***
Necromadx: raises $3 to $6
nyatsocow: calls $3
*** FLOP *** [Qc 6s 4d]
nyatsocow: checks
Necromadx: bets $3
nyatsocow: calls $3
*** TURN *** [Qc 6s 4d] [2s]
nyatsocow: checks
Necromadx: bets $6
nyatsocow: folds
Uncalled bet ($6) returned to Necromadx
Necromadx collected $17.64 from pot
Necromadx: doesn't show hand
*** SUMMARY ***
Total pot $18 | Rake $0.36
Board [Qc 6s 4d 2s]
Seat 1: nyatsocow (big blind) folded on the Turn
Seat 2: Necromadx (button) (small blind) collected ($17.64)


PokerStars Hand #144925538628:  Hold'em Limit ($3/$6 USD) - 2015/12/06 14:21:06 ET
Table 'Laocoon II' 2-max Seat #1 is the button
Seat 1: nyatsocow ($67.08 in chips)
Seat 2: Necromadx ($168.96 in chips)
nyatsocow: posts small blind $1
Necromadx: posts big blind $3
*** HOLE CARDS ***
nyatsocow: folds
Uncalled bet ($2) returned to Necromadx
Necromadx collected $2 from pot
Necromadx: doesn't show hand
*** SUMMARY ***
Total pot $2 | Rake $0
Seat 1: nyatsocow (button) (small blind) folded before Flop
Seat 2: Necromadx (big blind) collected ($2)


PokerStars Hand #144925508955:  Hold'em Limit ($3/$6 USD) - 2015/12/06 14:20:39 ET
Table 'Laocoon II' 2-max Seat #2 is the button
Seat 1: nyatsocow ($58.44 in chips)
Seat 2: Necromadx ($177.96 in chips)
Necromadx: posts small blind $1
nyatsocow: posts big blind $3
*** HOLE CARDS ***
Necromadx: raises $3 to $6
nyatsocow: calls $3
*** FLOP *** [5c 9s 7h]
nyatsocow: checks
Necromadx: bets $3
nyatsocow: calls $3
*** TURN *** [5c 9s 7h] [Th]
nyatsocow: checks
Necromadx: checks
*** RIVER *** [5c 9s 7h Th] [Jd]
nyatsocow: checks
Necromadx: checks
*** SHOW DOWN ***
nyatsocow: shows [Kd 9c] (a pair of Nines)
Necromadx: mucks hand
nyatsocow collected $17.64 from pot
*** SUMMARY ***
Total pot $18 | Rake $0.36
Board [5c 9s 7h Th Jd]
Seat 1: nyatsocow (big blind) showed [Kd 9c] and won ($17.64) with a pair of Nines
Seat 2: Necromadx (button) (small blind) mucked


PokerStars Hand #144925623782:  Hold'em Limit ($3/$6 USD) - 2015/12/06 14:22:24 ET
Table 'Laocoon II' 2-max Seat #2 is the button
Seat 1: nyatsocow ($77.36 in chips)
Seat 2: Necromadx ($157.60 in chips)
Necromadx: posts small blind $1
nyatsocow: posts big blind $3
*** HOLE CARDS ***
Necromadx: raises $3 to $6
nyatsocow: calls $3
*** FLOP *** [9c 7s 8d]
nyatsocow: checks
Necromadx: bets $3
nyatsocow: raises $3 to $6
Necromadx: calls $3
*** TURN *** [9c 7s 8d] [Js]
nyatsocow: checks
Necromadx: checks
*** RIVER *** [9c 7s 8d Js] [8c]
nyatsocow: checks
Necromadx: checks
*** SHOW DOWN ***
nyatsocow: shows [9s Qc] (two pair, Nines and Eights)
Necromadx: mucks hand
nyatsocow collected $23.52 from pot
*** SUMMARY ***
Total pot $24 | Rake $0.48
Board [9c 7s 8d Js 8c]
Seat 1: nyatsocow (big blind) showed [9s Qc] and won ($23.52) with two pair, Nines and Eights
Seat 2: Necromadx (button) (small blind) mucked


PokerStars Hand #144925616627:  Hold'em Limit ($3/$6 USD) - 2015/12/06 14:22:17 ET
Table 'Laocoon II' 2-max Seat #1 is the button
Seat 1: nyatsocow ($74.36 in chips)
Seat 2: Necromadx ($160.60 in chips)
nyatsocow: posts small blind $1
Necromadx: posts big blind $3
*** HOLE CARDS ***
nyatsocow: raises $3 to $6
Necromadx: folds
Uncalled bet ($3) returned to nyatsocow
nyatsocow collected $6 from pot
nyatsocow: doesn't show hand
*** SUMMARY ***
Total pot $6 | Rake $0
Seat 1: nyatsocow (button) (small blind) collected ($6)
Seat 2: Necromadx (big blind) folded before Flop


PokerStars Hand #144925590063:  Hold'em Limit ($3/$6 USD) - 2015/12/06 14:21:53 ET
Table 'Laocoon II' 2-max Seat #2 is the button
Seat 1: nyatsocow ($65.72 in chips)
Seat 2: Necromadx ($169.60 in chips)
Necromadx: posts small blind $1
nyatsocow: posts big blind $3
*** HOLE CARDS ***
Necromadx: raises $3 to $6
nyatsocow: calls $3
*** FLOP *** [Kc Tc 7s]
nyatsocow: checks
Necromadx: bets $3
nyatsocow: calls $3
*** TURN *** [Kc Tc 7s] [2s]
nyatsocow: checks
Necromadx: checks
*** RIVER *** [Kc Tc 7s 2s] [Th]
nyatsocow: checks
Necromadx: checks
*** SHOW DOWN ***
nyatsocow: shows [3d Td] (three of a kind, Tens)
Necromadx: mucks hand
nyatsocow collected $17.64 from pot
*** SUMMARY ***
Total pot $18 | Rake $0.36
Board [Kc Tc 7s 2s Th]
Seat 1: nyatsocow (big blind) showed [3d Td] and won ($17.64) with three of a kind, Tens
Seat 2: Necromadx (button) (small blind) mucked


PokerStars Hand #144925565793:  Hold'em Limit ($3/$6 USD) - 2015/12/06 14:21:31 ET
Table 'Laocoon II' 2-max Seat #1 is the button
Seat 1: nyatsocow ($57.08 in chips)
Seat 2: Necromadx ($178.60 in chips)
nyatsocow: posts small blind $1
Necromadx: posts big blind $3
*** HOLE CARDS ***
nyatsocow: raises $3 to $6
Necromadx: calls $3
*** FLOP *** [Jh 5d 8c]
Necromadx: checks
nyatsocow: bets $3
Necromadx: calls $3
*** TURN *** [Jh 5d 8c] [4c]
Necromadx: checks
nyatsocow: checks
*** RIVER *** [Jh 5d 8c 4c] [2h]
Necromadx: checks
nyatsocow: bets $6
Necromadx: folds
Uncalled bet ($6) returned to nyatsocow
nyatsocow collected $17.64 from pot
*** SUMMARY ***
Total pot $18 | Rake $0.36
Board [Jh 5d 8c 4c 2h]
Seat 1: nyatsocow (button) (small blind) collected ($17.64)
Seat 2: Necromadx (big blind) folded on the River


PokerStars Hand #144925686975:  Hold'em Limit ($3/$6 USD) - 2015/12/06 14:23:22 ET
Table 'Laocoon II' 2-max Seat #1 is the button
Seat 1: nyatsocow ($80.88 in chips)
Seat 2: Necromadx ($153.24 in chips)
nyatsocow: posts small blind $1
Necromadx: posts big blind $3
*** HOLE CARDS ***
nyatsocow: raises $3 to $6
Necromadx: calls $3
*** FLOP *** [5d 3h Jd]
Necromadx: checks
nyatsocow: bets $3
Necromadx: calls $3
*** TURN *** [5d 3h Jd] [Qs]
Necromadx: checks
nyatsocow: bets $6
Necromadx: calls $6
*** RIVER *** [5d 3h Jd Qs] [7c]
Necromadx: checks
nyatsocow: bets $6
Necromadx: calls $6
*** SHOW DOWN ***
nyatsocow: shows [9h 8s] (high card Queen)
Necromadx: shows [4d 5s] (a pair of Fives)
Necromadx collected $41.50 from pot
*** SUMMARY ***
Total pot $42 | Rake $0.50
Board [5d 3h Jd Qs 7c]
Seat 1: nyatsocow (button) (small blind) showed [9h 8s] and lost with high card Queen
Seat 2: Necromadx (big blind) showed [4d 5s] and won ($41.50) with a pair of Fives


PokerStars Hand #144925678637:  Hold'em Limit ($3/$6 USD) - 2015/12/06 14:23:14 ET
Table 'Laocoon II' 2-max Seat #2 is the button
Seat 1: nyatsocow ($83.88 in chips)
Seat 2: Necromadx ($150.24 in chips)
Necromadx: posts small blind $1
nyatsocow: posts big blind $3
*** HOLE CARDS ***
Necromadx: raises $3 to $6
nyatsocow: folds
Uncalled bet ($3) returned to Necromadx
Necromadx collected $6 from pot
Necromadx: doesn't show hand
*** SUMMARY ***
Total pot $6 | Rake $0
Seat 1: nyatsocow (big blind) folded before Flop
Seat 2: Necromadx (button) (small blind) collected ($6)


PokerStars Hand #144925670357:  Hold'em Limit ($3/$6 USD) - 2015/12/06 14:23:06 ET
Table 'Laocoon II' 2-max Seat #1 is the button
Seat 1: nyatsocow ($80.88 in chips)
Seat 2: Necromadx ($153.24 in chips)
nyatsocow: posts small blind $1
Necromadx: posts big blind $3
*** HOLE CARDS ***
nyatsocow: raises $3 to $6
Necromadx: folds
Uncalled bet ($3) returned to nyatsocow
nyatsocow collected $6 from pot
*** SUMMARY ***
Total pot $6 | Rake $0
Seat 1: nyatsocow (button) (small blind) collected ($6)
Seat 2: Necromadx (big blind) folded before Flop


PokerStars Hand #144925663292:  Hold'em Limit ($3/$6 USD) - 2015/12/06 14:23:00 ET
Table 'Laocoon II' 2-max Seat #2 is the button
Seat 1: nyatsocow ($79.88 in chips)
Seat 2: Necromadx ($154.24 in chips)
Necromadx: posts small blind $1
nyatsocow: posts big blind $3
*** HOLE CARDS ***
Necromadx: folds
Uncalled bet ($2) returned to nyatsocow
nyatsocow collected $2 from pot
*** SUMMARY ***
Total pot $2 | Rake $0
Seat 1: nyatsocow (big blind) collected ($2)
Seat 2: Necromadx (button) (small blind) folded before Flop


PokerStars Hand #144925645523:  Hold'em Limit ($3/$6 USD) - 2015/12/06 14:22:44 ET
Table 'Laocoon II' 2-max Seat #1 is the button
Seat 1: nyatsocow ($88.88 in chips)
Seat 2: Necromadx ($145.60 in chips)
nyatsocow: posts small blind $1
Necromadx: posts big blind $3
*** HOLE CARDS ***
nyatsocow: raises $3 to $6
Necromadx: calls $3
*** FLOP *** [Qc Jh 2h]
Necromadx: checks
nyatsocow: bets $3
Necromadx: raises $3 to $6
nyatsocow: folds
Uncalled bet ($3) returned to Necromadx
Necromadx collected $17.64 from pot
Necromadx: doesn't show hand
*** SUMMARY ***
Total pot $18 | Rake $0.36
Board [Qc Jh 2h]
Seat 1: nyatsocow (button) (small blind) folded on the Flop
Seat 2: Necromadx (big blind) collected ($17.64)


PokerStars Hand #144925751829:  Hold'em Limit ($3/$6 USD) - 2015/12/06 14:24:22 ET
Table 'Laocoon II' 2-max Seat #1 is the button
Seat 1: nyatsocow ($31.88 in chips)
Seat 2: Necromadx ($201.24 in chips)
nyatsocow: posts small blind $1
Necromadx: posts big blind $3
*** HOLE CARDS ***
nyatsocow: raises $3 to $6
Necromadx: calls $3
*** FLOP *** [4d Jh 3c]
Necromadx: checks
nyatsocow: bets $3
Necromadx: raises $3 to $6
nyatsocow: calls $3
*** TURN *** [4d Jh 3c] [Td]
Necromadx: bets $6
nyatsocow: calls $6
*** RIVER *** [4d Jh 3c Td] [9s]
Necromadx: bets $6
nyatsocow: raises $6 to $12
Necromadx: raises $6 to $18
nyatsocow: calls $1.88 and is all-in
Uncalled bet ($4.12) returned to Necromadx
*** SHOW DOWN ***
Necromadx: shows [Jc 8h] (a pair of Jacks)
nyatsocow: shows [Qc Kh] (a straight, Nine to King)
nyatsocow collected $63.26 from pot
*** SUMMARY ***
Total pot $63.76 | Rake $0.50
Board [4d Jh 3c Td 9s]
Seat 1: nyatsocow (button) (small blind) showed [Qc Kh] and won ($63.26) with a straight, Nine to King
Seat 2: Necromadx (big blind) showed [Jc 8h] and lost with a pair of Jacks


PokerStars Hand #144925720367:  Hold'em Limit ($3/$6 USD) - 2015/12/06 14:23:53 ET
Table 'Laocoon II' 2-max Seat #2 is the button
Seat 1: nyatsocow ($55.88 in chips)
Seat 2: Necromadx ($177.74 in chips)
Necromadx: posts small blind $1
nyatsocow: posts big blind $3
*** HOLE CARDS ***
Necromadx: raises $3 to $6
nyatsocow: raises $3 to $9
Necromadx: calls $3
*** FLOP *** [5h Jc 9d]
nyatsocow: bets $3
Necromadx: calls $3
*** TURN *** [5h Jc 9d] [7h]
nyatsocow: bets $6
Necromadx: raises $6 to $12
nyatsocow: calls $6
*** RIVER *** [5h Jc 9d 7h] [3h]
nyatsocow: checks
Necromadx: bets $6
nyatsocow: folds
Uncalled bet ($6) returned to Necromadx
Necromadx collected $47.50 from pot
Necromadx: doesn't show hand
*** SUMMARY ***
Total pot $48 | Rake $0.50
Board [5h Jc 9d 7h 3h]
Seat 1: nyatsocow (big blind) folded on the River
Seat 2: Necromadx (button) (small blind) collected ($47.50)


PokerStars Hand #144925713838:  Hold'em Limit ($3/$6 USD) - 2015/12/06 14:23:47 ET
Table 'Laocoon II' 2-max Seat #1 is the button
Seat 1: nyatsocow ($56.88 in chips)
Seat 2: Necromadx ($176.74 in chips)
nyatsocow: posts small blind $1
Necromadx: posts big blind $3
*** HOLE CARDS ***
nyatsocow: folds
Uncalled bet ($2) returned to Necromadx
Necromadx collected $2 from pot
Necromadx: doesn't show hand
*** SUMMARY ***
Total pot $2 | Rake $0
Seat 1: nyatsocow (button) (small blind) folded before Flop
Seat 2: Necromadx (big blind) collected ($2)


PokerStars Hand #144925706330:  Hold'em Limit ($3/$6 USD) - 2015/12/06 14:23:40 ET
Table 'Laocoon II' 2-max Seat #2 is the button
Seat 1: nyatsocow ($59.88 in chips)
Seat 2: Necromadx ($173.74 in chips)
Necromadx: posts small blind $1
nyatsocow: posts big blind $3
*** HOLE CARDS ***
Necromadx: raises $3 to $6
nyatsocow: folds
Uncalled bet ($3) returned to Necromadx
Necromadx collected $6 from pot
Necromadx: doesn't show hand
*** SUMMARY ***
Total pot $6 | Rake $0
Seat 1: nyatsocow (big blind) folded before Flop
Seat 2: Necromadx (button) (small blind) collected ($6)


PokerStars Hand #144925836978:  Hold'em Limit ($3/$6 USD) - 2015/12/06 14:25:40 ET
Table 'Laocoon II' 2-max Seat #1 is the button
Seat 1: nyatsocow ($27.26 in chips)
Seat 2: Necromadx ($204.36 in chips)
nyatsocow: posts small blind $1
Necromadx: posts big blind $3
*** HOLE CARDS ***
nyatsocow: folds
Uncalled bet ($2) returned to Necromadx
Necromadx collected $2 from pot
Necromadx: doesn't show hand
*** SUMMARY ***
Total pot $2 | Rake $0
Seat 1: nyatsocow (button) (small blind) folded before Flop
Seat 2: Necromadx (big blind) collected ($2)


PokerStars Hand #144925805793:  Hold'em Limit ($3/$6 USD) - 2015/12/06 14:25:12 ET
Table 'Laocoon II' 2-max Seat #2 is the button
Seat 1: nyatsocow ($45.26 in chips)
Seat 2: Necromadx ($186.86 in chips)
Necromadx: posts small blind $1
nyatsocow: posts big blind $3
*** HOLE CARDS ***
Necromadx: raises $3 to $6
nyatsocow: calls $3
*** FLOP *** [3h 9s 6c]
nyatsocow: checks
Necromadx: bets $3
nyatsocow: raises $3 to $6
Necromadx: calls $3
*** TURN *** [3h 9s 6c] [3d]
nyatsocow: bets $6
Necromadx: calls $6
*** RIVER *** [3h 9s 6c 3d] [Ah]
nyatsocow: checks
Necromadx: bets $6
nyatsocow: folds
Uncalled bet ($6) returned to Necromadx
Necromadx collected $35.50 from pot
Necromadx: doesn't show hand
*** SUMMARY ***
Total pot $36 | Rake $0.50
Board [3h 9s 6c 3d Ah]
Seat 1: nyatsocow (big blind) folded on the River
Seat 2: Necromadx (button) (small blind) collected ($35.50)


PokerStars Hand #144925799401:  Hold'em Limit ($3/$6 USD) - 2015/12/06 14:25:05 ET
Table 'Laocoon II' 2-max Seat #1 is the button
Seat 1: nyatsocow ($42.26 in chips)
Seat 2: Necromadx ($189.86 in chips)
nyatsocow: posts small blind $1
Necromadx: posts big blind $3
*** HOLE CARDS ***
nyatsocow: raises $3 to $6
Necromadx: folds
Uncalled bet ($3) returned to nyatsocow
nyatsocow collected $6 from pot
*** SUMMARY ***
Total pot $6 | Rake $0
Seat 1: nyatsocow (button) (small blind) collected ($6)
Seat 2: Necromadx (big blind) folded before Flop


PokerStars Hand #144925778762:  Hold'em Limit ($3/$6 USD) - 2015/12/06 14:24:46 ET
Table 'Laocoon II' 2-max Seat #2 is the button
Seat 1: nyatsocow ($63.26 in chips)
Seat 2: Necromadx ($169.36 in chips)
Necromadx: posts small blind $1
nyatsocow: posts big blind $3
*** HOLE CARDS ***
Necromadx: raises $3 to $6
nyatsocow: calls $3
*** FLOP *** [Jd 3c 7s]
nyatsocow: checks
Necromadx: bets $3
nyatsocow: calls $3
*** TURN *** [Jd 3c 7s] [7h]
nyatsocow: checks
Necromadx: bets $6
nyatsocow: calls $6
*** RIVER *** [Jd 3c 7s 7h] [4c]
nyatsocow: checks
Necromadx: bets $6
nyatsocow: calls $6
*** SHOW DOWN ***
Necromadx: shows [Tc Jh] (two pair, Jacks and Sevens)
nyatsocow: mucks hand
Necromadx collected $41.50 from pot
*** SUMMARY ***
Total pot $42 | Rake $0.50
Board [Jd 3c 7s 7h 4c]
Seat 1: nyatsocow (big blind) mucked
Seat 2: Necromadx (button) (small blind) showed [Tc Jh] and won ($41.50) with two pair, Jacks and Sevens


PokerStars Hand #144925877702:  Hold'em Limit ($3/$6 USD) - 2015/12/06 14:26:18 ET
Table 'Laocoon II' 2-max Seat #2 is the button
Seat 1: nyatsocow ($13.26 in chips)
Seat 2: Necromadx ($217.88 in chips)
Necromadx: posts small blind $1
nyatsocow: posts big blind $3
*** HOLE CARDS ***
Necromadx: raises $3 to $6
nyatsocow: calls $3
*** FLOP *** [Jh Jd 7s]
nyatsocow: checks
Necromadx: bets $3
nyatsocow: folds
Uncalled bet ($3) returned to Necromadx
Necromadx collected $11.76 from pot
Necromadx: doesn't show hand
*** SUMMARY ***
Total pot $12 | Rake $0.24
Board [Jh Jd 7s]
Seat 1: nyatsocow (big blind) folded on the Flop
Seat 2: Necromadx (button) (small blind) collected ($11.76)


PokerStars Hand #144925870953:  Hold'em Limit ($3/$6 USD) - 2015/12/06 14:26:11 ET
Table 'Laocoon II' 2-max Seat #1 is the button
Seat 1: nyatsocow ($14.26 in chips)
Seat 2: Necromadx ($216.88 in chips)
nyatsocow: posts small blind $1
Necromadx: posts big blind $3
*** HOLE CARDS ***
nyatsocow: folds
Uncalled bet ($2) returned to Necromadx
Necromadx collected $2 from pot
Necromadx: doesn't show hand
*** SUMMARY ***
Total pot $2 | Rake $0
Seat 1: nyatsocow (button) (small blind) folded before Flop
Seat 2: Necromadx (big blind) collected ($2)


PokerStars Hand #144925841808:  Hold'em Limit ($3/$6 USD) - 2015/12/06 14:25:44 ET
Table 'Laocoon II' 2-max Seat #2 is the button
Seat 1: nyatsocow ($26.26 in chips)
Seat 2: Necromadx ($205.36 in chips)
Necromadx: posts small blind $1
nyatsocow: posts big blind $3
*** HOLE CARDS ***
Necromadx: raises $3 to $6
nyatsocow: raises $3 to $9
Necromadx: calls $3
*** FLOP *** [Kd 8h Kc]
nyatsocow: bets $3
Necromadx: calls $3
*** TURN *** [Kd 8h Kc] [Qh]
nyatsocow: checks
Necromadx: bets $6
nyatsocow: folds
Uncalled bet ($6) returned to Necromadx
Necromadx collected $23.52 from pot
Necromadx: doesn't show hand
*** SUMMARY ***
Total pot $24 | Rake $0.48
Board [Kd 8h Kc Qh]
Seat 1: nyatsocow (big blind) folded on the Turn
Seat 2: Necromadx (button) (small blind) collected ($23.52)


PokerStars Hand #144925902106:  Hold'em Limit ($3/$6 USD) - 2015/12/06 14:26:41 ET
Table 'Laocoon II' 2-max Seat #2 is the button
Seat 1: nyatsocow ($10.26 in chips)
Seat 2: Necromadx ($220.64 in chips)
Necromadx: posts small blind $1
nyatsocow: posts big blind $3
*** HOLE CARDS ***
Necromadx: raises $3 to $6
nyatsocow: raises $3 to $9
Necromadx: calls $3
*** FLOP *** [4c 5h 5c]
nyatsocow: bets $1.26 and is all-in
Necromadx: calls $1.26
*** TURN *** [4c 5h 5c] [8d]
*** RIVER *** [4c 5h 5c 8d] [3c]
*** SHOW DOWN ***
nyatsocow: shows [Ts Jh] (a pair of Fives)
Necromadx: shows [9h Kh] (a pair of Fives - King kicker)
Necromadx collected $20.11 from pot
*** SUMMARY ***
Total pot $20.52 | Rake $0.41
Board [4c 5h 5c 8d 3c]
Seat 1: nyatsocow (big blind) showed [Ts Jh] and lost with a pair of Fives
Seat 2: Necromadx (button) (small blind) showed [9h Kh] and won ($20.11) with a pair of Fives


PokerStars Hand #144925890743:  Hold'em Limit ($3/$6 USD) - 2015/12/06 14:26:30 ET
Table 'Laocoon II' 2-max Seat #1 is the button
Seat 1: nyatsocow ($7.26 in chips)
Seat 2: Necromadx ($223.64 in chips)
nyatsocow: posts small blind $1
Necromadx: posts big blind $3
*** HOLE CARDS ***
nyatsocow: raises $3 to $6
Necromadx: folds
Uncalled bet ($3) returned to nyatsocow
nyatsocow collected $6 from pot
nyatsocow: doesn't show hand
*** SUMMARY ***
Total pot $6 | Rake $0
Seat 1: nyatsocow (button) (small blind) collected ($6)
Seat 2: Necromadx (big blind) folded before Flop


PokerStars Hand #144940417718:  Hold'em Limit ($3/$6 USD) - 2015/12/06 18:30:10 ET
Table 'Laocoon II' 2-max Seat #1 is the button
Seat 1: Miss Baxter ($95.50 in chips)
Seat 2: Necromadx ($204.49 in chips)
Miss Baxter: posts small blind $1
Necromadx: posts big blind $3
*** HOLE CARDS ***
Miss Baxter: raises $3 to $6
Necromadx: calls $3
*** FLOP *** [9s Jh 6c]
Necromadx: checks
Miss Baxter: bets $3
Necromadx: calls $3
*** TURN *** [9s Jh 6c] [8d]
Necromadx: checks
Miss Baxter: checks
*** RIVER *** [9s Jh 6c 8d] [9c]
Necromadx: bets $6
Miss Baxter: folds
Uncalled bet ($6) returned to Necromadx
Necromadx collected $17.64 from pot
Necromadx: doesn't show hand
*** SUMMARY ***
Total pot $18 | Rake $0.36
Board [9s Jh 6c 8d 9c]
Seat 1: Miss Baxter (button) (small blind) folded on the River
Seat 2: Necromadx (big blind) collected ($17.64)


PokerStars Hand #144940428368:  Hold'em Limit ($3/$6 USD) - 2015/12/06 18:30:23 ET
Table 'Laocoon II' 2-max Seat #2 is the button
Seat 1: Miss Baxter ($86.50 in chips)
Seat 2: Necromadx ($213.13 in chips)
Necromadx: posts small blind $1
Miss Baxter: posts big blind $3
*** HOLE CARDS ***
Necromadx: raises $3 to $6
Miss Baxter: calls $3
*** FLOP *** [3c 4d 8c]
Miss Baxter: checks
Necromadx: bets $3
Miss Baxter: raises $3 to $6
Necromadx: calls $3
*** TURN *** [3c 4d 8c] [Td]
Miss Baxter: bets $6
Necromadx: folds
Uncalled bet ($6) returned to Miss Baxter
Miss Baxter collected $23.52 from pot
Miss Baxter: doesn't show hand
*** SUMMARY ***
Total pot $24 | Rake $0.48
Board [3c 4d 8c Td]
Seat 1: Miss Baxter (big blind) collected ($23.52)
Seat 2: Necromadx (button) (small blind) folded on the Turn


PokerStars Hand #144940437409:  Hold'em Limit ($3/$6 USD) - 2015/12/06 18:30:34 ET
Table 'Laocoon II' 2-max Seat #1 is the button
Seat 1: Miss Baxter ($98.02 in chips)
Seat 2: Necromadx ($201.13 in chips)
Miss Baxter: posts small blind $1
Necromadx: posts big blind $3
*** HOLE CARDS ***
Miss Baxter: raises $3 to $6
Necromadx: calls $3
*** FLOP *** [Jh 5c As]
Necromadx: checks
Miss Baxter: bets $3
Necromadx: calls $3
*** TURN *** [Jh 5c As] [7d]
Necromadx: checks
Miss Baxter: bets $6
Necromadx: folds
Uncalled bet ($6) returned to Miss Baxter
Miss Baxter collected $17.64 from pot
Miss Baxter: doesn't show hand
*** SUMMARY ***
Total pot $18 | Rake $0.36
Board [Jh 5c As 7d]
Seat 1: Miss Baxter (button) (small blind) collected ($17.64)
Seat 2: Necromadx (big blind) folded on the Turn


PokerStars Hand #144940454717:  Hold'em Limit ($3/$6 USD) - 2015/12/06 18:30:55 ET
Table 'Laocoon II' 2-max Seat #1 is the button
Seat 1: Miss Baxter ($91.66 in chips)
Seat 2: Necromadx ($206.63 in chips)
Miss Baxter: posts small blind $1
Necromadx: posts big blind $3
*** HOLE CARDS ***
Miss Baxter: raises $3 to $6
Necromadx: folds
Uncalled bet ($3) returned to Miss Baxter
Miss Baxter collected $6 from pot
Miss Baxter: doesn't show hand
*** SUMMARY ***
Total pot $6 | Rake $0
Seat 1: Miss Baxter (button) (small blind) collected ($6)
Seat 2: Necromadx (big blind) folded before Flop


PokerStars Hand #144940444797:  Hold'em Limit ($3/$6 USD) - 2015/12/06 18:30:43 ET
Table 'Laocoon II' 2-max Seat #2 is the button
Seat 1: Miss Baxter ($106.66 in chips)
Seat 2: Necromadx ($192.13 in chips)
Necromadx: posts small blind $1
Miss Baxter: posts big blind $3
*** HOLE CARDS ***
Necromadx: raises $3 to $6
Miss Baxter: calls $3
*** FLOP *** [2d As 5c]
Miss Baxter: checks
Necromadx: bets $3
Miss Baxter: calls $3
*** TURN *** [2d As 5c] [Qd]
Miss Baxter: checks
Necromadx: checks
*** RIVER *** [2d As 5c Qd] [7h]
Miss Baxter: bets $6
Necromadx: calls $6
*** SHOW DOWN ***
Miss Baxter: shows [7c 4c] (a pair of Sevens)
Necromadx: shows [6c 7s] (a pair of Sevens - Ace+Queen+Six kicker)
Necromadx collected $29.50 from pot
*** SUMMARY ***
Total pot $30 | Rake $0.50
Board [2d As 5c Qd 7h]
Seat 1: Miss Baxter (big blind) showed [7c 4c] and lost with a pair of Sevens
Seat 2: Necromadx (button) (small blind) showed [6c 7s] and won ($29.50) with a pair of Sevens


PokerStars Hand #144940459789:  Hold'em Limit ($3/$6 USD) - 2015/12/06 18:31:01 ET
Table 'Laocoon II' 2-max Seat #2 is the button
Seat 1: Miss Baxter ($94.66 in chips)
Seat 2: Necromadx ($203.63 in chips)
Necromadx: posts small blind $1
Miss Baxter: posts big blind $3
*** HOLE CARDS ***
Necromadx: folds
Uncalled bet ($2) returned to Miss Baxter
Miss Baxter collected $2 from pot
Miss Baxter: doesn't show hand
*** SUMMARY ***
Total pot $2 | Rake $0
Seat 1: Miss Baxter (big blind) collected ($2)
Seat 2: Necromadx (button) (small blind) folded before Flop


PokerStars Hand #144940463617:  Hold'em Limit ($3/$6 USD) - 2015/12/06 18:31:06 ET
Table 'Laocoon II' 2-max Seat #1 is the button
Seat 1: Miss Baxter ($95.66 in chips)
Seat 2: Necromadx ($202.63 in chips)
Miss Baxter: posts small blind $1
Necromadx: posts big blind $3
*** HOLE CARDS ***
Miss Baxter: raises $3 to $6
Necromadx: calls $3
*** FLOP *** [8d 6c Ac]
Necromadx: checks
Miss Baxter: checks
*** TURN *** [8d 6c Ac] [Qd]
Necromadx: checks
Miss Baxter: bets $6
Necromadx: folds
Uncalled bet ($6) returned to Miss Baxter
Miss Baxter collected $11.76 from pot
Miss Baxter: doesn't show hand
*** SUMMARY ***
Total pot $12 | Rake $0.24
Board [8d 6c Ac Qd]
Seat 1: Miss Baxter (button) (small blind) collected ($11.76)
Seat 2: Necromadx (big blind) folded on the Turn


PokerStars Hand #144940471470:  Hold'em Limit ($3/$6 USD) - 2015/12/06 18:31:16 ET
Table 'Laocoon II' 2-max Seat #2 is the button
Seat 1: Miss Baxter ($101.42 in chips)
Seat 2: Necromadx ($196.63 in chips)
Necromadx: posts small blind $1
Miss Baxter: posts big blind $3
*** HOLE CARDS ***
Necromadx: raises $3 to $6
Miss Baxter: calls $3
*** FLOP *** [4s 4c 6h]
Miss Baxter: checks
Necromadx: bets $3
Miss Baxter: calls $3
*** TURN *** [4s 4c 6h] [Ah]
Miss Baxter: checks
Necromadx: checks
*** RIVER *** [4s 4c 6h Ah] [6c]
Miss Baxter: bets $6
Necromadx: raises $6 to $12
Miss Baxter: calls $6
*** SHOW DOWN ***
Necromadx: shows [Jd 5h] (two pair, Sixes and Fours)
Miss Baxter: shows [Js Kd] (two pair, Sixes and Fours)
Miss Baxter collected $20.75 from pot
Necromadx collected $20.75 from pot
*** SUMMARY ***
Total pot $42 | Rake $0.50
Board [4s 4c 6h Ah 6c]
Seat 1: Miss Baxter (big blind) showed [Js Kd] and won ($20.75) with two pair, Sixes and Fours
Seat 2: Necromadx (button) (small blind) showed [Jd 5h] and won ($20.75) with two pair, Sixes and Fours


PokerStars Hand #144940486257:  Hold'em Limit ($3/$6 USD) - 2015/12/06 18:31:34 ET
Table 'Laocoon II' 2-max Seat #2 is the button
Seat 1: Miss Baxter ($104.17 in chips)
Seat 2: Necromadx ($193.38 in chips)
Necromadx: posts small blind $1
Miss Baxter: posts big blind $3
*** HOLE CARDS ***
Necromadx: folds
Uncalled bet ($2) returned to Miss Baxter
Miss Baxter collected $2 from pot
Miss Baxter: doesn't show hand
*** SUMMARY ***
Total pot $2 | Rake $0
Seat 1: Miss Baxter (big blind) collected ($2)
Seat 2: Necromadx (button) (small blind) folded before Flop


PokerStars Hand #144940481974:  Hold'em Limit ($3/$6 USD) - 2015/12/06 18:31:29 ET
Table 'Laocoon II' 2-max Seat #1 is the button
Seat 1: Miss Baxter ($101.17 in chips)
Seat 2: Necromadx ($196.38 in chips)
Miss Baxter: posts small blind $1
Necromadx: posts big blind $3
*** HOLE CARDS ***
Miss Baxter: raises $3 to $6
Necromadx: folds
Uncalled bet ($3) returned to Miss Baxter
Miss Baxter collected $6 from pot
Miss Baxter: doesn't show hand
*** SUMMARY ***
Total pot $6 | Rake $0
Seat 1: Miss Baxter (button) (small blind) collected ($6)
Seat 2: Necromadx (big blind) folded before Flop


PokerStars Hand #144940489551:  Hold'em Limit ($3/$6 USD) - 2015/12/06 18:31:38 ET
Table 'Laocoon II' 2-max Seat #1 is the button
Seat 1: Miss Baxter ($105.17 in chips)
Seat 2: Necromadx ($192.38 in chips)
Miss Baxter: posts small blind $1
Necromadx: posts big blind $3
*** HOLE CARDS ***
Miss Baxter: raises $3 to $6
Necromadx: calls $3
*** FLOP *** [6s 7d Qc]
Necromadx: checks
Miss Baxter: checks
*** TURN *** [6s 7d Qc] [6h]
Necromadx: checks
Miss Baxter: checks
*** RIVER *** [6s 7d Qc 6h] [Ah]
Necromadx: checks
Miss Baxter: checks
*** SHOW DOWN ***
Necromadx: shows [4s 2s] (a pair of Sixes)
Miss Baxter: shows [5c Jd] (a pair of Sixes - Ace+Queen+Jack kicker)
Miss Baxter collected $11.76 from pot
*** SUMMARY ***
Total pot $12 | Rake $0.24
Board [6s 7d Qc 6h Ah]
Seat 1: Miss Baxter (button) (small blind) showed [5c Jd] and won ($11.76) with a pair of Sixes
Seat 2: Necromadx (big blind) showed [4s 2s] and lost with a pair of Sixes


PokerStars Hand #144940498706:  Hold'em Limit ($3/$6 USD) - 2015/12/06 18:31:49 ET
Table 'Laocoon II' 2-max Seat #2 is the button
Seat 1: Miss Baxter ($110.93 in chips)
Seat 2: Necromadx ($186.38 in chips)
Necromadx: posts small blind $1
Miss Baxter: posts big blind $3
*** HOLE CARDS ***
Necromadx: raises $3 to $6
Miss Baxter: calls $3
*** FLOP *** [6h Td 6c]
Miss Baxter: checks
Necromadx: bets $3
Miss Baxter: calls $3
*** TURN *** [6h Td 6c] [3s]
Miss Baxter: checks
Necromadx: bets $6
Miss Baxter: folds
Uncalled bet ($6) returned to Necromadx
Necromadx collected $17.64 from pot
Necromadx: doesn't show hand
*** SUMMARY ***
Total pot $18 | Rake $0.36
Board [6h Td 6c 3s]
Seat 1: Miss Baxter (big blind) folded on the Turn
Seat 2: Necromadx (button) (small blind) collected ($17.64)


PokerStars Hand #144940508907:  Hold'em Limit ($3/$6 USD) - 2015/12/06 18:32:01 ET
Table 'Laocoon II' 2-max Seat #1 is the button
Seat 1: Miss Baxter ($101.93 in chips)
Seat 2: Necromadx ($195.02 in chips)
Miss Baxter: posts small blind $1
Necromadx: posts big blind $3
*** HOLE CARDS ***
Miss Baxter: raises $3 to $6
Necromadx: calls $3
*** FLOP *** [7c 7d 8c]
Necromadx: checks
Miss Baxter: bets $3
Necromadx: calls $3
*** TURN *** [7c 7d 8c] [Ah]
Necromadx: checks
Miss Baxter: bets $6
Necromadx: folds
Uncalled bet ($6) returned to Miss Baxter
Miss Baxter collected $17.64 from pot
Miss Baxter: doesn't show hand
*** SUMMARY ***
Total pot $18 | Rake $0.36
Board [7c 7d 8c Ah]
Seat 1: Miss Baxter (button) (small blind) collected ($17.64)
Seat 2: Necromadx (big blind) folded on the Turn


PokerStars Hand #144940522320:  Hold'em Limit ($3/$6 USD) - 2015/12/06 18:32:18 ET
Table 'Laocoon II' 2-max Seat #1 is the button
Seat 1: Miss Baxter ($104.57 in chips)
Seat 2: Necromadx ($191.78 in chips)
Miss Baxter: posts small blind $1
Necromadx: posts big blind $3
*** HOLE CARDS ***
Miss Baxter: folds
Uncalled bet ($2) returned to Necromadx
Necromadx collected $2 from pot
Necromadx: doesn't show hand
*** SUMMARY ***
Total pot $2 | Rake $0
Seat 1: Miss Baxter (button) (small blind) folded before Flop
Seat 2: Necromadx (big blind) collected ($2)


PokerStars Hand #144940516500:  Hold'em Limit ($3/$6 USD) - 2015/12/06 18:32:11 ET
Table 'Laocoon II' 2-max Seat #2 is the button
Seat 1: Miss Baxter ($110.57 in chips)
Seat 2: Necromadx ($186.02 in chips)
Necromadx: posts small blind $1
Miss Baxter: posts big blind $3
*** HOLE CARDS ***
Necromadx: raises $3 to $6
Miss Baxter: calls $3
*** FLOP *** [9d 3d 8h]
Miss Baxter: checks
Necromadx: bets $3
Miss Baxter: folds
Uncalled bet ($3) returned to Necromadx
Necromadx collected $11.76 from pot
Necromadx: doesn't show hand
*** SUMMARY ***
Total pot $12 | Rake $0.24
Board [9d 3d 8h]
Seat 1: Miss Baxter (big blind) folded on the Flop
Seat 2: Necromadx (button) (small blind) collected ($11.76)


PokerStars Hand #144940536831:  Hold'em Limit ($3/$6 USD) - 2015/12/06 18:32:35 ET
Table 'Laocoon II' 2-max Seat #1 is the button
Seat 1: Miss Baxter ($76.57 in chips)
Seat 2: Necromadx ($219.28 in chips)
Miss Baxter: posts small blind $1
Necromadx: posts big blind $3
*** HOLE CARDS ***
Miss Baxter: raises $3 to $6
Necromadx: folds
Uncalled bet ($3) returned to Miss Baxter
Miss Baxter collected $6 from pot
Miss Baxter: doesn't show hand
*** SUMMARY ***
Total pot $6 | Rake $0
Seat 1: Miss Baxter (button) (small blind) collected ($6)
Seat 2: Necromadx (big blind) folded before Flop


PokerStars Hand #144940525894:  Hold'em Limit ($3/$6 USD) - 2015/12/06 18:32:22 ET
Table 'Laocoon II' 2-max Seat #2 is the button
Seat 1: Miss Baxter ($103.57 in chips)
Seat 2: Necromadx ($192.78 in chips)
Necromadx: posts small blind $1
Miss Baxter: posts big blind $3
*** HOLE CARDS ***
Necromadx: raises $3 to $6
Miss Baxter: calls $3
*** FLOP *** [7s 9h 5h]
Miss Baxter: checks
Necromadx: bets $3
Miss Baxter: calls $3
*** TURN *** [7s 9h 5h] [Js]
Miss Baxter: checks
Necromadx: bets $6
Miss Baxter: calls $6
*** RIVER *** [7s 9h 5h Js] [8h]
Miss Baxter: bets $6
Necromadx: raises $6 to $12
Miss Baxter: calls $6
*** SHOW DOWN ***
Necromadx: shows [3h 4h] (a flush, Nine high)
Miss Baxter: mucks hand
Necromadx collected $53.50 from pot
*** SUMMARY ***
Total pot $54 | Rake $0.50
Board [7s 9h 5h Js 8h]
Seat 1: Miss Baxter (big blind) mucked
Seat 2: Necromadx (button) (small blind) showed [3h 4h] and won ($53.50) with a flush, Nine high


PokerStars Hand #144940541266:  Hold'em Limit ($3/$6 USD) - 2015/12/06 18:32:40 ET
Table 'Laocoon II' 2-max Seat #2 is the button
Seat 1: Miss Baxter ($79.57 in chips)
Seat 2: Necromadx ($216.28 in chips)
Necromadx: posts small blind $1
Miss Baxter: posts big blind $3
*** HOLE CARDS ***
Necromadx: raises $3 to $6
Miss Baxter: calls $3
*** FLOP *** [4d 8c 9c]
Miss Baxter: checks
Necromadx: bets $3
Miss Baxter: raises $3 to $6
Necromadx: calls $3
*** TURN *** [4d 8c 9c] [5h]
Miss Baxter: bets $6
Necromadx: calls $6
*** RIVER *** [4d 8c 9c 5h] [9h]
Miss Baxter: bets $6
Necromadx: calls $6
*** SHOW DOWN ***
Miss Baxter: shows [6c Tc] (a pair of Nines)
Necromadx: shows [Qh As] (a pair of Nines - Ace kicker)
Necromadx collected $47.50 from pot
*** SUMMARY ***
Total pot $48 | Rake $0.50
Board [4d 8c 9c 5h 9h]
Seat 1: Miss Baxter (big blind) showed [6c Tc] and lost with a pair of Nines
Seat 2: Necromadx (button) (small blind) showed [Qh As] and won ($47.50) with a pair of Nines


PokerStars Hand #144940551598:  Hold'em Limit ($3/$6 USD) - 2015/12/06 18:32:53 ET
Table 'Laocoon II' 2-max Seat #1 is the button
Seat 1: Miss Baxter ($55.57 in chips)
Seat 2: Necromadx ($239.78 in chips)
Miss Baxter: posts small blind $1
Necromadx: posts big blind $3
*** HOLE CARDS ***
Miss Baxter: folds
Uncalled bet ($2) returned to Necromadx
Necromadx collected $2 from pot
Necromadx: doesn't show hand
*** SUMMARY ***
Total pot $2 | Rake $0
Seat 1: Miss Baxter (button) (small blind) folded before Flop
Seat 2: Necromadx (big blind) collected ($2)


PokerStars Hand #144940556140:  Hold'em Limit ($3/$6 USD) - 2015/12/06 18:32:58 ET
Table 'Laocoon II' 2-max Seat #2 is the button
Seat 1: Miss Baxter ($54.57 in chips)
Seat 2: Necromadx ($240.78 in chips)
Necromadx: posts small blind $1
Miss Baxter: posts big blind $3
*** HOLE CARDS ***
Necromadx: raises $3 to $6
Miss Baxter: calls $3
*** FLOP *** [4c 2d Tc]
Miss Baxter: checks
Necromadx: bets $3
Miss Baxter: calls $3
*** TURN *** [4c 2d Tc] [Jc]
Miss Baxter: checks
Necromadx: bets $6
Miss Baxter: calls $6
*** RIVER *** [4c 2d Tc Jc] [3s]
Miss Baxter: checks
Necromadx: bets $6
Miss Baxter: calls $6
*** SHOW DOWN ***
Necromadx: shows [5c 7c] (a flush, Jack high)
Miss Baxter: mucks hand
Necromadx collected $41.50 from pot
*** SUMMARY ***
Total pot $42 | Rake $0.50
Board [4c 2d Tc Jc 3s]
Seat 1: Miss Baxter (big blind) mucked
Seat 2: Necromadx (button) (small blind) showed [5c 7c] and won ($41.50) with a flush, Jack high


PokerStars Hand #144940570339:  Hold'em Limit ($3/$6 USD) - 2015/12/06 18:33:16 ET
Table 'Laocoon II' 2-max Seat #1 is the button
Seat 1: Miss Baxter ($33.57 in chips)
Seat 2: Necromadx ($261.28 in chips)
Miss Baxter: posts small blind $1
Necromadx: posts big blind $3
*** HOLE CARDS ***
Miss Baxter: raises $3 to $6
Necromadx: raises $3 to $9
Miss Baxter: calls $3
*** FLOP *** [8d 5h 4c]
Necromadx: bets $3
Miss Baxter: calls $3
*** TURN *** [8d 5h 4c] [Js]
Necromadx: checks
Miss Baxter: bets $6
Necromadx: calls $6
*** RIVER *** [8d 5h 4c Js] [8s]
Necromadx: checks
Miss Baxter: bets $6
Necromadx: folds
Uncalled bet ($6) returned to Miss Baxter
Miss Baxter collected $35.50 from pot
Miss Baxter: doesn't show hand
*** SUMMARY ***
Total pot $36 | Rake $0.50
Board [8d 5h 4c Js 8s]
Seat 1: Miss Baxter (button) (small blind) collected ($35.50)
Seat 2: Necromadx (big blind) folded on the River


PokerStars Hand #144940579934:  Hold'em Limit ($3/$6 USD) - 2015/12/06 18:33:27 ET
Table 'Laocoon II' 2-max Seat #2 is the button
Seat 1: Miss Baxter ($51.07 in chips)
Seat 2: Necromadx ($243.28 in chips)
Necromadx: posts small blind $1
Miss Baxter: posts big blind $3
*** HOLE CARDS ***
Necromadx: raises $3 to $6
Miss Baxter: calls $3
*** FLOP *** [2d Qc Jc]
Miss Baxter: checks
Necromadx: bets $3
Miss Baxter: folds
Uncalled bet ($3) returned to Necromadx
Necromadx collected $11.76 from pot
Necromadx: doesn't show hand
*** SUMMARY ***
Total pot $12 | Rake $0.24
Board [2d Qc Jc]
Seat 1: Miss Baxter (big blind) folded on the Flop
Seat 2: Necromadx (button) (small blind) collected ($11.76)


PokerStars Hand #144940596102:  Hold'em Limit ($3/$6 USD) - 2015/12/06 18:33:47 ET
Table 'Laocoon II' 2-max Seat #1 is the button
Seat 1: Miss Baxter ($45.07 in chips)
Seat 2: Necromadx ($249.04 in chips)
Miss Baxter: posts small blind $1
Necromadx: posts big blind $3
*** HOLE CARDS ***
Miss Baxter: raises $3 to $6
Necromadx: calls $3
*** FLOP *** [9h Th 2c]
Necromadx: checks
Miss Baxter: checks
*** TURN *** [9h Th 2c] [5c]
Necromadx: checks
Miss Baxter: checks
*** RIVER *** [9h Th 2c 5c] [Ah]
Necromadx: checks
Miss Baxter: checks
*** SHOW DOWN ***
Necromadx: shows [4h 7d] (high card Ace)
Miss Baxter: shows [6c Qh] (high card Ace - Queen kicker)
Miss Baxter collected $11.76 from pot
*** SUMMARY ***
Total pot $12 | Rake $0.24
Board [9h Th 2c 5c Ah]
Seat 1: Miss Baxter (button) (small blind) showed [6c Qh] and won ($11.76) with high card Ace
Seat 2: Necromadx (big blind) showed [4h 7d] and lost with high card Ace


PokerStars Hand #144940630007:  Hold'em Limit ($3/$6 USD) - 2015/12/06 18:34:29 ET
Table 'Laocoon II' 2-max Seat #2 is the button
Seat 1: Miss Baxter ($43.83 in chips)
Seat 2: Necromadx ($249.80 in chips)
Necromadx: posts small blind $1
Miss Baxter: posts big blind $3
*** HOLE CARDS ***
Necromadx: folds
Uncalled bet ($2) returned to Miss Baxter
Miss Baxter collected $2 from pot
Miss Baxter: doesn't show hand
*** SUMMARY ***
Total pot $2 | Rake $0
Seat 1: Miss Baxter (big blind) collected ($2)
Seat 2: Necromadx (button) (small blind) folded before Flop


PokerStars Hand #144940626655:  Hold'em Limit ($3/$6 USD) - 2015/12/06 18:34:25 ET
Table 'Laocoon II' 2-max Seat #1 is the button
Seat 1: Miss Baxter ($44.83 in chips)
Seat 2: Necromadx ($248.80 in chips)
Miss Baxter: posts small blind $1
Necromadx: posts big blind $3
*** HOLE CARDS ***
Miss Baxter: folds
Uncalled bet ($2) returned to Necromadx
Necromadx collected $2 from pot
Necromadx: doesn't show hand
*** SUMMARY ***
Total pot $2 | Rake $0
Seat 1: Miss Baxter (button) (small blind) folded before Flop
Seat 2: Necromadx (big blind) collected ($2)


PokerStars Hand #144940607217:  Hold'em Limit ($3/$6 USD) - 2015/12/06 18:34:01 ET
Table 'Laocoon II' 2-max Seat #2 is the button
Seat 1: Miss Baxter ($50.83 in chips)
Seat 2: Necromadx ($243.04 in chips)
Necromadx: posts small blind $1
Miss Baxter: posts big blind $3
*** HOLE CARDS ***
Necromadx: raises $3 to $6
Miss Baxter: calls $3
*** FLOP *** [As 7s 4d]
Miss Baxter: checks
Necromadx: bets $3
Miss Baxter: folds
Uncalled bet ($3) returned to Necromadx
Necromadx collected $11.76 from pot
Necromadx: doesn't show hand
*** SUMMARY ***
Total pot $12 | Rake $0.24
Board [As 7s 4d]
Seat 1: Miss Baxter (big blind) folded on the Flop
Seat 2: Necromadx (button) (small blind) collected ($11.76)


PokerStars Hand #144940649445:  Hold'em Limit ($3/$6 USD) - 2015/12/06 18:34:53 ET
Table 'Laocoon II' 2-max Seat #2 is the button
Seat 1: Miss Baxter ($35.83 in chips)
Seat 2: Necromadx ($257.44 in chips)
Necromadx: posts small blind $1
Miss Baxter: posts big blind $3
*** HOLE CARDS ***
Necromadx: raises $3 to $6
Miss Baxter: folds
Uncalled bet ($3) returned to Necromadx
Necromadx collected $6 from pot
Necromadx: doesn't show hand
*** SUMMARY ***
Total pot $6 | Rake $0
Seat 1: Miss Baxter (big blind) folded before Flop
Seat 2: Necromadx (button) (small blind) collected ($6)


PokerStars Hand #144940633294:  Hold'em Limit ($3/$6 USD) - 2015/12/06 18:34:33 ET
Table 'Laocoon II' 2-max Seat #1 is the button
Seat 1: Miss Baxter ($44.83 in chips)
Seat 2: Necromadx ($248.80 in chips)
Miss Baxter: posts small blind $1
Necromadx: posts big blind $3
*** HOLE CARDS ***
Miss Baxter: raises $3 to $6
Necromadx: calls $3
*** FLOP *** [7s 9s Kh]
Necromadx: checks
Miss Baxter: bets $3
Necromadx: calls $3
*** TURN *** [7s 9s Kh] [2d]
Necromadx: checks
Miss Baxter: checks
*** RIVER *** [7s 9s Kh 2d] [4c]
Necromadx: bets $6
Miss Baxter: folds
Uncalled bet ($6) returned to Necromadx
Necromadx collected $17.64 from pot
Necromadx: doesn't show hand
*** SUMMARY ***
Total pot $18 | Rake $0.36
Board [7s 9s Kh 2d 4c]
Seat 1: Miss Baxter (button) (small blind) folded on the River
Seat 2: Necromadx (big blind) collected ($17.64)


PokerStars Hand #144940658940:  Hold'em Limit ($3/$6 USD) - 2015/12/06 18:35:04 ET
Table 'Laocoon II' 2-max Seat #2 is the button
Seat 1: Miss Baxter ($35.83 in chips)
Seat 2: Necromadx ($257.44 in chips)
Necromadx: posts small blind $1
Miss Baxter: posts big blind $3
*** HOLE CARDS ***
Necromadx: folds
Uncalled bet ($2) returned to Miss Baxter
Miss Baxter collected $2 from pot
Miss Baxter: doesn't show hand
*** SUMMARY ***
Total pot $2 | Rake $0
Seat 1: Miss Baxter (big blind) collected ($2)
Seat 2: Necromadx (button) (small blind) folded before Flop


PokerStars Hand #144940653321:  Hold'em Limit ($3/$6 USD) - 2015/12/06 18:34:57 ET
Table 'Laocoon II' 2-max Seat #1 is the button
Seat 1: Miss Baxter ($32.83 in chips)
Seat 2: Necromadx ($260.44 in chips)
Miss Baxter: posts small blind $1
Necromadx: posts big blind $3
*** HOLE CARDS ***
Miss Baxter: raises $3 to $6
Necromadx: folds
Uncalled bet ($3) returned to Miss Baxter
Miss Baxter collected $6 from pot
Miss Baxter: doesn't show hand
*** SUMMARY ***
Total pot $6 | Rake $0
Seat 1: Miss Baxter (button) (small blind) collected ($6)
Seat 2: Necromadx (big blind) folded before Flop


PokerStars Hand #144940662397:  Hold'em Limit ($3/$6 USD) - 2015/12/06 18:35:09 ET
Table 'Laocoon II' 2-max Seat #1 is the button
Seat 1: Miss Baxter ($36.83 in chips)
Seat 2: Necromadx ($256.44 in chips)
Miss Baxter: posts small blind $1
Necromadx: posts big blind $3
*** HOLE CARDS ***
Miss Baxter: raises $3 to $6
Necromadx: raises $3 to $9
Miss Baxter: calls $3
*** FLOP *** [6s 4h 2h]
Necromadx: bets $3
Miss Baxter: calls $3
*** TURN *** [6s 4h 2h] [3d]
Necromadx: checks
Miss Baxter: bets $6
Necromadx: raises $6 to $12
Miss Baxter: calls $6
*** RIVER *** [6s 4h 2h 3d] [5h]
Necromadx: bets $6
Miss Baxter: calls $6
*** SHOW DOWN ***
Necromadx: shows [9d 7d] (a straight, Three to Seven)
Miss Baxter: mucks hand
Necromadx collected $59.50 from pot
*** SUMMARY ***
Total pot $60 | Rake $0.50
Board [6s 4h 2h 3d 5h]
Seat 1: Miss Baxter (button) (small blind) mucked
Seat 2: Necromadx (big blind) showed [9d 7d] and won ($59.50) with a straight, Three to Seven


PokerStars Hand #144940679052:  Hold'em Limit ($3/$6 USD) - 2015/12/06 18:35:29 ET
Table 'Laocoon II' 2-max Seat #2 is the button
Seat 1: Miss Baxter ($6.83 in chips)
Seat 2: Necromadx ($285.94 in chips)
Necromadx: posts small blind $1
Miss Baxter: posts big blind $3
*** HOLE CARDS ***
Necromadx: raises $3 to $6
Miss Baxter: raises $0.83 to $6.83 and is all-in
Necromadx: calls $0.83
*** FLOP *** [2h Jd Qs]
*** TURN *** [2h Jd Qs] [7s]
*** RIVER *** [2h Jd Qs 7s] [Kc]
*** SHOW DOWN ***
Miss Baxter: shows [2s Ad] (a pair of Deuces)
Necromadx: shows [6s Qh] (a pair of Queens)
Necromadx collected $13.39 from pot
*** SUMMARY ***
Total pot $13.66 | Rake $0.27
Board [2h Jd Qs 7s Kc]
Seat 1: Miss Baxter (big blind) showed [2s Ad] and lost with a pair of Deuces
Seat 2: Necromadx (button) (small blind) showed [6s Qh] and won ($13.39) with a pair of Queens


