PokerStars Hand #165239358478:  Hold'em Limit ($3/$6 USD) - 2017/01/27 7:23:00 ET
Table 'Laodica' 6-max Seat #4 is the button
Seat 4: AzureCaper ($72 in chips)
Seat 6: nord670 ($65.50 in chips)
AzureCaper: posts small blind $1
nord670: posts big blind $3
*** HOLE CARDS ***
AzureCaper: raises $3 to $6
volkovsky joins the table at seat #1
nord670: folds
Uncalled bet ($3) returned to AzureCaper
AzureCaper collected $6 from pot
AzureCaper: doesn't show hand
*** SUMMARY ***
Total pot $6 | Rake $0
Seat 4: AzureCaper (button) (small blind) collected ($6)
Seat 6: nord670 (big blind) folded before Flop


PokerStars Hand #165239331090:  Hold'em Limit ($3/$6 USD) - 2017/01/27 7:22:06 ET
Table 'Laodica' 6-max Seat #6 is the button
Seat 4: AzureCaper ($72 in chips)
Seat 6: nord670 ($42 in chips)
nord670: posts small blind $1
AzureCaper: posts big blind $3
*** HOLE CARDS ***
nord670: calls $2
AzureCaper: raises $3 to $6
nord670: calls $3
*** FLOP *** [7d Td 8h]
AzureCaper: bets $3
nord670: raises $3 to $6
AzureCaper: raises $3 to $9
nord670: raises $3 to $12
Betting is capped
AzureCaper: calls $3
*** TURN *** [7d Td 8h] [9s]
AzureCaper: checks
nord670: bets $6
AzureCaper: calls $6
*** RIVER *** [7d Td 8h 9s] [4h]
AzureCaper: checks
nord670: checks
*** SHOW DOWN ***
AzureCaper: shows [Ts Kc] (a pair of Tens)
nord670: shows [6h Ks] (a straight, Six to Ten)
nord670 collected $47.50 from pot
*** SUMMARY ***
Total pot $48 | Rake $0.50
Board [7d Td 8h 9s 4h]
Seat 4: AzureCaper (big blind) showed [Ts Kc] and lost with a pair of Tens
Seat 6: nord670 (button) (small blind) showed [6h Ks] and won ($47.50) with a straight, Six to Ten


PokerStars Hand #165239427644:  Hold'em Limit ($3/$6 USD) - 2017/01/27 7:25:16 ET
Table 'Laodica' 6-max Seat #4 is the button
Seat 1: volkovsky ($172.53 in chips)
Seat 4: AzureCaper ($130.85 in chips)
AzureCaper: posts small blind $1
volkovsky: posts big blind $3
*** HOLE CARDS ***
AzureCaper: raises $3 to $6
volkovsky: raises $3 to $9
AzureCaper: calls $3
*** FLOP *** [Qd 8s 3h]
volkovsky: bets $3
AzureCaper: folds
Uncalled bet ($3) returned to volkovsky
volkovsky collected $17.64 from pot
volkovsky: doesn't show hand
*** SUMMARY ***
Total pot $18 | Rake $0.36
Board [Qd 8s 3h]
Seat 1: volkovsky (big blind) collected ($17.64)
Seat 4: AzureCaper (button) (small blind) folded on the Flop


PokerStars Hand #165239594262:  Hold'em Limit ($3/$6 USD) - 2017/01/27 7:30:42 ET
Table 'Laodica' 6-max Seat #3 is the button
Seat 1: volkovsky ($184.17 in chips)
Seat 3: Noah21 ($117 in chips)
Noah21: posts small blind $1
volkovsky: posts big blind $3
*** HOLE CARDS ***
Noah21: raises $3 to $6
volkovsky: calls $3
*** FLOP *** [Jc Ks 4d]
volkovsky: checks
Noah21: bets $3
volkovsky: folds
Uncalled bet ($3) returned to Noah21
Noah21 collected $11.76 from pot
Noah21: doesn't show hand
*** SUMMARY ***
Total pot $12 | Rake $0.24
Board [Jc Ks 4d]
Seat 1: volkovsky (big blind) folded on the Flop
Seat 3: Noah21 (button) (small blind) collected ($11.76)


PokerStars Hand #165239608632:  Hold'em Limit ($3/$6 USD) - 2017/01/27 7:31:10 ET
Table 'Laodica' 6-max Seat #1 is the button
Seat 1: volkovsky ($178.17 in chips)
Seat 3: Noah21 ($122.76 in chips)
volkovsky: posts small blind $1
Noah21: posts big blind $3
*** HOLE CARDS ***
volkovsky: folds
Uncalled bet ($2) returned to Noah21
Noah21 collected $2 from pot
Noah21: doesn't show hand
*** SUMMARY ***
Total pot $2 | Rake $0
Seat 1: volkovsky (button) (small blind) folded before Flop
Seat 3: Noah21 (big blind) collected ($2)


PokerStars Hand #165239611182:  Hold'em Limit ($3/$6 USD) - 2017/01/27 7:31:15 ET
Table 'Laodica' 6-max Seat #3 is the button
Seat 1: volkovsky ($177.17 in chips)
Seat 3: Noah21 ($123.76 in chips)
Noah21: posts small blind $1
volkovsky: posts big blind $3
*** HOLE CARDS ***
Noah21: raises $3 to $6
volkovsky: raises $3 to $9
Noah21: calls $3
*** FLOP *** [Ts 3h Kd]
volkovsky: bets $3
Noah21: calls $3
*** TURN *** [Ts 3h Kd] [As]
volkovsky: bets $6
Noah21: calls $6
*** RIVER *** [Ts 3h Kd As] [8d]
volkovsky: bets $6
RockKillerTY joins the table at seat #4
Noah21: calls $6
*** SHOW DOWN ***
volkovsky: shows [Ad 9d] (a pair of Aces)
Noah21: mucks hand
volkovsky collected $47.50 from pot
slavii0o0 joins the table at seat #2
*** SUMMARY ***
Total pot $48 | Rake $0.50
Board [Ts 3h Kd As 8d]
Seat 1: volkovsky (big blind) showed [Ad 9d] and won ($47.50) with a pair of Aces
Seat 3: Noah21 (button) (small blind) mucked


PokerStars Hand #165240054513:  Hold'em Limit ($3/$6 USD) - 2017/01/27 7:45:36 ET
Table 'Laodica' 6-max Seat #5 is the button
Seat 1: BelSv ($81.54 in chips)
Seat 5: LouisB ($91.61 in chips)
LouisB: posts small blind $1
BelSv: posts big blind $3
*** HOLE CARDS ***
belik555 joins the table at seat #3
LouisB: folds
Uncalled bet ($2) returned to BelSv
BelSv collected $2 from pot
BelSv: doesn't show hand
*** SUMMARY ***
Total pot $2 | Rake $0
Seat 1: BelSv (big blind) collected ($2)
Seat 5: LouisB (button) (small blind) folded before Flop


PokerStars Hand #165240040610:  Hold'em Limit ($3/$6 USD) - 2017/01/27 7:45:10 ET
Table 'Laodica' 6-max Seat #1 is the button
Seat 1: BelSv ($55.04 in chips)
Seat 5: LouisB ($118.61 in chips)
BelSv: posts small blind $1
LouisB: posts big blind $3
*** HOLE CARDS ***
BelSv: raises $3 to $6
LouisB: calls $3
*** FLOP *** [7h 8s 5h]
belik555 leaves the table
LouisB: checks
BelSv: bets $3
LouisB: calls $3
*** TURN *** [7h 8s 5h] [3h]
LouisB: checks
BelSv: bets $6
LouisB: raises $6 to $12
BelSv: calls $6
*** RIVER *** [7h 8s 5h 3h] [5d]
LouisB: bets $6
BelSv: calls $6
*** SHOW DOWN ***
LouisB: shows [Js 9h] (a pair of Fives)
BelSv: shows [9d 6c] (a straight, Five to Nine)
BelSv collected $53.50 from pot
*** SUMMARY ***
Total pot $54 | Rake $0.50
Board [7h 8s 5h 3h 5d]
Seat 1: BelSv (button) (small blind) showed [9d 6c] and won ($53.50) with a straight, Five to Nine
Seat 5: LouisB (big blind) showed [Js 9h] and lost with a pair of Fives


