PokerStars Hand #144729711044:  Hold'em Limit ($3/$6 USD) - 2015/12/02 16:36:23 ET
Table 'Laodica' 6-max Seat #3 is the button
Seat 1: mdif ($123 in chips)
Seat 3: 13_forza_13 ($117 in chips)
13_forza_13: posts small blind $1
mdif: posts big blind $3
*** HOLE CARDS ***
13_forza_13: folds
Uncalled bet ($2) returned to mdif
mdif collected $2 from pot
mdif: doesn't show hand
*** SUMMARY ***
Total pot $2 | Rake $0
Seat 1: mdif (big blind) collected ($2)
Seat 3: 13_forza_13 (button) (small blind) folded before Flop


PokerStars Hand #144729737381:  Hold'em Limit ($3/$6 USD) - 2015/12/02 16:36:50 ET
Table 'Laodica' 6-max Seat #1 is the button
Seat 1: mdif ($124 in chips)
Seat 3: 13_forza_13 ($116 in chips)
mdif: posts small blind $1
13_forza_13: posts big blind $3
*** HOLE CARDS ***
mdif: raises $3 to $6
13_forza_13: calls $3
*** FLOP *** [5h 9d Ts]
13_forza_13: bets $3
mdif: calls $3
*** TURN *** [5h 9d Ts] [9s]
13_forza_13: bets $6
mdif: calls $6
*** RIVER *** [5h 9d Ts 9s] [Th]
13_forza_13: bets $6
mdif: raises $6 to $12
13_forza_13: folds
Uncalled bet ($6) returned to mdif
mdif collected $41.50 from pot
mdif: doesn't show hand
*** SUMMARY ***
Total pot $42 | Rake $0.50
Board [5h 9d Ts 9s Th]
Seat 1: mdif (button) (small blind) collected ($41.50)
Seat 3: 13_forza_13 (big blind) folded on the River


PokerStars Hand #144729729646:  Hold'em Limit ($3/$6 USD) - 2015/12/02 16:36:42 ET
Table 'Laodica' 6-max Seat #3 is the button
Seat 1: mdif ($127 in chips)
Seat 3: 13_forza_13 ($113 in chips)
13_forza_13: posts small blind $1
mdif: posts big blind $3
*** HOLE CARDS ***
13_forza_13: raises $3 to $6
mdif: folds
Uncalled bet ($3) returned to 13_forza_13
13_forza_13 collected $6 from pot
13_forza_13: doesn't show hand
*** SUMMARY ***
Total pot $6 | Rake $0
Seat 1: mdif (big blind) folded before Flop
Seat 3: 13_forza_13 (button) (small blind) collected ($6)


PokerStars Hand #144729724018:  Hold'em Limit ($3/$6 USD) - 2015/12/02 16:36:36 ET
Table 'Laodica' 6-max Seat #1 is the button
Seat 1: mdif ($124 in chips)
Seat 3: 13_forza_13 ($116 in chips)
mdif: posts small blind $1
13_forza_13: posts big blind $3
*** HOLE CARDS ***
mdif: raises $3 to $6
13_forza_13: folds
Uncalled bet ($3) returned to mdif
mdif collected $6 from pot
mdif: doesn't show hand
*** SUMMARY ***
Total pot $6 | Rake $0
Seat 1: mdif (button) (small blind) collected ($6)
Seat 3: 13_forza_13 (big blind) folded before Flop


PokerStars Hand #144729825626:  Hold'em Limit ($3/$6 USD) - 2015/12/02 16:38:23 ET
Table 'Laodica' 6-max Seat #1 is the button
Seat 1: mdif ($120 in chips)
Seat 3: 13_forza_13 ($123.89 in chips)
mdif: posts small blind $1
13_forza_13: posts big blind $3
*** HOLE CARDS ***
mdif: folds
Uncalled bet ($2) returned to 13_forza_13
13_forza_13 collected $2 from pot
13_forza_13: doesn't show hand
*** SUMMARY ***
Total pot $2 | Rake $0
Seat 1: mdif (button) (small blind) folded before Flop
Seat 3: 13_forza_13 (big blind) collected ($2)


PokerStars Hand #144729801591:  Hold'em Limit ($3/$6 USD) - 2015/12/02 16:37:57 ET
Table 'Laodica' 6-max Seat #3 is the button
Seat 1: mdif ($120 in chips)
Seat 3: 13_forza_13 ($124.14 in chips)
13_forza_13: posts small blind $1
mdif: posts big blind $3
*** HOLE CARDS ***
13_forza_13: raises $3 to $6
mdif: raises $3 to $9
13_forza_13: raises $3 to $12
Betting is capped
mdif: calls $3
*** FLOP *** [6c 6h 5c]
mdif: checks
13_forza_13: checks
*** TURN *** [6c 6h 5c] [Jd]
mdif: checks
13_forza_13: bets $6
mdif: calls $6
*** RIVER *** [6c 6h 5c Jd] [6d]
mdif: checks
13_forza_13: bets $6
mdif: calls $6
*** SHOW DOWN ***
13_forza_13: shows [Ad Td] (three of a kind, Sixes)
mdif: shows [9h Ah] (three of a kind, Sixes)
mdif collected $23.75 from pot
13_forza_13 collected $23.75 from pot
*** SUMMARY ***
Total pot $48 | Rake $0.50
Board [6c 6h 5c Jd 6d]
Seat 1: mdif (big blind) showed [9h Ah] and won ($23.75) with three of a kind, Sixes
Seat 3: 13_forza_13 (button) (small blind) showed [Ad Td] and won ($23.75) with three of a kind, Sixes


PokerStars Hand #144729788093:  Hold'em Limit ($3/$6 USD) - 2015/12/02 16:37:43 ET
Table 'Laodica' 6-max Seat #1 is the button
Seat 1: mdif ($123.50 in chips)
Seat 3: 13_forza_13 ($115.50 in chips)
mdif: posts small blind $1
13_forza_13: posts big blind $3
*** HOLE CARDS ***
mdif: raises $3 to $6
13_forza_13: raises $3 to $9
mdif: calls $3
*** FLOP *** [3h Ah 8d]
13_forza_13: bets $3
mdif: folds
Uncalled bet ($3) returned to 13_forza_13
13_forza_13 collected $17.64 from pot
13_forza_13: doesn't show hand
*** SUMMARY ***
Total pot $18 | Rake $0.36
Board [3h Ah 8d]
Seat 1: mdif (button) (small blind) folded on the Flop
Seat 3: 13_forza_13 (big blind) collected ($17.64)


PokerStars Hand #144729762490:  Hold'em Limit ($3/$6 USD) - 2015/12/02 16:37:16 ET
Table 'Laodica' 6-max Seat #3 is the button
Seat 1: mdif ($144.50 in chips)
Seat 3: 13_forza_13 ($95 in chips)
13_forza_13: posts small blind $1
mdif: posts big blind $3
*** HOLE CARDS ***
13_forza_13: raises $3 to $6
mdif: calls $3
*** FLOP *** [2c 6d Td]
mdif: checks
13_forza_13: bets $3
mdif: calls $3
*** TURN *** [2c 6d Td] [9d]
mdif: checks
13_forza_13: bets $6
mdif: calls $6
*** RIVER *** [2c 6d Td 9d] [4s]
mdif: checks
13_forza_13: bets $6
mdif: calls $6
*** SHOW DOWN ***
13_forza_13: shows [8s 8c] (a pair of Eights)
mdif: mucks hand
13_forza_13 collected $41.50 from pot
*** SUMMARY ***
Total pot $42 | Rake $0.50
Board [2c 6d Td 9d 4s]
Seat 1: mdif (big blind) mucked
Seat 3: 13_forza_13 (button) (small blind) showed [8s 8c] and won ($41.50) with a pair of Eights


PokerStars Hand #144729880124:  Hold'em Limit ($3/$6 USD) - 2015/12/02 16:39:20 ET
Table 'Laodica' 6-max Seat #3 is the button
Seat 1: mdif ($120 in chips)
Seat 3: 13_forza_13 ($148.03 in chips)
13_forza_13: posts small blind $1
mdif: posts big blind $3
*** HOLE CARDS ***
13_forza_13: raises $3 to $6
mdif: calls $3
*** FLOP *** [5h Tc Kd]
mdif: checks
13_forza_13: bets $3
mdif: folds
Uncalled bet ($3) returned to 13_forza_13
13_forza_13 collected $11.76 from pot
13_forza_13: doesn't show hand
*** SUMMARY ***
Total pot $12 | Rake $0.24
Board [5h Tc Kd]
Seat 1: mdif (big blind) folded on the Flop
Seat 3: 13_forza_13 (button) (small blind) collected ($11.76)


PokerStars Hand #144729874993:  Hold'em Limit ($3/$6 USD) - 2015/12/02 16:39:15 ET
Table 'Laodica' 6-max Seat #1 is the button
Seat 1: mdif ($121 in chips)
Seat 3: 13_forza_13 ($147.03 in chips)
mdif: posts small blind $1
13_forza_13: posts big blind $3
*** HOLE CARDS ***
mdif: folds
Uncalled bet ($2) returned to 13_forza_13
13_forza_13 collected $2 from pot
13_forza_13: doesn't show hand
*** SUMMARY ***
Total pot $2 | Rake $0
Seat 1: mdif (button) (small blind) folded before Flop
Seat 3: 13_forza_13 (big blind) collected ($2)


PokerStars Hand #144729870076:  Hold'em Limit ($3/$6 USD) - 2015/12/02 16:39:09 ET
Table 'Laodica' 6-max Seat #3 is the button
Seat 1: mdif ($120 in chips)
Seat 3: 13_forza_13 ($148.03 in chips)
13_forza_13: posts small blind $1
mdif: posts big blind $3
*** HOLE CARDS ***
13_forza_13: folds
Uncalled bet ($2) returned to mdif
mdif collected $2 from pot
mdif: doesn't show hand
*** SUMMARY ***
Total pot $2 | Rake $0
Seat 1: mdif (big blind) collected ($2)
Seat 3: 13_forza_13 (button) (small blind) folded before Flop


PokerStars Hand #144729852424:  Hold'em Limit ($3/$6 USD) - 2015/12/02 16:38:51 ET
Table 'Laodica' 6-max Seat #1 is the button
Seat 1: mdif ($120 in chips)
Seat 3: 13_forza_13 ($139.39 in chips)
mdif: posts small blind $1
13_forza_13: posts big blind $3
*** HOLE CARDS ***
mdif: raises $3 to $6
13_forza_13: calls $3
*** FLOP *** [Qh 6d 9h]
13_forza_13: checks
mdif: bets $3
13_forza_13: raises $3 to $6
mdif: folds
Uncalled bet ($3) returned to 13_forza_13
13_forza_13 collected $17.64 from pot
13_forza_13: doesn't show hand
*** SUMMARY ***
Total pot $18 | Rake $0.36
Board [Qh 6d 9h]
Seat 1: mdif (button) (small blind) folded on the Flop
Seat 3: 13_forza_13 (big blind) collected ($17.64)


PokerStars Hand #144729830684:  Hold'em Limit ($3/$6 USD) - 2015/12/02 16:38:28 ET
Table 'Laodica' 6-max Seat #3 is the button
Seat 1: mdif ($120 in chips)
Seat 3: 13_forza_13 ($124.89 in chips)
13_forza_13: posts small blind $1
mdif: posts big blind $3
*** HOLE CARDS ***
13_forza_13: raises $3 to $6
mdif: calls $3
*** FLOP *** [5d Qd 4s]
mdif: checks
13_forza_13: bets $3
mdif: calls $3
*** TURN *** [5d Qd 4s] [8d]
mdif: checks
13_forza_13: bets $6
mdif: calls $6
*** RIVER *** [5d Qd 4s 8d] [Ac]
mdif: checks
13_forza_13: checks
*** SHOW DOWN ***
mdif: shows [4h Th] (a pair of Fours)
13_forza_13: shows [5s 6s] (a pair of Fives)
13_forza_13 collected $29.50 from pot
*** SUMMARY ***
Total pot $30 | Rake $0.50
Board [5d Qd 4s 8d Ac]
Seat 1: mdif (big blind) showed [4h Th] and lost with a pair of Fours
Seat 3: 13_forza_13 (button) (small blind) showed [5s 6s] and won ($29.50) with a pair of Fives


PokerStars Hand #144729905529:  Hold'em Limit ($3/$6 USD) - 2015/12/02 16:39:47 ET
Table 'Laodica' 6-max Seat #1 is the button
Seat 1: mdif ($121 in chips)
Seat 3: 13_forza_13 ($153.79 in chips)
mdif: posts small blind $1
13_forza_13: posts big blind $3
*** HOLE CARDS ***
mdif: raises $3 to $6
13_forza_13: calls $3
*** FLOP *** [7c Qd Qh]
13_forza_13: bets $3
mdif: calls $3
*** TURN *** [7c Qd Qh] [4s]
13_forza_13: bets $6
mdif: calls $6
*** RIVER *** [7c Qd Qh 4s] [8d]
perten joins the table at seat #5
13_forza_13: bets $6
mdif: calls $6
*** SHOW DOWN ***
13_forza_13: shows [Ad 7d] (two pair, Queens and Sevens)
mdif: mucks hand
13_forza_13 collected $41.50 from pot
*** SUMMARY ***
Total pot $42 | Rake $0.50
Board [7c Qd Qh 4s 8d]
Seat 1: mdif (button) (small blind) mucked
Seat 3: 13_forza_13 (big blind) showed [Ad 7d] and won ($41.50) with two pair, Queens and Sevens


PokerStars Hand #144729900769:  Hold'em Limit ($3/$6 USD) - 2015/12/02 16:39:42 ET
Table 'Laodica' 6-max Seat #3 is the button
Seat 1: mdif ($120 in chips)
Seat 3: 13_forza_13 ($154.79 in chips)
13_forza_13: posts small blind $1
mdif: posts big blind $3
*** HOLE CARDS ***
13_forza_13: folds
Uncalled bet ($2) returned to mdif
mdif collected $2 from pot
mdif: doesn't show hand
*** SUMMARY ***
Total pot $2 | Rake $0
Seat 1: mdif (big blind) collected ($2)
Seat 3: 13_forza_13 (button) (small blind) folded before Flop


PokerStars Hand #144729895961:  Hold'em Limit ($3/$6 USD) - 2015/12/02 16:39:37 ET
Table 'Laodica' 6-max Seat #1 is the button
Seat 1: mdif ($120 in chips)
Seat 3: 13_forza_13 ($153.79 in chips)
mdif: posts small blind $1
13_forza_13: posts big blind $3
*** HOLE CARDS ***
mdif: folds
Uncalled bet ($2) returned to 13_forza_13
13_forza_13 collected $2 from pot
13_forza_13: doesn't show hand
*** SUMMARY ***
Total pot $2 | Rake $0
Seat 1: mdif (button) (small blind) folded before Flop
Seat 3: 13_forza_13 (big blind) collected ($2)


