PokerStars Hand #162019465931:  Hold'em Limit ($3/$6 USD) - 2016/11/26 21:25:23 ET
Table 'Laodica II' 6-max Seat #3 is the button
Seat 3: ToDaFelt ($235.91 in chips)
Seat 4: RaisemyNut$ ($182.12 in chips)
ToDaFelt: posts small blind $1
RaisemyNut$: posts big blind $3
*** HOLE CARDS ***
ToDaFelt: raises $3 to $6
RaisemyNut$: calls $3
*** FLOP *** [As Kh Jd]
RaisemyNut$: checks
ToDaFelt: bets $3
RaisemyNut$: folds
Uncalled bet ($3) returned to ToDaFelt
ToDaFelt collected $11.76 from pot
ToDaFelt: doesn't show hand
*** SUMMARY ***
Total pot $12 | Rake $0.24
Board [As Kh Jd]
Seat 3: ToDaFelt (button) (small blind) collected ($11.76)
Seat 4: RaisemyNut$ (big blind) folded on the Flop


PokerStars Hand #162019458264:  Hold'em Limit ($3/$6 USD) - 2016/11/26 21:25:06 ET
Table 'Laodica II' 6-max Seat #4 is the button
Seat 3: ToDaFelt ($227.27 in chips)
Seat 4: RaisemyNut$ ($191.12 in chips)
RaisemyNut$: posts small blind $1
ToDaFelt: posts big blind $3
*** HOLE CARDS ***
RaisemyNut$: raises $3 to $6
ToDaFelt: raises $3 to $9
laapin leaves the table
RaisemyNut$: calls $3
*** FLOP *** [5d Ah Th]
ToDaFelt: bets $3
RaisemyNut$: folds
Uncalled bet ($3) returned to ToDaFelt
ToDaFelt collected $17.64 from pot
ToDaFelt: doesn't show hand
*** SUMMARY ***
Total pot $18 | Rake $0.36
Board [5d Ah Th]
Seat 3: ToDaFelt (big blind) collected ($17.64)
Seat 4: RaisemyNut$ (button) (small blind) folded on the Flop


