PokerStars Hand #150531919215:  Hold'em Limit ($3/$6 USD) - 2016/03/18 7:01:41 ET
Table 'Laodica' 6-max Seat #3 is the button
Seat 3: cutio ($48 in chips)
Seat 4: TbIP-TbIP 88 ($72 in chips)
cutio: posts small blind $1
TbIP-TbIP 88: posts big blind $3
*** HOLE CARDS ***
cutio: calls $2
TbIP-TbIP 88: raises $3 to $6
cutio: calls $3
*** FLOP *** [Ks Qs 9d]
TbIP-TbIP 88: bets $3
cutio: calls $3
*** TURN *** [Ks Qs 9d] [4s]
TbIP-TbIP 88: checks
cutio: bets $6
TbIP-TbIP 88: calls $6
*** RIVER *** [Ks Qs 9d 4s] [Qd]
TbIP-TbIP 88: checks
cutio: bets $6
TbIP-TbIP 88: calls $6
*** SHOW DOWN ***
cutio: shows [3s Qh] (three of a kind, Queens)
TbIP-TbIP 88: mucks hand
cutio collected $41.50 from pot
*** SUMMARY ***
Total pot $42 | Rake $0.50
Board [Ks Qs 9d 4s Qd]
Seat 3: cutio (button) (small blind) showed [3s Qh] and won ($41.50) with three of a kind, Queens
Seat 4: TbIP-TbIP 88 (big blind) mucked


PokerStars Hand #150531936691:  Hold'em Limit ($3/$6 USD) - 2016/03/18 7:02:20 ET
Table 'Laodica' 6-max Seat #4 is the button
Seat 3: cutio ($68.50 in chips)
Seat 4: TbIP-TbIP 88 ($72 in chips)
TbIP-TbIP 88: posts small blind $1
cutio: posts big blind $3
*** HOLE CARDS ***
TbIP-TbIP 88: raises $3 to $6
cutio: calls $3
*** FLOP *** [2c 9s 6s]
cutio: bets $3
TbIP-TbIP 88: calls $3
*** TURN *** [2c 9s 6s] [6c]
cutio: bets $6
TbIP-TbIP 88: calls $6
*** RIVER *** [2c 9s 6s 6c] [Kd]
cutio: bets $6
TbIP-TbIP 88: calls $6
*** SHOW DOWN ***
cutio: shows [8d Td] (a pair of Sixes)
TbIP-TbIP 88: shows [Th Ah] (a pair of Sixes - Ace kicker)
TbIP-TbIP 88 collected $41.50 from pot
*** SUMMARY ***
Total pot $42 | Rake $0.50
Board [2c 9s 6s 6c Kd]
Seat 3: cutio (big blind) showed [8d Td] and lost with a pair of Sixes
Seat 4: TbIP-TbIP 88 (button) (small blind) showed [Th Ah] and won ($41.50) with a pair of Sixes


PokerStars Hand #150531947147:  Hold'em Limit ($3/$6 USD) - 2016/03/18 7:02:42 ET
Table 'Laodica' 6-max Seat #3 is the button
Seat 3: cutio ($47.50 in chips)
Seat 4: TbIP-TbIP 88 ($92.50 in chips)
cutio: posts small blind $1
TbIP-TbIP 88: posts big blind $3
*** HOLE CARDS ***
cutio: calls $2
TbIP-TbIP 88: raises $3 to $6
cutio: calls $3
*** FLOP *** [2s Ad 7h]
TbIP-TbIP 88: bets $3
cutio: calls $3
*** TURN *** [2s Ad 7h] [Kd]
TbIP-TbIP 88: checks
cutio: checks
*** RIVER *** [2s Ad 7h Kd] [Ac]
TbIP-TbIP 88: checks
cutio: checks
*** SHOW DOWN ***
TbIP-TbIP 88: shows [8s 7s] (two pair, Aces and Sevens)
cutio: mucks hand
TbIP-TbIP 88 collected $17.64 from pot
*** SUMMARY ***
Total pot $18 | Rake $0.36
Board [2s Ad 7h Kd Ac]
Seat 3: cutio (button) (small blind) mucked
Seat 4: TbIP-TbIP 88 (big blind) showed [8s 7s] and won ($17.64) with two pair, Aces and Sevens


PokerStars Hand #150531955141:  Hold'em Limit ($3/$6 USD) - 2016/03/18 7:03:00 ET
Table 'Laodica' 6-max Seat #4 is the button
Seat 3: cutio ($38.50 in chips)
Seat 4: TbIP-TbIP 88 ($101.14 in chips)
TbIP-TbIP 88: posts small blind $1
cutio: posts big blind $3
*** HOLE CARDS ***
TbIP-TbIP 88: raises $3 to $6
cutio: calls $3
*** FLOP *** [9c As Jh]
cutio: checks
TbIP-TbIP 88: bets $3
cutio: folds
Uncalled bet ($3) returned to TbIP-TbIP 88
TbIP-TbIP 88 collected $11.76 from pot
TbIP-TbIP 88: doesn't show hand
*** SUMMARY ***
Total pot $12 | Rake $0.24
Board [9c As Jh]
Seat 3: cutio (big blind) folded on the Flop
Seat 4: TbIP-TbIP 88 (button) (small blind) collected ($11.76)


PokerStars Hand #150531983141:  Hold'em Limit ($3/$6 USD) - 2016/03/18 7:04:01 ET
Table 'Laodica' 6-max Seat #4 is the button
Seat 3: cutio ($26.50 in chips)
Seat 4: TbIP-TbIP 88 ($112.66 in chips)
TbIP-TbIP 88: posts small blind $1
cutio: posts big blind $3
*** HOLE CARDS ***
TbIP-TbIP 88: folds
Uncalled bet ($2) returned to cutio
cutio collected $2 from pot
cutio: doesn't show hand
*** SUMMARY ***
Total pot $2 | Rake $0
Seat 3: cutio (big blind) collected ($2)
Seat 4: TbIP-TbIP 88 (button) (small blind) folded before Flop


PokerStars Hand #150531960749:  Hold'em Limit ($3/$6 USD) - 2016/03/18 7:03:12 ET
Table 'Laodica' 6-max Seat #3 is the button
Seat 3: cutio ($32.50 in chips)
Seat 4: TbIP-TbIP 88 ($106.90 in chips)
cutio: posts small blind $1
TbIP-TbIP 88: posts big blind $3
*** HOLE CARDS ***
cutio: calls $2
TbIP-TbIP 88: checks
*** FLOP *** [8d 5d 8h]
TbIP-TbIP 88: bets $3
cutio: calls $3
*** TURN *** [8d 5d 8h] [4s]
TbIP-TbIP 88: bets $6
cutio: folds
Uncalled bet ($6) returned to TbIP-TbIP 88
TbIP-TbIP 88 collected $11.76 from pot
TbIP-TbIP 88: doesn't show hand
*** SUMMARY ***
Total pot $12 | Rake $0.24
Board [8d 5d 8h 4s]
Seat 3: cutio (button) (small blind) folded on the Turn
Seat 4: TbIP-TbIP 88 (big blind) collected ($11.76)


