PokerStars Hand #158956325581:  Hold'em Limit ($3/$6 USD) - 2016/09/22 16:20:27 ET
Table 'Laodica II' 6-max Seat #4 is the button
Seat 1: bigfjord ($119 in chips)
Seat 4: Actionni13 ($151 in chips)
Actionni13: posts small blind $1
bigfjord: posts big blind $3
*** HOLE CARDS ***
Actionni13: folds
Uncalled bet ($2) returned to bigfjord
bigfjord collected $2 from pot
bigfjord: doesn't show hand
*** SUMMARY ***
Total pot $2 | Rake $0
Seat 1: bigfjord (big blind) collected ($2)
Seat 4: Actionni13 (button) (small blind) folded before Flop


PokerStars Hand #158956358545:  Hold'em Limit ($3/$6 USD) - 2016/09/22 16:21:05 ET
Table 'Laodica II' 6-max Seat #4 is the button
Seat 1: bigfjord ($104 in chips)
Seat 4: Actionni13 ($165.52 in chips)
Actionni13: posts small blind $1
bigfjord: posts big blind $3
*** HOLE CARDS ***
Actionni13: raises $3 to $6
bigfjord: folds
Uncalled bet ($3) returned to Actionni13
Actionni13 collected $6 from pot
Actionni13: doesn't show hand
*** SUMMARY ***
Total pot $6 | Rake $0
Seat 1: bigfjord (big blind) folded before Flop
Seat 4: Actionni13 (button) (small blind) collected ($6)


PokerStars Hand #158956340808:  Hold'em Limit ($3/$6 USD) - 2016/09/22 16:20:44 ET
Table 'Laodica II' 6-max Seat #1 is the button
Seat 1: bigfjord ($116 in chips)
Seat 4: Actionni13 ($154 in chips)
bigfjord: posts small blind $1
Actionni13: posts big blind $3
*** HOLE CARDS ***
bigfjord: raises $3 to $6
Actionni13: raises $3 to $9
bigfjord: calls $3
*** FLOP *** [3s 6h 5h]
Actionni13: bets $3
bigfjord: calls $3
*** TURN *** [3s 6h 5h] [Ac]
Actionni13: bets $6
bigfjord: folds
Uncalled bet ($6) returned to Actionni13
Actionni13 collected $23.52 from pot
Actionni13: doesn't show hand
*** SUMMARY ***
Total pot $24 | Rake $0.48
Board [3s 6h 5h Ac]
Seat 1: bigfjord (button) (small blind) folded on the Turn
Seat 4: Actionni13 (big blind) collected ($23.52)


PokerStars Hand #158956335242:  Hold'em Limit ($3/$6 USD) - 2016/09/22 16:20:38 ET
Table 'Laodica II' 6-max Seat #4 is the button
Seat 1: bigfjord ($119 in chips)
Seat 4: Actionni13 ($151 in chips)
Actionni13: posts small blind $1
bigfjord: posts big blind $3
*** HOLE CARDS ***
Actionni13: raises $3 to $6
bigfjord: folds
Uncalled bet ($3) returned to Actionni13
Actionni13 collected $6 from pot
Actionni13: doesn't show hand
*** SUMMARY ***
Total pot $6 | Rake $0
Seat 1: bigfjord (big blind) folded before Flop
Seat 4: Actionni13 (button) (small blind) collected ($6)


PokerStars Hand #158956331356:  Hold'em Limit ($3/$6 USD) - 2016/09/22 16:20:33 ET
Table 'Laodica II' 6-max Seat #1 is the button
Seat 1: bigfjord ($120 in chips)
Seat 4: Actionni13 ($150 in chips)
bigfjord: posts small blind $1
Actionni13: posts big blind $3
*** HOLE CARDS ***
bigfjord: folds
Uncalled bet ($2) returned to Actionni13
Actionni13 collected $2 from pot
*** SUMMARY ***
Total pot $2 | Rake $0
Seat 1: bigfjord (button) (small blind) folded before Flop
Seat 4: Actionni13 (big blind) collected ($2)


PokerStars Hand #158956377634:  Hold'em Limit ($3/$6 USD) - 2016/09/22 16:21:28 ET
Table 'Laodica II' 6-max Seat #4 is the button
Seat 1: bigfjord ($92 in chips)
Seat 4: Actionni13 ($177.16 in chips)
Actionni13: posts small blind $1
bigfjord: posts big blind $3
*** HOLE CARDS ***
Actionni13: raises $3 to $6
bigfjord: folds
Uncalled bet ($3) returned to Actionni13
Actionni13 collected $6 from pot
*** SUMMARY ***
Total pot $6 | Rake $0
Seat 1: bigfjord (big blind) folded before Flop
Seat 4: Actionni13 (button) (small blind) collected ($6)


PokerStars Hand #158956363963:  Hold'em Limit ($3/$6 USD) - 2016/09/22 16:21:12 ET
Table 'Laodica II' 6-max Seat #1 is the button
Seat 1: bigfjord ($101 in chips)
Seat 4: Actionni13 ($168.52 in chips)
bigfjord: posts small blind $1
Actionni13: posts big blind $3
*** HOLE CARDS ***
bigfjord: raises $3 to $6
Actionni13: calls $3
*** FLOP *** [4d Kh Jc]
Actionni13: checks
bigfjord: bets $3
Actionni13: raises $3 to $6
bigfjord: folds
Uncalled bet ($3) returned to Actionni13
Actionni13 collected $17.64 from pot
Actionni13: doesn't show hand
*** SUMMARY ***
Total pot $18 | Rake $0.36
Board [4d Kh Jc]
Seat 1: bigfjord (button) (small blind) folded on the Flop
Seat 4: Actionni13 (big blind) collected ($17.64)


PokerStars Hand #158956381947:  Hold'em Limit ($3/$6 USD) - 2016/09/22 16:21:33 ET
Table 'Laodica II' 6-max Seat #1 is the button
Seat 1: bigfjord ($89 in chips)
Seat 4: Actionni13 ($180.16 in chips)
bigfjord: posts small blind $1
Actionni13: posts big blind $3
*** HOLE CARDS ***
bigfjord: raises $3 to $6
Actionni13: calls $3
*** FLOP *** [4d Kd Ah]
Actionni13: checks
bigfjord: bets $3
Actionni13: calls $3
*** TURN *** [4d Kd Ah] [6d]
Actionni13: bets $6
bigfjord: folds
Uncalled bet ($6) returned to Actionni13
Actionni13 collected $17.64 from pot
Actionni13: doesn't show hand
*** SUMMARY ***
Total pot $18 | Rake $0.36
Board [4d Kd Ah 6d]
Seat 1: bigfjord (button) (small blind) folded on the Turn
Seat 4: Actionni13 (big blind) collected ($17.64)


PokerStars Hand #158956834020:  Hold'em Limit ($3/$6 USD) - 2016/09/22 16:30:27 ET
Table 'Laodica II' 6-max Seat #4 is the button
Seat 4: Actionni13 ($188.80 in chips)
Seat 5: diRon1980 ($72.68 in chips)
Actionni13: posts small blind $1
diRon1980: posts big blind $3
*** HOLE CARDS ***
Actionni13: raises $3 to $6
TbIP-TbIP 88 joins the table at seat #6
diRon1980: calls $3
*** FLOP *** [2d 9h Js]
diRon1980: checks
Actionni13: bets $3
diRon1980: calls $3
*** TURN *** [2d 9h Js] [5d]
diRon1980: checks
Actionni13: bets $6
diRon1980: calls $6
*** RIVER *** [2d 9h Js 5d] [Ks]
diRon1980: checks
Actionni13: bets $6
diRon1980: calls $6
*** SHOW DOWN ***
Actionni13: shows [5h 9s] (two pair, Nines and Fives)
Coldhandnik joins the table at seat #1
diRon1980: mucks hand
Actionni13 collected $41.50 from pot
*** SUMMARY ***
Total pot $42 | Rake $0.50
Board [2d 9h Js 5d Ks]
Seat 4: Actionni13 (button) (small blind) showed [5h 9s] and won ($41.50) with two pair, Nines and Fives
Seat 5: diRon1980 (big blind) mucked


PokerStars Hand #158962549248:  Hold'em Limit ($3/$6 USD) - 2016/09/22 18:35:27 ET
Table 'Laodica II' 6-max Seat #4 is the button
Seat 4: Actionni13 ($228.46 in chips)
Seat 5: LWNS ($54 in chips)
Actionni13: posts small blind $1
LWNS: posts big blind $3
*** HOLE CARDS ***
Actionni13: folds
Uncalled bet ($2) returned to LWNS
LWNS collected $2 from pot
LWNS: doesn't show hand
*** SUMMARY ***
Total pot $2 | Rake $0
Seat 4: Actionni13 (button) (small blind) folded before Flop
Seat 5: LWNS (big blind) collected ($2)


PokerStars Hand #158962527922:  Hold'em Limit ($3/$6 USD) - 2016/09/22 18:34:54 ET
Table 'Laodica II' 6-max Seat #5 is the button
Seat 4: Actionni13 ($201.96 in chips)
Seat 5: LWNS ($81 in chips)
LWNS: posts small blind $1
ToDaFelt: is sitting out
Actionni13: posts big blind $3
*** HOLE CARDS ***
LWNS: raises $3 to $6
Actionni13: calls $3
*** FLOP *** [4s 8s 6d]
Actionni13: bets $3
LWNS: raises $3 to $6
ToDaFelt leaves the table
Actionni13: raises $3 to $9
LWNS: calls $3
*** TURN *** [4s 8s 6d] [9c]
_stel_23_ joins the table at seat #1
Actionni13: bets $6
LWNS: calls $6
*** RIVER *** [4s 8s 6d 9c] [Qh]
Actionni13: bets $6
LWNS: calls $6
*** SHOW DOWN ***
Actionni13: shows [7h Ts] (a straight, Six to Ten)
ToDaFelt joins the table at seat #2
LWNS: mucks hand
Actionni13 collected $53.50 from pot
*** SUMMARY ***
Total pot $54 | Rake $0.50
Board [4s 8s 6d 9c Qh]
Seat 4: Actionni13 (big blind) showed [7h Ts] and won ($53.50) with a straight, Six to Ten
Seat 5: LWNS (button) (small blind) mucked


PokerStars Hand #158962518296:  Hold'em Limit ($3/$6 USD) - 2016/09/22 18:34:39 ET
Table 'Laodica II' 6-max Seat #1 is the button
Seat 1: ToDaFelt ($190.02 in chips)
Seat 4: Actionni13 ($205.96 in chips)
ToDaFelt: posts small blind $1
Actionni13: posts big blind $3
*** HOLE CARDS ***
ToDaFelt: raises $3 to $6
Actionni13: folds
Uncalled bet ($3) returned to ToDaFelt
ToDaFelt collected $6 from pot
ToDaFelt: doesn't show hand
*** SUMMARY ***
Total pot $6 | Rake $0
Seat 1: ToDaFelt (button) (small blind) collected ($6)
Seat 4: Actionni13 (big blind) folded before Flop


PokerStars Hand #158962498367:  Hold'em Limit ($3/$6 USD) - 2016/09/22 18:34:08 ET
Table 'Laodica II' 6-max Seat #4 is the button
Seat 1: ToDaFelt ($205.02 in chips)
Seat 4: Actionni13 ($191.46 in chips)
Actionni13: posts small blind $1
ToDaFelt: posts big blind $3
*** HOLE CARDS ***
diRon1980 leaves the table
Actionni13: raises $3 to $6
LWNS joins the table at seat #5
ToDaFelt: calls $3
*** FLOP *** [7s 3c Tc]
ToDaFelt: checks
Actionni13: bets $3
ToDaFelt: calls $3
*** TURN *** [7s 3c Tc] [Jd]
ToDaFelt: checks
Actionni13: checks
*** RIVER *** [7s 3c Tc Jd] [2d]
ToDaFelt: bets $6
Actionni13: calls $6
*** SHOW DOWN ***
ToDaFelt: shows [6d Ah] (high card Ace)
Actionni13: shows [Ac 7d] (a pair of Sevens)
Actionni13 collected $29.50 from pot
*** SUMMARY ***
Total pot $30 | Rake $0.50
Board [7s 3c Tc Jd 2d]
Seat 1: ToDaFelt (big blind) showed [6d Ah] and lost with high card Ace
Seat 4: Actionni13 (button) (small blind) showed [Ac 7d] and won ($29.50) with a pair of Sevens


PokerStars Hand #158963609190:  Hold'em Limit ($3/$6 USD) - 2016/09/22 19:05:05 ET
Table 'Laodica II' 6-max Seat #2 is the button
Seat 2: supersjakie ($107.60 in chips)
Seat 6: ToDaFelt ($113 in chips)
supersjakie: posts small blind $1
vestimokrec: is sitting out
LWNS: is sitting out
ToDaFelt: posts big blind $3
*** HOLE CARDS ***
supersjakie: raises $3 to $6
LWNS leaves the table
ToDaFelt: calls $3
*** FLOP *** [Qh 4h 4s]
vestimokrec leaves the table
ToDaFelt: checks
supersjakie: bets $3
ToDaFelt: raises $3 to $6
supersjakie: calls $3
*** TURN *** [Qh 4h 4s] [5c]
ToDaFelt: bets $6
supersjakie: raises $6 to $12
ToDaFelt: calls $6
*** RIVER *** [Qh 4h 4s 5c] [2d]
ToDaFelt: checks
supersjakie: bets $6
ToDaFelt: calls $6
*** SHOW DOWN ***
supersjakie: shows [Qc Th] (two pair, Queens and Fours)
ToDaFelt: mucks hand
supersjakie collected $59.50 from pot
*** SUMMARY ***
Total pot $60 | Rake $0.50
Board [Qh 4h 4s 5c 2d]
Seat 2: supersjakie (button) (small blind) showed [Qc Th] and won ($59.50) with two pair, Queens and Fours
Seat 6: ToDaFelt (big blind) mucked


PokerStars Hand #158963643979:  Hold'em Limit ($3/$6 USD) - 2016/09/22 19:06:05 ET
Table 'Laodica II' 6-max Seat #2 is the button
Seat 2: supersjakie ($145.74 in chips)
Seat 6: ToDaFelt ($74 in chips)
supersjakie: posts small blind $1
ToDaFelt: posts big blind $3
*** HOLE CARDS ***
supersjakie: raises $3 to $6
ToDaFelt: calls $3
*** FLOP *** [3s 6s 3h]
ToDaFelt: checks
supersjakie: bets $3
ToDaFelt: raises $3 to $6
supersjakie: calls $3
*** TURN *** [3s 6s 3h] [Qs]
ToDaFelt: bets $6
supersjakie: calls $6
*** RIVER *** [3s 6s 3h Qs] [4h]
ToDaFelt: bets $6
supersjakie: calls $6
*** SHOW DOWN ***
ToDaFelt: shows [4s 5c] (two pair, Fours and Threes)
supersjakie: mucks hand
ToDaFelt collected $47.50 from pot
*** SUMMARY ***
Total pot $48 | Rake $0.50
Board [3s 6s 3h Qs 4h]
Seat 2: supersjakie (button) (small blind) mucked
Seat 6: ToDaFelt (big blind) showed [4s 5c] and won ($47.50) with two pair, Fours and Threes


PokerStars Hand #158963627724:  Hold'em Limit ($3/$6 USD) - 2016/09/22 19:05:37 ET
Table 'Laodica II' 6-max Seat #6 is the button
Seat 2: supersjakie ($137.10 in chips)
Seat 6: ToDaFelt ($83 in chips)
ToDaFelt: posts small blind $1
supersjakie: posts big blind $3
*** HOLE CARDS ***
ToDaFelt: raises $3 to $6
supersjakie: calls $3
*** FLOP *** [Ah As 5s]
supersjakie: checks
ToDaFelt: bets $3
supersjakie: calls $3
*** TURN *** [Ah As 5s] [6c]
supersjakie: checks
ToDaFelt: checks
*** RIVER *** [Ah As 5s 6c] [2h]
supersjakie: bets $6
ToDaFelt: folds
Uncalled bet ($6) returned to supersjakie
supersjakie collected $17.64 from pot
supersjakie: doesn't show hand
*** SUMMARY ***
Total pot $18 | Rake $0.36
Board [Ah As 5s 6c 2h]
Seat 2: supersjakie (big blind) collected ($17.64)
Seat 6: ToDaFelt (button) (small blind) folded on the River


PokerStars Hand #158963659940:  Hold'em Limit ($3/$6 USD) - 2016/09/22 19:06:33 ET
Table 'Laodica II' 6-max Seat #6 is the button
Seat 2: supersjakie ($121.74 in chips)
Seat 6: ToDaFelt ($97.50 in chips)
ToDaFelt: posts small blind $1
supersjakie: posts big blind $3
*** HOLE CARDS ***
ToDaFelt: raises $3 to $6
supersjakie: calls $3
*** FLOP *** [7s 3d 6h]
supersjakie: checks
ToDaFelt: checks
*** TURN *** [7s 3d 6h] [9c]
supersjakie: bets $6
ToDaFelt: raises $6 to $12
supersjakie: calls $6
*** RIVER *** [7s 3d 6h 9c] [4c]
supersjakie: checks
ToDaFelt: bets $6
supersjakie: calls $6
*** SHOW DOWN ***
ToDaFelt: shows [5s Jc] (a straight, Three to Seven)
supersjakie: mucks hand
ToDaFelt collected $47.50 from pot
*** SUMMARY ***
Total pot $48 | Rake $0.50
Board [7s 3d 6h 9c 4c]
Seat 2: supersjakie (big blind) mucked
Seat 6: ToDaFelt (button) (small blind) showed [5s Jc] and won ($47.50) with a straight, Three to Seven


PokerStars Hand #158963676940:  Hold'em Limit ($3/$6 USD) - 2016/09/22 19:07:03 ET
Table 'Laodica II' 6-max Seat #2 is the button
Seat 2: supersjakie ($97.74 in chips)
Seat 6: ToDaFelt ($121 in chips)
supersjakie: posts small blind $1
ToDaFelt: posts big blind $3
*** HOLE CARDS ***
supersjakie: raises $3 to $6
ToDaFelt: raises $3 to $9
supersjakie: calls $3
*** FLOP *** [Td 3d 5h]
ToDaFelt: bets $3
supersjakie: raises $3 to $6
ToDaFelt: calls $3
*** TURN *** [Td 3d 5h] [5c]
ToDaFelt: checks
supersjakie: bets $6
ToDaFelt: folds
Uncalled bet ($6) returned to supersjakie
supersjakie collected $29.50 from pot
supersjakie: doesn't show hand
*** SUMMARY ***
Total pot $30 | Rake $0.50
Board [Td 3d 5h 5c]
Seat 2: supersjakie (button) (small blind) collected ($29.50)
Seat 6: ToDaFelt (big blind) folded on the Turn


PokerStars Hand #158963694002:  Hold'em Limit ($3/$6 USD) - 2016/09/22 19:07:33 ET
Table 'Laodica II' 6-max Seat #6 is the button
Seat 2: supersjakie ($112.24 in chips)
Seat 6: ToDaFelt ($106 in chips)
ToDaFelt: posts small blind $1
supersjakie: posts big blind $3
*** HOLE CARDS ***
ToDaFelt: raises $3 to $6
supersjakie: raises $3 to $9
ToDaFelt: calls $3
*** FLOP *** [Ad 4d Qs]
supersjakie: bets $3
ToDaFelt: calls $3
*** TURN *** [Ad 4d Qs] [5s]
supersjakie: bets $6
ToDaFelt: calls $6
*** RIVER *** [Ad 4d Qs 5s] [8c]
supersjakie: bets $6
ToDaFelt: calls $6
*** SHOW DOWN ***
supersjakie: shows [Kh Jc] (high card Ace)
ToDaFelt: shows [Qc Jd] (a pair of Queens)
ToDaFelt collected $47.50 from pot
*** SUMMARY ***
Total pot $48 | Rake $0.50
Board [Ad 4d Qs 5s 8c]
Seat 2: supersjakie (big blind) showed [Kh Jc] and lost with high card Ace
Seat 6: ToDaFelt (button) (small blind) showed [Qc Jd] and won ($47.50) with a pair of Queens


PokerStars Hand #158963705123:  Hold'em Limit ($3/$6 USD) - 2016/09/22 19:07:52 ET
Table 'Laodica II' 6-max Seat #2 is the button
Seat 2: supersjakie ($88.24 in chips)
Seat 6: ToDaFelt ($129.50 in chips)
supersjakie: posts small blind $1
ToDaFelt: posts big blind $3
*** HOLE CARDS ***
supersjakie: raises $3 to $6
ToDaFelt: folds
Uncalled bet ($3) returned to supersjakie
supersjakie collected $6 from pot
supersjakie: doesn't show hand
*** SUMMARY ***
Total pot $6 | Rake $0
Seat 2: supersjakie (button) (small blind) collected ($6)
Seat 6: ToDaFelt (big blind) folded before Flop


PokerStars Hand #158963723914:  Hold'em Limit ($3/$6 USD) - 2016/09/22 19:08:25 ET
Table 'Laodica II' 6-max Seat #2 is the button
Seat 2: supersjakie ($85.24 in chips)
Seat 6: ToDaFelt ($132.26 in chips)
supersjakie: posts small blind $1
ToDaFelt: posts big blind $3
*** HOLE CARDS ***
supersjakie: folds
Uncalled bet ($2) returned to ToDaFelt
ToDaFelt collected $2 from pot
ToDaFelt: doesn't show hand
*** SUMMARY ***
Total pot $2 | Rake $0
Seat 2: supersjakie (button) (small blind) folded before Flop
Seat 6: ToDaFelt (big blind) collected ($2)


PokerStars Hand #158963714922:  Hold'em Limit ($3/$6 USD) - 2016/09/22 19:08:10 ET
Table 'Laodica II' 6-max Seat #6 is the button
Seat 2: supersjakie ($91.24 in chips)
Seat 6: ToDaFelt ($126.50 in chips)
ToDaFelt: posts small blind $1
supersjakie: posts big blind $3
*** HOLE CARDS ***
ToDaFelt: raises $3 to $6
supersjakie: calls $3
*** FLOP *** [Ts Js 9d]
supersjakie: checks
ToDaFelt: bets $3
supersjakie: folds
Uncalled bet ($3) returned to ToDaFelt
ToDaFelt collected $11.76 from pot
ToDaFelt: doesn't show hand
*** SUMMARY ***
Total pot $12 | Rake $0.24
Board [Ts Js 9d]
Seat 2: supersjakie (big blind) folded on the Flop
Seat 6: ToDaFelt (button) (small blind) collected ($11.76)


PokerStars Hand #158963727555:  Hold'em Limit ($3/$6 USD) - 2016/09/22 19:08:32 ET
Table 'Laodica II' 6-max Seat #6 is the button
Seat 2: supersjakie ($84.24 in chips)
Seat 6: ToDaFelt ($133.26 in chips)
ToDaFelt: posts small blind $1
supersjakie: posts big blind $3
*** HOLE CARDS ***
ToDaFelt: raises $3 to $6
supersjakie: calls $3
*** FLOP *** [Jd Js Ks]
supersjakie: checks
ToDaFelt: bets $3
supersjakie: calls $3
*** TURN *** [Jd Js Ks] [Qc]
supersjakie: checks
ToDaFelt: checks
*** RIVER *** [Jd Js Ks Qc] [Td]
supersjakie: checks
ToDaFelt: bets $6
supersjakie: folds
Uncalled bet ($6) returned to ToDaFelt
ToDaFelt collected $17.64 from pot
ToDaFelt: doesn't show hand
*** SUMMARY ***
Total pot $18 | Rake $0.36
Board [Jd Js Ks Qc Td]
Seat 2: supersjakie (big blind) folded on the River
Seat 6: ToDaFelt (button) (small blind) collected ($17.64)


PokerStars Hand #158963745193:  Hold'em Limit ($3/$6 USD) - 2016/09/22 19:09:03 ET
Table 'Laodica II' 6-max Seat #2 is the button
Seat 2: supersjakie ($75.24 in chips)
Seat 6: ToDaFelt ($141.90 in chips)
supersjakie: posts small blind $1
ToDaFelt: posts big blind $3
*** HOLE CARDS ***
supersjakie: raises $3 to $6
ToDaFelt: calls $3
*** FLOP *** [8h Tc Kd]
ToDaFelt: checks
supersjakie: bets $3
ToDaFelt: calls $3
*** TURN *** [8h Tc Kd] [2d]
ToDaFelt: checks
supersjakie: bets $6
ToDaFelt: calls $6
*** RIVER *** [8h Tc Kd 2d] [8d]
ToDaFelt: checks
supersjakie: checks
*** SHOW DOWN ***
ToDaFelt: shows [4s Qd] (a pair of Eights)
supersjakie: shows [As 7c] (a pair of Eights - Ace kicker)
supersjakie collected $29.50 from pot
*** SUMMARY ***
Total pot $30 | Rake $0.50
Board [8h Tc Kd 2d 8d]
Seat 2: supersjakie (button) (small blind) showed [As 7c] and won ($29.50) with a pair of Eights
Seat 6: ToDaFelt (big blind) showed [4s Qd] and lost with a pair of Eights


PokerStars Hand #158963762226:  Hold'em Limit ($3/$6 USD) - 2016/09/22 19:09:33 ET
Table 'Laodica II' 6-max Seat #6 is the button
Seat 2: supersjakie ($89.74 in chips)
Seat 6: ToDaFelt ($126.90 in chips)
ToDaFelt: posts small blind $1
supersjakie: posts big blind $3
*** HOLE CARDS ***
ToDaFelt: raises $3 to $6
supersjakie: calls $3
*** FLOP *** [6d 3s Ac]
supersjakie: checks
ToDaFelt: bets $3
supersjakie: raises $3 to $6
ToDaFelt: calls $3
*** TURN *** [6d 3s Ac] [7d]
supersjakie: bets $6
ToDaFelt: calls $6
*** RIVER *** [6d 3s Ac 7d] [8s]
supersjakie: bets $6
ToDaFelt: calls $6
*** SHOW DOWN ***
supersjakie: shows [5s 4c] (a straight, Four to Eight)
ToDaFelt: mucks hand
supersjakie collected $47.50 from pot
*** SUMMARY ***
Total pot $48 | Rake $0.50
Board [6d 3s Ac 7d 8s]
Seat 2: supersjakie (big blind) showed [5s 4c] and won ($47.50) with a straight, Four to Eight
Seat 6: ToDaFelt (button) (small blind) mucked


PokerStars Hand #158963775687:  Hold'em Limit ($3/$6 USD) - 2016/09/22 19:09:57 ET
Table 'Laodica II' 6-max Seat #2 is the button
Seat 2: supersjakie ($113.24 in chips)
Seat 6: ToDaFelt ($102.90 in chips)
supersjakie: posts small blind $1
ToDaFelt: posts big blind $3
*** HOLE CARDS ***
supersjakie: raises $3 to $6
ToDaFelt: raises $3 to $9
supersjakie: calls $3
*** FLOP *** [Kc 4h 6d]
ToDaFelt: bets $3
supersjakie: calls $3
*** TURN *** [Kc 4h 6d] [Qs]
ToDaFelt: checks
supersjakie: bets $6
ToDaFelt: calls $6
*** RIVER *** [Kc 4h 6d Qs] [9h]
ToDaFelt: checks
supersjakie: checks
*** SHOW DOWN ***
ToDaFelt: shows [8d Ah] (high card Ace)
supersjakie: shows [Th As] (high card Ace - King+Queen+Ten kicker)
supersjakie collected $35.50 from pot
*** SUMMARY ***
Total pot $36 | Rake $0.50
Board [Kc 4h 6d Qs 9h]
Seat 2: supersjakie (button) (small blind) showed [Th As] and won ($35.50) with high card Ace
Seat 6: ToDaFelt (big blind) showed [8d Ah] and lost with high card Ace


PokerStars Hand #158963800393:  Hold'em Limit ($3/$6 USD) - 2016/09/22 19:10:40 ET
Table 'Laodica II' 6-max Seat #6 is the button
Seat 2: supersjakie ($130.74 in chips)
Seat 6: ToDaFelt ($84.90 in chips)
ToDaFelt: posts small blind $1
supersjakie: posts big blind $3
*** HOLE CARDS ***
ToDaFelt: raises $3 to $6
supersjakie: calls $3
*** FLOP *** [5h 4c 2d]
supersjakie: checks
ToDaFelt: bets $3
supersjakie: calls $3
*** TURN *** [5h 4c 2d] [4d]
supersjakie: checks
ToDaFelt: bets $6
supersjakie: calls $6
*** RIVER *** [5h 4c 2d 4d] [Ks]
supersjakie: checks
ToDaFelt: bets $6
supersjakie: folds
Uncalled bet ($6) returned to ToDaFelt
ToDaFelt collected $29.50 from pot
ToDaFelt: doesn't show hand
*** SUMMARY ***
Total pot $30 | Rake $0.50
Board [5h 4c 2d 4d Ks]
Seat 2: supersjakie (big blind) folded on the River
Seat 6: ToDaFelt (button) (small blind) collected ($29.50)


PokerStars Hand #158963837236:  Hold'em Limit ($3/$6 USD) - 2016/09/22 19:11:44 ET
Table 'Laodica II' 6-max Seat #6 is the button
Seat 2: supersjakie ($115.49 in chips)
Seat 6: ToDaFelt ($99.15 in chips)
ToDaFelt: posts small blind $1
supersjakie: posts big blind $3
*** HOLE CARDS ***
ToDaFelt: raises $3 to $6
supersjakie: calls $3
*** FLOP *** [9d Ah Ac]
supersjakie: checks
ToDaFelt: bets $3
supersjakie: calls $3
*** TURN *** [9d Ah Ac] [7h]
supersjakie: checks
ToDaFelt: bets $6
supersjakie: calls $6
*** RIVER *** [9d Ah Ac 7h] [Kd]
supersjakie: bets $6
ToDaFelt: folds
Uncalled bet ($6) returned to supersjakie
supersjakie collected $29.50 from pot
supersjakie: doesn't show hand
*** SUMMARY ***
Total pot $30 | Rake $0.50
Board [9d Ah Ac 7h Kd]
Seat 2: supersjakie (big blind) collected ($29.50)
Seat 6: ToDaFelt (button) (small blind) folded on the River


PokerStars Hand #158963822992:  Hold'em Limit ($3/$6 USD) - 2016/09/22 19:11:19 ET
Table 'Laodica II' 6-max Seat #2 is the button
Seat 2: supersjakie ($115.74 in chips)
Seat 6: ToDaFelt ($99.40 in chips)
supersjakie: posts small blind $1
ToDaFelt: posts big blind $3
*** HOLE CARDS ***
supersjakie: raises $3 to $6
ToDaFelt: calls $3
*** FLOP *** [Jh 8h 9s]
ToDaFelt: checks
supersjakie: bets $3
ToDaFelt: calls $3
*** TURN *** [Jh 8h 9s] [3d]
ToDaFelt: checks
supersjakie: bets $6
ToDaFelt: calls $6
*** RIVER *** [Jh 8h 9s 3d] [Jd]
ToDaFelt: checks
supersjakie: checks
*** SHOW DOWN ***
ToDaFelt: shows [5c Kh] (a pair of Jacks)
supersjakie: shows [Kd 6d] (a pair of Jacks)
ToDaFelt collected $14.75 from pot
supersjakie collected $14.75 from pot
*** SUMMARY ***
Total pot $30 | Rake $0.50
Board [Jh 8h 9s 3d Jd]
Seat 2: supersjakie (button) (small blind) showed [Kd 6d] and won ($14.75) with a pair of Jacks
Seat 6: ToDaFelt (big blind) showed [5c Kh] and won ($14.75) with a pair of Jacks


PokerStars Hand #158963871319:  Hold'em Limit ($3/$6 USD) - 2016/09/22 19:12:43 ET
Table 'Laodica II' 6-max Seat #6 is the button
Seat 2: supersjakie ($117.99 in chips)
Seat 6: ToDaFelt ($95.67 in chips)
ToDaFelt: posts small blind $1
supersjakie: posts big blind $3
*** HOLE CARDS ***
ToDaFelt: raises $3 to $6
supersjakie: raises $3 to $9
ToDaFelt: calls $3
*** FLOP *** [8h 6s 8d]
supersjakie: bets $3
ToDaFelt: calls $3
*** TURN *** [8h 6s 8d] [7c]
supersjakie: bets $6
ToDaFelt: raises $6 to $12
supersjakie: calls $6
*** RIVER *** [8h 6s 8d 7c] [3s]
supersjakie: checks
ToDaFelt: bets $6
supersjakie: calls $6
*** SHOW DOWN ***
ToDaFelt: shows [Qh Qc] (two pair, Queens and Eights)
supersjakie: mucks hand
ToDaFelt collected $59.50 from pot
*** SUMMARY ***
Total pot $60 | Rake $0.50
Board [8h 6s 8d 7c 3s]
Seat 2: supersjakie (big blind) mucked
Seat 6: ToDaFelt (button) (small blind) showed [Qh Qc] and won ($59.50) with two pair, Queens and Eights


PokerStars Hand #158963857665:  Hold'em Limit ($3/$6 USD) - 2016/09/22 19:12:20 ET
Table 'Laodica II' 6-max Seat #2 is the button
Seat 2: supersjakie ($129.99 in chips)
Seat 6: ToDaFelt ($84.15 in chips)
supersjakie: posts small blind $1
ToDaFelt: posts big blind $3
*** HOLE CARDS ***
supersjakie: raises $3 to $6
ToDaFelt: raises $3 to $9
supersjakie: calls $3
*** FLOP *** [Kh 6c 7s]
ToDaFelt: bets $3
supersjakie: calls $3
*** TURN *** [Kh 6c 7s] [Qh]
ToDaFelt: bets $6
supersjakie: folds
Uncalled bet ($6) returned to ToDaFelt
ToDaFelt collected $23.52 from pot
ToDaFelt: doesn't show hand
*** SUMMARY ***
Total pot $24 | Rake $0.48
Board [Kh 6c 7s Qh]
Seat 2: supersjakie (button) (small blind) folded on the Turn
Seat 6: ToDaFelt (big blind) collected ($23.52)


PokerStars Hand #158963890393:  Hold'em Limit ($3/$6 USD) - 2016/09/22 19:13:16 ET
Table 'Laodica II' 6-max Seat #2 is the button
Seat 2: supersjakie ($87.99 in chips)
Seat 6: ToDaFelt ($125.17 in chips)
supersjakie: posts small blind $1
ToDaFelt: posts big blind $3
*** HOLE CARDS ***
supersjakie: raises $3 to $6
ToDaFelt: calls $3
*** FLOP *** [2s 6s 4s]
ToDaFelt: checks
supersjakie: bets $3
ToDaFelt: raises $3 to $6
supersjakie: raises $3 to $9
ToDaFelt: calls $3
*** TURN *** [2s 6s 4s] [Qh]
ToDaFelt: bets $6
supersjakie: raises $6 to $12
ToDaFelt: calls $6
*** RIVER *** [2s 6s 4s Qh] [5d]
ToDaFelt: bets $6
supersjakie: raises $6 to $12
ToDaFelt: calls $6
*** SHOW DOWN ***
supersjakie: shows [4d 4h] (three of a kind, Fours)
ToDaFelt: shows [6h 3h] (a straight, Deuce to Six)
ToDaFelt collected $77.50 from pot
*** SUMMARY ***
Total pot $78 | Rake $0.50
Board [2s 6s 4s Qh 5d]
Seat 2: supersjakie (button) (small blind) showed [4d 4h] and lost with three of a kind, Fours
Seat 6: ToDaFelt (big blind) showed [6h 3h] and won ($77.50) with a straight, Deuce to Six


PokerStars Hand #158963909713:  Hold'em Limit ($3/$6 USD) - 2016/09/22 19:13:50 ET
Table 'Laodica II' 6-max Seat #6 is the button
Seat 2: supersjakie ($48.99 in chips)
Seat 6: ToDaFelt ($163.67 in chips)
ToDaFelt: posts small blind $1
supersjakie: posts big blind $3
*** HOLE CARDS ***
ToDaFelt: raises $3 to $6
supersjakie: raises $3 to $9
ToDaFelt: calls $3
*** FLOP *** [8d Jd 4c]
supersjakie: bets $3
ToDaFelt: calls $3
*** TURN *** [8d Jd 4c] [8h]
supersjakie: bets $6
ToDaFelt: calls $6
*** RIVER *** [8d Jd 4c 8h] [7h]
supersjakie: bets $6
ToDaFelt: calls $6
*** SHOW DOWN ***
supersjakie: shows [Jh 9s] (two pair, Jacks and Eights)
ToDaFelt: mucks hand
supersjakie collected $47.50 from pot
*** SUMMARY ***
Total pot $48 | Rake $0.50
Board [8d Jd 4c 8h 7h]
Seat 2: supersjakie (big blind) showed [Jh 9s] and won ($47.50) with two pair, Jacks and Eights
Seat 6: ToDaFelt (button) (small blind) mucked


PokerStars Hand #158963921679:  Hold'em Limit ($3/$6 USD) - 2016/09/22 19:14:11 ET
Table 'Laodica II' 6-max Seat #2 is the button
Seat 2: supersjakie ($72.49 in chips)
Seat 6: ToDaFelt ($139.67 in chips)
supersjakie: posts small blind $1
ToDaFelt: posts big blind $3
*** HOLE CARDS ***
supersjakie: folds
Uncalled bet ($2) returned to ToDaFelt
ToDaFelt collected $2 from pot
ToDaFelt: doesn't show hand
*** SUMMARY ***
Total pot $2 | Rake $0
Seat 2: supersjakie (button) (small blind) folded before Flop
Seat 6: ToDaFelt (big blind) collected ($2)


PokerStars Hand #158963925033:  Hold'em Limit ($3/$6 USD) - 2016/09/22 19:14:17 ET
Table 'Laodica II' 6-max Seat #6 is the button
Seat 2: supersjakie ($71.49 in chips)
Seat 6: ToDaFelt ($140.67 in chips)
ToDaFelt: posts small blind $1
supersjakie: posts big blind $3
*** HOLE CARDS ***
ToDaFelt: raises $3 to $6
supersjakie: calls $3
*** FLOP *** [Qd 8d 5h]
supersjakie: checks
ToDaFelt: bets $3
supersjakie: raises $3 to $6
ToDaFelt: folds
Uncalled bet ($3) returned to supersjakie
supersjakie collected $17.64 from pot
supersjakie: doesn't show hand
*** SUMMARY ***
Total pot $18 | Rake $0.36
Board [Qd 8d 5h]
Seat 2: supersjakie (big blind) collected ($17.64)
Seat 6: ToDaFelt (button) (small blind) folded on the Flop


PokerStars Hand #158963936402:  Hold'em Limit ($3/$6 USD) - 2016/09/22 19:14:37 ET
Table 'Laodica II' 6-max Seat #6 is the button
Seat 2: supersjakie ($79.13 in chips)
Seat 6: ToDaFelt ($132.67 in chips)
ToDaFelt: posts small blind $1
supersjakie: posts big blind $3
*** HOLE CARDS ***
ToDaFelt: raises $3 to $6
supersjakie: calls $3
*** FLOP *** [Jd Td 7h]
supersjakie: checks
ToDaFelt: bets $3
supersjakie: calls $3
*** TURN *** [Jd Td 7h] [6h]
supersjakie: checks
ToDaFelt: bets $6
supersjakie: raises $6 to $12
ToDaFelt: calls $6
*** RIVER *** [Jd Td 7h 6h] [3s]
supersjakie: bets $6
ToDaFelt: calls $6
*** SHOW DOWN ***
supersjakie: shows [7s 4h] (a pair of Sevens)
ToDaFelt: shows [4c Jh] (a pair of Jacks)
ToDaFelt collected $53.50 from pot
*** SUMMARY ***
Total pot $54 | Rake $0.50
Board [Jd Td 7h 6h 3s]
Seat 2: supersjakie (big blind) showed [7s 4h] and lost with a pair of Sevens
Seat 6: ToDaFelt (button) (small blind) showed [4c Jh] and won ($53.50) with a pair of Jacks


PokerStars Hand #158963948603:  Hold'em Limit ($3/$6 USD) - 2016/09/22 19:14:58 ET
Table 'Laodica II' 6-max Seat #2 is the button
Seat 2: supersjakie ($52.13 in chips)
Seat 6: ToDaFelt ($159.17 in chips)
supersjakie: posts small blind $1
ToDaFelt: posts big blind $3
*** HOLE CARDS ***
supersjakie: raises $3 to $6
ToDaFelt: calls $3
*** FLOP *** [Jh Ts 4h]
ToDaFelt: checks
supersjakie: bets $3
ToDaFelt: raises $3 to $6
supersjakie: folds
Uncalled bet ($3) returned to ToDaFelt
ToDaFelt collected $17.64 from pot
ToDaFelt: doesn't show hand
*** SUMMARY ***
Total pot $18 | Rake $0.36
Board [Jh Ts 4h]
Seat 2: supersjakie (button) (small blind) folded on the Flop
Seat 6: ToDaFelt (big blind) collected ($17.64)


PokerStars Hand #158963933462:  Hold'em Limit ($3/$6 USD) - 2016/09/22 19:14:32 ET
Table 'Laodica II' 6-max Seat #2 is the button
Seat 2: supersjakie ($80.13 in chips)
Seat 6: ToDaFelt ($131.67 in chips)
supersjakie: posts small blind $1
ToDaFelt: posts big blind $3
*** HOLE CARDS ***
supersjakie: folds
Uncalled bet ($2) returned to ToDaFelt
ToDaFelt collected $2 from pot
ToDaFelt: doesn't show hand
*** SUMMARY ***
Total pot $2 | Rake $0
Seat 2: supersjakie (button) (small blind) folded before Flop
Seat 6: ToDaFelt (big blind) collected ($2)


PokerStars Hand #158963958635:  Hold'em Limit ($3/$6 USD) - 2016/09/22 19:15:15 ET
Table 'Laodica II' 6-max Seat #6 is the button
Seat 2: supersjakie ($43.13 in chips)
Seat 6: ToDaFelt ($167.81 in chips)
ToDaFelt: posts small blind $1
supersjakie: posts big blind $3
*** HOLE CARDS ***
ToDaFelt: raises $3 to $6
supersjakie: calls $3
*** FLOP *** [7h 3h Ah]
supersjakie: checks
ToDaFelt: bets $3
supersjakie: raises $3 to $6
ToDaFelt: calls $3
*** TURN *** [7h 3h Ah] [7s]
supersjakie: bets $6
ToDaFelt: raises $6 to $12
supersjakie: raises $6 to $18
ToDaFelt: calls $6
*** RIVER *** [7h 3h Ah 7s] [6s]
supersjakie: bets $6
ToDaFelt: raises $6 to $12
supersjakie: raises $1.13 to $13.13 and is all-in
ToDaFelt: calls $1.13
*** SHOW DOWN ***
supersjakie: shows [7c Jd] (three of a kind, Sevens)
ToDaFelt: shows [7d 6d] (a full house, Sevens full of Sixes)
ToDaFelt collected $85.76 from pot
*** SUMMARY ***
Total pot $86.26 | Rake $0.50
Board [7h 3h Ah 7s 6s]
Seat 2: supersjakie (big blind) showed [7c Jd] and lost with three of a kind, Sevens
Seat 6: ToDaFelt (button) (small blind) showed [7d 6d] and won ($85.76) with a full house, Sevens full of Sixes


