PokerStars Hand #144952250224:  Hold'em Limit ($3/$6 USD) - 2015/12/07 2:23:19 ET
Table 'Laodamia' 6-max Seat #5 is the button
Seat 5: red-zone-ok ($152 in chips)
Seat 6: scorpio04 ($72 in chips)
red-zone-ok: posts small blind $1
scorpio04: posts big blind $3
*** HOLE CARDS ***
red-zone-ok: calls $2
scorpio04: raises $3 to $6
red-zone-ok: calls $3
*** FLOP *** [3s Ks Kc]
scorpio04: bets $3
red-zone-ok: calls $3
*** TURN *** [3s Ks Kc] [5s]
scorpio04: bets $6
red-zone-ok: folds
Uncalled bet ($6) returned to scorpio04
scorpio04 collected $17.64 from pot
scorpio04: doesn't show hand
*** SUMMARY ***
Total pot $18 | Rake $0.36
Board [3s Ks Kc 5s]
Seat 5: red-zone-ok (button) (small blind) folded on the Turn
Seat 6: scorpio04 (big blind) collected ($17.64)


PokerStars Hand #144952243173:  Hold'em Limit ($3/$6 USD) - 2015/12/07 2:22:57 ET
Table 'Laodamia' 6-max Seat #6 is the button
Seat 5: red-zone-ok ($143.36 in chips)
Seat 6: scorpio04 ($72 in chips)
scorpio04: posts small blind $1
VolkovDmitri: is sitting out
krossguard: is sitting out
MTails: is sitting out
red-zone-ok: posts big blind $3
*** HOLE CARDS ***
scorpio04: raises $3 to $6
krossguard leaves the table
red-zone-ok: raises $3 to $9
scorpio04: calls $3
*** FLOP *** [7d Ad Kc]
MTails leaves the table
red-zone-ok: bets $3
scorpio04: folds
Uncalled bet ($3) returned to red-zone-ok
red-zone-ok collected $17.64 from pot
*** SUMMARY ***
Total pot $18 | Rake $0.36
Board [7d Ad Kc]
Seat 5: red-zone-ok (big blind) collected ($17.64)
Seat 6: scorpio04 (button) (small blind) folded on the Flop


