PokerStars Hand #155173533240:  Hold'em Limit ($3/$6 USD) - 2016/06/25 7:11:01 ET
Table 'Laodica' 6-max Seat #1 is the button
Seat 1: AA_ILI ($120 in chips)
Seat 2: Ulanov954 ($145.91 in chips)
AA_ILI: posts small blind $1
Ulanov954: posts big blind $3
*** HOLE CARDS ***
ölkwea joins the table at seat #5
AA_ILI: folds
Uncalled bet ($2) returned to Ulanov954
Ulanov954 collected $2 from pot
Ulanov954: doesn't show hand
*** SUMMARY ***
Total pot $2 | Rake $0
Seat 1: AA_ILI (button) (small blind) folded before Flop
Seat 2: Ulanov954 (big blind) collected ($2)


PokerStars Hand #155173578490:  Hold'em Limit ($3/$6 USD) - 2016/06/25 7:12:47 ET
Table 'Laodica' 6-max Seat #5 is the button
Seat 2: Ulanov954 ($107.01 in chips)
Seat 5: ölkwea ($144.13 in chips)
ölkwea: posts small blind $1
Ulanov954: posts big blind $3
*** HOLE CARDS ***
ölkwea: raises $3 to $6
Ulanov954: calls $3
*** FLOP *** [4h 6d As]
Ulanov954: checks
ölkwea: bets $3
Ulanov954: raises $3 to $6
ölkwea: calls $3
*** TURN *** [4h 6d As] [4c]
Ulanov954: bets $6
ölkwea: calls $6
*** RIVER *** [4h 6d As 4c] [9c]
Ulanov954: bets $6
ölkwea: raises $6 to $12
Ulanov954: calls $6
*** SHOW DOWN ***
ölkwea: shows [Ah 8s] (two pair, Aces and Fours)
Ulanov954: mucks hand
ölkwea collected $59.50 from pot
*** SUMMARY ***
Total pot $60 | Rake $0.50
Board [4h 6d As 4c 9c]
Seat 2: Ulanov954 (big blind) mucked
Seat 5: ölkwea (button) (small blind) showed [Ah 8s] and won ($59.50) with two pair, Aces and Fours


PokerStars Hand #155173586154:  Hold'em Limit ($3/$6 USD) - 2016/06/25 7:13:05 ET
Table 'Laodica' 6-max Seat #2 is the button
Seat 2: Ulanov954 ($77.01 in chips)
Seat 5: ölkwea ($173.63 in chips)
Ulanov954: posts small blind $1
ölkwea: posts big blind $3
*** HOLE CARDS ***
Ulanov954: raises $3 to $6
ölkwea: calls $3
*** FLOP *** [6d 9d 3d]
ölkwea: checks
Ulanov954: bets $3
ölkwea: calls $3
*** TURN *** [6d 9d 3d] [Ah]
ölkwea: checks
Ulanov954: bets $6
ölkwea: folds
Uncalled bet ($6) returned to Ulanov954
Ulanov954 collected $17.64 from pot
Ulanov954: doesn't show hand
*** SUMMARY ***
Total pot $18 | Rake $0.36
Board [6d 9d 3d Ah]
Seat 2: Ulanov954 (button) (small blind) collected ($17.64)
Seat 5: ölkwea (big blind) folded on the Turn


PokerStars Hand #155173591586:  Hold'em Limit ($3/$6 USD) - 2016/06/25 7:13:17 ET
Table 'Laodica' 6-max Seat #5 is the button
Seat 2: Ulanov954 ($85.65 in chips)
Seat 5: ölkwea ($164.63 in chips)
ölkwea: posts small blind $1
Ulanov954: posts big blind $3
*** HOLE CARDS ***
ölkwea: raises $3 to $6
Ulanov954: calls $3
*** FLOP *** [5d Kc Qs]
Ulanov954: checks
ölkwea: bets $3
Ulanov954: calls $3
*** TURN *** [5d Kc Qs] [6s]
Ulanov954: checks
ölkwea: bets $6
Ulanov954: calls $6
*** RIVER *** [5d Kc Qs 6s] [7s]
Ulanov954: checks
ölkwea: bets $6
Ulanov954: calls $6
*** SHOW DOWN ***
ölkwea: shows [Ts Jd] (high card King)
Ulanov954: shows [5s Tc] (a pair of Fives)
Ulanov954 collected $41.50 from pot
TbIP-TbIP 88 leaves the table
*** SUMMARY ***
Total pot $42 | Rake $0.50
Board [5d Kc Qs 6s 7s]
Seat 2: Ulanov954 (big blind) showed [5s Tc] and won ($41.50) with a pair of Fives
Seat 5: ölkwea (button) (small blind) showed [Ts Jd] and lost with high card King


PokerStars Hand #155173603935:  Hold'em Limit ($3/$6 USD) - 2016/06/25 7:13:31 ET
Table 'Laodica' 6-max Seat #2 is the button
Seat 2: Ulanov954 ($106.15 in chips)
Seat 5: ölkwea ($143.63 in chips)
Ulanov954: posts small blind $1
ölkwea: posts big blind $3
*** HOLE CARDS ***
Ulanov954: calls $2
ölkwea: checks
*** FLOP *** [2d Qh Kc]
ölkwea: bets $3
Ulanov954: folds
Uncalled bet ($3) returned to ölkwea
ölkwea collected $5.88 from pot
*** SUMMARY ***
Total pot $6 | Rake $0.12
Board [2d Qh Kc]
Seat 2: Ulanov954 (button) (small blind) folded on the Flop
Seat 5: ölkwea (big blind) collected ($5.88)


PokerStars Hand #155173607752:  Hold'em Limit ($3/$6 USD) - 2016/06/25 7:13:40 ET
Table 'Laodica' 6-max Seat #5 is the button
Seat 2: Ulanov954 ($103.15 in chips)
Seat 5: ölkwea ($146.51 in chips)
ölkwea: posts small blind $1
Ulanov954: posts big blind $3
*** HOLE CARDS ***
ölkwea: raises $3 to $6
Ulanov954: calls $3
*** FLOP *** [5c Ac Js]
Ulanov954: checks
ölkwea: bets $3
Ulanov954: folds
Uncalled bet ($3) returned to ölkwea
ölkwea collected $11.76 from pot
*** SUMMARY ***
Total pot $12 | Rake $0.24
Board [5c Ac Js]
Seat 2: Ulanov954 (big blind) folded on the Flop
Seat 5: ölkwea (button) (small blind) collected ($11.76)


PokerStars Hand #155173611654:  Hold'em Limit ($3/$6 USD) - 2016/06/25 7:13:49 ET
Table 'Laodica' 6-max Seat #2 is the button
Seat 2: Ulanov954 ($97.15 in chips)
Seat 5: ölkwea ($152.27 in chips)
Ulanov954: posts small blind $1
ölkwea: posts big blind $3
*** HOLE CARDS ***
Ulanov954: calls $2
ölkwea: checks
*** FLOP *** [7s 5s Qd]
ölkwea: checks
Ulanov954: checks
*** TURN *** [7s 5s Qd] [Th]
ölkwea: checks
Ulanov954: checks
*** RIVER *** [7s 5s Qd Th] [2h]
ölkwea: bets $6
Ulanov954: folds
Uncalled bet ($6) returned to ölkwea
ölkwea collected $5.88 from pot
*** SUMMARY ***
Total pot $6 | Rake $0.12
Board [7s 5s Qd Th 2h]
Seat 2: Ulanov954 (button) (small blind) folded on the River
Seat 5: ölkwea (big blind) collected ($5.88)


PokerStars Hand #155173616878:  Hold'em Limit ($3/$6 USD) - 2016/06/25 7:14:01 ET
Table 'Laodica' 6-max Seat #5 is the button
Seat 2: Ulanov954 ($94.15 in chips)
Seat 5: ölkwea ($155.15 in chips)
ölkwea: posts small blind $1
Ulanov954: posts big blind $3
*** HOLE CARDS ***
ölkwea: calls $2
Ulanov954: checks
*** FLOP *** [9d 3d 2c]
Ulanov954: checks
ölkwea: checks
*** TURN *** [9d 3d 2c] [Kh]
Ulanov954: checks
ölkwea: checks
*** RIVER *** [9d 3d 2c Kh] [2h]
Ulanov954: checks
ölkwea: checks
*** SHOW DOWN ***
Ulanov954: shows [Qh 8c] (a pair of Deuces)
ölkwea: mucks hand
Ulanov954 collected $5.88 from pot
*** SUMMARY ***
Total pot $6 | Rake $0.12
Board [9d 3d 2c Kh 2h]
Seat 2: Ulanov954 (big blind) showed [Qh 8c] and won ($5.88) with a pair of Deuces
Seat 5: ölkwea (button) (small blind) mucked


PokerStars Hand #155173624080:  Hold'em Limit ($3/$6 USD) - 2016/06/25 7:14:18 ET
Table 'Laodica' 6-max Seat #2 is the button
Seat 2: Ulanov954 ($97.03 in chips)
Seat 5: ölkwea ($152.15 in chips)
Ulanov954: posts small blind $1
ölkwea: posts big blind $3
*** HOLE CARDS ***
Ulanov954: raises $3 to $6
ölkwea: calls $3
*** FLOP *** [9h Ah 6c]
ölkwea: checks
Ulanov954: bets $3
ölkwea: folds
Uncalled bet ($3) returned to Ulanov954
Ulanov954 collected $11.76 from pot
Ulanov954: doesn't show hand
*** SUMMARY ***
Total pot $12 | Rake $0.24
Board [9h Ah 6c]
Seat 2: Ulanov954 (button) (small blind) collected ($11.76)
Seat 5: ölkwea (big blind) folded on the Flop


PokerStars Hand #155173635878:  Hold'em Limit ($3/$6 USD) - 2016/06/25 7:14:46 ET
Table 'Laodica' 6-max Seat #2 is the button
Seat 2: Ulanov954 ($102.54 in chips)
Seat 5: ölkwea ($145.90 in chips)
Ulanov954: posts small blind $1
ölkwea: posts big blind $3
*** HOLE CARDS ***
Ulanov954: folds
Uncalled bet ($2) returned to ölkwea
ölkwea collected $2 from pot
*** SUMMARY ***
Total pot $2 | Rake $0
Seat 2: Ulanov954 (button) (small blind) folded before Flop
Seat 5: ölkwea (big blind) collected ($2)


PokerStars Hand #155173627676:  Hold'em Limit ($3/$6 USD) - 2016/06/25 7:14:26 ET
Table 'Laodica' 6-max Seat #5 is the button
Seat 2: Ulanov954 ($102.79 in chips)
Seat 5: ölkwea ($146.15 in chips)
ölkwea: posts small blind $1
Ulanov954: posts big blind $3
*** HOLE CARDS ***
ölkwea: raises $3 to $6
Ulanov954: calls $3
*** FLOP *** [8d 7c Tc]
Ulanov954: checks
ölkwea: bets $3
Ulanov954: calls $3
*** TURN *** [8d 7c Tc] [Qs]
Ulanov954: checks
ölkwea: bets $6
Ulanov954: calls $6
*** RIVER *** [8d 7c Tc Qs] [6c]
Ulanov954: checks
ölkwea: bets $6
Ulanov954: raises $6 to $12
ölkwea: calls $6
*** SHOW DOWN ***
Ulanov954: shows [3s 9c] (a straight, Six to Ten)
ölkwea: shows [4h 9s] (a straight, Six to Ten)
Ulanov954 collected $26.75 from pot
ölkwea collected $26.75 from pot
*** SUMMARY ***
Total pot $54 | Rake $0.50
Board [8d 7c Tc Qs 6c]
Seat 2: Ulanov954 (big blind) showed [3s 9c] and won ($26.75) with a straight, Six to Ten
Seat 5: ölkwea (button) (small blind) showed [4h 9s] and won ($26.75) with a straight, Six to Ten


PokerStars Hand #155173637902:  Hold'em Limit ($3/$6 USD) - 2016/06/25 7:14:50 ET
Table 'Laodica' 6-max Seat #5 is the button
Seat 2: Ulanov954 ($101.54 in chips)
Seat 5: ölkwea ($146.90 in chips)
ölkwea: posts small blind $1
Ulanov954: posts big blind $3
*** HOLE CARDS ***
ölkwea: raises $3 to $6
Ulanov954: calls $3
*** FLOP *** [Kh 5c Qd]
Ulanov954: checks
ölkwea: bets $3
Ulanov954: folds
Uncalled bet ($3) returned to ölkwea
ölkwea collected $11.76 from pot
*** SUMMARY ***
Total pot $12 | Rake $0.24
Board [Kh 5c Qd]
Seat 2: Ulanov954 (big blind) folded on the Flop
Seat 5: ölkwea (button) (small blind) collected ($11.76)


PokerStars Hand #155173642166:  Hold'em Limit ($3/$6 USD) - 2016/06/25 7:15:00 ET
Table 'Laodica' 6-max Seat #2 is the button
Seat 2: Ulanov954 ($95.54 in chips)
Seat 5: ölkwea ($152.66 in chips)
Ulanov954: posts small blind $1
ölkwea: posts big blind $3
*** HOLE CARDS ***
Ulanov954: raises $3 to $6
ölkwea: raises $3 to $9
Ulanov954: calls $3
*** FLOP *** [3d 5s 8h]
ölkwea: bets $3
Ulanov954: calls $3
*** TURN *** [3d 5s 8h] [Th]
ölkwea: bets $6
Ulanov954: calls $6
*** RIVER *** [3d 5s 8h Th] [Jc]
ölkwea: bets $6
Ulanov954: raises $6 to $12
ölkwea: calls $6
*** SHOW DOWN ***
Ulanov954: shows [Jd 9c] (a pair of Jacks)
ölkwea: mucks hand
Ulanov954 collected $59.50 from pot
Murrrr_@T joins the table at seat #3
*** SUMMARY ***
Total pot $60 | Rake $0.50
Board [3d 5s 8h Th Jc]
Seat 2: Ulanov954 (button) (small blind) showed [Jd 9c] and won ($59.50) with a pair of Jacks
Seat 5: ölkwea (big blind) mucked


PokerStars Hand #155173650605:  Hold'em Limit ($3/$6 USD) - 2016/06/25 7:15:20 ET
Table 'Laodica' 6-max Seat #5 is the button
Seat 2: Ulanov954 ($125.04 in chips)
Seat 5: ölkwea ($122.66 in chips)
ölkwea: posts small blind $1
Ulanov954: posts big blind $3
*** HOLE CARDS ***
ölkwea: folds
Uncalled bet ($2) returned to Ulanov954
Ulanov954 collected $2 from pot
Ulanov954: doesn't show hand
*** SUMMARY ***
Total pot $2 | Rake $0
Seat 2: Ulanov954 (big blind) collected ($2)
Seat 5: ölkwea (button) (small blind) folded before Flop


PokerStars Hand #155179244443:  Hold'em Limit ($3/$6 USD) - 2016/06/25 10:23:58 ET
Table 'Laodica' 6-max Seat #4 is the button
Seat 3: Murrrr_@T ($88 in chips)
Seat 4: Acidstorm200 ($56.60 in chips)
Acidstorm200: posts small blind $1
Murrrr_@T: posts big blind $3
*** HOLE CARDS ***
Acidstorm200: raises $3 to $6
Murrrr_@T: calls $3
*** FLOP *** [6s Ts As]
Murrrr_@T: checks
Acidstorm200: bets $3
Murrrr_@T: raises $3 to $6
Acidstorm200: calls $3
*** TURN *** [6s Ts As] [Jd]
Murrrr_@T: bets $6
Acidstorm200: calls $6
*** RIVER *** [6s Ts As Jd] [Kd]
Murrrr_@T: checks
Acidstorm200: checks
*** SHOW DOWN ***
Murrrr_@T: shows [7h Js] (a pair of Jacks)
Acidstorm200: shows [5c Ac] (a pair of Aces)
Acidstorm200 collected $35.50 from pot
*** SUMMARY ***
Total pot $36 | Rake $0.50
Board [6s Ts As Jd Kd]
Seat 3: Murrrr_@T (big blind) showed [7h Js] and lost with a pair of Jacks
Seat 4: Acidstorm200 (button) (small blind) showed [5c Ac] and won ($35.50) with a pair of Aces


PokerStars Hand #155179256038:  Hold'em Limit ($3/$6 USD) - 2016/06/25 10:24:19 ET
Table 'Laodica' 6-max Seat #3 is the button
Seat 3: Murrrr_@T ($70 in chips)
Seat 4: Acidstorm200 ($74.10 in chips)
Murrrr_@T: posts small blind $1
Acidstorm200: posts big blind $3
*** HOLE CARDS ***
Murrrr_@T: raises $3 to $6
Acidstorm200: folds
Uncalled bet ($3) returned to Murrrr_@T
Murrrr_@T collected $6 from pot
Murrrr_@T: doesn't show hand
*** SUMMARY ***
Total pot $6 | Rake $0
Seat 3: Murrrr_@T (button) (small blind) collected ($6)
Seat 4: Acidstorm200 (big blind) folded before Flop


PokerStars Hand #155179259319:  Hold'em Limit ($3/$6 USD) - 2016/06/25 10:24:25 ET
Table 'Laodica' 6-max Seat #4 is the button
Seat 3: Murrrr_@T ($73 in chips)
Seat 4: Acidstorm200 ($71.10 in chips)
Acidstorm200: posts small blind $1
Murrrr_@T: posts big blind $3
*** HOLE CARDS ***
Acidstorm200: folds
Uncalled bet ($2) returned to Murrrr_@T
Acidstorm200 leaves the table
Murrrr_@T collected $2 from pot
Murrrr_@T: doesn't show hand
*** SUMMARY ***
Total pot $2 | Rake $0
Seat 3: Murrrr_@T (big blind) collected ($2)
Seat 4: Acidstorm200 (button) (small blind) folded before Flop


