PokerStars Hand #148914349099:  Hold'em Limit ($3/$6 USD) - 2016/02/16 14:26:09 ET
Table 'Laodica' 6-max Seat #4 is the button
Seat 1: Zubasa07 ($462.88 in chips)
Seat 4: Ops-LNG ($65.66 in chips)
Ops-LNG: posts small blind $1
Zubasa07: posts big blind $3
*** HOLE CARDS ***
Ops-LNG: folds
Uncalled bet ($2) returned to Zubasa07
Zubasa07 collected $2 from pot
Zubasa07: doesn't show hand
*** SUMMARY ***
Total pot $2 | Rake $0
Seat 1: Zubasa07 (big blind) collected ($2)
Seat 4: Ops-LNG (button) (small blind) folded before Flop


PokerStars Hand #148914384181:  Hold'em Limit ($3/$6 USD) - 2016/02/16 14:26:43 ET
Table 'Laodica' 6-max Seat #4 is the button
Seat 1: Zubasa07 ($472.52 in chips)
Seat 4: Ops-LNG ($55.66 in chips)
Ops-LNG: posts small blind $1
Zubasa07: posts big blind $3
*** HOLE CARDS ***
Ops-LNG: folds
Uncalled bet ($2) returned to Zubasa07
Zubasa07 collected $2 from pot
Zubasa07: doesn't show hand
*** SUMMARY ***
Total pot $2 | Rake $0
Seat 1: Zubasa07 (big blind) collected ($2)
Seat 4: Ops-LNG (button) (small blind) folded before Flop


PokerStars Hand #148914356241:  Hold'em Limit ($3/$6 USD) - 2016/02/16 14:26:16 ET
Table 'Laodica' 6-max Seat #1 is the button
Seat 1: Zubasa07 ($463.88 in chips)
Seat 4: Ops-LNG ($64.66 in chips)
Zubasa07: posts small blind $1
Ops-LNG: posts big blind $3
*** HOLE CARDS ***
Zubasa07: raises $3 to $6
Ops-LNG: calls $3
*** FLOP *** [Jh 6h Ks]
Ops-LNG: checks
Zubasa07: bets $3
Ops-LNG: calls $3
*** TURN *** [Jh 6h Ks] [Jd]
Ops-LNG: checks
Zubasa07: bets $6
Ops-LNG: folds
Uncalled bet ($6) returned to Zubasa07
Zubasa07 collected $17.64 from pot
Zubasa07: doesn't show hand
*** SUMMARY ***
Total pot $18 | Rake $0.36
Board [Jh 6h Ks Jd]
Seat 1: Zubasa07 (button) (small blind) collected ($17.64)
Seat 4: Ops-LNG (big blind) folded on the Turn


PokerStars Hand #148914312063:  Hold'em Limit ($3/$6 USD) - 2016/02/16 14:25:33 ET
Table 'Laodica' 6-max Seat #4 is the button
Seat 1: Zubasa07 ($469 in chips)
Seat 4: Ops-LNG ($60.02 in chips)
Ops-LNG: posts small blind $1
Zubasa07: posts big blind $3
*** HOLE CARDS ***
Ops-LNG: calls $2
Zubasa07: checks
*** FLOP *** [Ac Kh As]
Zubasa07: bets $3
Ops-LNG: folds
Uncalled bet ($3) returned to Zubasa07
Zubasa07 collected $5.88 from pot
Zubasa07: doesn't show hand
*** SUMMARY ***
Total pot $6 | Rake $0.12
Board [Ac Kh As]
Seat 1: Zubasa07 (big blind) collected ($5.88)
Seat 4: Ops-LNG (button) (small blind) folded on the Flop


PokerStars Hand #148914330119:  Hold'em Limit ($3/$6 USD) - 2016/02/16 14:25:51 ET
Table 'Laodica' 6-max Seat #1 is the button
Seat 1: Zubasa07 ($471.88 in chips)
Seat 4: Ops-LNG ($57.02 in chips)
Zubasa07: posts small blind $1
Ops-LNG: posts big blind $3
*** HOLE CARDS ***
Zubasa07: raises $3 to $6
Ops-LNG: calls $3
*** FLOP *** [3d Th 5c]
Ops-LNG: checks
Zubasa07: bets $3
Ops-LNG: calls $3
*** TURN *** [3d Th 5c] [5d]
Ops-LNG: bets $6
Zubasa07: folds
Uncalled bet ($6) returned to Ops-LNG
Ops-LNG collected $17.64 from pot
Ops-LNG: doesn't show hand
*** SUMMARY ***
Total pot $18 | Rake $0.36
Board [3d Th 5c 5d]
Seat 1: Zubasa07 (button) (small blind) folded on the Turn
Seat 4: Ops-LNG (big blind) collected ($17.64)


PokerStars Hand #148914390673:  Hold'em Limit ($3/$6 USD) - 2016/02/16 14:26:49 ET
Table 'Laodica' 6-max Seat #1 is the button
Seat 1: Zubasa07 ($473.52 in chips)
Seat 4: Ops-LNG ($54.66 in chips)
Zubasa07: posts small blind $1
Ops-LNG: posts big blind $3
*** HOLE CARDS ***
Zubasa07: raises $3 to $6
Ops-LNG: calls $3
*** FLOP *** [Ks 4h 9c]
Ops-LNG: checks
Zubasa07: bets $3
Ops-LNG: calls $3
*** TURN *** [Ks 4h 9c] [8s]
Ops-LNG: checks
Zubasa07: bets $6
Ops-LNG: calls $6
*** RIVER *** [Ks 4h 9c 8s] [5s]
Ops-LNG: checks
Zubasa07: bets $6
Ops-LNG: calls $6
*** SHOW DOWN ***
Zubasa07: shows [9s Qs] (a flush, King high)
Ops-LNG: mucks hand
Zubasa07 collected $41.50 from pot
*** SUMMARY ***
Total pot $42 | Rake $0.50
Board [Ks 4h 9c 8s 5s]
Seat 1: Zubasa07 (button) (small blind) showed [9s Qs] and won ($41.50) with a flush, King high
Seat 4: Ops-LNG (big blind) mucked


PokerStars Hand #148914478029:  Hold'em Limit ($3/$6 USD) - 2016/02/16 14:28:15 ET
Table 'Laodica' 6-max Seat #4 is the button
Seat 1: Zubasa07 ($510.52 in chips)
Seat 4: Ops-LNG ($16.66 in chips)
Ops-LNG: posts small blind $1
Zubasa07: posts big blind $3
*** HOLE CARDS ***
Ops-LNG: raises $3 to $6
Zubasa07: folds
Uncalled bet ($3) returned to Ops-LNG
Ops-LNG collected $6 from pot
Ops-LNG: doesn't show hand
*** SUMMARY ***
Total pot $6 | Rake $0
Seat 1: Zubasa07 (big blind) folded before Flop
Seat 4: Ops-LNG (button) (small blind) collected ($6)


PokerStars Hand #148914471776:  Hold'em Limit ($3/$6 USD) - 2016/02/16 14:28:09 ET
Table 'Laodica' 6-max Seat #1 is the button
Seat 1: Zubasa07 ($511.52 in chips)
Seat 4: Ops-LNG ($15.66 in chips)
Zubasa07: posts small blind $1
Ops-LNG: posts big blind $3
*** HOLE CARDS ***
Zubasa07: folds
Uncalled bet ($2) returned to Ops-LNG
Ops-LNG collected $2 from pot
Ops-LNG: doesn't show hand
*** SUMMARY ***
Total pot $2 | Rake $0
Seat 1: Zubasa07 (button) (small blind) folded before Flop
Seat 4: Ops-LNG (big blind) collected ($2)


PokerStars Hand #148914428315:  Hold'em Limit ($3/$6 USD) - 2016/02/16 14:27:26 ET
Table 'Laodica' 6-max Seat #4 is the button
Seat 1: Zubasa07 ($494.02 in chips)
Seat 4: Ops-LNG ($33.66 in chips)
Ops-LNG: posts small blind $1
Zubasa07: posts big blind $3
*** HOLE CARDS ***
Ops-LNG: raises $3 to $6
Zubasa07: calls $3
*** FLOP *** [8s 4c Tc]
Zubasa07: checks
Ops-LNG: checks
*** TURN *** [8s 4c Tc] [Ks]
Zubasa07: bets $6
Ops-LNG: calls $6
*** RIVER *** [8s 4c Tc Ks] [8h]
Zubasa07: bets $6
Ops-LNG: calls $6
*** SHOW DOWN ***
Zubasa07: shows [9c Kh] (two pair, Kings and Eights)
Ops-LNG: mucks hand
Zubasa07 collected $35.50 from pot
*** SUMMARY ***
Total pot $36 | Rake $0.50
Board [8s 4c Tc Ks 8h]
Seat 1: Zubasa07 (big blind) showed [9c Kh] and won ($35.50) with two pair, Kings and Eights
Seat 4: Ops-LNG (button) (small blind) mucked


PokerStars Hand #148914566469:  Hold'em Limit ($3/$6 USD) - 2016/02/16 14:29:41 ET
Table 'Laodica' 6-max Seat #4 is the button
Seat 1: Zubasa07 ($497.50 in chips)
Seat 4: Ops-LNG ($28.82 in chips)
Ops-LNG: posts small blind $1
Zubasa07: posts big blind $3
*** HOLE CARDS ***
Ops-LNG: folds
Uncalled bet ($2) returned to Zubasa07
Zubasa07 collected $2 from pot
Zubasa07: doesn't show hand
*** SUMMARY ***
Total pot $2 | Rake $0
Seat 1: Zubasa07 (big blind) collected ($2)
Seat 4: Ops-LNG (button) (small blind) folded before Flop


PokerStars Hand #148914531387:  Hold'em Limit ($3/$6 USD) - 2016/02/16 14:29:07 ET
Table 'Laodica' 6-max Seat #1 is the button
Seat 1: Zubasa07 ($488.86 in chips)
Seat 4: Ops-LNG ($37.82 in chips)
Zubasa07: posts small blind $1
Ops-LNG: posts big blind $3
*** HOLE CARDS ***
Zubasa07: raises $3 to $6
Ops-LNG: calls $3
*** FLOP *** [8s 5h 6h]
Ops-LNG: checks
Zubasa07: bets $3
Ops-LNG: calls $3
*** TURN *** [8s 5h 6h] [Tc]
Ops-LNG: checks
Zubasa07: bets $6
Ops-LNG: folds
Uncalled bet ($6) returned to Zubasa07
Zubasa07 collected $17.64 from pot
Zubasa07: doesn't show hand
*** SUMMARY ***
Total pot $18 | Rake $0.36
Board [8s 5h 6h Tc]
Seat 1: Zubasa07 (button) (small blind) collected ($17.64)
Seat 4: Ops-LNG (big blind) folded on the Turn


PokerStars Hand #148914525389:  Hold'em Limit ($3/$6 USD) - 2016/02/16 14:29:01 ET
Table 'Laodica' 6-max Seat #4 is the button
Seat 1: Zubasa07 ($487.86 in chips)
Seat 4: Ops-LNG ($38.82 in chips)
Ops-LNG: posts small blind $1
Zubasa07: posts big blind $3
*** HOLE CARDS ***
Ops-LNG: folds
Uncalled bet ($2) returned to Zubasa07
Zubasa07 collected $2 from pot
Zubasa07: doesn't show hand
*** SUMMARY ***
Total pot $2 | Rake $0
Seat 1: Zubasa07 (big blind) collected ($2)
Seat 4: Ops-LNG (button) (small blind) folded before Flop


PokerStars Hand #148914485658:  Hold'em Limit ($3/$6 USD) - 2016/02/16 14:28:22 ET
Table 'Laodica' 6-max Seat #1 is the button
Seat 1: Zubasa07 ($507.52 in chips)
Seat 4: Ops-LNG ($19.66 in chips)
Zubasa07: posts small blind $1
Ops-LNG: posts big blind $3
*** HOLE CARDS ***
Zubasa07: raises $3 to $6
Ops-LNG: raises $3 to $9
Zubasa07: raises $3 to $12
Betting is capped
Ops-LNG: calls $3
*** FLOP *** [5h Ts 5c]
Ops-LNG: bets $3
Zubasa07: raises $3 to $6
Ops-LNG: raises $1.66 to $7.66 and is all-in
Zubasa07: calls $1.66
*** TURN *** [5h Ts 5c] [3h]
*** RIVER *** [5h Ts 5c 3h] [4d]
*** SHOW DOWN ***
Ops-LNG: shows [6h 7h] (a straight, Three to Seven)
Zubasa07: shows [6c 6s] (two pair, Sixes and Fives)
Ops-LNG collected $38.82 from pot
*** SUMMARY ***
Total pot $39.32 | Rake $0.50
Board [5h Ts 5c 3h 4d]
Seat 1: Zubasa07 (button) (small blind) showed [6c 6s] and lost with two pair, Sixes and Fives
Seat 4: Ops-LNG (big blind) showed [6h 7h] and won ($38.82) with a straight, Three to Seven


PokerStars Hand #148914594936:  Hold'em Limit ($3/$6 USD) - 2016/02/16 14:30:08 ET
Table 'Laodica' 6-max Seat #4 is the button
Seat 1: Zubasa07 ($507.14 in chips)
Seat 4: Ops-LNG ($18.82 in chips)
Ops-LNG: posts small blind $1
Zubasa07: posts big blind $3
*** HOLE CARDS ***
Ops-LNG: raises $3 to $6
Zubasa07: calls $3
*** FLOP *** [Tc 8c Qh]
Zubasa07: checks
Ops-LNG: bets $3
Zubasa07: raises $3 to $6
Ops-LNG: calls $3
*** TURN *** [Tc 8c Qh] [6h]
Zubasa07: bets $6
Ops-LNG: raises $0.82 to $6.82 and is all-in
Zubasa07: calls $0.82
*** RIVER *** [Tc 8c Qh 6h] [Ts]
*** SHOW DOWN ***
Zubasa07: shows [Jc Qs] (two pair, Queens and Tens)
Ops-LNG: shows [5c 3c] (a pair of Tens)
Zubasa07 collected $37.14 from pot
*** SUMMARY ***
Total pot $37.64 | Rake $0.50
Board [Tc 8c Qh 6h Ts]
Seat 1: Zubasa07 (big blind) showed [Jc Qs] and won ($37.14) with two pair, Queens and Tens
Seat 4: Ops-LNG (button) (small blind) showed [5c 3c] and lost with a pair of Tens


PokerStars Hand #148914572916:  Hold'em Limit ($3/$6 USD) - 2016/02/16 14:29:47 ET
Table 'Laodica' 6-max Seat #1 is the button
Seat 1: Zubasa07 ($498.50 in chips)
Seat 4: Ops-LNG ($27.82 in chips)
Zubasa07: posts small blind $1
Ops-LNG: posts big blind $3
*** HOLE CARDS ***
Zubasa07: raises $3 to $6
Ops-LNG: calls $3
*** FLOP *** [Ah 8s Tc]
Ops-LNG: checks
Zubasa07: bets $3
Ops-LNG: calls $3
*** TURN *** [Ah 8s Tc] [Ac]
Ops-LNG: folds
Zubasa07 collected $17.64 from pot
Zubasa07: doesn't show hand
*** SUMMARY ***
Total pot $18 | Rake $0.36
Board [Ah 8s Tc Ac]
Seat 1: Zubasa07 (button) (small blind) collected ($17.64)
Seat 4: Ops-LNG (big blind) folded on the Turn


PokerStars Hand #148914734912:  Hold'em Limit ($3/$6 USD) - 2016/02/16 14:32:23 ET
Table 'Laodica' 6-max Seat #5 is the button
Seat 4: Ops-LNG ($5.88 in chips)
Seat 5: kolaz03 ($72 in chips)
kolaz03: posts small blind $1
Ops-LNG: posts big blind $3
*** HOLE CARDS ***
Zubasa07 leaves the table
kolaz03: raises $3 to $6
Ops-LNG: calls $2.88 and is all-in
Uncalled bet ($0.12) returned to kolaz03
*** FLOP *** [Jh 3s 4s]
*** TURN *** [Jh 3s 4s] [Jc]
*** RIVER *** [Jh 3s 4s Jc] [2s]
*** SHOW DOWN ***
Ops-LNG: shows [8s Th] (a pair of Jacks)
kolaz03: shows [3d Qd] (two pair, Jacks and Threes)
kolaz03 collected $11.52 from pot
*** SUMMARY ***
Total pot $11.76 | Rake $0.24
Board [Jh 3s 4s Jc 2s]
Seat 4: Ops-LNG (big blind) showed [8s Th] and lost with a pair of Jacks
Seat 5: kolaz03 (button) (small blind) showed [3d Qd] and won ($11.52) with two pair, Jacks and Threes


PokerStars Hand #148914719921:  Hold'em Limit ($3/$6 USD) - 2016/02/16 14:32:09 ET
Table 'Laodica' 6-max Seat #4 is the button
Seat 4: Ops-LNG ($3 in chips)
Seat 5: kolaz03 ($72 in chips)
Ops-LNG: posts small blind $1
kolaz03: posts big blind $3
*** HOLE CARDS ***
Ops-LNG: calls $2 and is all-in
*** FLOP *** [Js 6h 3h]
*** TURN *** [Js 6h 3h] [4s]
*** RIVER *** [Js 6h 3h 4s] [8s]
*** SHOW DOWN ***
kolaz03: shows [Ah 6c] (a pair of Sixes)
Ops-LNG: shows [Td Jh] (a pair of Jacks)
Ops-LNG collected $5.88 from pot
*** SUMMARY ***
Total pot $6 | Rake $0.12
Board [Js 6h 3h 4s 8s]
Seat 4: Ops-LNG (button) (small blind) showed [Td Jh] and won ($5.88) with a pair of Jacks
Seat 5: kolaz03 (big blind) showed [Ah 6c] and lost with a pair of Sixes


PokerStars Hand #148914653102:  Hold'em Limit ($3/$6 USD) - 2016/02/16 14:31:04 ET
Table 'Laodica' 6-max Seat #1 is the button
Seat 1: Zubasa07 ($525.46 in chips)
Seat 4: Ops-LNG ($30 in chips)
Zubasa07: posts small blind $1
Ops-LNG said, "go"
Ops-LNG: posts big blind $3
*** HOLE CARDS ***
Zubasa07: raises $3 to $6
Ops-LNG: calls $3
*** FLOP *** [8h 2h 5d]
Ops-LNG: bets $3
Zubasa07: calls $3
*** TURN *** [8h 2h 5d] [Jh]
Ops-LNG: bets $6
Zubasa07: raises $6 to $12
Ops-LNG: calls $6
*** RIVER *** [8h 2h 5d Jh] [Ks]
Ops-LNG: checks
kolaz03 joins the table at seat #5
Zubasa07: bets $6
Ops-LNG: calls $6
*** SHOW DOWN ***
Zubasa07: shows [Qh Th] (a flush, Queen high)
Ops-LNG: mucks hand
Zubasa07 collected $53.50 from pot
*** SUMMARY ***
Total pot $54 | Rake $0.50
Board [8h 2h 5d Jh Ks]
Seat 1: Zubasa07 (button) (small blind) showed [Qh Th] and won ($53.50) with a flush, Queen high
Seat 4: Ops-LNG (big blind) mucked


PokerStars Hand #148916051813:  Hold'em Limit ($3/$6 USD) - 2016/02/16 14:53:50 ET
Table 'Laodica' 6-max Seat #3 is the button
Seat 1: hairy1961 ($59 in chips)
Seat 3: Mudager ($121 in chips)
Mudager: posts small blind $1
hairy1961: posts big blind $3
*** HOLE CARDS ***
Mudager: raises $3 to $6
hairy1961: calls $3
*** FLOP *** [Ac 6s 3s]
hairy1961: checks
Korish9506 joins the table at seat #2
Mudager: bets $3
hairy1961: raises $3 to $6
Mudager: calls $3
*** TURN *** [Ac 6s 3s] [3h]
hairy1961: checks
Mudager: bets $6
hairy1961: raises $6 to $12
Mudager: calls $6
*** RIVER *** [Ac 6s 3s 3h] [Td]
hairy1961: bets $6
Mudager: calls $6
*** SHOW DOWN ***
hairy1961: shows [Qc 3d] (three of a kind, Threes)
Mudager: mucks hand
hairy1961 collected $59.50 from pot
*** SUMMARY ***
Total pot $60 | Rake $0.50
Board [Ac 6s 3s 3h Td]
Seat 1: hairy1961 (big blind) showed [Qc 3d] and won ($59.50) with three of a kind, Threes
Seat 3: Mudager (button) (small blind) mucked


