PokerStars Hand #154630363924:  Hold'em Limit ($3/$6 USD) - 2016/06/12 8:24:03 ET
Table 'Laodamia' 6-max Seat #2 is the button
Seat 2: artecris ($336.31 in chips)
Seat 3: Tryptamean ($119 in chips)
artecris: posts small blind $1
Agrotait leaves the table
Tryptamean: posts big blind $3
*** HOLE CARDS ***
artecris: folds
Uncalled bet ($2) returned to Tryptamean
Tryptamean collected $2 from pot
Tryptamean: doesn't show hand
*** SUMMARY ***
Total pot $2 | Rake $0
Seat 2: artecris (button) (small blind) folded before Flop
Seat 3: Tryptamean (big blind) collected ($2)


PokerStars Hand #154630353540:  Hold'em Limit ($3/$6 USD) - 2016/06/12 8:23:45 ET
Table 'Laodamia' 6-max Seat #3 is the button
Seat 2: artecris ($335.31 in chips)
Seat 3: Tryptamean ($120 in chips)
Tryptamean: posts small blind $1
Agrotait: is sitting out
artecris: posts big blind $3
*** HOLE CARDS ***
Tryptamean: folds
Uncalled bet ($2) returned to artecris
artecris collected $2 from pot
artecris: doesn't show hand
*** SUMMARY ***
Total pot $2 | Rake $0
Seat 2: artecris (big blind) collected ($2)
Seat 3: Tryptamean (button) (small blind) folded before Flop


PokerStars Hand #154630366543:  Hold'em Limit ($3/$6 USD) - 2016/06/12 8:24:07 ET
Table 'Laodamia' 6-max Seat #3 is the button
Seat 2: artecris ($335.31 in chips)
Seat 3: Tryptamean ($120 in chips)
Tryptamean: posts small blind $1
artecris: posts big blind $3
*** HOLE CARDS ***
Tryptamean: raises $3 to $6
artecris: calls $3
*** FLOP *** [8h 5h Jd]
artecris: checks
Tryptamean: bets $3
artecris: calls $3
*** TURN *** [8h 5h Jd] [Kc]
artecris: checks
boony444 joins the table at seat #4
Tryptamean: checks
*** RIVER *** [8h 5h Jd Kc] [6h]
artecris: checks
Tryptamean: checks
*** SHOW DOWN ***
artecris: shows [Th 7s] (high card King)
Tryptamean: shows [5s 9c] (a pair of Fives)
Tryptamean collected $17.64 from pot
*** SUMMARY ***
Total pot $18 | Rake $0.36
Board [8h 5h Jd Kc 6h]
Seat 2: artecris (big blind) showed [Th 7s] and lost with high card King
Seat 3: Tryptamean (button) (small blind) showed [5s 9c] and won ($17.64) with a pair of Fives


PokerStars Hand #154630384495:  Hold'em Limit ($3/$6 USD) - 2016/06/12 8:24:39 ET
Table 'Laodamia' 6-max Seat #2 is the button
Seat 2: artecris ($326.31 in chips)
Seat 3: Tryptamean ($128.64 in chips)
artecris: posts small blind $1
Tryptamean: posts big blind $3
*** HOLE CARDS ***
artecris: calls $2
Tryptamean: raises $3 to $6
artecris: calls $3
*** FLOP *** [8c As 3h]
Tryptamean: bets $3
artecris: raises $3 to $6
Tryptamean: folds
Uncalled bet ($3) returned to artecris
artecris collected $17.64 from pot
artecris: doesn't show hand
*** SUMMARY ***
Total pot $18 | Rake $0.36
Board [8c As 3h]
Seat 2: artecris (button) (small blind) collected ($17.64)
Seat 3: Tryptamean (big blind) folded on the Flop


PokerStars Hand #154631845133:  Hold'em Limit ($3/$6 USD) - 2016/06/12 9:06:38 ET
Table 'Laodamia' 6-max Seat #3 is the button
Seat 1: hairy1961 ($90.49 in chips)
Seat 3: Tryptamean ($209.71 in chips)
Tryptamean: posts small blind $1
hairy1961: posts big blind $3
*** HOLE CARDS ***
Tryptamean: raises $3 to $6
hairy1961: folds
Uncalled bet ($3) returned to Tryptamean
Tryptamean collected $6 from pot
Tryptamean: doesn't show hand
*** SUMMARY ***
Total pot $6 | Rake $0
Seat 1: hairy1961 (big blind) folded before Flop
Seat 3: Tryptamean (button) (small blind) collected ($6)


PokerStars Hand #154631850743:  Hold'em Limit ($3/$6 USD) - 2016/06/12 9:06:47 ET
Table 'Laodamia' 6-max Seat #1 is the button
Seat 1: hairy1961 ($87.49 in chips)
Seat 3: Tryptamean ($212.71 in chips)
hairy1961: posts small blind $1
Tryptamean: posts big blind $3
*** HOLE CARDS ***
hairy1961: raises $3 to $6
Tryptamean: calls $3
*** FLOP *** [Jh 8s 3c]
Tryptamean: checks
hairy1961: bets $3
Tryptamean: calls $3
*** TURN *** [Jh 8s 3c] [Qc]
Tryptamean: checks
hairy1961: bets $6
Tryptamean: folds
Uncalled bet ($6) returned to hairy1961
hairy1961 collected $17.64 from pot
hairy1961: doesn't show hand
*** SUMMARY ***
Total pot $18 | Rake $0.36
Board [Jh 8s 3c Qc]
Seat 1: hairy1961 (button) (small blind) collected ($17.64)
Seat 3: Tryptamean (big blind) folded on the Turn


PokerStars Hand #154631955335:  Hold'em Limit ($3/$6 USD) - 2016/06/12 9:09:32 ET
Table 'Laodamia' 6-max Seat #2 is the button
Seat 2: happyyak ($129.35 in chips)
Seat 3: Tryptamean ($172.71 in chips)
happyyak: posts small blind $1
Tryptamean: posts big blind $3
*** HOLE CARDS ***
happyyak: raises $3 to $6
Tryptamean: raises $3 to $9
happyyak: calls $3
*** FLOP *** [Js Ts 3c]
Tryptamean: bets $3
happyyak: raises $3 to $6
Tryptamean: calls $3
*** TURN *** [Js Ts 3c] [8d]
Tryptamean: checks
happyyak: checks
*** RIVER *** [Js Ts 3c 8d] [Kd]
Tryptamean: checks
happyyak: checks
*** SHOW DOWN ***
Tryptamean: shows [Ad 9s] (high card Ace)
happyyak: shows [6s 3s] (a pair of Threes)
happyyak collected $29.50 from pot
*** SUMMARY ***
Total pot $30 | Rake $0.50
Board [Js Ts 3c 8d Kd]
Seat 2: happyyak (button) (small blind) showed [6s 3s] and won ($29.50) with a pair of Threes
Seat 3: Tryptamean (big blind) showed [Ad 9s] and lost with high card Ace


