PokerStars Hand #147311844619:  Hold'em Limit ($3/$6 USD) - 2016/01/19 10:54:43 ET
Table 'Laomedon II' 2-max Seat #2 is the button
Seat 1: ct-650 ($110.76 in chips)
Seat 2: ManuelSikora ($87.38 in chips)
ManuelSikora: posts small blind $1
ct-650: posts big blind $3
*** HOLE CARDS ***
ManuelSikora: raises $3 to $6
ct-650: calls $3
*** FLOP *** [Qh Qc 2c]
ct-650: checks
ManuelSikora: bets $3
ct-650: folds
Uncalled bet ($3) returned to ManuelSikora
ManuelSikora collected $11.76 from pot
ManuelSikora: doesn't show hand
*** SUMMARY ***
Total pot $12 | Rake $0.24
Board [Qh Qc 2c]
Seat 1: ct-650 (big blind) folded on the Flop
Seat 2: ManuelSikora (button) (small blind) collected ($11.76)


PokerStars Hand #147311834746:  Hold'em Limit ($3/$6 USD) - 2016/01/19 10:54:31 ET
Table 'Laomedon II' 2-max Seat #2 is the button
Seat 1: ct-650 ($110.76 in chips)
Seat 2: ManuelSikora ($87.38 in chips)
ManuelSikora: posts small blind $1
ct-650: posts big blind $3
*** HOLE CARDS ***
ManuelSikora: folds
Uncalled bet ($2) returned to ct-650
ct-650 collected $2 from pot
*** SUMMARY ***
Total pot $2 | Rake $0
Seat 1: ct-650 (big blind) collected ($2)
Seat 2: ManuelSikora (button) (small blind) folded before Flop


PokerStars Hand #147311830618:  Hold'em Limit ($3/$6 USD) - 2016/01/19 10:54:26 ET
Table 'Laomedon II' 2-max Seat #1 is the button
Seat 1: ct-650 ($107.76 in chips)
Seat 2: ManuelSikora ($90.38 in chips)
ct-650: posts small blind $1
ManuelSikora: posts big blind $3
*** HOLE CARDS ***
ct-650: raises $3 to $6
ManuelSikora: folds
Uncalled bet ($3) returned to ct-650
ct-650 collected $6 from pot
*** SUMMARY ***
Total pot $6 | Rake $0
Seat 1: ct-650 (button) (small blind) collected ($6)
Seat 2: ManuelSikora (big blind) folded before Flop


PokerStars Hand #147311820230:  Hold'em Limit ($3/$6 USD) - 2016/01/19 10:54:14 ET
Table 'Laomedon II' 2-max Seat #2 is the button
Seat 1: ct-650 ($102 in chips)
Seat 2: ManuelSikora ($96.38 in chips)
ManuelSikora: posts small blind $1
ct-650: posts big blind $3
*** HOLE CARDS ***
ManuelSikora: raises $3 to $6
ct-650: calls $3
*** FLOP *** [Kc 6c 3c]
ct-650: checks
ManuelSikora: checks
*** TURN *** [Kc 6c 3c] [Qd]
ct-650: checks
ManuelSikora: checks
*** RIVER *** [Kc 6c 3c Qd] [Kh]
ct-650: checks
ManuelSikora: checks
*** SHOW DOWN ***
ct-650: shows [Qh 4d] (two pair, Kings and Queens)
ManuelSikora: mucks hand
ct-650 collected $11.76 from pot
*** SUMMARY ***
Total pot $12 | Rake $0.24
Board [Kc 6c 3c Qd Kh]
Seat 1: ct-650 (big blind) showed [Qh 4d] and won ($11.76) with two pair, Kings and Queens
Seat 2: ManuelSikora (button) (small blind) mucked


PokerStars Hand #147311816696:  Hold'em Limit ($3/$6 USD) - 2016/01/19 10:54:10 ET
Table 'Laomedon II' 2-max Seat #1 is the button
Seat 1: ct-650 ($103 in chips)
Seat 2: ManuelSikora ($95.38 in chips)
ct-650: posts small blind $1
ManuelSikora: posts big blind $3
*** HOLE CARDS ***
ct-650: folds
Uncalled bet ($2) returned to ManuelSikora
ManuelSikora collected $2 from pot
ManuelSikora: doesn't show hand
*** SUMMARY ***
Total pot $2 | Rake $0
Seat 1: ct-650 (button) (small blind) folded before Flop
Seat 2: ManuelSikora (big blind) collected ($2)


PokerStars Hand #147311807834:  Hold'em Limit ($3/$6 USD) - 2016/01/19 10:53:59 ET
Table 'Laomedon II' 2-max Seat #2 is the button
Seat 1: ct-650 ($115 in chips)
Seat 2: ManuelSikora ($83.86 in chips)
ManuelSikora: posts small blind $1
ct-650: posts big blind $3
*** HOLE CARDS ***
ManuelSikora: calls $2
ct-650: checks
*** FLOP *** [Kd 7s 8s]
ct-650: bets $3
ManuelSikora: calls $3
*** TURN *** [Kd 7s 8s] [Qd]
ct-650: bets $6
ManuelSikora: raises $6 to $12
ct-650: folds
Uncalled bet ($6) returned to ManuelSikora
ManuelSikora collected $23.52 from pot
ManuelSikora: doesn't show hand
*** SUMMARY ***
Total pot $24 | Rake $0.48
Board [Kd 7s 8s Qd]
Seat 1: ct-650 (big blind) folded on the Turn
Seat 2: ManuelSikora (button) (small blind) collected ($23.52)


PokerStars Hand #147311800423:  Hold'em Limit ($3/$6 USD) - 2016/01/19 10:53:50 ET
Table 'Laomedon II' 2-max Seat #1 is the button
Seat 1: ct-650 ($116 in chips)
Seat 2: ManuelSikora ($82.86 in chips)
ct-650: posts small blind $1
ManuelSikora: posts big blind $3
*** HOLE CARDS ***
ct-650: folds
Uncalled bet ($2) returned to ManuelSikora
ManuelSikora collected $2 from pot
ManuelSikora: doesn't show hand
*** SUMMARY ***
Total pot $2 | Rake $0
Seat 1: ct-650 (button) (small blind) folded before Flop
Seat 2: ManuelSikora (big blind) collected ($2)


PokerStars Hand #147311887764:  Hold'em Limit ($3/$6 USD) - 2016/01/19 10:55:41 ET
Table 'Laomedon II' 2-max Seat #1 is the button
Seat 1: ct-650 ($112.76 in chips)
Seat 2: ManuelSikora ($83.64 in chips)
ct-650: posts small blind $1
ManuelSikora: posts big blind $3
*** HOLE CARDS ***
ct-650: raises $3 to $6
ManuelSikora: calls $3
*** FLOP *** [4d Qd 7d]
ManuelSikora: bets $3
ct-650: calls $3
*** TURN *** [4d Qd 7d] [4h]
ManuelSikora: bets $6
ct-650: calls $6
*** RIVER *** [4d Qd 7d 4h] [Jd]
ManuelSikora: bets $6
ct-650: calls $6
*** SHOW DOWN ***
ManuelSikora: shows [3s 3h] (two pair, Fours and Threes)
ct-650: shows [Ks 5d] (a flush, Queen high)
ct-650 collected $41.50 from pot
*** SUMMARY ***
Total pot $42 | Rake $0.50
Board [4d Qd 7d 4h Jd]
Seat 1: ct-650 (button) (small blind) showed [Ks 5d] and won ($41.50) with a flush, Queen high
Seat 2: ManuelSikora (big blind) showed [3s 3h] and lost with two pair, Fours and Threes


PokerStars Hand #147311884407:  Hold'em Limit ($3/$6 USD) - 2016/01/19 10:55:36 ET
Table 'Laomedon II' 2-max Seat #2 is the button
Seat 1: ct-650 ($115.76 in chips)
Seat 2: ManuelSikora ($80.64 in chips)
ManuelSikora: posts small blind $1
ct-650: posts big blind $3
*** HOLE CARDS ***
ManuelSikora: raises $3 to $6
ct-650: folds
Uncalled bet ($3) returned to ManuelSikora
ManuelSikora collected $6 from pot
ManuelSikora: doesn't show hand
*** SUMMARY ***
Total pot $6 | Rake $0
Seat 1: ct-650 (big blind) folded before Flop
Seat 2: ManuelSikora (button) (small blind) collected ($6)


PokerStars Hand #147311875400:  Hold'em Limit ($3/$6 USD) - 2016/01/19 10:55:23 ET
Table 'Laomedon II' 2-max Seat #1 is the button
Seat 1: ct-650 ($95.26 in chips)
Seat 2: ManuelSikora ($101.64 in chips)
ct-650: posts small blind $1
ManuelSikora: posts big blind $3
*** HOLE CARDS ***
ct-650: raises $3 to $6
ManuelSikora: calls $3
*** FLOP *** [3s Js 5c]
ManuelSikora: bets $3
ct-650: calls $3
*** TURN *** [3s Js 5c] [2s]
ManuelSikora: bets $6
ct-650: calls $6
*** RIVER *** [3s Js 5c 2s] [4c]
ManuelSikora: checks
ct-650: bets $6
ManuelSikora: calls $6
*** SHOW DOWN ***
ct-650: shows [Ac Td] (a straight, Ace to Five)
ManuelSikora: mucks hand
ct-650 collected $41.50 from pot
*** SUMMARY ***
Total pot $42 | Rake $0.50
Board [3s Js 5c 2s 4c]
Seat 1: ct-650 (button) (small blind) showed [Ac Td] and won ($41.50) with a straight, Ace to Five
Seat 2: ManuelSikora (big blind) mucked


PokerStars Hand #147311867896:  Hold'em Limit ($3/$6 USD) - 2016/01/19 10:55:12 ET
Table 'Laomedon II' 2-max Seat #2 is the button
Seat 1: ct-650 ($119.26 in chips)
Seat 2: ManuelSikora ($78.14 in chips)
ManuelSikora: posts small blind $1
ct-650: posts big blind $3
*** HOLE CARDS ***
ManuelSikora: raises $3 to $6
ct-650: calls $3
*** FLOP *** [Ks 4s Js]
ct-650: checks
ManuelSikora: bets $3
ct-650: raises $3 to $6
ManuelSikora: calls $3
*** TURN *** [Ks 4s Js] [5d]
ct-650: bets $6
ManuelSikora: calls $6
*** RIVER *** [Ks 4s Js 5d] [3s]
ct-650: bets $6
ManuelSikora: calls $6
*** SHOW DOWN ***
ct-650: shows [Jc 8c] (a pair of Jacks)
ManuelSikora: shows [Jd 9h] (a pair of Jacks - King+Nine kicker)
ManuelSikora collected $47.50 from pot
*** SUMMARY ***
Total pot $48 | Rake $0.50
Board [Ks 4s Js 5d 3s]
Seat 1: ct-650 (big blind) showed [Jc 8c] and lost with a pair of Jacks
Seat 2: ManuelSikora (button) (small blind) showed [Jd 9h] and won ($47.50) with a pair of Jacks


PokerStars Hand #147311852157:  Hold'em Limit ($3/$6 USD) - 2016/01/19 10:54:52 ET
Table 'Laomedon II' 2-max Seat #1 is the button
Seat 1: ct-650 ($104.76 in chips)
Seat 2: ManuelSikora ($93.14 in chips)
ct-650: posts small blind $1
ManuelSikora: posts big blind $3
*** HOLE CARDS ***
ct-650: raises $3 to $6
ManuelSikora: calls $3
*** FLOP *** [7s 6h 8d]
ManuelSikora: checks
ct-650: bets $3
ManuelSikora: calls $3
*** TURN *** [7s 6h 8d] [8s]
ManuelSikora: checks
ct-650: bets $6
ManuelSikora: calls $6
*** RIVER *** [7s 6h 8d 8s] [7c]
ManuelSikora: checks
ct-650: bets $6
ManuelSikora: folds
Uncalled bet ($6) returned to ct-650
ct-650 collected $29.50 from pot
*** SUMMARY ***
Total pot $30 | Rake $0.50
Board [7s 6h 8d 8s 7c]
Seat 1: ct-650 (button) (small blind) collected ($29.50)
Seat 2: ManuelSikora (big blind) folded on the River


PokerStars Hand #147311925723:  Hold'em Limit ($3/$6 USD) - 2016/01/19 10:56:36 ET
Table 'Laomedon II' 2-max Seat #1 is the button
Seat 1: ct-650 ($116.78 in chips)
Seat 2: ManuelSikora ($77.56 in chips)
ct-650: posts small blind $1
ManuelSikora: posts big blind $3
*** HOLE CARDS ***
ct-650: raises $3 to $6
ManuelSikora: calls $3
*** FLOP *** [Jc 5h 3h]
ManuelSikora: bets $3
ct-650: calls $3
*** TURN *** [Jc 5h 3h] [8s]
ManuelSikora: checks
ct-650: bets $6
ManuelSikora: calls $6
*** RIVER *** [Jc 5h 3h 8s] [As]
ManuelSikora: checks
ct-650: checks
*** SHOW DOWN ***
ManuelSikora: shows [4c Qs] (high card Ace)
ct-650: mucks hand
ManuelSikora collected $29.50 from pot
*** SUMMARY ***
Total pot $30 | Rake $0.50
Board [Jc 5h 3h 8s As]
Seat 1: ct-650 (button) (small blind) mucked
Seat 2: ManuelSikora (big blind) showed [4c Qs] and won ($29.50) with high card Ace


PokerStars Hand #147311918796:  Hold'em Limit ($3/$6 USD) - 2016/01/19 10:56:26 ET
Table 'Laomedon II' 2-max Seat #2 is the button
Seat 1: ct-650 ($128.78 in chips)
Seat 2: ManuelSikora ($66.04 in chips)
ManuelSikora: posts small blind $1
ct-650: posts big blind $3
*** HOLE CARDS ***
ManuelSikora: raises $3 to $6
ct-650: calls $3
*** FLOP *** [Jh 5c Ah]
ct-650: checks
ManuelSikora: checks
*** TURN *** [Jh 5c Ah] [5s]
ct-650: bets $6
ManuelSikora: calls $6
*** RIVER *** [Jh 5c Ah 5s] [3d]
ct-650: checks
ManuelSikora: checks
*** SHOW DOWN ***
ct-650: shows [4c Kc] (a pair of Fives)
ManuelSikora: shows [3h 7h] (two pair, Fives and Threes)
ManuelSikora collected $23.52 from pot
*** SUMMARY ***
Total pot $24 | Rake $0.48
Board [Jh 5c Ah 5s 3d]
Seat 1: ct-650 (big blind) showed [4c Kc] and lost with a pair of Fives
Seat 2: ManuelSikora (button) (small blind) showed [3h 7h] and won ($23.52) with two pair, Fives and Threes


PokerStars Hand #147311916015:  Hold'em Limit ($3/$6 USD) - 2016/01/19 10:56:22 ET
Table 'Laomedon II' 2-max Seat #1 is the button
Seat 1: ct-650 ($129.78 in chips)
Seat 2: ManuelSikora ($65.04 in chips)
ct-650: posts small blind $1
ManuelSikora: posts big blind $3
*** HOLE CARDS ***
ct-650: folds
Uncalled bet ($2) returned to ManuelSikora
ManuelSikora collected $2 from pot
ManuelSikora: doesn't show hand
*** SUMMARY ***
Total pot $2 | Rake $0
Seat 1: ct-650 (button) (small blind) folded before Flop
Seat 2: ManuelSikora (big blind) collected ($2)


PokerStars Hand #147311909844:  Hold'em Limit ($3/$6 USD) - 2016/01/19 10:56:13 ET
Table 'Laomedon II' 2-max Seat #2 is the button
Seat 1: ct-650 ($135.78 in chips)
Seat 2: ManuelSikora ($59.28 in chips)
ManuelSikora: posts small blind $1
ct-650: posts big blind $3
*** HOLE CARDS ***
ManuelSikora: raises $3 to $6
ct-650: calls $3
*** FLOP *** [9h 4c Jh]
ct-650: checks
ManuelSikora: checks
*** TURN *** [9h 4c Jh] [Qd]
ct-650: checks
ManuelSikora: bets $6
ct-650: folds
Uncalled bet ($6) returned to ManuelSikora
ManuelSikora collected $11.76 from pot
ManuelSikora: doesn't show hand
*** SUMMARY ***
Total pot $12 | Rake $0.24
Board [9h 4c Jh Qd]
Seat 1: ct-650 (big blind) folded on the Turn
Seat 2: ManuelSikora (button) (small blind) collected ($11.76)


PokerStars Hand #147311903231:  Hold'em Limit ($3/$6 USD) - 2016/01/19 10:56:03 ET
Table 'Laomedon II' 2-max Seat #1 is the button
Seat 1: ct-650 ($144.78 in chips)
Seat 2: ManuelSikora ($50.64 in chips)
ct-650: posts small blind $1
ManuelSikora: posts big blind $3
*** HOLE CARDS ***
ct-650: raises $3 to $6
ManuelSikora: calls $3
*** FLOP *** [6d 9d Qc]
ManuelSikora: bets $3
ct-650: calls $3
*** TURN *** [6d 9d Qc] [7s]
ManuelSikora: bets $6
ct-650: folds
Uncalled bet ($6) returned to ManuelSikora
ManuelSikora collected $17.64 from pot
ManuelSikora: doesn't show hand
*** SUMMARY ***
Total pot $18 | Rake $0.36
Board [6d 9d Qc 7s]
Seat 1: ct-650 (button) (small blind) folded on the Turn
Seat 2: ManuelSikora (big blind) collected ($17.64)


PokerStars Hand #147311896462:  Hold'em Limit ($3/$6 USD) - 2016/01/19 10:55:53 ET
Table 'Laomedon II' 2-max Seat #2 is the button
Seat 1: ct-650 ($133.26 in chips)
Seat 2: ManuelSikora ($62.64 in chips)
ManuelSikora: posts small blind $1
ct-650: posts big blind $3
*** HOLE CARDS ***
ManuelSikora: raises $3 to $6
ct-650: raises $3 to $9
ManuelSikora: calls $3
*** FLOP *** [Td 8h 6s]
ct-650: bets $3
ManuelSikora: calls $3
*** TURN *** [Td 8h 6s] [As]
ct-650: bets $6
ManuelSikora: folds
Uncalled bet ($6) returned to ct-650
ct-650 collected $23.52 from pot
*** SUMMARY ***
Total pot $24 | Rake $0.48
Board [Td 8h 6s As]
Seat 1: ct-650 (big blind) collected ($23.52)
Seat 2: ManuelSikora (button) (small blind) folded on the Turn


PokerStars Hand #147311965299:  Hold'em Limit ($3/$6 USD) - 2016/01/19 10:57:32 ET
Table 'Laomedon II' 2-max Seat #2 is the button
Seat 1: ct-650 ($98.06 in chips)
Seat 2: ManuelSikora ($94.22 in chips)
ManuelSikora: posts small blind $1
ct-650: posts big blind $3
*** HOLE CARDS ***
ManuelSikora: raises $3 to $6
ct-650: raises $3 to $9
ManuelSikora: calls $3
*** FLOP *** [Qs Js Qc]
ct-650: bets $3
ManuelSikora: calls $3
*** TURN *** [Qs Js Qc] [Ks]
ct-650: bets $6
ManuelSikora: calls $6
*** RIVER *** [Qs Js Qc Ks] [Kd]
ct-650: bets $6
ManuelSikora: calls $6
*** SHOW DOWN ***
ct-650: shows [Ad Ts] (a straight, Ten to Ace)
ManuelSikora: mucks hand
ct-650 collected $47.50 from pot
*** SUMMARY ***
Total pot $48 | Rake $0.50
Board [Qs Js Qc Ks Kd]
Seat 1: ct-650 (big blind) showed [Ad Ts] and won ($47.50) with a straight, Ten to Ace
Seat 2: ManuelSikora (button) (small blind) mucked


PokerStars Hand #147311958560:  Hold'em Limit ($3/$6 USD) - 2016/01/19 10:57:22 ET
Table 'Laomedon II' 2-max Seat #1 is the button
Seat 1: ct-650 ($110.06 in chips)
Seat 2: ManuelSikora ($82.70 in chips)
ct-650: posts small blind $1
ManuelSikora: posts big blind $3
*** HOLE CARDS ***
ct-650: raises $3 to $6
ManuelSikora: calls $3
*** FLOP *** [8s 3s 6d]
ManuelSikora: bets $3
ct-650: raises $3 to $6
ManuelSikora: calls $3
*** TURN *** [8s 3s 6d] [7c]
ManuelSikora: bets $6
ct-650: folds
Uncalled bet ($6) returned to ManuelSikora
ManuelSikora collected $23.52 from pot
ManuelSikora: doesn't show hand
*** SUMMARY ***
Total pot $24 | Rake $0.48
Board [8s 3s 6d 7c]
Seat 1: ct-650 (button) (small blind) folded on the Turn
Seat 2: ManuelSikora (big blind) collected ($23.52)


PokerStars Hand #147311949758:  Hold'em Limit ($3/$6 USD) - 2016/01/19 10:57:10 ET
Table 'Laomedon II' 2-max Seat #2 is the button
Seat 1: ct-650 ($119.06 in chips)
Seat 2: ManuelSikora ($74.06 in chips)
ManuelSikora: posts small blind $1
ct-650: posts big blind $3
*** HOLE CARDS ***
ManuelSikora: raises $3 to $6
ct-650: calls $3
*** FLOP *** [Kh 8s 4h]
ct-650: checks
ManuelSikora: bets $3
ct-650: calls $3
*** TURN *** [Kh 8s 4h] [5c]
ct-650: checks
ManuelSikora: checks
*** RIVER *** [Kh 8s 4h 5c] [2c]
ct-650: checks
ManuelSikora: checks
*** SHOW DOWN ***
ct-650: shows [9h 6s] (high card King)
ManuelSikora: shows [Th 5h] (a pair of Fives)
ManuelSikora collected $17.64 from pot
*** SUMMARY ***
Total pot $18 | Rake $0.36
Board [Kh 8s 4h 5c 2c]
Seat 1: ct-650 (big blind) showed [9h 6s] and lost with high card King
Seat 2: ManuelSikora (button) (small blind) showed [Th 5h] and won ($17.64) with a pair of Fives


PokerStars Hand #147311944183:  Hold'em Limit ($3/$6 USD) - 2016/01/19 10:57:02 ET
Table 'Laomedon II' 2-max Seat #1 is the button
Seat 1: ct-650 ($113.30 in chips)
Seat 2: ManuelSikora ($80.06 in chips)
ct-650: posts small blind $1
ManuelSikora: posts big blind $3
*** HOLE CARDS ***
ct-650: raises $3 to $6
ManuelSikora: calls $3
*** FLOP *** [6d Qh Qs]
ManuelSikora: checks
ct-650: bets $3
ManuelSikora: folds
Uncalled bet ($3) returned to ct-650
ct-650 collected $11.76 from pot
*** SUMMARY ***
Total pot $12 | Rake $0.24
Board [6d Qh Qs]
Seat 1: ct-650 (button) (small blind) collected ($11.76)
Seat 2: ManuelSikora (big blind) folded on the Flop


PokerStars Hand #147311935931:  Hold'em Limit ($3/$6 USD) - 2016/01/19 10:56:50 ET
Table 'Laomedon II' 2-max Seat #2 is the button
Seat 1: ct-650 ($101.78 in chips)
Seat 2: ManuelSikora ($92.06 in chips)
ManuelSikora: posts small blind $1
ct-650: posts big blind $3
*** HOLE CARDS ***
ManuelSikora: raises $3 to $6
ct-650: raises $3 to $9
ManuelSikora: calls $3
*** FLOP *** [6h Qd Kh]
ct-650: bets $3
ManuelSikora: calls $3
*** TURN *** [6h Qd Kh] [3d]
ct-650: bets $6
ManuelSikora: folds
Uncalled bet ($6) returned to ct-650
ct-650 collected $23.52 from pot
*** SUMMARY ***
Total pot $24 | Rake $0.48
Board [6h Qd Kh 3d]
Seat 1: ct-650 (big blind) collected ($23.52)
Seat 2: ManuelSikora (button) (small blind) folded on the Turn


PokerStars Hand #147312020120:  Hold'em Limit ($3/$6 USD) - 2016/01/19 10:58:35 ET
Table 'Laomedon II' 2-max Seat #1 is the button
Seat 1: ct-650 ($132.82 in chips)
Seat 2: ManuelSikora ($57.50 in chips)
ct-650: posts small blind $1
ManuelSikora: posts big blind $3
*** HOLE CARDS ***
ct-650: folds
Uncalled bet ($2) returned to ManuelSikora
ManuelSikora collected $2 from pot
ManuelSikora: doesn't show hand
*** SUMMARY ***
Total pot $2 | Rake $0
Seat 1: ct-650 (button) (small blind) folded before Flop
Seat 2: ManuelSikora (big blind) collected ($2)


PokerStars Hand #147312008781:  Hold'em Limit ($3/$6 USD) - 2016/01/19 10:58:24 ET
Table 'Laomedon II' 2-max Seat #2 is the button
Seat 1: ct-650 ($138.82 in chips)
Seat 2: ManuelSikora ($51.74 in chips)
ManuelSikora: posts small blind $1
ct-650: posts big blind $3
*** HOLE CARDS ***
ManuelSikora: raises $3 to $6
ct-650: calls $3
*** FLOP *** [Kd 4h 6c]
ct-650: checks
ManuelSikora: bets $3
ct-650: folds
Uncalled bet ($3) returned to ManuelSikora
ManuelSikora collected $11.76 from pot
*** SUMMARY ***
Total pot $12 | Rake $0.24
Board [Kd 4h 6c]
Seat 1: ct-650 (big blind) folded on the Flop
Seat 2: ManuelSikora (button) (small blind) collected ($11.76)


PokerStars Hand #147311991609:  Hold'em Limit ($3/$6 USD) - 2016/01/19 10:58:04 ET
Table 'Laomedon II' 2-max Seat #1 is the button
Seat 1: ct-650 ($150.82 in chips)
Seat 2: ManuelSikora ($40.22 in chips)
ct-650: posts small blind $1
ManuelSikora: posts big blind $3
*** HOLE CARDS ***
ct-650: raises $3 to $6
ManuelSikora: calls $3
*** FLOP *** [Qs Ah 9c]
ManuelSikora: bets $3
ct-650: raises $3 to $6
ManuelSikora: calls $3
*** TURN *** [Qs Ah 9c] [6c]
ManuelSikora: checks
ct-650: checks
*** RIVER *** [Qs Ah 9c 6c] [2d]
ManuelSikora: checks
ct-650: checks
*** SHOW DOWN ***
ManuelSikora: shows [6h 8s] (a pair of Sixes)
ct-650: mucks hand
ManuelSikora collected $23.52 from pot
*** SUMMARY ***
Total pot $24 | Rake $0.48
Board [Qs Ah 9c 6c 2d]
Seat 1: ct-650 (button) (small blind) mucked
Seat 2: ManuelSikora (big blind) showed [6h 8s] and won ($23.52) with a pair of Sixes


PokerStars Hand #147311982337:  Hold'em Limit ($3/$6 USD) - 2016/01/19 10:57:56 ET
Table 'Laomedon II' 2-max Seat #2 is the button
Seat 1: ct-650 ($145.06 in chips)
Seat 2: ManuelSikora ($46.22 in chips)
ManuelSikora: posts small blind $1
ct-650: posts big blind $3
*** HOLE CARDS ***
ManuelSikora: calls $2
ct-650: raises $3 to $6
ManuelSikora: calls $3
*** FLOP *** [Kc Kd 6d]
ct-650: bets $3
ManuelSikora: folds
Uncalled bet ($3) returned to ct-650
ct-650 collected $11.76 from pot
*** SUMMARY ***
Total pot $12 | Rake $0.24
Board [Kc Kd 6d]
Seat 1: ct-650 (big blind) collected ($11.76)
Seat 2: ManuelSikora (button) (small blind) folded on the Flop


PokerStars Hand #147311974573:  Hold'em Limit ($3/$6 USD) - 2016/01/19 10:57:45 ET
Table 'Laomedon II' 2-max Seat #1 is the button
Seat 1: ct-650 ($121.56 in chips)
Seat 2: ManuelSikora ($70.22 in chips)
ct-650: posts small blind $1
ManuelSikora: posts big blind $3
*** HOLE CARDS ***
ct-650: raises $3 to $6
ManuelSikora: raises $3 to $9
ct-650: calls $3
*** FLOP *** [3d 9c Js]
ManuelSikora: bets $3
ct-650: calls $3
*** TURN *** [3d 9c Js] [As]
ManuelSikora: bets $6
ct-650: calls $6
*** RIVER *** [3d 9c Js As] [4h]
ManuelSikora: bets $6
ct-650: calls $6
*** SHOW DOWN ***
ManuelSikora: shows [7d 9d] (a pair of Nines)
ct-650: shows [Qc Qh] (a pair of Queens)
ct-650 collected $47.50 from pot
*** SUMMARY ***
Total pot $48 | Rake $0.50
Board [3d 9c Js As 4h]
Seat 1: ct-650 (button) (small blind) showed [Qc Qh] and won ($47.50) with a pair of Queens
Seat 2: ManuelSikora (big blind) showed [7d 9d] and lost with a pair of Nines


PokerStars Hand #147312066327:  Hold'em Limit ($3/$6 USD) - 2016/01/19 10:59:33 ET
Table 'Laomedon II' 2-max Seat #1 is the button
Seat 1: ct-650 ($178.34 in chips)
Seat 2: ManuelSikora ($10.50 in chips)
ct-650: posts small blind $1
ManuelSikora: posts big blind $3
*** HOLE CARDS ***
ct-650: raises $3 to $6
ManuelSikora: raises $3 to $9
ct-650: raises $3 to $12
Betting is capped
ManuelSikora: calls $1.50 and is all-in
Uncalled bet ($1.50) returned to ct-650
*** FLOP *** [Qs 5s Qd]
*** TURN *** [Qs 5s Qd] [5d]
*** RIVER *** [Qs 5s Qd 5d] [Ts]
*** SHOW DOWN ***
ManuelSikora: shows [7d Th] (two pair, Queens and Tens)
ct-650: shows [Jc Td] (two pair, Queens and Tens - Jack kicker)
ct-650 collected $20.58 from pot
*** SUMMARY ***
Total pot $21 | Rake $0.42
Board [Qs 5s Qd 5d Ts]
Seat 1: ct-650 (button) (small blind) showed [Jc Td] and won ($20.58) with two pair, Queens and Tens
Seat 2: ManuelSikora (big blind) showed [7d Th] and lost with two pair, Queens and Tens


PokerStars Hand #147312048114:  Hold'em Limit ($3/$6 USD) - 2016/01/19 10:59:07 ET
Table 'Laomedon II' 2-max Seat #2 is the button
Seat 1: ct-650 ($160.84 in chips)
Seat 2: ManuelSikora ($28.50 in chips)
ManuelSikora: posts small blind $1
ct-650: posts big blind $3
*** HOLE CARDS ***
ManuelSikora: raises $3 to $6
ct-650: calls $3
*** FLOP *** [3h 2d 7c]
ct-650: checks
ManuelSikora: bets $3
ct-650: raises $3 to $6
ManuelSikora: calls $3
*** TURN *** [3h 2d 7c] [4d]
ct-650: bets $6
ManuelSikora: calls $6
*** RIVER *** [3h 2d 7c 4d] [5d]
ct-650: bets $6
ManuelSikora: folds
Uncalled bet ($6) returned to ct-650
ct-650 collected $35.50 from pot
*** SUMMARY ***
Total pot $36 | Rake $0.50
Board [3h 2d 7c 4d 5d]
Seat 1: ct-650 (big blind) collected ($35.50)
Seat 2: ManuelSikora (button) (small blind) folded on the River


PokerStars Hand #147312039914:  Hold'em Limit ($3/$6 USD) - 2016/01/19 10:58:57 ET
Table 'Laomedon II' 2-max Seat #1 is the button
Seat 1: ct-650 ($149.32 in chips)
Seat 2: ManuelSikora ($40.50 in chips)
ct-650: posts small blind $1
ManuelSikora: posts big blind $3
*** HOLE CARDS ***
ct-650: raises $3 to $6
ManuelSikora: calls $3
*** FLOP *** [3c 6h 7s]
ManuelSikora: bets $3
ct-650: raises $3 to $6
ManuelSikora: calls $3
*** TURN *** [3c 6h 7s] [Kd]
ManuelSikora: checks
ct-650: bets $6
ManuelSikora: folds
Uncalled bet ($6) returned to ct-650
ct-650 collected $23.52 from pot
*** SUMMARY ***
Total pot $24 | Rake $0.48
Board [3c 6h 7s Kd]
Seat 1: ct-650 (button) (small blind) collected ($23.52)
Seat 2: ManuelSikora (big blind) folded on the Turn


PokerStars Hand #147312027301:  Hold'em Limit ($3/$6 USD) - 2016/01/19 10:58:41 ET
Table 'Laomedon II' 2-max Seat #2 is the button
Seat 1: ct-650 ($131.82 in chips)
Seat 2: ManuelSikora ($58.50 in chips)
ManuelSikora: posts small blind $1
ct-650: posts big blind $3
*** HOLE CARDS ***
ManuelSikora: calls $2
ct-650: checks
*** FLOP *** [3c 9h Th]
ct-650: bets $3
ManuelSikora: raises $3 to $6
ct-650: raises $3 to $9
ManuelSikora: calls $3
*** TURN *** [3c 9h Th] [3d]
ct-650: bets $6
ManuelSikora: calls $6
*** RIVER *** [3c 9h Th 3d] [6c]
ct-650: bets $6
ManuelSikora: folds
Uncalled bet ($6) returned to ct-650
ct-650 collected $35.50 from pot
*** SUMMARY ***
Total pot $36 | Rake $0.50
Board [3c 9h Th 3d 6c]
Seat 1: ct-650 (big blind) collected ($35.50)
Seat 2: ManuelSikora (button) (small blind) folded on the River


