PokerStars Hand #147968974681:  Hold'em Limit ($3/$6 USD) - 2016/01/30 21:05:01 ET
Table 'Laomedon' 2-max Seat #1 is the button
Seat 1: igmade ($151.90 in chips)
Seat 2: NIGHTyxa ($72 in chips)
igmade: posts small blind $1
NIGHTyxa: posts big blind $3
*** HOLE CARDS ***
igmade: folds
Uncalled bet ($2) returned to NIGHTyxa
NIGHTyxa collected $2 from pot
NIGHTyxa: doesn't show hand
*** SUMMARY ***
Total pot $2 | Rake $0
Seat 1: igmade (button) (small blind) folded before Flop
Seat 2: NIGHTyxa (big blind) collected ($2)


PokerStars Hand #147968967938:  Hold'em Limit ($3/$6 USD) - 2016/01/30 21:04:48 ET
Table 'Laomedon' 2-max Seat #2 is the button
Seat 1: igmade ($150.90 in chips)
Seat 2: NIGHTyxa ($72 in chips)
NIGHTyxa: posts small blind $1
igmade: posts big blind $3
*** HOLE CARDS ***
NIGHTyxa: folds
Uncalled bet ($2) returned to igmade
igmade collected $2 from pot
*** SUMMARY ***
Total pot $2 | Rake $0
Seat 1: igmade (big blind) collected ($2)
Seat 2: NIGHTyxa (button) (small blind) folded before Flop


PokerStars Hand #147968962652:  Hold'em Limit ($3/$6 USD) - 2016/01/30 21:04:37 ET
Table 'Laomedon' 2-max Seat #1 is the button
Seat 1: igmade ($145.14 in chips)
Seat 2: NIGHTyxa ($72 in chips)
igmade: posts small blind $1
NIGHTyxa: posts big blind $3
*** HOLE CARDS ***
igmade: raises $3 to $6
NIGHTyxa: calls $3
*** FLOP *** [Ts Jc Ac]
NIGHTyxa: checks
igmade: bets $3
NIGHTyxa: folds
Uncalled bet ($3) returned to igmade
igmade collected $11.76 from pot
*** SUMMARY ***
Total pot $12 | Rake $0.24
Board [Ts Jc Ac]
Seat 1: igmade (button) (small blind) collected ($11.76)
Seat 2: NIGHTyxa (big blind) folded on the Flop


PokerStars Hand #147968957208:  Hold'em Limit ($3/$6 USD) - 2016/01/30 21:04:27 ET
Table 'Laomedon' 2-max Seat #2 is the button
Seat 1: igmade ($136.50 in chips)
Seat 2: NIGHTyxa ($73 in chips)
NIGHTyxa: posts small blind $1
igmade: posts big blind $3
*** HOLE CARDS ***
NIGHTyxa: raises $3 to $6
igmade: raises $3 to $9
NIGHTyxa: calls $3
*** FLOP *** [4h Qc As]
igmade: bets $3
NIGHTyxa: folds
Uncalled bet ($3) returned to igmade
igmade collected $17.64 from pot
*** SUMMARY ***
Total pot $18 | Rake $0.36
Board [4h Qc As]
Seat 1: igmade (big blind) collected ($17.64)
Seat 2: NIGHTyxa (button) (small blind) folded on the Flop


PokerStars Hand #147973356821:  Hold'em Limit ($3/$6 USD) - 2016/01/31 0:08:52 ET
Table 'Laomedon' 6-max Seat #6 is the button
Seat 1: gracetime ($30 in chips)
Seat 6: SmellyToes4u ($102.36 in chips)
SmellyToes4u: posts small blind $1
gracetime: posts big blind $3
*** HOLE CARDS ***
SmellyToes4u: raises $3 to $6
gracetime: calls $3
*** FLOP *** [7d 8d 9d]
gracetime: checks
SmellyToes4u: checks
*** TURN *** [7d 8d 9d] [Td]
gracetime: checks
SmellyToes4u: bets $6
gracetime: calls $6
*** RIVER *** [7d 8d 9d Td] [2s]
gracetime: checks
SmellyToes4u: checks
*** SHOW DOWN ***
gracetime: shows [2d As] (a flush, Ten high)
SmellyToes4u: mucks hand
gracetime collected $23.52 from pot
*** SUMMARY ***
Total pot $24 | Rake $0.48
Board [7d 8d 9d Td 2s]
Seat 1: gracetime (big blind) showed [2d As] and won ($23.52) with a flush, Ten high
Seat 6: SmellyToes4u (button) (small blind) mucked


PokerStars Hand #147973362854:  Hold'em Limit ($3/$6 USD) - 2016/01/31 0:09:11 ET
Table 'Laomedon' 6-max Seat #1 is the button
Seat 1: gracetime ($41.52 in chips)
Seat 6: SmellyToes4u ($90.36 in chips)
gracetime: posts small blind $1
SmellyToes4u: posts big blind $3
*** HOLE CARDS ***
gracetime: raises $3 to $6
qu1cks1lv3r7 joins the table at seat #3
SmellyToes4u: raises $3 to $9
gracetime: calls $3
*** FLOP *** [Js 8s Ah]
SmellyToes4u: bets $3
gracetime: calls $3
*** TURN *** [Js 8s Ah] [9s]
SmellyToes4u: bets $6
gracetime: raises $6 to $12
SmellyToes4u: calls $6
*** RIVER *** [Js 8s Ah 9s] [6d]
SmellyToes4u: checks
gracetime: bets $6
SmellyToes4u: calls $6
*** SHOW DOWN ***
gracetime: shows [8c 8d] (three of a kind, Eights)
SmellyToes4u: shows [Ad Ac] (three of a kind, Aces)
SmellyToes4u collected $59.50 from pot
*** SUMMARY ***
Total pot $60 | Rake $0.50
Board [Js 8s Ah 9s 6d]
Seat 1: gracetime (button) (small blind) showed [8c 8d] and lost with three of a kind, Eights
Seat 6: SmellyToes4u (big blind) showed [Ad Ac] and won ($59.50) with three of a kind, Aces


PokerStars Hand #147973381534:  Hold'em Limit ($3/$6 USD) - 2016/01/31 0:10:11 ET
Table 'Laomedon' 6-max Seat #1 is the button
Seat 1: gracetime ($11.82 in chips)
Seat 3: qu1cks1lv3r7 ($96.24 in chips)
gracetime: posts small blind $1
qu1cks1lv3r7: posts big blind $3
*** HOLE CARDS ***
gracetime: folds
Uncalled bet ($2) returned to qu1cks1lv3r7
qu1cks1lv3r7 collected $2 from pot
*** SUMMARY ***
Total pot $2 | Rake $0
Seat 1: gracetime (button) (small blind) folded before Flop
Seat 3: qu1cks1lv3r7 (big blind) collected ($2)


PokerStars Hand #147973379695:  Hold'em Limit ($3/$6 USD) - 2016/01/31 0:10:05 ET
Table 'Laomedon' 6-max Seat #3 is the button
Seat 1: gracetime ($10.82 in chips)
Seat 3: qu1cks1lv3r7 ($97.24 in chips)
qu1cks1lv3r7: posts small blind $1
gracetime: posts big blind $3
*** HOLE CARDS ***
qu1cks1lv3r7: folds
Uncalled bet ($2) returned to gracetime
gracetime collected $2 from pot
*** SUMMARY ***
Total pot $2 | Rake $0
Seat 1: gracetime (big blind) collected ($2)
Seat 3: qu1cks1lv3r7 (button) (small blind) folded before Flop


PokerStars Hand #147973375756:  Hold'em Limit ($3/$6 USD) - 2016/01/31 0:09:53 ET
Table 'Laomedon' 6-max Seat #1 is the button
Seat 1: gracetime ($5.52 in chips)
Seat 3: qu1cks1lv3r7 ($102.76 in chips)
gracetime: posts small blind $1
qu1cks1lv3r7: posts big blind $3
*** HOLE CARDS ***
gracetime: raises $2.52 to $5.52 and is all-in
qu1cks1lv3r7: calls $2.52
*** FLOP *** [7c 4d Js]
*** TURN *** [7c 4d Js] [7s]
*** RIVER *** [7c 4d Js 7s] [7h]
*** SHOW DOWN ***
qu1cks1lv3r7: shows [3h 6c] (three of a kind, Sevens)
gracetime: shows [Ad 4c] (a full house, Sevens full of Fours)
gracetime collected $10.82 from pot
*** SUMMARY ***
Total pot $11.04 | Rake $0.22
Board [7c 4d Js 7s 7h]
Seat 1: gracetime (button) (small blind) showed [Ad 4c] and won ($10.82) with a full house, Sevens full of Fours
Seat 3: qu1cks1lv3r7 (big blind) showed [3h 6c] and lost with three of a kind, Sevens


PokerStars Hand #147973372623:  Hold'em Limit ($3/$6 USD) - 2016/01/31 0:09:43 ET
Table 'Laomedon' 6-max Seat #3 is the button
Seat 1: gracetime ($11.52 in chips)
Seat 3: qu1cks1lv3r7 ($97 in chips)
qu1cks1lv3r7: posts small blind $1
SmellyToes4u: is sitting out
gracetime: posts big blind $3
*** HOLE CARDS ***
qu1cks1lv3r7: raises $3 to $6
gracetime: calls $3
*** FLOP *** [9d 3d Kc]
gracetime: checks
qu1cks1lv3r7: bets $3
gracetime: folds
Uncalled bet ($3) returned to qu1cks1lv3r7
qu1cks1lv3r7 collected $11.76 from pot
*** SUMMARY ***
Total pot $12 | Rake $0.24
Board [9d 3d Kc]
Seat 1: gracetime (big blind) folded on the Flop
Seat 3: qu1cks1lv3r7 (button) (small blind) collected ($11.76)


PokerStars Hand #147973368607:  Hold'em Limit ($3/$6 USD) - 2016/01/31 0:09:30 ET
Table 'Laomedon' 6-max Seat #6 is the button
Seat 1: gracetime ($11.52 in chips)
Seat 6: SmellyToes4u ($119.86 in chips)
SmellyToes4u: posts small blind $1
gracetime: posts big blind $3
*** HOLE CARDS ***
SmellyToes4u: folds
Uncalled bet ($2) returned to gracetime
gracetime collected $2 from pot
*** SUMMARY ***
Total pot $2 | Rake $0
Seat 1: gracetime (big blind) collected ($2)
Seat 6: SmellyToes4u (button) (small blind) folded before Flop


PokerStars Hand #147973391797:  Hold'em Limit ($3/$6 USD) - 2016/01/31 0:10:44 ET
Table 'Laomedon' 6-max Seat #1 is the button
Seat 1: gracetime ($10.61 in chips)
Seat 3: qu1cks1lv3r7 ($97.02 in chips)
gracetime: posts small blind $1
qu1cks1lv3r7: posts big blind $3
*** HOLE CARDS ***
gracetime: raises $3 to $6
qu1cks1lv3r7: calls $3
*** FLOP *** [5h 7h 9s]
qu1cks1lv3r7: bets $3
gracetime: raises $1.61 to $4.61 and is all-in
qu1cks1lv3r7: calls $1.61
*** TURN *** [5h 7h 9s] [3d]
*** RIVER *** [5h 7h 9s 3d] [7d]
*** SHOW DOWN ***
qu1cks1lv3r7: shows [2d Kh] (a pair of Sevens)
gracetime: shows [Ks 6d] (a pair of Sevens - King+Nine+Six kicker)
gracetime collected $20.80 from pot
*** SUMMARY ***
Total pot $21.22 | Rake $0.42
Board [5h 7h 9s 3d 7d]
Seat 1: gracetime (button) (small blind) showed [Ks 6d] and won ($20.80) with a pair of Sevens
Seat 3: qu1cks1lv3r7 (big blind) showed [2d Kh] and lost with a pair of Sevens


PokerStars Hand #147973383108:  Hold'em Limit ($3/$6 USD) - 2016/01/31 0:10:16 ET
Table 'Laomedon' 6-max Seat #3 is the button
Seat 1: gracetime ($10.82 in chips)
Seat 3: qu1cks1lv3r7 ($97.24 in chips)
qu1cks1lv3r7: posts small blind $1
gracetime: posts big blind $3
*** HOLE CARDS ***
qu1cks1lv3r7: raises $3 to $6
gracetime: calls $3
*** FLOP *** [Jd 4s Ad]
gracetime: checks
qu1cks1lv3r7: bets $3
gracetime: raises $1.82 to $4.82 and is all-in
qu1cks1lv3r7: calls $1.82
*** TURN *** [Jd 4s Ad] [Js]
*** RIVER *** [Jd 4s Ad Js] [4c]
*** SHOW DOWN ***
gracetime: shows [4d 2d] (a full house, Fours full of Jacks)
qu1cks1lv3r7: shows [3h 4h] (a full house, Fours full of Jacks)
gracetime collected $10.61 from pot
qu1cks1lv3r7 collected $10.60 from pot
*** SUMMARY ***
Total pot $21.64 | Rake $0.43
Board [Jd 4s Ad Js 4c]
Seat 1: gracetime (big blind) showed [4d 2d] and won ($10.61) with a full house, Fours full of Jacks
Seat 3: qu1cks1lv3r7 (button) (small blind) showed [3h 4h] and won ($10.60) with a full house, Fours full of Jacks


PokerStars Hand #147973402665:  Hold'em Limit ($3/$6 USD) - 2016/01/31 0:11:19 ET
Table 'Laomedon' 6-max Seat #3 is the button
Seat 1: gracetime ($20.80 in chips)
Seat 3: qu1cks1lv3r7 ($86.41 in chips)
qu1cks1lv3r7: posts small blind $1
gracetime: posts big blind $3
*** HOLE CARDS ***
qu1cks1lv3r7: folds
Uncalled bet ($2) returned to gracetime
gracetime collected $2 from pot
*** SUMMARY ***
Total pot $2 | Rake $0
Seat 1: gracetime (big blind) collected ($2)
Seat 3: qu1cks1lv3r7 (button) (small blind) folded before Flop


PokerStars Hand #147973410358:  Hold'em Limit ($3/$6 USD) - 2016/01/31 0:11:43 ET
Table 'Laomedon' 6-max Seat #3 is the button
Seat 1: gracetime ($12.80 in chips)
Seat 3: qu1cks1lv3r7 ($94.05 in chips)
qu1cks1lv3r7: posts small blind $1
gracetime: posts big blind $3
*** HOLE CARDS ***
qu1cks1lv3r7: raises $3 to $6
gracetime: raises $3 to $9
SmellyToes4u leaves the table
qu1cks1lv3r7: calls $3
*** FLOP *** [Js 9d Jd]
gracetime: bets $3
qu1cks1lv3r7: folds
Uncalled bet ($3) returned to gracetime
gracetime collected $17.64 from pot
*** SUMMARY ***
Total pot $18 | Rake $0.36
Board [Js 9d Jd]
Seat 1: gracetime (big blind) collected ($17.64)
Seat 3: qu1cks1lv3r7 (button) (small blind) folded on the Flop


PokerStars Hand #147973404361:  Hold'em Limit ($3/$6 USD) - 2016/01/31 0:11:24 ET
Table 'Laomedon' 6-max Seat #1 is the button
Seat 1: gracetime ($21.80 in chips)
Seat 3: qu1cks1lv3r7 ($85.41 in chips)
gracetime: posts small blind $1
qu1cks1lv3r7: posts big blind $3
*** HOLE CARDS ***
gracetime: raises $3 to $6
qu1cks1lv3r7: calls $3
*** FLOP *** [9h 6s 3c]
qu1cks1lv3r7: checks
gracetime: bets $3
qu1cks1lv3r7: calls $3
*** TURN *** [9h 6s 3c] [Qs]
qu1cks1lv3r7: checks
gracetime: checks
*** RIVER *** [9h 6s 3c Qs] [Ac]
qu1cks1lv3r7: bets $6
gracetime: folds
Uncalled bet ($6) returned to qu1cks1lv3r7
qu1cks1lv3r7 collected $17.64 from pot
*** SUMMARY ***
Total pot $18 | Rake $0.36
Board [9h 6s 3c Qs Ac]
Seat 1: gracetime (button) (small blind) folded on the River
Seat 3: qu1cks1lv3r7 (big blind) collected ($17.64)


PokerStars Hand #147973417159:  Hold'em Limit ($3/$6 USD) - 2016/01/31 0:12:05 ET
Table 'Laomedon' 6-max Seat #1 is the button
Seat 1: gracetime ($21.44 in chips)
Seat 3: qu1cks1lv3r7 ($85.05 in chips)
gracetime: posts small blind $1
qu1cks1lv3r7: posts big blind $3
*** HOLE CARDS ***
gracetime: raises $3 to $6
qu1cks1lv3r7: calls $3
*** FLOP *** [Jh Td 8h]
qu1cks1lv3r7: checks
gracetime: bets $3
qu1cks1lv3r7: folds
Uncalled bet ($3) returned to gracetime
gracetime collected $11.76 from pot
*** SUMMARY ***
Total pot $12 | Rake $0.24
Board [Jh Td 8h]
Seat 1: gracetime (button) (small blind) collected ($11.76)
Seat 3: qu1cks1lv3r7 (big blind) folded on the Flop


PokerStars Hand #147973443239:  Hold'em Limit ($3/$6 USD) - 2016/01/31 0:13:29 ET
Table 'Laomedon' 6-max Seat #1 is the button
Seat 1: gracetime ($61.20 in chips)
Seat 3: qu1cks1lv3r7 ($44.05 in chips)
gracetime: posts small blind $1
qu1cks1lv3r7: posts big blind $3
*** HOLE CARDS ***
gracetime: folds
Uncalled bet ($2) returned to qu1cks1lv3r7
qu1cks1lv3r7 collected $2 from pot
*** SUMMARY ***
Total pot $2 | Rake $0
Seat 1: gracetime (button) (small blind) folded before Flop
Seat 3: qu1cks1lv3r7 (big blind) collected ($2)


PokerStars Hand #147973441726:  Hold'em Limit ($3/$6 USD) - 2016/01/31 0:13:24 ET
Table 'Laomedon' 6-max Seat #3 is the button
Seat 1: gracetime ($60.20 in chips)
Seat 3: qu1cks1lv3r7 ($45.05 in chips)
qu1cks1lv3r7: posts small blind $1
gracetime: posts big blind $3
*** HOLE CARDS ***
qu1cks1lv3r7: folds
Uncalled bet ($2) returned to gracetime
gracetime collected $2 from pot
*** SUMMARY ***
Total pot $2 | Rake $0
Seat 1: gracetime (big blind) collected ($2)
Seat 3: qu1cks1lv3r7 (button) (small blind) folded before Flop


PokerStars Hand #147973429918:  Hold'em Limit ($3/$6 USD) - 2016/01/31 0:12:46 ET
Table 'Laomedon' 6-max Seat #1 is the button
Seat 1: gracetime ($47.70 in chips)
Seat 3: qu1cks1lv3r7 ($58.05 in chips)
gracetime: posts small blind $1
qu1cks1lv3r7: posts big blind $3
*** HOLE CARDS ***
gracetime: folds
Uncalled bet ($2) returned to qu1cks1lv3r7
qu1cks1lv3r7 collected $2 from pot
*** SUMMARY ***
Total pot $2 | Rake $0
Seat 1: gracetime (button) (small blind) folded before Flop
Seat 3: qu1cks1lv3r7 (big blind) collected ($2)


PokerStars Hand #147973424211:  Hold'em Limit ($3/$6 USD) - 2016/01/31 0:12:27 ET
Table 'Laomedon' 6-max Seat #3 is the button
Seat 1: gracetime ($27.20 in chips)
Seat 3: qu1cks1lv3r7 ($79.05 in chips)
qu1cks1lv3r7: posts small blind $1
gracetime: posts big blind $3
*** HOLE CARDS ***
qu1cks1lv3r7: raises $3 to $6
gracetime: calls $3
*** FLOP *** [9d Ad Th]
gracetime: checks
qu1cks1lv3r7: bets $3
gracetime: calls $3
*** TURN *** [9d Ad Th] [Kd]
gracetime: checks
qu1cks1lv3r7: bets $6
gracetime: calls $6
*** RIVER *** [9d Ad Th Kd] [2c]
gracetime: checks
qu1cks1lv3r7: bets $6
gracetime: calls $6
*** SHOW DOWN ***
qu1cks1lv3r7: shows [7s 5h] (high card Ace)
gracetime: shows [Qs Kh] (a pair of Kings)
gracetime collected $41.50 from pot
*** SUMMARY ***
Total pot $42 | Rake $0.50
Board [9d Ad Th Kd 2c]
Seat 1: gracetime (big blind) showed [Qs Kh] and won ($41.50) with a pair of Kings
Seat 3: qu1cks1lv3r7 (button) (small blind) showed [7s 5h] and lost with high card Ace


PokerStars Hand #147973440005:  Hold'em Limit ($3/$6 USD) - 2016/01/31 0:13:18 ET
Table 'Laomedon' 6-max Seat #1 is the button
Seat 1: gracetime ($61.20 in chips)
Seat 3: qu1cks1lv3r7 ($44.05 in chips)
gracetime: posts small blind $1
qu1cks1lv3r7: posts big blind $3
*** HOLE CARDS ***
gracetime: folds
Uncalled bet ($2) returned to qu1cks1lv3r7
qu1cks1lv3r7 collected $2 from pot
*** SUMMARY ***
Total pot $2 | Rake $0
Seat 1: gracetime (button) (small blind) folded before Flop
Seat 3: qu1cks1lv3r7 (big blind) collected ($2)


PokerStars Hand #147973431670:  Hold'em Limit ($3/$6 USD) - 2016/01/31 0:12:51 ET
Table 'Laomedon' 6-max Seat #3 is the button
Seat 1: gracetime ($46.70 in chips)
Seat 3: qu1cks1lv3r7 ($59.05 in chips)
qu1cks1lv3r7: posts small blind $1
gracetime: posts big blind $3
*** HOLE CARDS ***
qu1cks1lv3r7: raises $3 to $6
gracetime: calls $3
*** FLOP *** [Jd Qs Jc]
gracetime: checks
qu1cks1lv3r7: bets $3
gracetime: calls $3
*** TURN *** [Jd Qs Jc] [2s]
gracetime: checks
qu1cks1lv3r7: bets $6
gracetime: raises $6 to $12
qu1cks1lv3r7: folds
Uncalled bet ($6) returned to gracetime
gracetime collected $29.50 from pot
*** SUMMARY ***
Total pot $30 | Rake $0.50
Board [Jd Qs Jc 2s]
Seat 1: gracetime (big blind) collected ($29.50)
Seat 3: qu1cks1lv3r7 (button) (small blind) folded on the Turn


PokerStars Hand #147973452650:  Hold'em Limit ($3/$6 USD) - 2016/01/31 0:13:59 ET
Table 'Laomedon' 6-max Seat #1 is the button
Seat 1: gracetime ($80.70 in chips)
Seat 3: qu1cks1lv3r7 ($24.05 in chips)
gracetime: posts small blind $1
qu1cks1lv3r7: posts big blind $3
*** HOLE CARDS ***
gracetime: raises $3 to $6
qu1cks1lv3r7: folds
Uncalled bet ($3) returned to gracetime
gracetime collected $6 from pot
*** SUMMARY ***
Total pot $6 | Rake $0
Seat 1: gracetime (button) (small blind) collected ($6)
Seat 3: qu1cks1lv3r7 (big blind) folded before Flop


PokerStars Hand #147973455654:  Hold'em Limit ($3/$6 USD) - 2016/01/31 0:14:09 ET
Table 'Laomedon' 6-max Seat #3 is the button
Seat 1: gracetime ($83.70 in chips)
Seat 3: qu1cks1lv3r7 ($21.05 in chips)
qu1cks1lv3r7: posts small blind $1
gracetime: posts big blind $3
*** HOLE CARDS ***
qu1cks1lv3r7: raises $3 to $6
gracetime: raises $3 to $9
qu1cks1lv3r7: calls $3
*** FLOP *** [Td 9d Js]
gracetime: bets $3
qu1cks1lv3r7: calls $3
*** TURN *** [Td 9d Js] [7c]
gracetime: bets $6
qu1cks1lv3r7: raises $3.05 to $9.05 and is all-in
gracetime: calls $3.05
*** RIVER *** [Td 9d Js 7c] [6h]
*** SHOW DOWN ***
gracetime: shows [2s 2h] (a pair of Deuces)
qu1cks1lv3r7: shows [5c Ks] (high card King)
gracetime collected $41.60 from pot
*** SUMMARY ***
Total pot $42.10 | Rake $0.50
Board [Td 9d Js 7c 6h]
Seat 1: gracetime (big blind) showed [2s 2h] and won ($41.60) with a pair of Deuces
Seat 3: qu1cks1lv3r7 (button) (small blind) showed [5c Ks] and lost with high card King


