PokerStars Hand #145404130212:  Hold'em Limit ($3/$6 USD) - 2015/12/15 17:22:31 ET
Table 'Laomedon III' 6-max Seat #5 is the button
Seat 1: Pete81 ($60 in chips)
Seat 5: Pallada_SPb ($181.08 in chips)
Pallada_SPb: posts small blind $1
Pete81: posts big blind $3
*** HOLE CARDS ***
craaa joins the table at seat #6
Pallada_SPb: raises $3 to $6
Pete81: calls $3
*** FLOP *** [3s 5s Ad]
Pete81: checks
Pallada_SPb: bets $3
Pete81: calls $3
*** TURN *** [3s 5s Ad] [Jd]
Pete81: checks
Pallada_SPb: bets $6
Pete81: calls $6
*** RIVER *** [3s 5s Ad Jd] [Ts]
Pete81: checks
Pallada_SPb: checks
*** SHOW DOWN ***
Pete81: shows [9h 5h] (a pair of Fives)
Pallada_SPb: shows [As 2h] (a pair of Aces)
Pallada_SPb collected $29.50 from pot
*** SUMMARY ***
Total pot $30 | Rake $0.50
Board [3s 5s Ad Jd Ts]
Seat 1: Pete81 (big blind) showed [9h 5h] and lost with a pair of Fives
Seat 5: Pallada_SPb (button) (small blind) showed [As 2h] and won ($29.50) with a pair of Aces


PokerStars Hand #145404147123:  Hold'em Limit ($3/$6 USD) - 2015/12/15 17:22:50 ET
Table 'Laomedon III' 6-max Seat #1 is the button
Seat 1: Pete81 ($45 in chips)
Seat 5: Pallada_SPb ($195.58 in chips)
Pete81: posts small blind $1
Pallada_SPb: posts big blind $3
*** HOLE CARDS ***
Pete81: raises $3 to $6
Pallada_SPb: calls $3
*** FLOP *** [Qd 4h Qs]
Pallada_SPb: checks
Pete81: bets $3
Pallada_SPb: folds
Uncalled bet ($3) returned to Pete81
Pete81 collected $11.76 from pot
Pete81: doesn't show hand
*** SUMMARY ***
Total pot $12 | Rake $0.24
Board [Qd 4h Qs]
Seat 1: Pete81 (button) (small blind) collected ($11.76)
Seat 5: Pallada_SPb (big blind) folded on the Flop


PokerStars Hand #145404186173:  Hold'em Limit ($3/$6 USD) - 2015/12/15 17:23:33 ET
Table 'Laomedon III' 6-max Seat #5 is the button
Seat 1: Pete81 ($68.26 in chips)
Seat 5: Pallada_SPb ($171.58 in chips)
Pallada_SPb: posts small blind $1
Pete81: posts big blind $3
*** HOLE CARDS ***
Pallada_SPb: raises $3 to $6
Pete81: calls $3
*** FLOP *** [Qh 4s Ks]
Pete81: checks
Pallada_SPb: bets $3
Pete81: folds
Uncalled bet ($3) returned to Pallada_SPb
Pallada_SPb collected $11.76 from pot
Pallada_SPb: doesn't show hand
*** SUMMARY ***
Total pot $12 | Rake $0.24
Board [Qh 4s Ks]
Seat 1: Pete81 (big blind) folded on the Flop
Seat 5: Pallada_SPb (button) (small blind) collected ($11.76)


PokerStars Hand #145404164664:  Hold'em Limit ($3/$6 USD) - 2015/12/15 17:23:09 ET
Table 'Laomedon III' 6-max Seat #1 is the button
Seat 1: Pete81 ($47.76 in chips)
Seat 5: Pallada_SPb ($192.58 in chips)
Pete81: posts small blind $1
Pallada_SPb: posts big blind $3
*** HOLE CARDS ***
Pete81: raises $3 to $6
Pallada_SPb: calls $3
*** FLOP *** [Tc 4s 5s]
Pallada_SPb: checks
Pete81: bets $3
Pallada_SPb: calls $3
*** TURN *** [Tc 4s 5s] [4h]
Pallada_SPb: checks
Pete81: bets $6
Pallada_SPb: raises $6 to $12
Pete81: raises $6 to $18
Pallada_SPb: folds
Uncalled bet ($6) returned to Pete81
Pete81 collected $41.50 from pot
Pete81: doesn't show hand
*** SUMMARY ***
Total pot $42 | Rake $0.50
Board [Tc 4s 5s 4h]
Seat 1: Pete81 (button) (small blind) collected ($41.50)
Seat 5: Pallada_SPb (big blind) folded on the Turn


PokerStars Hand #145404158693:  Hold'em Limit ($3/$6 USD) - 2015/12/15 17:23:03 ET
Table 'Laomedon III' 6-max Seat #5 is the button
Seat 1: Pete81 ($50.76 in chips)
Seat 5: Pallada_SPb ($189.58 in chips)
Pallada_SPb: posts small blind $1
Pete81: posts big blind $3
*** HOLE CARDS ***
Pallada_SPb: raises $3 to $6
Pete81: folds
Uncalled bet ($3) returned to Pallada_SPb
Pallada_SPb collected $6 from pot
Pallada_SPb: doesn't show hand
*** SUMMARY ***
Total pot $6 | Rake $0
Seat 1: Pete81 (big blind) folded before Flop
Seat 5: Pallada_SPb (button) (small blind) collected ($6)


PokerStars Hand #145404246496:  Hold'em Limit ($3/$6 USD) - 2015/12/15 17:24:39 ET
Table 'Laomedon III' 6-max Seat #5 is the button
Seat 1: Pete81 ($40.76 in chips)
Seat 5: Pallada_SPb ($197.60 in chips)
Pallada_SPb: posts small blind $1
Pete81: posts big blind $3
*** HOLE CARDS ***
Pallada_SPb: folds
Uncalled bet ($2) returned to Pete81
Pete81 collected $2 from pot
Pete81: doesn't show hand
*** SUMMARY ***
Total pot $2 | Rake $0
Seat 1: Pete81 (big blind) collected ($2)
Seat 5: Pallada_SPb (button) (small blind) folded before Flop


PokerStars Hand #145404228847:  Hold'em Limit ($3/$6 USD) - 2015/12/15 17:24:20 ET
Table 'Laomedon III' 6-max Seat #1 is the button
Seat 1: Pete81 ($70.76 in chips)
Seat 5: Pallada_SPb ($168.10 in chips)
Pete81: posts small blind $1
Pallada_SPb: posts big blind $3
*** HOLE CARDS ***
Pete81: raises $3 to $6
Pallada_SPb: raises $3 to $9
Pete81: calls $3
*** FLOP *** [7c 2c Kh]
Pallada_SPb: bets $3
Pete81: calls $3
*** TURN *** [7c 2c Kh] [4d]
Pallada_SPb: checks
Pete81: bets $6
Pallada_SPb: raises $6 to $12
Pete81: calls $6
*** RIVER *** [7c 2c Kh 4d] [2h]
Pallada_SPb: bets $6
Pete81: calls $6
*** SHOW DOWN ***
Pallada_SPb: shows [Kc Kd] (a full house, Kings full of Deuces)
Pete81: mucks hand
Pallada_SPb collected $59.50 from pot
*** SUMMARY ***
Total pot $60 | Rake $0.50
Board [7c 2c Kh 4d 2h]
Seat 1: Pete81 (button) (small blind) mucked
Seat 5: Pallada_SPb (big blind) showed [Kc Kd] and won ($59.50) with a full house, Kings full of Deuces


PokerStars Hand #145404218948:  Hold'em Limit ($3/$6 USD) - 2015/12/15 17:24:09 ET
Table 'Laomedon III' 6-max Seat #5 is the button
Seat 1: Pete81 ($76.76 in chips)
Seat 5: Pallada_SPb ($162.34 in chips)
Pallada_SPb: posts small blind $1
Pete81: posts big blind $3
*** HOLE CARDS ***
Pallada_SPb: raises $3 to $6
Pete81: calls $3
*** FLOP *** [Ks Kd Kc]
Pete81: checks
Pallada_SPb: bets $3
Pete81: folds
Uncalled bet ($3) returned to Pallada_SPb
Pallada_SPb collected $11.76 from pot
Pallada_SPb: doesn't show hand
*** SUMMARY ***
Total pot $12 | Rake $0.24
Board [Ks Kd Kc]
Seat 1: Pete81 (big blind) folded on the Flop
Seat 5: Pallada_SPb (button) (small blind) collected ($11.76)


PokerStars Hand #145404198414:  Hold'em Limit ($3/$6 USD) - 2015/12/15 17:23:46 ET
Table 'Laomedon III' 6-max Seat #1 is the button
Seat 1: Pete81 ($62.26 in chips)
Seat 5: Pallada_SPb ($177.34 in chips)
Pete81: posts small blind $1
Pallada_SPb: posts big blind $3
*** HOLE CARDS ***
Pete81: raises $3 to $6
Pallada_SPb: calls $3
*** FLOP *** [9s 7h 8s]
Pallada_SPb: checks
Pete81: bets $3
Pallada_SPb: calls $3
*** TURN *** [9s 7h 8s] [Kc]
Pallada_SPb: checks
Pete81: bets $6
Pallada_SPb: calls $6
*** RIVER *** [9s 7h 8s Kc] [3s]
Pallada_SPb: checks
Pete81: bets $6
Pallada_SPb: folds
Uncalled bet ($6) returned to Pete81
Pete81 collected $29.50 from pot
Pete81: doesn't show hand
*** SUMMARY ***
Total pot $30 | Rake $0.50
Board [9s 7h 8s Kc 3s]
Seat 1: Pete81 (button) (small blind) collected ($29.50)
Seat 5: Pallada_SPb (big blind) folded on the River


PokerStars Hand #145404251252:  Hold'em Limit ($3/$6 USD) - 2015/12/15 17:24:45 ET
Table 'Laomedon III' 6-max Seat #1 is the button
Seat 1: Pete81 ($41.76 in chips)
Seat 5: Pallada_SPb ($196.60 in chips)
Pete81: posts small blind $1
Pallada_SPb: posts big blind $3
*** HOLE CARDS ***
Pete81: raises $3 to $6
Pallada_SPb: calls $3
*** FLOP *** [7d 9h 2d]
Pallada_SPb: checks
Pete81: checks
*** TURN *** [7d 9h 2d] [2h]
Pallada_SPb: checks
Pete81: bets $6
Pallada_SPb: folds
Uncalled bet ($6) returned to Pete81
Pete81 collected $11.76 from pot
Pete81: doesn't show hand
*** SUMMARY ***
Total pot $12 | Rake $0.24
Board [7d 9h 2d 2h]
Seat 1: Pete81 (button) (small blind) collected ($11.76)
Seat 5: Pallada_SPb (big blind) folded on the Turn


PokerStars Hand #145407569450:  Hold'em Limit ($3/$6 USD) - 2015/12/15 18:32:00 ET
Table 'Laomedon III' 6-max Seat #1 is the button
Seat 1: Pandakey ($91.03 in chips)
Seat 5: korrnel ($209.42 in chips)
Pandakey: posts small blind $1
scorpio04: is sitting out
Chessnok: is sitting out
korrnel: posts big blind $3
*** HOLE CARDS ***
scorpio04 leaves the table
Chessnok leaves the table
Pandakey: raises $3 to $6
korrnel: calls $3
*** FLOP *** [3d 9s 4c]
korrnel: checks
Pandakey: checks
*** TURN *** [3d 9s 4c] [Td]
korrnel: bets $6
Pandakey: calls $6
*** RIVER *** [3d 9s 4c Td] [Ts]
korrnel: checks
Pandakey: checks
*** SHOW DOWN ***
korrnel: shows [7d Ad] (a pair of Tens)
Pandakey: shows [8s Ac] (a pair of Tens - Ace+Nine+Eight kicker)
Pandakey collected $23.52 from pot
*** SUMMARY ***
Total pot $24 | Rake $0.48
Board [3d 9s 4c Td Ts]
Seat 1: Pandakey (button) (small blind) showed [8s Ac] and won ($23.52) with a pair of Tens
Seat 5: korrnel (big blind) showed [7d Ad] and lost with a pair of Tens


