PokerStars Hand #169934409373:  Hold'em Limit ($3/$6 USD) - 2017/05/04 6:19:46 ET
Table 'Laomedon II' 6-max Seat #4 is the button
Seat 3: Rus29APX ($108 in chips)
Seat 4: hairy1961 ($61.52 in chips)
hairy1961: posts small blind $1
Rus29APX: posts big blind $3
*** HOLE CARDS ***
hairy1961: folds
Uncalled bet ($2) returned to Rus29APX
Rus29APX collected $2 from pot
Rus29APX: doesn't show hand
*** SUMMARY ***
Total pot $2 | Rake $0
Seat 3: Rus29APX (big blind) collected ($2)
Seat 4: hairy1961 (button) (small blind) folded before Flop


PokerStars Hand #169934417852:  Hold'em Limit ($3/$6 USD) - 2017/05/04 6:20:09 ET
Table 'Laomedon II' 6-max Seat #4 is the button
Seat 3: Rus29APX ($100 in chips)
Seat 4: hairy1961 ($69.16 in chips)
hairy1961: posts small blind $1
Rus29APX: posts big blind $3
*** HOLE CARDS ***
hairy1961: folds
Uncalled bet ($2) returned to Rus29APX
Rus29APX collected $2 from pot
Rus29APX: doesn't show hand
*** SUMMARY ***
Total pot $2 | Rake $0
Seat 3: Rus29APX (big blind) collected ($2)
Seat 4: hairy1961 (button) (small blind) folded before Flop


PokerStars Hand #169934411336:  Hold'em Limit ($3/$6 USD) - 2017/05/04 6:19:52 ET
Table 'Laomedon II' 6-max Seat #3 is the button
Seat 3: Rus29APX ($109 in chips)
Seat 4: hairy1961 ($60.52 in chips)
Rus29APX: posts small blind $1
hairy1961: posts big blind $3
*** HOLE CARDS ***
Rus29APX: raises $3 to $6
hairy1961: raises $3 to $9
Rus29APX: calls $3
*** FLOP *** [Ks 2s Ad]
hairy1961: bets $3
Rus29APX: folds
Uncalled bet ($3) returned to hairy1961
hairy1961 collected $17.64 from pot
*** SUMMARY ***
Total pot $18 | Rake $0.36
Board [Ks 2s Ad]
Seat 3: Rus29APX (button) (small blind) folded on the Flop
Seat 4: hairy1961 (big blind) collected ($17.64)


PokerStars Hand #169934419988:  Hold'em Limit ($3/$6 USD) - 2017/05/04 6:20:14 ET
Table 'Laomedon II' 6-max Seat #3 is the button
Seat 3: Rus29APX ($101 in chips)
Seat 4: hairy1961 ($68.16 in chips)
Rus29APX: posts small blind $1
hairy1961: posts big blind $3
*** HOLE CARDS ***
Rus29APX: raises $3 to $6
hairy1961: calls $3
*** FLOP *** [4c 8d 3h]
hairy1961: bets $3
apx0surry9 joins the table at seat #6
Krazy90 joins the table at seat #5
Rus29APX: calls $3
*** TURN *** [4c 8d 3h] [4s]
hairy1961: bets $6
Rus29APX: raises $6 to $12
hairy1961: calls $6
*** RIVER *** [4c 8d 3h 4s] [8s]
hairy1961: checks
Rus29APX: bets $6
hairy1961: raises $6 to $12
Rus29APX: calls $6
*** SHOW DOWN ***
hairy1961: shows [8c 7h] (a full house, Eights full of Fours)
Rus29APX: mucks hand
hairy1961 collected $65.50 from pot
*** SUMMARY ***
Total pot $66 | Rake $0.50
Board [4c 8d 3h 4s 8s]
Seat 3: Rus29APX (button) (small blind) mucked
Seat 4: hairy1961 (big blind) showed [8c 7h] and won ($65.50) with a full house, Eights full of Fours


PokerStars Hand #169934487658:  Hold'em Limit ($3/$6 USD) - 2017/05/04 6:23:15 ET
Table 'Laomedon II' 6-max Seat #4 is the button
Seat 3: Rus29APX ($128.07 in chips)
Seat 4: hairy1961 ($88.66 in chips)
hairy1961: posts small blind $1
apx0surry9: is sitting out
Rus29APX: posts big blind $3
*** HOLE CARDS ***
hairy1961: folds
Uncalled bet ($2) returned to Rus29APX
Rus29APX collected $2 from pot
Rus29APX: doesn't show hand
*** SUMMARY ***
Total pot $2 | Rake $0
Seat 3: Rus29APX (big blind) collected ($2)
Seat 4: hairy1961 (button) (small blind) folded before Flop


PokerStars Hand #169934490127:  Hold'em Limit ($3/$6 USD) - 2017/05/04 6:23:22 ET
Table 'Laomedon II' 6-max Seat #3 is the button
Seat 3: Rus29APX ($129.07 in chips)
Seat 4: hairy1961 ($87.66 in chips)
Rus29APX: posts small blind $1
hairy1961: posts big blind $3
*** HOLE CARDS ***
apx0surry9 leaves the table
Rus29APX: raises $3 to $6
hairy1961: calls $3
*** FLOP *** [Jh 7s Kd]
hairy1961: checks
Rus29APX: bets $3
hairy1961: calls $3
*** TURN *** [Jh 7s Kd] [9c]
hairy1961: checks
Rus29APX: checks
*** RIVER *** [Jh 7s Kd 9c] [Tc]
hairy1961: checks
Rus29APX: checks
*** SHOW DOWN ***
hairy1961: shows [Kc 8d] (a straight, Seven to Jack)
Rus29APX: mucks hand
hairy1961 collected $17.64 from pot
*** SUMMARY ***
Total pot $18 | Rake $0.36
Board [Jh 7s Kd 9c Tc]
Seat 3: Rus29APX (button) (small blind) mucked
Seat 4: hairy1961 (big blind) showed [Kc 8d] and won ($17.64) with a straight, Seven to Jack


PokerStars Hand #169934514215:  Hold'em Limit ($3/$6 USD) - 2017/05/04 6:24:26 ET
Table 'Laomedon II' 6-max Seat #4 is the button
Seat 3: Rus29APX ($120.07 in chips)
Seat 4: hairy1961 ($96.30 in chips)
hairy1961: posts small blind $1
Rus29APX: posts big blind $3
*** HOLE CARDS ***
hairy1961: raises $3 to $6
Rus29APX: calls $3
*** FLOP *** [8c 9d 4c]
Rus29APX: bets $3
hairy1961: calls $3
*** TURN *** [8c 9d 4c] [8h]
Rus29APX: bets $6
hairy1961: folds
Uncalled bet ($6) returned to Rus29APX
Rus29APX collected $17.64 from pot
Rus29APX: doesn't show hand
*** SUMMARY ***
Total pot $18 | Rake $0.36
Board [8c 9d 4c 8h]
Seat 3: Rus29APX (big blind) collected ($17.64)
Seat 4: hairy1961 (button) (small blind) folded on the Turn


PokerStars Hand #169934531837:  Hold'em Limit ($3/$6 USD) - 2017/05/04 6:25:14 ET
Table 'Laomedon II' 6-max Seat #3 is the button
Seat 3: Rus29APX ($128.71 in chips)
Seat 4: hairy1961 ($87.30 in chips)
Rus29APX: posts small blind $1
hairy1961: posts big blind $3
*** HOLE CARDS ***
Rus29APX: raises $3 to $6
hairy1961: folds
Uncalled bet ($3) returned to Rus29APX
Rus29APX collected $6 from pot
Rus29APX: doesn't show hand
*** SUMMARY ***
Total pot $6 | Rake $0
Seat 3: Rus29APX (button) (small blind) collected ($6)
Seat 4: hairy1961 (big blind) folded before Flop


PokerStars Hand #169934906495:  Hold'em Limit ($3/$6 USD) - 2017/05/04 6:45:15 ET
Table 'Laomedon II' 6-max Seat #6 is the button
Seat 5: Krazy90 ($224.37 in chips)
Seat 6: BAD-Chri$$y ($11.93 in chips)
BAD-Chri$$y: posts small blind $1
Rednaxela05: is sitting out
Krazy90: posts big blind $3
*** HOLE CARDS ***
BAD-Chri$$y: raises $3 to $6
Krazy90: calls $3
*** FLOP *** [Qs 7s 7c]
Krazy90: checks
BAD-Chri$$y: bets $3
Krazy90: raises $3 to $6
BAD-Chri$$y: calls $2.93 and is all-in
Uncalled bet ($0.07) returned to Krazy90
*** TURN *** [Qs 7s 7c] [6d]
*** RIVER *** [Qs 7s 7c 6d] [Js]
*** SHOW DOWN ***
Krazy90: shows [3s 5s] (a flush, Queen high)
BAD-Chri$$y: shows [Qd Td] (two pair, Queens and Sevens)
Krazy90 collected $23.38 from pot
*** SUMMARY ***
Total pot $23.86 | Rake $0.48
Board [Qs 7s 7c 6d Js]
Seat 5: Krazy90 (big blind) showed [3s 5s] and won ($23.38) with a flush, Queen high
Seat 6: BAD-Chri$$y (button) (small blind) showed [Qd Td] and lost with two pair, Queens and Sevens


