PokerStars Hand #169444021735:  Hold'em Limit ($3/$6 USD) - 2017/04/23 9:36:06 ET
Table 'Laomedon' 6-max Seat #3 is the button
Seat 3: bekooi ($40 in chips)
Seat 4: VolkovDmitri ($120 in chips)
bekooi: posts small blind $1
VolkovDmitri: posts big blind $3
*** HOLE CARDS ***
bekooi: calls $2
VolkovDmitri: raises $3 to $6
bekooi: calls $3
*** FLOP *** [Jh 6s Qd]
VolkovDmitri: bets $3
bekooi: raises $3 to $6
VolkovDmitri: folds
Uncalled bet ($3) returned to bekooi
bekooi collected $17.64 from pot
bekooi: doesn't show hand
*** SUMMARY ***
Total pot $18 | Rake $0.36
Board [Jh 6s Qd]
Seat 3: bekooi (button) (small blind) collected ($17.64)
Seat 4: VolkovDmitri (big blind) folded on the Flop


PokerStars Hand #169444050203:  Hold'em Limit ($3/$6 USD) - 2017/04/23 9:36:49 ET
Table 'Laomedon' 6-max Seat #3 is the button
Seat 3: bekooi ($72.14 in chips)
Seat 4: VolkovDmitri ($120 in chips)
bekooi: posts small blind $1
VolkovDmitri: posts big blind $3
*** HOLE CARDS ***
bekooi: raises $3 to $6
VolkovDmitri: folds
Uncalled bet ($3) returned to bekooi
bekooi collected $6 from pot
bekooi: doesn't show hand
*** SUMMARY ***
Total pot $6 | Rake $0
Seat 3: bekooi (button) (small blind) collected ($6)
Seat 4: VolkovDmitri (big blind) folded before Flop


PokerStars Hand #169444034209:  Hold'em Limit ($3/$6 USD) - 2017/04/23 9:36:25 ET
Table 'Laomedon' 6-max Seat #4 is the button
Seat 3: bekooi ($48.64 in chips)
Seat 4: VolkovDmitri ($120 in chips)
VolkovDmitri: posts small blind $1
bekooi: posts big blind $3
*** HOLE CARDS ***
VolkovDmitri: raises $3 to $6
bekooi: calls $3
*** FLOP *** [8d Jd 2d]
bekooi: checks
VolkovDmitri: bets $3
bekooi: raises $3 to $6
VolkovDmitri: calls $3
*** TURN *** [8d Jd 2d] [5h]
bekooi: bets $6
VolkovDmitri: calls $6
*** RIVER *** [8d Jd 2d 5h] [6c]
bekooi: bets $6
VolkovDmitri: calls $6
*** SHOW DOWN ***
bekooi: shows [Jh 3h] (a pair of Jacks)
VolkovDmitri: mucks hand
bekooi collected $47.50 from pot
*** SUMMARY ***
Total pot $48 | Rake $0.50
Board [8d Jd 2d 5h 6c]
Seat 3: bekooi (big blind) showed [Jh 3h] and won ($47.50) with a pair of Jacks
Seat 4: VolkovDmitri (button) (small blind) mucked


PokerStars Hand #169444081550:  Hold'em Limit ($3/$6 USD) - 2017/04/23 9:37:36 ET
Table 'Laomedon' 6-max Seat #3 is the button
Seat 3: bekooi ($89.64 in chips)
Seat 4: VolkovDmitri ($120 in chips)
bekooi: posts small blind $1
VolkovDmitri: posts big blind $3
*** HOLE CARDS ***
bekooi: raises $3 to $6
VolkovDmitri: calls $3
*** FLOP *** [Qs 6d Tc]
VolkovDmitri: checks
bekooi: bets $3
VolkovDmitri: folds
Uncalled bet ($3) returned to bekooi
bekooi collected $11.76 from pot
bekooi: doesn't show hand
*** SUMMARY ***
Total pot $12 | Rake $0.24
Board [Qs 6d Tc]
Seat 3: bekooi (button) (small blind) collected ($11.76)
Seat 4: VolkovDmitri (big blind) folded on the Flop


PokerStars Hand #169444056201:  Hold'em Limit ($3/$6 USD) - 2017/04/23 9:36:58 ET
Table 'Laomedon' 6-max Seat #4 is the button
Seat 3: bekooi ($75.14 in chips)
Seat 4: VolkovDmitri ($120 in chips)
VolkovDmitri: posts small blind $1
bekooi: posts big blind $3
*** HOLE CARDS ***
VolkovDmitri: raises $3 to $6
bekooi: calls $3
*** FLOP *** [6c 2s Th]
bekooi: checks
VolkovDmitri: bets $3
bekooi: calls $3
*** TURN *** [6c 2s Th] [Ad]
bekooi: checks
VolkovDmitri: bets $6
bekooi: calls $6
*** RIVER *** [6c 2s Th Ad] [7s]
bekooi: checks
VolkovDmitri: checks
*** SHOW DOWN ***
bekooi: shows [Kc 7h] (a pair of Sevens)
VolkovDmitri: mucks hand
bekooi collected $29.50 from pot
*** SUMMARY ***
Total pot $30 | Rake $0.50
Board [6c 2s Th Ad 7s]
Seat 3: bekooi (big blind) showed [Kc 7h] and won ($29.50) with a pair of Sevens
Seat 4: VolkovDmitri (button) (small blind) mucked


PokerStars Hand #169444097291:  Hold'em Limit ($3/$6 USD) - 2017/04/23 9:38:00 ET
Table 'Laomedon' 6-max Seat #4 is the button
Seat 3: bekooi ($95.40 in chips)
Seat 4: VolkovDmitri ($120 in chips)
VolkovDmitri: posts small blind $1
bekooi: posts big blind $3
*** HOLE CARDS ***
VolkovDmitri: raises $3 to $6
bekooi: calls $3
*** FLOP *** [7h 3s Qh]
bekooi: checks
VolkovDmitri: bets $3
bekooi: raises $3 to $6
VolkovDmitri: calls $3
*** TURN *** [7h 3s Qh] [9h]
bekooi: bets $6
VolkovDmitri: calls $6
*** RIVER *** [7h 3s Qh 9h] [Jd]
bekooi: bets $6
VolkovDmitri: calls $6
*** SHOW DOWN ***
bekooi: shows [Jh 5h] (a flush, Queen high)
VolkovDmitri: mucks hand
bekooi collected $47.50 from pot
*** SUMMARY ***
Total pot $48 | Rake $0.50
Board [7h 3s Qh 9h Jd]
Seat 3: bekooi (big blind) showed [Jh 5h] and won ($47.50) with a flush, Queen high
Seat 4: VolkovDmitri (button) (small blind) mucked


PokerStars Hand #169444134299:  Hold'em Limit ($3/$6 USD) - 2017/04/23 9:38:56 ET
Table 'Laomedon' 6-max Seat #4 is the button
Seat 3: bekooi ($79.90 in chips)
Seat 4: VolkovDmitri ($158.50 in chips)
VolkovDmitri: posts small blind $1
bekooi: posts big blind $3
*** HOLE CARDS ***
VolkovDmitri: raises $3 to $6
bekooi: folds
Uncalled bet ($3) returned to VolkovDmitri
VolkovDmitri collected $6 from pot
VolkovDmitri: doesn't show hand
*** SUMMARY ***
Total pot $6 | Rake $0
Seat 3: bekooi (big blind) folded before Flop
Seat 4: VolkovDmitri (button) (small blind) collected ($6)


PokerStars Hand #169444117039:  Hold'em Limit ($3/$6 USD) - 2017/04/23 9:38:30 ET
Table 'Laomedon' 6-max Seat #3 is the button
Seat 3: bekooi ($118.90 in chips)
Seat 4: VolkovDmitri ($120 in chips)
bekooi: posts small blind $1
VolkovDmitri: posts big blind $3
*** HOLE CARDS ***
bekooi: raises $3 to $6
VolkovDmitri: calls $3
*** FLOP *** [6c 5s Jc]
VolkovDmitri: checks
bekooi: bets $3
VolkovDmitri: raises $3 to $6
bekooi: raises $3 to $9
VolkovDmitri: calls $3
*** TURN *** [6c 5s Jc] [Kd]
VolkovDmitri: bets $6
bekooi: raises $6 to $12
VolkovDmitri: raises $6 to $18
bekooi: calls $6
*** RIVER *** [6c 5s Jc Kd] [9d]
VolkovDmitri: bets $6
bekooi: calls $6
*** SHOW DOWN ***
VolkovDmitri: shows [6d Kc] (two pair, Kings and Sixes)
bekooi: mucks hand
VolkovDmitri collected $77.50 from pot
*** SUMMARY ***
Total pot $78 | Rake $0.50
Board [6c 5s Jc Kd 9d]
Seat 3: bekooi (button) (small blind) mucked
Seat 4: VolkovDmitri (big blind) showed [6d Kc] and won ($77.50) with two pair, Kings and Sixes


PokerStars Hand #169444169696:  Hold'em Limit ($3/$6 USD) - 2017/04/23 9:39:49 ET
Table 'Laomedon' 6-max Seat #4 is the button
Seat 3: bekooi ($94.40 in chips)
Seat 4: VolkovDmitri ($143.50 in chips)
VolkovDmitri: posts small blind $1
bekooi: posts big blind $3
*** HOLE CARDS ***
VolkovDmitri: raises $3 to $6
bekooi: raises $3 to $9
VolkovDmitri: calls $3
*** FLOP *** [Qh 2s 3d]
bekooi: bets $3
VolkovDmitri: calls $3
*** TURN *** [Qh 2s 3d] [6c]
bekooi: checks
VolkovDmitri: bets $6
bekooi: calls $6
*** RIVER *** [Qh 2s 3d 6c] [6h]
bekooi: checks
VolkovDmitri: bets $6
bekooi: calls $6
*** SHOW DOWN ***
VolkovDmitri: shows [3h 2h] (two pair, Sixes and Threes)
bekooi: mucks hand
VolkovDmitri collected $47.50 from pot
*** SUMMARY ***
Total pot $48 | Rake $0.50
Board [Qh 2s 3d 6c 6h]
Seat 3: bekooi (big blind) mucked
Seat 4: VolkovDmitri (button) (small blind) showed [3h 2h] and won ($47.50) with two pair, Sixes and Threes


PokerStars Hand #169444166199:  Hold'em Limit ($3/$6 USD) - 2017/04/23 9:39:44 ET
Table 'Laomedon' 6-max Seat #3 is the button
Seat 3: bekooi ($95.40 in chips)
Seat 4: VolkovDmitri ($142.50 in chips)
bekooi: posts small blind $1
VolkovDmitri: posts big blind $3
*** HOLE CARDS ***
bekooi: folds
Uncalled bet ($2) returned to VolkovDmitri
VolkovDmitri collected $2 from pot
VolkovDmitri: doesn't show hand
*** SUMMARY ***
Total pot $2 | Rake $0
Seat 3: bekooi (button) (small blind) folded before Flop
Seat 4: VolkovDmitri (big blind) collected ($2)


PokerStars Hand #169444163052:  Hold'em Limit ($3/$6 USD) - 2017/04/23 9:39:39 ET
Table 'Laomedon' 6-max Seat #4 is the button
Seat 3: bekooi ($94.40 in chips)
Seat 4: VolkovDmitri ($143.50 in chips)
VolkovDmitri: posts small blind $1
bekooi: posts big blind $3
*** HOLE CARDS ***
VolkovDmitri: folds
Uncalled bet ($2) returned to bekooi
bekooi collected $2 from pot
bekooi: doesn't show hand
*** SUMMARY ***
Total pot $2 | Rake $0
Seat 3: bekooi (big blind) collected ($2)
Seat 4: VolkovDmitri (button) (small blind) folded before Flop


PokerStars Hand #169444140021:  Hold'em Limit ($3/$6 USD) - 2017/04/23 9:39:04 ET
Table 'Laomedon' 6-max Seat #3 is the button
Seat 3: bekooi ($76.90 in chips)
Seat 4: VolkovDmitri ($161.50 in chips)
bekooi: posts small blind $1
VolkovDmitri: posts big blind $3
*** HOLE CARDS ***
bekooi: raises $3 to $6
VolkovDmitri: calls $3
*** FLOP *** [7s Kc 4s]
VolkovDmitri: checks
bekooi: bets $3
VolkovDmitri: raises $3 to $6
bekooi: calls $3
*** TURN *** [7s Kc 4s] [Qc]
VolkovDmitri: checks
bekooi: bets $6
VolkovDmitri: calls $6
*** RIVER *** [7s Kc 4s Qc] [Qh]
VolkovDmitri: checks
bekooi: bets $6
VolkovDmitri: folds
Uncalled bet ($6) returned to bekooi
bekooi collected $35.50 from pot
bekooi: doesn't show hand
*** SUMMARY ***
Total pot $36 | Rake $0.50
Board [7s Kc 4s Qc Qh]
Seat 3: bekooi (button) (small blind) collected ($35.50)
Seat 4: VolkovDmitri (big blind) folded on the River


PokerStars Hand #169444190585:  Hold'em Limit ($3/$6 USD) - 2017/04/23 9:40:20 ET
Table 'Laomedon' 6-max Seat #3 is the button
Seat 3: bekooi ($70.40 in chips)
Seat 4: VolkovDmitri ($167 in chips)
bekooi: posts small blind $1
VolkovDmitri: posts big blind $3
*** HOLE CARDS ***
bekooi: raises $3 to $6
VolkovDmitri: calls $3
*** FLOP *** [4h Td Tc]
VolkovDmitri: checks
bekooi: bets $3
VolkovDmitri: raises $3 to $6
bekooi: calls $3
*** TURN *** [4h Td Tc] [4d]
VolkovDmitri: bets $6
bekooi: raises $6 to $12
VolkovDmitri: calls $6
*** RIVER *** [4h Td Tc 4d] [6s]
VolkovDmitri: bets $6
bekooi: raises $6 to $12
VolkovDmitri: calls $6
*** SHOW DOWN ***
bekooi: shows [6h Th] (a full house, Tens full of Sixes)
VolkovDmitri: mucks hand
bekooi collected $71.50 from pot
*** SUMMARY ***
Total pot $72 | Rake $0.50
Board [4h Td Tc 4d 6s]
Seat 3: bekooi (button) (small blind) showed [6h Th] and won ($71.50) with a full house, Tens full of Sixes
Seat 4: VolkovDmitri (big blind) mucked


PokerStars Hand #169444212406:  Hold'em Limit ($3/$6 USD) - 2017/04/23 9:40:53 ET
Table 'Laomedon' 6-max Seat #4 is the button
Seat 3: bekooi ($105.90 in chips)
Seat 4: VolkovDmitri ($131 in chips)
VolkovDmitri: posts small blind $1
bekooi: posts big blind $3
*** HOLE CARDS ***
VolkovDmitri: raises $3 to $6
bekooi: calls $3
*** FLOP *** [4d 9s 5d]
bekooi: checks
VolkovDmitri: bets $3
bekooi: calls $3
*** TURN *** [4d 9s 5d] [2d]
bekooi: checks
VolkovDmitri: checks
*** RIVER *** [4d 9s 5d 2d] [3d]
bekooi: checks
VolkovDmitri: bets $6
bekooi: calls $6
*** SHOW DOWN ***
VolkovDmitri: shows [Qd 6s] (a flush, Queen high)
bekooi: mucks hand
VolkovDmitri collected $29.50 from pot
*** SUMMARY ***
Total pot $30 | Rake $0.50
Board [4d 9s 5d 2d 3d]
Seat 3: bekooi (big blind) mucked
Seat 4: VolkovDmitri (button) (small blind) showed [Qd 6s] and won ($29.50) with a flush, Queen high


PokerStars Hand #169444233846:  Hold'em Limit ($3/$6 USD) - 2017/04/23 9:41:25 ET
Table 'Laomedon' 6-max Seat #3 is the button
Seat 3: bekooi ($90.90 in chips)
Seat 4: VolkovDmitri ($145.50 in chips)
bekooi: posts small blind $1
VolkovDmitri: posts big blind $3
*** HOLE CARDS ***
bekooi: raises $3 to $6
VolkovDmitri: raises $3 to $9
bekooi: calls $3
*** FLOP *** [Th Ah 7h]
VolkovDmitri: bets $3
bekooi: raises $3 to $6
VolkovDmitri: calls $3
*** TURN *** [Th Ah 7h] [7d]
VolkovDmitri: checks
bekooi: bets $6
VolkovDmitri: calls $6
*** RIVER *** [Th Ah 7h 7d] [5d]
VolkovDmitri: checks
bekooi: bets $6
VolkovDmitri: calls $6
*** SHOW DOWN ***
bekooi: shows [4c Ad] (two pair, Aces and Sevens)
VolkovDmitri: mucks hand
bekooi collected $53.50 from pot
*** SUMMARY ***
Total pot $54 | Rake $0.50
Board [Th Ah 7h 7d 5d]
Seat 3: bekooi (button) (small blind) showed [4c Ad] and won ($53.50) with two pair, Aces and Sevens
Seat 4: VolkovDmitri (big blind) mucked


PokerStars Hand #169444305570:  Hold'em Limit ($3/$6 USD) - 2017/04/23 9:43:14 ET
Table 'Laomedon' 6-max Seat #3 is the button
Seat 3: bekooi ($96.04 in chips)
Seat 4: VolkovDmitri ($149.26 in chips)
bekooi: posts small blind $1
VolkovDmitri: posts big blind $3
*** HOLE CARDS ***
bekooi: folds
Uncalled bet ($2) returned to VolkovDmitri
VolkovDmitri collected $2 from pot
VolkovDmitri: doesn't show hand
*** SUMMARY ***
Total pot $2 | Rake $0
Seat 3: bekooi (button) (small blind) folded before Flop
Seat 4: VolkovDmitri (big blind) collected ($2)


PokerStars Hand #169444298276:  Hold'em Limit ($3/$6 USD) - 2017/04/23 9:43:02 ET
Table 'Laomedon' 6-max Seat #4 is the button
Seat 3: bekooi ($102.04 in chips)
Seat 4: VolkovDmitri ($143.50 in chips)
VolkovDmitri: posts small blind $1
bekooi: posts big blind $3
*** HOLE CARDS ***
VolkovDmitri: raises $3 to $6
bekooi: calls $3
*** FLOP *** [3d 9h Jd]
bekooi: checks
VolkovDmitri: bets $3
bekooi: folds
Uncalled bet ($3) returned to VolkovDmitri
VolkovDmitri collected $11.76 from pot
VolkovDmitri: doesn't show hand
*** SUMMARY ***
Total pot $12 | Rake $0.24
Board [3d 9h Jd]
Seat 3: bekooi (big blind) folded on the Flop
Seat 4: VolkovDmitri (button) (small blind) collected ($11.76)


PokerStars Hand #169444282211:  Hold'em Limit ($3/$6 USD) - 2017/04/23 9:42:38 ET
Table 'Laomedon' 6-max Seat #3 is the button
Seat 3: bekooi ($126.04 in chips)
Seat 4: VolkovDmitri ($120 in chips)
bekooi: posts small blind $1
VolkovDmitri: posts big blind $3
*** HOLE CARDS ***
bekooi: raises $3 to $6
VolkovDmitri: calls $3
*** FLOP *** [4c 3h 5c]
VolkovDmitri: checks
bekooi: bets $3
VolkovDmitri: raises $3 to $6
bekooi: calls $3
*** TURN *** [4c 3h 5c] [Jh]
VolkovDmitri: bets $6
bekooi: calls $6
*** RIVER *** [4c 3h 5c Jh] [9c]
VolkovDmitri: bets $6
bekooi: calls $6
*** SHOW DOWN ***
VolkovDmitri: shows [6c 9d] (a pair of Nines)
bekooi: mucks hand
VolkovDmitri collected $47.50 from pot
*** SUMMARY ***
Total pot $48 | Rake $0.50
Board [4c 3h 5c Jh 9c]
Seat 3: bekooi (button) (small blind) mucked
Seat 4: VolkovDmitri (big blind) showed [6c 9d] and won ($47.50) with a pair of Nines


PokerStars Hand #169444269006:  Hold'em Limit ($3/$6 USD) - 2017/04/23 9:42:19 ET
Table 'Laomedon' 6-max Seat #4 is the button
Seat 3: bekooi ($117.40 in chips)
Seat 4: VolkovDmitri ($120 in chips)
VolkovDmitri: posts small blind $1
bekooi: posts big blind $3
*** HOLE CARDS ***
VolkovDmitri: raises $3 to $6
bekooi: calls $3
*** FLOP *** [Jh 8s 5c]
bekooi: bets $3
VolkovDmitri: calls $3
*** TURN *** [Jh 8s 5c] [7d]
bekooi: bets $6
VolkovDmitri: folds
Uncalled bet ($6) returned to bekooi
bekooi collected $17.64 from pot
bekooi: doesn't show hand
*** SUMMARY ***
Total pot $18 | Rake $0.36
Board [Jh 8s 5c 7d]
Seat 3: bekooi (big blind) collected ($17.64)
Seat 4: VolkovDmitri (button) (small blind) folded on the Turn


PokerStars Hand #169444344082:  Hold'em Limit ($3/$6 USD) - 2017/04/23 9:44:11 ET
Table 'Laomedon' 6-max Seat #3 is the button
Seat 3: bekooi ($76.54 in chips)
Seat 4: VolkovDmitri ($167.28 in chips)
bekooi: posts small blind $1
VolkovDmitri: posts big blind $3
*** HOLE CARDS ***
bekooi: folds
Uncalled bet ($2) returned to VolkovDmitri
VolkovDmitri collected $2 from pot
VolkovDmitri: doesn't show hand
*** SUMMARY ***
Total pot $2 | Rake $0
Seat 3: bekooi (button) (small blind) folded before Flop
Seat 4: VolkovDmitri (big blind) collected ($2)


PokerStars Hand #169444331808:  Hold'em Limit ($3/$6 USD) - 2017/04/23 9:43:53 ET
Table 'Laomedon' 6-max Seat #4 is the button
Seat 3: bekooi ($100.54 in chips)
Seat 4: VolkovDmitri ($143.78 in chips)
VolkovDmitri: posts small blind $1
bekooi: posts big blind $3
*** HOLE CARDS ***
VolkovDmitri: raises $3 to $6
bekooi: raises $3 to $9
VolkovDmitri: calls $3
*** FLOP *** [Ts 3h 8h]
bekooi: bets $3
VolkovDmitri: calls $3
*** TURN *** [Ts 3h 8h] [Qd]
bekooi: bets $6
VolkovDmitri: calls $6
*** RIVER *** [Ts 3h 8h Qd] [5c]
bekooi: bets $6
VolkovDmitri: calls $6
*** SHOW DOWN ***
bekooi: shows [Kc Ac] (high card Ace)
VolkovDmitri: shows [3c 6h] (a pair of Threes)
VolkovDmitri collected $47.50 from pot
*** SUMMARY ***
Total pot $48 | Rake $0.50
Board [Ts 3h 8h Qd 5c]
Seat 3: bekooi (big blind) showed [Kc Ac] and lost with high card Ace
Seat 4: VolkovDmitri (button) (small blind) showed [3c 6h] and won ($47.50) with a pair of Threes


PokerStars Hand #169444322713:  Hold'em Limit ($3/$6 USD) - 2017/04/23 9:43:39 ET
Table 'Laomedon' 6-max Seat #3 is the button
Seat 3: bekooi ($112.54 in chips)
Seat 4: VolkovDmitri ($132.26 in chips)
bekooi: posts small blind $1
VolkovDmitri: posts big blind $3
*** HOLE CARDS ***
bekooi: raises $3 to $6
VolkovDmitri: calls $3
*** FLOP *** [2h 4s 4d]
VolkovDmitri: checks
bekooi: checks
*** TURN *** [2h 4s 4d] [3h]
VolkovDmitri: bets $6
bekooi: calls $6
*** RIVER *** [2h 4s 4d 3h] [Ah]
VolkovDmitri: checks
bekooi: checks
*** SHOW DOWN ***
VolkovDmitri: shows [8d 2d] (two pair, Fours and Deuces)
bekooi: mucks hand
VolkovDmitri collected $23.52 from pot
*** SUMMARY ***
Total pot $24 | Rake $0.48
Board [2h 4s 4d 3h Ah]
Seat 3: bekooi (button) (small blind) mucked
Seat 4: VolkovDmitri (big blind) showed [8d 2d] and won ($23.52) with two pair, Fours and Deuces


PokerStars Hand #169444308601:  Hold'em Limit ($3/$6 USD) - 2017/04/23 9:43:18 ET
Table 'Laomedon' 6-max Seat #4 is the button
Seat 3: bekooi ($95.04 in chips)
Seat 4: VolkovDmitri ($150.26 in chips)
VolkovDmitri: posts small blind $1
bekooi: posts big blind $3
*** HOLE CARDS ***
VolkovDmitri: raises $3 to $6
bekooi: calls $3
*** FLOP *** [7h Ts 2h]
bekooi: checks
VolkovDmitri: bets $3
bekooi: raises $3 to $6
VolkovDmitri: calls $3
*** TURN *** [7h Ts 2h] [2s]
bekooi: bets $6
VolkovDmitri: calls $6
*** RIVER *** [7h Ts 2h 2s] [6c]
bekooi: bets $6
VolkovDmitri: folds
Uncalled bet ($6) returned to bekooi
bekooi collected $35.50 from pot
bekooi: doesn't show hand
*** SUMMARY ***
Total pot $36 | Rake $0.50
Board [7h Ts 2h 2s 6c]
Seat 3: bekooi (big blind) collected ($35.50)
Seat 4: VolkovDmitri (button) (small blind) folded on the River


PokerStars Hand #169444363748:  Hold'em Limit ($3/$6 USD) - 2017/04/23 9:44:41 ET
Table 'Laomedon' 6-max Seat #3 is the button
Seat 3: bekooi ($93.04 in chips)
Seat 4: VolkovDmitri ($150.28 in chips)
bekooi: posts small blind $1
VolkovDmitri: posts big blind $3
*** HOLE CARDS ***
bekooi: raises $3 to $6
VolkovDmitri: calls $3
*** FLOP *** [5h 7c 9c]
VolkovDmitri: checks
bekooi: checks
*** TURN *** [5h 7c 9c] [2s]
VolkovDmitri: checks
bekooi: checks
*** RIVER *** [5h 7c 9c 2s] [Ad]
VolkovDmitri: checks
bekooi: checks
*** SHOW DOWN ***
VolkovDmitri: shows [4c Qs] (high card Ace)
bekooi: shows [4d Qc] (high card Ace)
VolkovDmitri collected $5.88 from pot
bekooi collected $5.88 from pot
*** SUMMARY ***
Total pot $12 | Rake $0.24
Board [5h 7c 9c 2s Ad]
Seat 3: bekooi (button) (small blind) showed [4d Qc] and won ($5.88) with high card Ace
Seat 4: VolkovDmitri (big blind) showed [4c Qs] and won ($5.88) with high card Ace


PokerStars Hand #169444347303:  Hold'em Limit ($3/$6 USD) - 2017/04/23 9:44:16 ET
Table 'Laomedon' 6-max Seat #4 is the button
Seat 3: bekooi ($75.54 in chips)
Seat 4: VolkovDmitri ($168.28 in chips)
VolkovDmitri: posts small blind $1
bekooi: posts big blind $3
*** HOLE CARDS ***
VolkovDmitri: raises $3 to $6
bekooi: calls $3
*** FLOP *** [Qd 3d 2h]
bekooi: checks
VolkovDmitri: bets $3
bekooi: raises $3 to $6
VolkovDmitri: calls $3
*** TURN *** [Qd 3d 2h] [8s]
bekooi: bets $6
VolkovDmitri: calls $6
*** RIVER *** [Qd 3d 2h 8s] [4c]
bekooi: bets $6
VolkovDmitri: folds
Uncalled bet ($6) returned to bekooi
bekooi collected $35.50 from pot
bekooi: doesn't show hand
*** SUMMARY ***
Total pot $36 | Rake $0.50
Board [Qd 3d 2h 8s 4c]
Seat 3: bekooi (big blind) collected ($35.50)
Seat 4: VolkovDmitri (button) (small blind) folded on the River


PokerStars Hand #169444401228:  Hold'em Limit ($3/$6 USD) - 2017/04/23 9:45:36 ET
Table 'Laomedon' 6-max Seat #3 is the button
Seat 3: bekooi ($104.44 in chips)
Seat 4: VolkovDmitri ($138.16 in chips)
bekooi: posts small blind $1
VolkovDmitri: posts big blind $3
*** HOLE CARDS ***
bekooi: raises $3 to $6
VolkovDmitri: raises $3 to $9
bekooi: calls $3
*** FLOP *** [4c 5s 9h]
VolkovDmitri: bets $3
bekooi: raises $3 to $6
VolkovDmitri: calls $3
*** TURN *** [4c 5s 9h] [Js]
VolkovDmitri: checks
bekooi: checks
*** RIVER *** [4c 5s 9h Js] [Td]
VolkovDmitri: checks
bekooi: checks
*** SHOW DOWN ***
VolkovDmitri: shows [Qc Ah] (high card Ace)
bekooi: mucks hand
VolkovDmitri collected $29.50 from pot
*** SUMMARY ***
Total pot $30 | Rake $0.50
Board [4c 5s 9h Js Td]
Seat 3: bekooi (button) (small blind) mucked
Seat 4: VolkovDmitri (big blind) showed [Qc Ah] and won ($29.50) with high card Ace


PokerStars Hand #169444381631:  Hold'em Limit ($3/$6 USD) - 2017/04/23 9:45:08 ET
Table 'Laomedon' 6-max Seat #4 is the button
Seat 3: bekooi ($92.92 in chips)
Seat 4: VolkovDmitri ($150.16 in chips)
VolkovDmitri: posts small blind $1
bekooi: posts big blind $3
*** HOLE CARDS ***
VolkovDmitri: raises $3 to $6
bekooi: calls $3
*** FLOP *** [9d Qc 8d]
bekooi: checks
VolkovDmitri: bets $3
bekooi: raises $3 to $6
VolkovDmitri: calls $3
*** TURN *** [9d Qc 8d] [3s]
bekooi: checks
VolkovDmitri: checks
*** RIVER *** [9d Qc 8d 3s] [4c]
bekooi: checks
VolkovDmitri: checks
*** SHOW DOWN ***
bekooi: shows [Kc As] (high card Ace)
VolkovDmitri: mucks hand
bekooi collected $23.52 from pot
*** SUMMARY ***
Total pot $24 | Rake $0.48
Board [9d Qc 8d 3s 4c]
Seat 3: bekooi (big blind) showed [Kc As] and won ($23.52) with high card Ace
Seat 4: VolkovDmitri (button) (small blind) mucked


PokerStars Hand #169444459656:  Hold'em Limit ($3/$6 USD) - 2017/04/23 9:47:02 ET
Table 'Laomedon' 6-max Seat #3 is the button
Seat 3: bekooi ($55.44 in chips)
Seat 4: VolkovDmitri ($185.80 in chips)
bekooi: posts small blind $1
VolkovDmitri: posts big blind $3
*** HOLE CARDS ***
bekooi: raises $3 to $6
VolkovDmitri: calls $3
*** FLOP *** [Kd 8d 8c]
VolkovDmitri: checks
bekooi: bets $3
VolkovDmitri: folds
Uncalled bet ($3) returned to bekooi
bekooi collected $11.76 from pot
bekooi: doesn't show hand
*** SUMMARY ***
Total pot $12 | Rake $0.24
Board [Kd 8d 8c]
Seat 3: bekooi (button) (small blind) collected ($11.76)
Seat 4: VolkovDmitri (big blind) folded on the Flop


PokerStars Hand #169444445141:  Hold'em Limit ($3/$6 USD) - 2017/04/23 9:46:41 ET
Table 'Laomedon' 6-max Seat #4 is the button
Seat 3: bekooi ($79.44 in chips)
Seat 4: VolkovDmitri ($162.30 in chips)
VolkovDmitri: posts small blind $1
bekooi: posts big blind $3
*** HOLE CARDS ***
VolkovDmitri: raises $3 to $6
bekooi: calls $3
*** FLOP *** [4h Ac 6s]
bekooi: checks
VolkovDmitri: bets $3
bekooi: raises $3 to $6
VolkovDmitri: calls $3
*** TURN *** [4h Ac 6s] [3d]
bekooi: bets $6
VolkovDmitri: calls $6
*** RIVER *** [4h Ac 6s 3d] [Ad]
bekooi: bets $6
VolkovDmitri: calls $6
*** SHOW DOWN ***
bekooi: shows [Kh 8c] (a pair of Aces)
VolkovDmitri: shows [Js Jh] (two pair, Aces and Jacks)
VolkovDmitri collected $47.50 from pot
*** SUMMARY ***
Total pot $48 | Rake $0.50
Board [4h Ac 6s 3d Ad]
Seat 3: bekooi (big blind) showed [Kh 8c] and lost with a pair of Aces
Seat 4: VolkovDmitri (button) (small blind) showed [Js Jh] and won ($47.50) with two pair, Aces and Jacks


PokerStars Hand #169444441914:  Hold'em Limit ($3/$6 USD) - 2017/04/23 9:46:36 ET
Table 'Laomedon' 6-max Seat #3 is the button
Seat 3: bekooi ($80.44 in chips)
Seat 4: VolkovDmitri ($161.30 in chips)
bekooi: posts small blind $1
VolkovDmitri: posts big blind $3
*** HOLE CARDS ***
bekooi: folds
Uncalled bet ($2) returned to VolkovDmitri
VolkovDmitri collected $2 from pot
VolkovDmitri: doesn't show hand
*** SUMMARY ***
Total pot $2 | Rake $0
Seat 3: bekooi (button) (small blind) folded before Flop
Seat 4: VolkovDmitri (big blind) collected ($2)


PokerStars Hand #169444425367:  Hold'em Limit ($3/$6 USD) - 2017/04/23 9:46:12 ET
Table 'Laomedon' 6-max Seat #4 is the button
Seat 3: bekooi ($89.44 in chips)
Seat 4: VolkovDmitri ($152.66 in chips)
VolkovDmitri: posts small blind $1
bekooi: posts big blind $3
*** HOLE CARDS ***
VolkovDmitri: raises $3 to $6
bekooi: calls $3
*** FLOP *** [7h Kc 5c]
bekooi: checks
VolkovDmitri: bets $3
bekooi: calls $3
*** TURN *** [7h Kc 5c] [Tc]
bekooi: checks
VolkovDmitri: bets $6
bekooi: folds
Uncalled bet ($6) returned to VolkovDmitri
VolkovDmitri collected $17.64 from pot
VolkovDmitri: doesn't show hand
*** SUMMARY ***
Total pot $18 | Rake $0.36
Board [7h Kc 5c Tc]
Seat 3: bekooi (big blind) folded on the Turn
Seat 4: VolkovDmitri (button) (small blind) collected ($17.64)


PokerStars Hand #169444476710:  Hold'em Limit ($3/$6 USD) - 2017/04/23 9:47:26 ET
Table 'Laomedon' 6-max Seat #4 is the button
Seat 3: bekooi ($61.20 in chips)
Seat 4: VolkovDmitri ($179.80 in chips)
VolkovDmitri: posts small blind $1
bekooi: posts big blind $3
*** HOLE CARDS ***
VolkovDmitri: raises $3 to $6
bekooi: raises $3 to $9
VolkovDmitri: calls $3
*** FLOP *** [Ts 4s 8d]
bekooi: bets $3
VolkovDmitri: calls $3
*** TURN *** [Ts 4s 8d] [6s]
bekooi: bets $6
VolkovDmitri: calls $6
*** RIVER *** [Ts 4s 8d 6s] [2d]
bekooi: bets $6
VolkovDmitri: calls $6
*** SHOW DOWN ***
bekooi: shows [As Tc] (a pair of Tens)
VolkovDmitri: mucks hand
bekooi collected $47.50 from pot
*** SUMMARY ***
Total pot $48 | Rake $0.50
Board [Ts 4s 8d 6s 2d]
Seat 3: bekooi (big blind) showed [As Tc] and won ($47.50) with a pair of Tens
Seat 4: VolkovDmitri (button) (small blind) mucked


PokerStars Hand #169444536137:  Hold'em Limit ($3/$6 USD) - 2017/04/23 9:48:52 ET
Table 'Laomedon' 6-max Seat #4 is the button
Seat 3: bekooi ($99.20 in chips)
Seat 4: VolkovDmitri ($140.80 in chips)
VolkovDmitri: posts small blind $1
bekooi: posts big blind $3
*** HOLE CARDS ***
VolkovDmitri: raises $3 to $6
bekooi: raises $3 to $9
VolkovDmitri: calls $3
*** FLOP *** [3d Ad 8d]
bekooi: bets $3
VolkovDmitri: folds
Uncalled bet ($3) returned to bekooi
bekooi collected $17.64 from pot
bekooi: doesn't show hand
*** SUMMARY ***
Total pot $18 | Rake $0.36
Board [3d Ad 8d]
Seat 3: bekooi (big blind) collected ($17.64)
Seat 4: VolkovDmitri (button) (small blind) folded on the Flop


PokerStars Hand #169444547917:  Hold'em Limit ($3/$6 USD) - 2017/04/23 9:49:10 ET
Table 'Laomedon' 6-max Seat #3 is the button
Seat 3: bekooi ($107.84 in chips)
Seat 4: VolkovDmitri ($131.80 in chips)
bekooi: posts small blind $1
VolkovDmitri: posts big blind $3
*** HOLE CARDS ***
bekooi: raises $3 to $6
VolkovDmitri: calls $3
*** FLOP *** [2c 5h Qh]
VolkovDmitri: checks
bekooi: checks
*** TURN *** [2c 5h Qh] [Ah]
VolkovDmitri: checks
bekooi: checks
*** RIVER *** [2c 5h Qh Ah] [3c]
VolkovDmitri: checks
bekooi: checks
*** SHOW DOWN ***
VolkovDmitri: shows [9d Ts] (high card Ace)
bekooi: mucks hand
VolkovDmitri collected $11.76 from pot
*** SUMMARY ***
Total pot $12 | Rake $0.24
Board [2c 5h Qh Ah 3c]
Seat 3: bekooi (button) (small blind) mucked
Seat 4: VolkovDmitri (big blind) showed [9d Ts] and won ($11.76) with high card Ace


PokerStars Hand #169444505864:  Hold'em Limit ($3/$6 USD) - 2017/04/23 9:48:08 ET
Table 'Laomedon' 6-max Seat #3 is the button
Seat 3: bekooi ($84.70 in chips)
Seat 4: VolkovDmitri ($155.80 in chips)
bekooi: posts small blind $1
VolkovDmitri: posts big blind $3
*** HOLE CARDS ***
bekooi: raises $3 to $6
VolkovDmitri: calls $3
*** FLOP *** [2s 7h Qd]
VolkovDmitri: checks
bekooi: bets $3
VolkovDmitri: calls $3
*** TURN *** [2s 7h Qd] [As]
VolkovDmitri: checks
bekooi: bets $6
VolkovDmitri: calls $6
*** RIVER *** [2s 7h Qd As] [Jd]
VolkovDmitri: checks
bekooi: bets $6
VolkovDmitri: folds
Uncalled bet ($6) returned to bekooi
bekooi collected $29.50 from pot
bekooi: doesn't show hand
*** SUMMARY ***
Total pot $30 | Rake $0.50
Board [2s 7h Qd As Jd]
Seat 3: bekooi (button) (small blind) collected ($29.50)
Seat 4: VolkovDmitri (big blind) folded on the River


PokerStars Hand #169444563098:  Hold'em Limit ($3/$6 USD) - 2017/04/23 9:49:32 ET
Table 'Laomedon' 6-max Seat #4 is the button
Seat 3: bekooi ($101.84 in chips)
Seat 4: VolkovDmitri ($137.56 in chips)
VolkovDmitri: posts small blind $1
bekooi: posts big blind $3
*** HOLE CARDS ***
VolkovDmitri: raises $3 to $6
bekooi: calls $3
*** FLOP *** [5d 3h 4c]
bekooi: checks
VolkovDmitri: checks
*** TURN *** [5d 3h 4c] [7c]
bekooi: checks
VolkovDmitri: checks
*** RIVER *** [5d 3h 4c 7c] [2c]
bekooi: bets $6
VolkovDmitri: folds
Uncalled bet ($6) returned to bekooi
bekooi collected $11.76 from pot
bekooi: doesn't show hand
*** SUMMARY ***
Total pot $12 | Rake $0.24
Board [5d 3h 4c 7c 2c]
Seat 3: bekooi (big blind) collected ($11.76)
Seat 4: VolkovDmitri (button) (small blind) folded on the River


PokerStars Hand #169444587895:  Hold'em Limit ($3/$6 USD) - 2017/04/23 9:50:09 ET
Table 'Laomedon' 6-max Seat #3 is the button
Seat 3: bekooi ($107.60 in chips)
Seat 4: VolkovDmitri ($131.56 in chips)
bekooi: posts small blind $1
VolkovDmitri: posts big blind $3
*** HOLE CARDS ***
bekooi: raises $3 to $6
VolkovDmitri: calls $3
*** FLOP *** [6s Th 3d]
VolkovDmitri: checks
bekooi: bets $3
VolkovDmitri: calls $3
*** TURN *** [6s Th 3d] [Ac]
VolkovDmitri: checks
bekooi: bets $6
VolkovDmitri: calls $6
*** RIVER *** [6s Th 3d Ac] [2c]
VolkovDmitri: checks
bekooi: bets $6
VolkovDmitri: calls $6
*** SHOW DOWN ***
bekooi: shows [Ts Tc] (three of a kind, Tens)
VolkovDmitri: mucks hand
bekooi collected $41.50 from pot
*** SUMMARY ***
Total pot $42 | Rake $0.50
Board [6s Th 3d Ac 2c]
Seat 3: bekooi (button) (small blind) showed [Ts Tc] and won ($41.50) with three of a kind, Tens
Seat 4: VolkovDmitri (big blind) mucked


PokerStars Hand #169444614615:  Hold'em Limit ($3/$6 USD) - 2017/04/23 9:50:49 ET
Table 'Laomedon' 6-max Seat #4 is the button
Seat 3: bekooi ($128.10 in chips)
Seat 4: VolkovDmitri ($120 in chips)
VolkovDmitri: posts small blind $1
bekooi: posts big blind $3
*** HOLE CARDS ***
VolkovDmitri: raises $3 to $6
bekooi: calls $3
*** FLOP *** [2h Qs 9s]
bekooi: checks
VolkovDmitri: bets $3
bekooi: raises $3 to $6
VolkovDmitri: calls $3
*** TURN *** [2h Qs 9s] [Qc]
bekooi: checks
VolkovDmitri: bets $6
bekooi: calls $6
*** RIVER *** [2h Qs 9s Qc] [Ac]
bekooi: checks
VolkovDmitri: bets $6
bekooi: folds
Uncalled bet ($6) returned to VolkovDmitri
VolkovDmitri collected $35.50 from pot
VolkovDmitri: doesn't show hand
*** SUMMARY ***
Total pot $36 | Rake $0.50
Board [2h Qs 9s Qc Ac]
Seat 3: bekooi (big blind) folded on the River
Seat 4: VolkovDmitri (button) (small blind) collected ($35.50)


PokerStars Hand #169444641521:  Hold'em Limit ($3/$6 USD) - 2017/04/23 9:51:29 ET
Table 'Laomedon' 6-max Seat #4 is the button
Seat 3: bekooi ($109.10 in chips)
Seat 4: VolkovDmitri ($138.50 in chips)
VolkovDmitri: posts small blind $1
bekooi: posts big blind $3
*** HOLE CARDS ***
VolkovDmitri: folds
Uncalled bet ($2) returned to bekooi
bekooi collected $2 from pot
bekooi: doesn't show hand
*** SUMMARY ***
Total pot $2 | Rake $0
Seat 3: bekooi (big blind) collected ($2)
Seat 4: VolkovDmitri (button) (small blind) folded before Flop


PokerStars Hand #169444638442:  Hold'em Limit ($3/$6 USD) - 2017/04/23 9:51:24 ET
Table 'Laomedon' 6-max Seat #3 is the button
Seat 3: bekooi ($110.10 in chips)
Seat 4: VolkovDmitri ($137.50 in chips)
bekooi: posts small blind $1
VolkovDmitri: posts big blind $3
*** HOLE CARDS ***
bekooi: folds
Uncalled bet ($2) returned to VolkovDmitri
VolkovDmitri collected $2 from pot
VolkovDmitri: doesn't show hand
*** SUMMARY ***
Total pot $2 | Rake $0
Seat 3: bekooi (button) (small blind) folded before Flop
Seat 4: VolkovDmitri (big blind) collected ($2)


PokerStars Hand #169444645285:  Hold'em Limit ($3/$6 USD) - 2017/04/23 9:51:34 ET
Table 'Laomedon' 6-max Seat #3 is the button
Seat 3: bekooi ($110.10 in chips)
Seat 4: VolkovDmitri ($137.50 in chips)
bekooi: posts small blind $1
VolkovDmitri: posts big blind $3
*** HOLE CARDS ***
bekooi: calls $2
VolkovDmitri: checks
*** FLOP *** [7h 2s 8d]
VolkovDmitri: checks
bekooi: checks
*** TURN *** [7h 2s 8d] [5c]
VolkovDmitri: checks
bekooi: checks
*** RIVER *** [7h 2s 8d 5c] [3d]
VolkovDmitri: bets $6
bekooi: calls $6
*** SHOW DOWN ***
VolkovDmitri: shows [3s 6c] (a pair of Threes)
bekooi: shows [3h Jh] (a pair of Threes - Jack kicker)
bekooi collected $17.64 from pot
*** SUMMARY ***
Total pot $18 | Rake $0.36
Board [7h 2s 8d 5c 3d]
Seat 3: bekooi (button) (small blind) showed [3h Jh] and won ($17.64) with a pair of Threes
Seat 4: VolkovDmitri (big blind) showed [3s 6c] and lost with a pair of Threes


PokerStars Hand #169444660324:  Hold'em Limit ($3/$6 USD) - 2017/04/23 9:51:56 ET
Table 'Laomedon' 6-max Seat #4 is the button
Seat 3: bekooi ($118.74 in chips)
Seat 4: VolkovDmitri ($128.50 in chips)
VolkovDmitri: posts small blind $1
bekooi: posts big blind $3
*** HOLE CARDS ***
VolkovDmitri: raises $3 to $6
bekooi: calls $3
*** FLOP *** [Kh 7d 6s]
bekooi: checks
VolkovDmitri: bets $3
bekooi: folds
Uncalled bet ($3) returned to VolkovDmitri
VolkovDmitri collected $11.76 from pot
VolkovDmitri: doesn't show hand
*** SUMMARY ***
Total pot $12 | Rake $0.24
Board [Kh 7d 6s]
Seat 3: bekooi (big blind) folded on the Flop
Seat 4: VolkovDmitri (button) (small blind) collected ($11.76)


PokerStars Hand #169444668095:  Hold'em Limit ($3/$6 USD) - 2017/04/23 9:52:08 ET
Table 'Laomedon' 6-max Seat #3 is the button
Seat 3: bekooi ($112.74 in chips)
Seat 4: VolkovDmitri ($134.26 in chips)
bekooi: posts small blind $1
VolkovDmitri: posts big blind $3
*** HOLE CARDS ***
bekooi: raises $3 to $6
VolkovDmitri: calls $3
*** FLOP *** [Jh Th Js]
VolkovDmitri: bets $3
bekooi: raises $3 to $6
VolkovDmitri: raises $3 to $9
bekooi: calls $3
*** TURN *** [Jh Th Js] [9h]
VolkovDmitri: checks
bekooi: checks
*** RIVER *** [Jh Th Js 9h] [3s]
VolkovDmitri: checks
bekooi: checks
*** SHOW DOWN ***
VolkovDmitri: shows [Td 8c] (two pair, Jacks and Tens)
bekooi: mucks hand
VolkovDmitri collected $29.50 from pot
*** SUMMARY ***
Total pot $30 | Rake $0.50
Board [Jh Th Js 9h 3s]
Seat 3: bekooi (button) (small blind) mucked
Seat 4: VolkovDmitri (big blind) showed [Td 8c] and won ($29.50) with two pair, Jacks and Tens


PokerStars Hand #169444696290:  Hold'em Limit ($3/$6 USD) - 2017/04/23 9:52:49 ET
Table 'Laomedon' 6-max Seat #4 is the button
Seat 3: bekooi ($97.74 in chips)
Seat 4: VolkovDmitri ($148.76 in chips)
VolkovDmitri: posts small blind $1
bekooi: posts big blind $3
*** HOLE CARDS ***
VolkovDmitri: raises $3 to $6
bekooi: calls $3
*** FLOP *** [7s Jd Th]
bekooi: checks
VolkovDmitri: bets $3
bekooi: calls $3
*** TURN *** [7s Jd Th] [4c]
bekooi: checks
VolkovDmitri: bets $6
bekooi: raises $6 to $12
VolkovDmitri: calls $6
*** RIVER *** [7s Jd Th 4c] [Qh]
bekooi: bets $6
VolkovDmitri: calls $6
*** SHOW DOWN ***
bekooi: shows [Ah Jc] (a pair of Jacks)
VolkovDmitri: mucks hand
bekooi collected $53.50 from pot
*** SUMMARY ***
Total pot $54 | Rake $0.50
Board [7s Jd Th 4c Qh]
Seat 3: bekooi (big blind) showed [Ah Jc] and won ($53.50) with a pair of Jacks
Seat 4: VolkovDmitri (button) (small blind) mucked


PokerStars Hand #169444716734:  Hold'em Limit ($3/$6 USD) - 2017/04/23 9:53:19 ET
Table 'Laomedon' 6-max Seat #3 is the button
Seat 3: bekooi ($124.24 in chips)
Seat 4: VolkovDmitri ($121.76 in chips)
bekooi: posts small blind $1
VolkovDmitri: posts big blind $3
*** HOLE CARDS ***
bekooi: raises $3 to $6
VolkovDmitri: raises $3 to $9
bekooi: calls $3
*** FLOP *** [Kc As 8h]
VolkovDmitri: bets $3
bekooi: raises $3 to $6
VolkovDmitri: calls $3
*** TURN *** [Kc As 8h] [2c]
VolkovDmitri: checks
bekooi: checks
*** RIVER *** [Kc As 8h 2c] [2h]
VolkovDmitri: checks
bekooi: checks
*** SHOW DOWN ***
VolkovDmitri: shows [Jd Qs] (a pair of Deuces)
bekooi: shows [3s 3d] (two pair, Threes and Deuces)
bekooi collected $29.50 from pot
*** SUMMARY ***
Total pot $30 | Rake $0.50
Board [Kc As 8h 2c 2h]
Seat 3: bekooi (button) (small blind) showed [3s 3d] and won ($29.50) with two pair, Threes and Deuces
Seat 4: VolkovDmitri (big blind) showed [Jd Qs] and lost with a pair of Deuces


PokerStars Hand #169444737729:  Hold'em Limit ($3/$6 USD) - 2017/04/23 9:53:50 ET
Table 'Laomedon' 6-max Seat #4 is the button
Seat 3: bekooi ($138.74 in chips)
Seat 4: VolkovDmitri ($120 in chips)
VolkovDmitri: posts small blind $1
bekooi: posts big blind $3
*** HOLE CARDS ***
VolkovDmitri: raises $3 to $6
bekooi: calls $3
*** FLOP *** [Jd Td Kd]
bekooi: checks
VolkovDmitri: bets $3
bekooi: calls $3
*** TURN *** [Jd Td Kd] [2d]
bekooi: checks
VolkovDmitri: checks
*** RIVER *** [Jd Td Kd 2d] [6h]
bekooi: bets $6
VolkovDmitri: calls $6
*** SHOW DOWN ***
bekooi: shows [9d Th] (a flush, King high)
VolkovDmitri: mucks hand
bekooi collected $29.50 from pot
*** SUMMARY ***
Total pot $30 | Rake $0.50
Board [Jd Td Kd 2d 6h]
Seat 3: bekooi (big blind) showed [9d Th] and won ($29.50) with a flush, King high
Seat 4: VolkovDmitri (button) (small blind) mucked


PokerStars Hand #169444761894:  Hold'em Limit ($3/$6 USD) - 2017/04/23 9:54:26 ET
Table 'Laomedon' 6-max Seat #3 is the button
Seat 3: bekooi ($153.24 in chips)
Seat 4: VolkovDmitri ($120 in chips)
bekooi: posts small blind $1
VolkovDmitri: posts big blind $3
*** HOLE CARDS ***
bekooi: calls $2
VolkovDmitri: raises $3 to $6
bekooi: calls $3
*** FLOP *** [5h Td 7h]
VolkovDmitri: bets $3
bekooi: raises $3 to $6
VolkovDmitri: calls $3
*** TURN *** [5h Td 7h] [2d]
VolkovDmitri: bets $6
bekooi: calls $6
*** RIVER *** [5h Td 7h 2d] [2s]
VolkovDmitri: checks
bekooi: checks
*** SHOW DOWN ***
VolkovDmitri: shows [Ac 5s] (two pair, Fives and Deuces)
bekooi: mucks hand
VolkovDmitri collected $35.50 from pot
*** SUMMARY ***
Total pot $36 | Rake $0.50
Board [5h Td 7h 2d 2s]
Seat 3: bekooi (button) (small blind) mucked
Seat 4: VolkovDmitri (big blind) showed [Ac 5s] and won ($35.50) with two pair, Fives and Deuces


PokerStars Hand #169444783331:  Hold'em Limit ($3/$6 USD) - 2017/04/23 9:54:58 ET
Table 'Laomedon' 6-max Seat #4 is the button
Seat 3: bekooi ($135.24 in chips)
Seat 4: VolkovDmitri ($137.50 in chips)
VolkovDmitri: posts small blind $1
bekooi: posts big blind $3
*** HOLE CARDS ***
VolkovDmitri: raises $3 to $6
bekooi: raises $3 to $9
VolkovDmitri: calls $3
*** FLOP *** [Tc Td 6s]
bekooi: bets $3
nimzon joins the table at seat #1
VolkovDmitri: folds
Uncalled bet ($3) returned to bekooi
bekooi collected $17.64 from pot
bekooi: doesn't show hand
*** SUMMARY ***
Total pot $18 | Rake $0.36
Board [Tc Td 6s]
Seat 3: bekooi (big blind) collected ($17.64)
Seat 4: VolkovDmitri (button) (small blind) folded on the Flop


PokerStars Hand #169444794431:  Hold'em Limit ($3/$6 USD) - 2017/04/23 9:55:15 ET
Table 'Laomedon' 6-max Seat #3 is the button
Seat 3: bekooi ($143.88 in chips)
Seat 4: VolkovDmitri ($128.50 in chips)
bekooi: posts small blind $1
VolkovDmitri: posts big blind $3
*** HOLE CARDS ***
nimzon leaves the table
bekooi: raises $3 to $6
VolkovDmitri: calls $3
*** FLOP *** [Td Js 9h]
VolkovDmitri: bets $3
parnishka11 joins the table at seat #6
bekooi: calls $3
*** TURN *** [Td Js 9h] [Qc]
VolkovDmitri: checks
bekooi: bets $6
VolkovDmitri: calls $6
*** RIVER *** [Td Js 9h Qc] [Ac]
VolkovDmitri: checks
bekooi: bets $6
VolkovDmitri: folds
Uncalled bet ($6) returned to bekooi
bekooi collected $29.50 from pot
bekooi: doesn't show hand
*** SUMMARY ***
Total pot $30 | Rake $0.50
Board [Td Js 9h Qc Ac]
Seat 3: bekooi (button) (small blind) collected ($29.50)
Seat 4: VolkovDmitri (big blind) folded on the River


PokerStars Hand #169444909436:  Hold'em Limit ($3/$6 USD) - 2017/04/23 9:58:42 ET
Table 'Laomedon' 6-max Seat #3 is the button
Seat 3: bekooi ($180.40 in chips)
Seat 6: parnishka11 ($47.97 in chips)
bekooi: posts small blind $1
parnishka11: posts big blind $3
*** HOLE CARDS ***
bekooi: raises $3 to $6
VolkovDmitri leaves the table
parnishka11: calls $3
*** FLOP *** [3d 7s Th]
parnishka11: checks
bekooi: bets $3
parnishka11: calls $3
*** TURN *** [3d 7s Th] [4h]
parnishka11: checks
bekooi: checks
*** RIVER *** [3d 7s Th 4h] [Ah]
parnishka11: checks
bekooi: bets $6
parnishka11: folds
Uncalled bet ($6) returned to bekooi
bekooi collected $17.64 from pot
bekooi: doesn't show hand
*** SUMMARY ***
Total pot $18 | Rake $0.36
Board [3d 7s Th 4h Ah]
Seat 3: bekooi (button) (small blind) collected ($17.64)
Seat 6: parnishka11 (big blind) folded on the River


PokerStars Hand #169444928808:  Hold'em Limit ($3/$6 USD) - 2017/04/23 9:59:17 ET
Table 'Laomedon' 6-max Seat #3 is the button
Seat 3: bekooi ($209.54 in chips)
Seat 6: parnishka11 ($17.97 in chips)
bekooi: posts small blind $1
parnishka11: posts big blind $3
*** HOLE CARDS ***
bekooi: folds
Uncalled bet ($2) returned to parnishka11
parnishka11 collected $2 from pot
parnishka11: doesn't show hand
*** SUMMARY ***
Total pot $2 | Rake $0
Seat 3: bekooi (button) (small blind) folded before Flop
Seat 6: parnishka11 (big blind) collected ($2)


PokerStars Hand #169444919010:  Hold'em Limit ($3/$6 USD) - 2017/04/23 9:59:00 ET
Table 'Laomedon' 6-max Seat #6 is the button
Seat 3: bekooi ($189.04 in chips)
Seat 6: parnishka11 ($38.97 in chips)
parnishka11: posts small blind $1
bekooi: posts big blind $3
*** HOLE CARDS ***
parnishka11: raises $3 to $6
bekooi: calls $3
*** FLOP *** [Qc 4h Kh]
bekooi: checks
parnishka11: bets $3
bekooi: raises $3 to $6
parnishka11: raises $3 to $9
bekooi: calls $3
*** TURN *** [Qc 4h Kh] [Ah]
bekooi: checks
parnishka11: bets $6
bekooi: calls $6
*** RIVER *** [Qc 4h Kh Ah] [Kc]
bekooi: checks
parnishka11: checks
*** SHOW DOWN ***
bekooi: shows [Ks Ts] (three of a kind, Kings)
parnishka11: mucks hand
bekooi collected $41.50 from pot
*** SUMMARY ***
Total pot $42 | Rake $0.50
Board [Qc 4h Kh Ah Kc]
Seat 3: bekooi (big blind) showed [Ks Ts] and won ($41.50) with three of a kind, Kings
Seat 6: parnishka11 (button) (small blind) mucked


PokerStars Hand #169444942018:  Hold'em Limit ($3/$6 USD) - 2017/04/23 9:59:41 ET
Table 'Laomedon' 6-max Seat #3 is the button
Seat 3: bekooi ($208.29 in chips)
Seat 6: parnishka11 ($18.72 in chips)
bekooi: posts small blind $1
parnishka11: posts big blind $3
*** HOLE CARDS ***
bekooi: folds
Uncalled bet ($2) returned to parnishka11
parnishka11 collected $2 from pot
parnishka11: doesn't show hand
*** SUMMARY ***
Total pot $2 | Rake $0
Seat 3: bekooi (button) (small blind) folded before Flop
Seat 6: parnishka11 (big blind) collected ($2)


PokerStars Hand #169444931533:  Hold'em Limit ($3/$6 USD) - 2017/04/23 9:59:22 ET
Table 'Laomedon' 6-max Seat #6 is the button
Seat 3: bekooi ($208.54 in chips)
Seat 6: parnishka11 ($18.97 in chips)
parnishka11: posts small blind $1
bekooi: posts big blind $3
*** HOLE CARDS ***
parnishka11: raises $3 to $6
bekooi: calls $3
*** FLOP *** [6h 6d 3c]
bekooi: checks
parnishka11: bets $3
bekooi: raises $3 to $6
parnishka11: raises $3 to $9
bekooi: calls $3
*** TURN *** [6h 6d 3c] [4h]
bekooi: checks
parnishka11: bets $3.97 and is all-in
bekooi: calls $3.97
*** RIVER *** [6h 6d 3c 4h] [Qd]
*** SHOW DOWN ***
bekooi: shows [7s As] (a pair of Sixes)
parnishka11: shows [Ah 7d] (a pair of Sixes)
bekooi collected $18.72 from pot
parnishka11 collected $18.72 from pot
*** SUMMARY ***
Total pot $37.94 | Rake $0.50
Board [6h 6d 3c 4h Qd]
Seat 3: bekooi (big blind) showed [7s As] and won ($18.72) with a pair of Sixes
Seat 6: parnishka11 (button) (small blind) showed [Ah 7d] and won ($18.72) with a pair of Sixes


PokerStars Hand #169444944563:  Hold'em Limit ($3/$6 USD) - 2017/04/23 9:59:46 ET
Table 'Laomedon' 6-max Seat #6 is the button
Seat 3: bekooi ($207.29 in chips)
Seat 6: parnishka11 ($19.72 in chips)
parnishka11: posts small blind $1
bekooi: posts big blind $3
*** HOLE CARDS ***
parnishka11: folds
Uncalled bet ($2) returned to bekooi
bekooi collected $2 from pot
bekooi: doesn't show hand
*** SUMMARY ***
Total pot $2 | Rake $0
Seat 3: bekooi (big blind) collected ($2)
Seat 6: parnishka11 (button) (small blind) folded before Flop


PokerStars Hand #169444947447:  Hold'em Limit ($3/$6 USD) - 2017/04/23 9:59:51 ET
Table 'Laomedon' 6-max Seat #3 is the button
Seat 3: bekooi ($208.29 in chips)
Seat 6: parnishka11 ($18.72 in chips)
bekooi: posts small blind $1
parnishka11: posts big blind $3
*** HOLE CARDS ***
bekooi: raises $3 to $6
parnishka11: calls $3
*** FLOP *** [7h 2h Kd]
parnishka11: checks
bekooi: bets $3
parnishka11: calls $3
*** TURN *** [7h 2h Kd] [Td]
parnishka11: checks
bekooi: bets $6
parnishka11: calls $6
*** RIVER *** [7h 2h Kd Td] [Qc]
parnishka11: checks
bekooi: bets $6
parnishka11: calls $3.72 and is all-in
Uncalled bet ($2.28) returned to bekooi
*** SHOW DOWN ***
bekooi: shows [Ks Th] (two pair, Kings and Tens)
parnishka11: shows [8d Ah] (high card Ace)
bekooi collected $36.94 from pot
*** SUMMARY ***
Total pot $37.44 | Rake $0.50
Board [7h 2h Kd Td Qc]
Seat 3: bekooi (button) (small blind) showed [Ks Th] and won ($36.94) with two pair, Kings and Tens
Seat 6: parnishka11 (big blind) showed [8d Ah] and lost with high card Ace


