PokerStars Hand #159018707254:  Hold'em Limit ($3/$6 USD) - 2016/09/24 5:24:25 ET
Table 'Laputa' 6-max Seat #3 is the button
Seat 3: ulrich80 ($26.66 in chips)
Seat 4: VolkovDmitri ($124 in chips)
ulrich80: posts small blind $1
VolkovDmitri: posts big blind $3
*** HOLE CARDS ***
ulrich80: raises $3 to $6
VolkovDmitri: folds
Uncalled bet ($3) returned to ulrich80
ulrich80 collected $6 from pot
ulrich80: doesn't show hand
*** SUMMARY ***
Total pot $6 | Rake $0
Seat 3: ulrich80 (button) (small blind) collected ($6)
Seat 4: VolkovDmitri (big blind) folded before Flop


PokerStars Hand #159018704262:  Hold'em Limit ($3/$6 USD) - 2016/09/24 5:24:17 ET
Table 'Laputa' 6-max Seat #4 is the button
Seat 3: ulrich80 ($29.66 in chips)
Seat 4: VolkovDmitri ($121 in chips)
VolkovDmitri: posts small blind $1
ulrich80: posts big blind $3
*** HOLE CARDS ***
VolkovDmitri: raises $3 to $6
ulrich80: folds
Uncalled bet ($3) returned to VolkovDmitri
VolkovDmitri collected $6 from pot
VolkovDmitri: doesn't show hand
*** SUMMARY ***
Total pot $6 | Rake $0
Seat 3: ulrich80 (big blind) folded before Flop
Seat 4: VolkovDmitri (button) (small blind) collected ($6)


PokerStars Hand #159018699973:  Hold'em Limit ($3/$6 USD) - 2016/09/24 5:24:06 ET
Table 'Laputa' 6-max Seat #3 is the button
Seat 3: ulrich80 ($30.66 in chips)
Seat 4: VolkovDmitri ($120 in chips)
ulrich80: posts small blind $1
VolkovDmitri: posts big blind $3
*** HOLE CARDS ***
ulrich80: folds
Uncalled bet ($2) returned to VolkovDmitri
VolkovDmitri collected $2 from pot
VolkovDmitri: doesn't show hand
*** SUMMARY ***
Total pot $2 | Rake $0
Seat 3: ulrich80 (button) (small blind) folded before Flop
Seat 4: VolkovDmitri (big blind) collected ($2)


PokerStars Hand #159018723291:  Hold'em Limit ($3/$6 USD) - 2016/09/24 5:25:07 ET
Table 'Laputa' 6-max Seat #3 is the button
Seat 3: ulrich80 ($14.66 in chips)
Seat 4: VolkovDmitri ($135.50 in chips)
ulrich80: posts small blind $1
VolkovDmitri: posts big blind $3
*** HOLE CARDS ***
ulrich80: folds
Uncalled bet ($2) returned to VolkovDmitri
VolkovDmitri collected $2 from pot
*** SUMMARY ***
Total pot $2 | Rake $0
Seat 3: ulrich80 (button) (small blind) folded before Flop
Seat 4: VolkovDmitri (big blind) collected ($2)


PokerStars Hand #159018709893:  Hold'em Limit ($3/$6 USD) - 2016/09/24 5:24:32 ET
Table 'Laputa' 6-max Seat #4 is the button
Seat 3: ulrich80 ($29.66 in chips)
Seat 4: VolkovDmitri ($121 in chips)
VolkovDmitri: posts small blind $1
ulrich80: posts big blind $3
*** HOLE CARDS ***
VolkovDmitri: raises $3 to $6
ulrich80: calls $3
*** FLOP *** [Jh 7d Qs]
ulrich80: checks
VolkovDmitri: bets $3
ulrich80: calls $3
*** TURN *** [Jh 7d Qs] [2d]
ulrich80: checks
VolkovDmitri: checks
*** RIVER *** [Jh 7d Qs 2d] [As]
ulrich80: checks
VolkovDmitri: bets $6
ulrich80: calls $6
*** SHOW DOWN ***
VolkovDmitri: shows [Ks Ah] (a pair of Aces)
ulrich80: mucks hand
VolkovDmitri collected $29.50 from pot
*** SUMMARY ***
Total pot $30 | Rake $0.50
Board [Jh 7d Qs 2d As]
Seat 3: ulrich80 (big blind) mucked
Seat 4: VolkovDmitri (button) (small blind) showed [Ks Ah] and won ($29.50) with a pair of Aces


PokerStars Hand #159018733823:  Hold'em Limit ($3/$6 USD) - 2016/09/24 5:25:35 ET
Table 'Laputa' 6-max Seat #3 is the button
Seat 3: ulrich80 ($22.30 in chips)
Seat 4: VolkovDmitri ($127.50 in chips)
ulrich80: posts small blind $1
VolkovDmitri: posts big blind $3
*** HOLE CARDS ***
ulrich80: folds
Uncalled bet ($2) returned to VolkovDmitri
VolkovDmitri collected $2 from pot
VolkovDmitri: doesn't show hand
*** SUMMARY ***
Total pot $2 | Rake $0
Seat 3: ulrich80 (button) (small blind) folded before Flop
Seat 4: VolkovDmitri (big blind) collected ($2)


PokerStars Hand #159018725293:  Hold'em Limit ($3/$6 USD) - 2016/09/24 5:25:13 ET
Table 'Laputa' 6-max Seat #4 is the button
Seat 3: ulrich80 ($13.66 in chips)
Seat 4: VolkovDmitri ($136.50 in chips)
VolkovDmitri: posts small blind $1
ulrich80: posts big blind $3
*** HOLE CARDS ***
VolkovDmitri: raises $3 to $6
ulrich80: calls $3
*** FLOP *** [Jd Qd As]
ulrich80: checks
VolkovDmitri: bets $3
ulrich80: calls $3
*** TURN *** [Jd Qd As] [Ac]
ulrich80: checks
VolkovDmitri: checks
*** RIVER *** [Jd Qd As Ac] [3d]
ulrich80: bets $4.66 and is all-in
VolkovDmitri: folds
Uncalled bet ($4.66) returned to ulrich80
ulrich80 collected $17.64 from pot
ulrich80: doesn't show hand
*** SUMMARY ***
Total pot $18 | Rake $0.36
Board [Jd Qd As Ac 3d]
Seat 3: ulrich80 (big blind) collected ($17.64)
Seat 4: VolkovDmitri (button) (small blind) folded on the River


PokerStars Hand #159018738502:  Hold'em Limit ($3/$6 USD) - 2016/09/24 5:25:48 ET
Table 'Laputa' 6-max Seat #3 is the button
Seat 3: ulrich80 ($18.30 in chips)
Seat 4: VolkovDmitri ($131.50 in chips)
ulrich80: posts small blind $1
VolkovDmitri: posts big blind $3
*** HOLE CARDS ***
ulrich80: folds
Uncalled bet ($2) returned to VolkovDmitri
VolkovDmitri collected $2 from pot
VolkovDmitri: doesn't show hand
*** SUMMARY ***
Total pot $2 | Rake $0
Seat 3: ulrich80 (button) (small blind) folded before Flop
Seat 4: VolkovDmitri (big blind) collected ($2)


PokerStars Hand #159018735598:  Hold'em Limit ($3/$6 USD) - 2016/09/24 5:25:40 ET
Table 'Laputa' 6-max Seat #4 is the button
Seat 3: ulrich80 ($21.30 in chips)
Seat 4: VolkovDmitri ($128.50 in chips)
VolkovDmitri: posts small blind $1
ulrich80: posts big blind $3
*** HOLE CARDS ***
VolkovDmitri: raises $3 to $6
ulrich80: folds
Uncalled bet ($3) returned to VolkovDmitri
VolkovDmitri collected $6 from pot
VolkovDmitri: doesn't show hand
*** SUMMARY ***
Total pot $6 | Rake $0
Seat 3: ulrich80 (big blind) folded before Flop
Seat 4: VolkovDmitri (button) (small blind) collected ($6)


PokerStars Hand #159018740302:  Hold'em Limit ($3/$6 USD) - 2016/09/24 5:25:53 ET
Table 'Laputa' 6-max Seat #4 is the button
Seat 3: ulrich80 ($17.30 in chips)
Seat 4: VolkovDmitri ($132.50 in chips)
VolkovDmitri: posts small blind $1
ulrich80: posts big blind $3
*** HOLE CARDS ***
VolkovDmitri: raises $3 to $6
ulrich80: raises $3 to $9
VolkovDmitri: calls $3
*** FLOP *** [6d 3c 7s]
ulrich80: bets $3
VolkovDmitri: calls $3
*** TURN *** [6d 3c 7s] [4s]
ulrich80: bets $5.30 and is all-in
VolkovDmitri: calls $5.30
*** RIVER *** [6d 3c 7s 4s] [Ah]
*** SHOW DOWN ***
ulrich80: shows [As 7c] (two pair, Aces and Sevens)
VolkovDmitri: shows [Qd 4c] (a pair of Fours)
ulrich80 collected $34.10 from pot
*** SUMMARY ***
Total pot $34.60 | Rake $0.50
Board [6d 3c 7s 4s Ah]
Seat 3: ulrich80 (big blind) showed [As 7c] and won ($34.10) with two pair, Aces and Sevens
Seat 4: VolkovDmitri (button) (small blind) showed [Qd 4c] and lost with a pair of Fours


PokerStars Hand #159018760428:  Hold'em Limit ($3/$6 USD) - 2016/09/24 5:26:47 ET
Table 'Laputa' 6-max Seat #3 is the button
Seat 3: ulrich80 ($34.10 in chips)
Seat 4: VolkovDmitri ($120 in chips)
ulrich80: posts small blind $1
VolkovDmitri: posts big blind $3
*** HOLE CARDS ***
ulrich80: raises $3 to $6
VolkovDmitri: raises $3 to $9
ulrich80: raises $3 to $12
Betting is capped
VolkovDmitri: calls $3
*** FLOP *** [2s 3c 7h]
VolkovDmitri: checks
ulrich80 said, "I'll give you all"
ulrich80: bets $3
VolkovDmitri: calls $3
*** TURN *** [2s 3c 7h] [9c]
VolkovDmitri: checks
ulrich80: bets $6
VolkovDmitri said, "hope so"
VolkovDmitri: calls $6
*** RIVER *** [2s 3c 7h 9c] [5h]
VolkovDmitri: checks
ulrich80: bets $6
VolkovDmitri: calls $6
*** SHOW DOWN ***
ulrich80: shows [Ks Kd] (a pair of Kings)
VolkovDmitri: mucks hand
ulrich80 collected $53.50 from pot
AllanW joins the table at seat #5
*** SUMMARY ***
Total pot $54 | Rake $0.50
Board [2s 3c 7h 9c 5h]
Seat 3: ulrich80 (button) (small blind) showed [Ks Kd] and won ($53.50) with a pair of Kings
Seat 4: VolkovDmitri (big blind) mucked


PokerStars Hand #159020243878:  Hold'em Limit ($3/$6 USD) - 2016/09/24 6:30:43 ET
Table 'Laputa' 6-max Seat #5 is the button
Seat 4: VolkovDmitri ($161.84 in chips)
Seat 5: AllanW ($102 in chips)
AllanW: posts small blind $1
VolkovDmitri: posts big blind $3
*** HOLE CARDS ***
AllanW: raises $3 to $6
VolkovDmitri: folds
Uncalled bet ($3) returned to AllanW
AllanW said, "cya dmitry"
AllanW collected $6 from pot
Cuxy leaves the table
AllanW: doesn't show hand
*** SUMMARY ***
Total pot $6 | Rake $0
Seat 4: VolkovDmitri (big blind) folded before Flop
Seat 5: AllanW (button) (small blind) collected ($6)


