PokerStars Hand #161576084168:  Hold'em Limit ($3/$6 USD) - 2016/11/18 3:19:01 ET
Table 'Laputa' 6-max Seat #6 is the button
Seat 4: VolkovDmitri ($120 in chips)
Seat 6: manly70 ($61.13 in chips)
manly70: posts small blind $1
VolkovDmitri: posts big blind $3
*** HOLE CARDS ***
manly70: folds
Uncalled bet ($2) returned to VolkovDmitri
VolkovDmitri collected $2 from pot
*** SUMMARY ***
Total pot $2 | Rake $0
Seat 4: VolkovDmitri (big blind) collected ($2)
Seat 6: manly70 (button) (small blind) folded before Flop


PokerStars Hand #161576086715:  Hold'em Limit ($3/$6 USD) - 2016/11/18 3:19:09 ET
Table 'Laputa' 6-max Seat #4 is the button
Seat 4: VolkovDmitri ($121 in chips)
Seat 6: manly70 ($60.13 in chips)
VolkovDmitri: posts small blind $1
manly70: posts big blind $3
*** HOLE CARDS ***
VolkovDmitri: raises $3 to $6
manly70: calls $3
*** FLOP *** [9d Qs 3s]
manly70: checks
VolkovDmitri: bets $3
manly70: calls $3
*** TURN *** [9d Qs 3s] [Kd]
manly70: checks
VolkovDmitri: checks
*** RIVER *** [9d Qs 3s Kd] [2d]
manly70: bets $6
VolkovDmitri: folds
Uncalled bet ($6) returned to manly70
manly70 collected $17.64 from pot
*** SUMMARY ***
Total pot $18 | Rake $0.36
Board [9d Qs 3s Kd 2d]
Seat 4: VolkovDmitri (button) (small blind) folded on the River
Seat 6: manly70 (big blind) collected ($17.64)


PokerStars Hand #161576111582:  Hold'em Limit ($3/$6 USD) - 2016/11/18 3:20:30 ET
Table 'Laputa' 6-max Seat #6 is the button
Seat 4: VolkovDmitri ($120 in chips)
Seat 6: manly70 ($76.41 in chips)
manly70: posts small blind $1
VolkovDmitri: posts big blind $3
*** HOLE CARDS ***
manly70: raises $3 to $6
VolkovDmitri: calls $3
*** FLOP *** [Td 3s 6h]
VolkovDmitri: checks
manly70: checks
*** TURN *** [Td 3s 6h] [8d]
VolkovDmitri: bets $6
manly70: calls $6
*** RIVER *** [Td 3s 6h 8d] [Qc]
VolkovDmitri: bets $6
manly70: folds
Uncalled bet ($6) returned to VolkovDmitri
VolkovDmitri collected $23.52 from pot
VolkovDmitri: doesn't show hand
*** SUMMARY ***
Total pot $24 | Rake $0.48
Board [Td 3s 6h 8d Qc]
Seat 4: VolkovDmitri (big blind) collected ($23.52)
Seat 6: manly70 (button) (small blind) folded on the River


PokerStars Hand #161576098129:  Hold'em Limit ($3/$6 USD) - 2016/11/18 3:19:46 ET
Table 'Laputa' 6-max Seat #4 is the button
Seat 4: VolkovDmitri ($121 in chips)
Seat 6: manly70 ($67.77 in chips)
VolkovDmitri: posts small blind $1
manly70: posts big blind $3
*** HOLE CARDS ***
VolkovDmitri: raises $3 to $6
manly70: calls $3
*** FLOP *** [Kh 4s 7s]
manly70: checks
VolkovDmitri: bets $3
manly70: calls $3
*** TURN *** [Kh 4s 7s] [5s]
manly70: checks
VolkovDmitri: checks
*** RIVER *** [Kh 4s 7s 5s] [7d]
manly70: bets $6
VolkovDmitri: folds
Uncalled bet ($6) returned to manly70
manly70 collected $17.64 from pot
*** SUMMARY ***
Total pot $18 | Rake $0.36
Board [Kh 4s 7s 5s 7d]
Seat 4: VolkovDmitri (button) (small blind) folded on the River
Seat 6: manly70 (big blind) collected ($17.64)


PokerStars Hand #161576120420:  Hold'em Limit ($3/$6 USD) - 2016/11/18 3:20:59 ET
Table 'Laputa' 6-max Seat #4 is the button
Seat 4: VolkovDmitri ($131.52 in chips)
Seat 6: manly70 ($64.41 in chips)
VolkovDmitri: posts small blind $1
manly70: posts big blind $3
*** HOLE CARDS ***
VolkovDmitri: raises $3 to $6
manly70: calls $3
*** FLOP *** [9s 9h 6c]
manly70: checks
VolkovDmitri: bets $3
manly70: calls $3
*** TURN *** [9s 9h 6c] [Kc]
manly70: checks
VolkovDmitri: checks
*** RIVER *** [9s 9h 6c Kc] [8d]
manly70: bets $6
VolkovDmitri: calls $6
*** SHOW DOWN ***
manly70: shows [8s Kh] (two pair, Kings and Nines)
VolkovDmitri: mucks hand
manly70 collected $29.50 from pot
*** SUMMARY ***
Total pot $30 | Rake $0.50
Board [9s 9h 6c Kc 8d]
Seat 4: VolkovDmitri (button) (small blind) mucked
Seat 6: manly70 (big blind) showed [8s Kh] and won ($29.50) with two pair, Kings and Nines


PokerStars Hand #161576133762:  Hold'em Limit ($3/$6 USD) - 2016/11/18 3:21:43 ET
Table 'Laputa' 6-max Seat #6 is the button
Seat 4: VolkovDmitri ($120 in chips)
Seat 6: manly70 ($78.91 in chips)
manly70: posts small blind $1
VolkovDmitri: posts big blind $3
*** HOLE CARDS ***
manly70: raises $3 to $6
VolkovDmitri: raises $3 to $9
manly70: calls $3
*** FLOP *** [8s Qd 2c]
VolkovDmitri: bets $3
manly70: calls $3
*** TURN *** [8s Qd 2c] [Qh]
VolkovDmitri: bets $6
manly70: calls $6
*** RIVER *** [8s Qd 2c Qh] [7c]
VolkovDmitri: checks
manly70: bets $6
VolkovDmitri: calls $6
*** SHOW DOWN ***
manly70: shows [5h 5d] (two pair, Queens and Fives)
VolkovDmitri: mucks hand
manly70 collected $47.50 from pot
*** SUMMARY ***
Total pot $48 | Rake $0.50
Board [8s Qd 2c Qh 7c]
Seat 4: VolkovDmitri (big blind) mucked
Seat 6: manly70 (button) (small blind) showed [5h 5d] and won ($47.50) with two pair, Queens and Fives


PokerStars Hand #161576155061:  Hold'em Limit ($3/$6 USD) - 2016/11/18 3:22:52 ET
Table 'Laputa' 6-max Seat #4 is the button
Seat 4: VolkovDmitri ($120 in chips)
Seat 6: manly70 ($102.41 in chips)
VolkovDmitri: posts small blind $1
manly70: posts big blind $3
*** HOLE CARDS ***
VolkovDmitri: raises $3 to $6
manly70: calls $3
*** FLOP *** [Jc 9d Js]
manly70: checks
VolkovDmitri: bets $3
manly70: calls $3
*** TURN *** [Jc 9d Js] [Td]
manly70: checks
VolkovDmitri: bets $6
manly70: calls $6
*** RIVER *** [Jc 9d Js Td] [5h]
manly70: checks
VolkovDmitri: bets $6
manly70: folds
Uncalled bet ($6) returned to VolkovDmitri
VolkovDmitri collected $29.50 from pot
VolkovDmitri: doesn't show hand
*** SUMMARY ***
Total pot $30 | Rake $0.50
Board [Jc 9d Js Td 5h]
Seat 4: VolkovDmitri (button) (small blind) collected ($29.50)
Seat 6: manly70 (big blind) folded on the River


PokerStars Hand #161576168584:  Hold'em Limit ($3/$6 USD) - 2016/11/18 3:23:37 ET
Table 'Laputa' 6-max Seat #6 is the button
Seat 4: VolkovDmitri ($134.50 in chips)
Seat 6: manly70 ($87.41 in chips)
manly70: posts small blind $1
VolkovDmitri: posts big blind $3
*** HOLE CARDS ***
manly70: raises $3 to $6
VolkovDmitri: calls $3
*** FLOP *** [4h Ts 2c]
VolkovDmitri: checks
manly70: bets $3
AllanW joins the table at seat #5
VolkovDmitri: calls $3
*** TURN *** [4h Ts 2c] [Qd]
VolkovDmitri: checks
manly70: checks
*** RIVER *** [4h Ts 2c Qd] [Ks]
VolkovDmitri: checks
manly70: checks
*** SHOW DOWN ***
VolkovDmitri: shows [2s 8s] (a pair of Deuces)
manly70: mucks hand
VolkovDmitri collected $17.64 from pot
*** SUMMARY ***
Total pot $18 | Rake $0.36
Board [4h Ts 2c Qd Ks]
Seat 4: VolkovDmitri (big blind) showed [2s 8s] and won ($17.64) with a pair of Deuces
Seat 6: manly70 (button) (small blind) mucked


PokerStars Hand #161576735941:  Hold'em Limit ($3/$6 USD) - 2016/11/18 3:53:00 ET
Table 'Laputa' 6-max Seat #6 is the button
Seat 4: VolkovDmitri ($174.72 in chips)
Seat 6: manly70 ($108.37 in chips)
manly70: posts small blind $1
beng_51: is sitting out
VolkovDmitri: posts big blind $3
*** HOLE CARDS ***
manly70: raises $3 to $6
VolkovDmitri: folds
Uncalled bet ($3) returned to manly70
beng_51 leaves the table
manly70 collected $6 from pot
*** SUMMARY ***
Total pot $6 | Rake $0
Seat 4: VolkovDmitri (big blind) folded before Flop
Seat 6: manly70 (button) (small blind) collected ($6)


PokerStars Hand #161576746165:  Hold'em Limit ($3/$6 USD) - 2016/11/18 3:53:30 ET
Table 'Laputa' 6-max Seat #6 is the button
Seat 4: VolkovDmitri ($144.72 in chips)
Seat 6: manly70 ($137.87 in chips)
manly70: posts small blind $1
VolkovDmitri: posts big blind $3
*** HOLE CARDS ***
manly70: folds
Uncalled bet ($2) returned to VolkovDmitri
VolkovDmitri collected $2 from pot
VolkovDmitri: doesn't show hand
*** SUMMARY ***
Total pot $2 | Rake $0
Seat 4: VolkovDmitri (big blind) collected ($2)
Seat 6: manly70 (button) (small blind) folded before Flop


PokerStars Hand #161576738550:  Hold'em Limit ($3/$6 USD) - 2016/11/18 3:53:07 ET
Table 'Laputa' 6-max Seat #4 is the button
Seat 4: VolkovDmitri ($171.72 in chips)
Seat 6: manly70 ($111.37 in chips)
VolkovDmitri: posts small blind $1
manly70: posts big blind $3
*** HOLE CARDS ***
VolkovDmitri: raises $3 to $6
manly70: calls $3
*** FLOP *** [9s 5h 5s]
manly70: checks
VolkovDmitri: bets $3
manly70: calls $3
*** TURN *** [9s 5h 5s] [Tc]
manly70: checks
VolkovDmitri: bets $6
manly70: raises $6 to $12
VolkovDmitri: calls $6
*** RIVER *** [9s 5h 5s Tc] [6h]
manly70: bets $6
VolkovDmitri: calls $6
*** SHOW DOWN ***
manly70: shows [Jc Ts] (two pair, Tens and Fives)
VolkovDmitri: mucks hand
manly70 collected $53.50 from pot
*** SUMMARY ***
Total pot $54 | Rake $0.50
Board [9s 5h 5s Tc 6h]
Seat 4: VolkovDmitri (button) (small blind) mucked
Seat 6: manly70 (big blind) showed [Jc Ts] and won ($53.50) with two pair, Tens and Fives


PokerStars Hand #161576748266:  Hold'em Limit ($3/$6 USD) - 2016/11/18 3:53:37 ET
Table 'Laputa' 6-max Seat #4 is the button
Seat 4: VolkovDmitri ($145.72 in chips)
Seat 6: manly70 ($136.87 in chips)
VolkovDmitri: posts small blind $1
manly70: posts big blind $3
*** HOLE CARDS ***
VolkovDmitri: raises $3 to $6
manly70: calls $3
*** FLOP *** [7c 2h 7d]
manly70: checks
VolkovDmitri: bets $3
manly70: raises $3 to $6
VolkovDmitri: calls $3
*** TURN *** [7c 2h 7d] [4h]
manly70: bets $6
VolkovDmitri: calls $6
*** RIVER *** [7c 2h 7d 4h] [2d]
manly70: bets $6
VolkovDmitri: calls $6
*** SHOW DOWN ***
manly70: shows [3s 2s] (a full house, Deuces full of Sevens)
VolkovDmitri: mucks hand
manly70 collected $47.50 from pot
*** SUMMARY ***
Total pot $48 | Rake $0.50
Board [7c 2h 7d 4h 2d]
Seat 4: VolkovDmitri (button) (small blind) mucked
Seat 6: manly70 (big blind) showed [3s 2s] and won ($47.50) with a full house, Deuces full of Sevens


PokerStars Hand #161576756799:  Hold'em Limit ($3/$6 USD) - 2016/11/18 3:54:03 ET
Table 'Laputa' 6-max Seat #6 is the button
Seat 4: VolkovDmitri ($121.72 in chips)
Seat 6: manly70 ($160.37 in chips)
manly70: posts small blind $1
VolkovDmitri: posts big blind $3
*** HOLE CARDS ***
manly70: raises $3 to $6
VolkovDmitri: calls $3
*** FLOP *** [4c Tc Kd]
VolkovDmitri: checks
manly70: bets $3
VolkovDmitri: calls $3
*** TURN *** [4c Tc Kd] [Qs]
VolkovDmitri: checks
manly70: bets $6
VolkovDmitri: calls $6
*** RIVER *** [4c Tc Kd Qs] [8d]
VolkovDmitri: bets $6
manly70: calls $6
*** SHOW DOWN ***
VolkovDmitri: shows [4s 8h] (two pair, Eights and Fours)
manly70: mucks hand
VolkovDmitri collected $41.50 from pot
*** SUMMARY ***
Total pot $42 | Rake $0.50
Board [4c Tc Kd Qs 8d]
Seat 4: VolkovDmitri (big blind) showed [4s 8h] and won ($41.50) with two pair, Eights and Fours
Seat 6: manly70 (button) (small blind) mucked


PokerStars Hand #161576786216:  Hold'em Limit ($3/$6 USD) - 2016/11/18 3:55:36 ET
Table 'Laputa' 6-max Seat #4 is the button
Seat 4: VolkovDmitri ($169.72 in chips)
Seat 6: manly70 ($111.37 in chips)
VolkovDmitri: posts small blind $1
manly70: posts big blind $3
*** HOLE CARDS ***
VolkovDmitri: raises $3 to $6
manly70: calls $3
*** FLOP *** [2s 8h Ah]
manly70: checks
VolkovDmitri: bets $3
manly70: calls $3
*** TURN *** [2s 8h Ah] [9h]
manly70: checks
VolkovDmitri: bets $6
manly70: folds
Uncalled bet ($6) returned to VolkovDmitri
VolkovDmitri collected $17.64 from pot
VolkovDmitri: doesn't show hand
*** SUMMARY ***
Total pot $18 | Rake $0.36
Board [2s 8h Ah 9h]
Seat 4: VolkovDmitri (button) (small blind) collected ($17.64)
Seat 6: manly70 (big blind) folded on the Turn


PokerStars Hand #161576784328:  Hold'em Limit ($3/$6 USD) - 2016/11/18 3:55:30 ET
Table 'Laputa' 6-max Seat #6 is the button
Seat 4: VolkovDmitri ($168.72 in chips)
Seat 6: manly70 ($112.37 in chips)
manly70: posts small blind $1
VolkovDmitri: posts big blind $3
*** HOLE CARDS ***
manly70: folds
Uncalled bet ($2) returned to VolkovDmitri
VolkovDmitri collected $2 from pot
VolkovDmitri: doesn't show hand
*** SUMMARY ***
Total pot $2 | Rake $0
Seat 4: VolkovDmitri (big blind) collected ($2)
Seat 6: manly70 (button) (small blind) folded before Flop


PokerStars Hand #161576772963:  Hold'em Limit ($3/$6 USD) - 2016/11/18 3:54:53 ET
Table 'Laputa' 6-max Seat #4 is the button
Seat 4: VolkovDmitri ($142.22 in chips)
Seat 6: manly70 ($139.37 in chips)
VolkovDmitri: posts small blind $1
manly70: posts big blind $3
*** HOLE CARDS ***
VolkovDmitri: raises $3 to $6
manly70: calls $3
*** FLOP *** [3s 6d 2h]
manly70: checks
VolkovDmitri: bets $3
manly70: calls $3
*** TURN *** [3s 6d 2h] [6c]
manly70: checks
VolkovDmitri: bets $6
manly70: calls $6
*** RIVER *** [3s 6d 2h 6c] [Ac]
manly70: bets $6
VolkovDmitri: raises $6 to $12
manly70: calls $6
*** SHOW DOWN ***
VolkovDmitri: shows [6h Ts] (three of a kind, Sixes)
manly70: mucks hand
VolkovDmitri collected $53.50 from pot
*** SUMMARY ***
Total pot $54 | Rake $0.50
Board [3s 6d 2h 6c Ac]
Seat 4: VolkovDmitri (button) (small blind) showed [6h Ts] and won ($53.50) with three of a kind, Sixes
Seat 6: manly70 (big blind) mucked


PokerStars Hand #161576804376:  Hold'em Limit ($3/$6 USD) - 2016/11/18 3:56:37 ET
Table 'Laputa' 6-max Seat #4 is the button
Seat 4: VolkovDmitri ($192.86 in chips)
Seat 6: manly70 ($87.37 in chips)
VolkovDmitri: posts small blind $1
manly70: posts big blind $3
*** HOLE CARDS ***
VolkovDmitri: raises $3 to $6
manly70: calls $3
*** FLOP *** [9s Tc 9d]
manly70: checks
VolkovDmitri: bets $3
manly70: calls $3
*** TURN *** [9s Tc 9d] [Jd]
manly70: checks
VolkovDmitri: bets $6
manly70: raises $6 to $12
VolkovDmitri: calls $6
*** RIVER *** [9s Tc 9d Jd] [Ks]
manly70: bets $6
VolkovDmitri: folds
Uncalled bet ($6) returned to manly70
manly70 collected $41.50 from pot
*** SUMMARY ***
Total pot $42 | Rake $0.50
Board [9s Tc 9d Jd Ks]
Seat 4: VolkovDmitri (button) (small blind) folded on the River
Seat 6: manly70 (big blind) collected ($41.50)


PokerStars Hand #161576791523:  Hold'em Limit ($3/$6 USD) - 2016/11/18 3:55:54 ET
Table 'Laputa' 6-max Seat #6 is the button
Seat 4: VolkovDmitri ($178.36 in chips)
Seat 6: manly70 ($102.37 in chips)
manly70: posts small blind $1
VolkovDmitri: posts big blind $3
*** HOLE CARDS ***
manly70: raises $3 to $6
VolkovDmitri: calls $3
*** FLOP *** [6h Tc Jh]
VolkovDmitri: checks
manly70: bets $3
VolkovDmitri: calls $3
*** TURN *** [6h Tc Jh] [8h]
VolkovDmitri: bets $6
manly70: calls $6
*** RIVER *** [6h Tc Jh 8h] [6c]
sinsadir joins the table at seat #1
VolkovDmitri: checks
manly70: checks
*** SHOW DOWN ***
VolkovDmitri: shows [5d Ts] (two pair, Tens and Sixes)
manly70: mucks hand
VolkovDmitri collected $29.50 from pot
*** SUMMARY ***
Total pot $30 | Rake $0.50
Board [6h Tc Jh 8h 6c]
Seat 4: VolkovDmitri (big blind) showed [5d Ts] and won ($29.50) with two pair, Tens and Sixes
Seat 6: manly70 (button) (small blind) mucked


PokerStars Hand #161576815757:  Hold'em Limit ($3/$6 USD) - 2016/11/18 3:57:14 ET
Table 'Laputa' 6-max Seat #6 is the button
Seat 1: sinsadir ($120 in chips)
Seat 6: manly70 ($107.87 in chips)
manly70: posts small blind $1
sinsadir: posts big blind $3
*** HOLE CARDS ***
manly70: folds
Uncalled bet ($2) returned to sinsadir
sinsadir collected $2 from pot
sinsadir: doesn't show hand
*** SUMMARY ***
Total pot $2 | Rake $0
Seat 1: sinsadir (big blind) collected ($2)
Seat 6: manly70 (button) (small blind) folded before Flop


PokerStars Hand #161576817458:  Hold'em Limit ($3/$6 USD) - 2016/11/18 3:57:20 ET
Table 'Laputa' 6-max Seat #1 is the button
Seat 1: sinsadir ($121 in chips)
Seat 6: manly70 ($106.87 in chips)
sinsadir: posts small blind $1
manly70: posts big blind $3
*** HOLE CARDS ***
sinsadir: raises $3 to $6
manly70: calls $3
*** FLOP *** [2c 6c 3c]
manly70: checks
VolkovDmitri leaves the table
sinsadir: bets $3
manly70: calls $3
*** TURN *** [2c 6c 3c] [7c]
manly70: checks
sinsadir: checks
*** RIVER *** [2c 6c 3c 7c] [5h]
Dron21200 joins the table at seat #3
manly70: checks
sinsadir: bets $6
manly70: calls $6
*** SHOW DOWN ***
sinsadir: shows [Tc Ks] (a flush, Ten high)
manly70: mucks hand
sinsadir collected $29.50 from pot
*** SUMMARY ***
Total pot $30 | Rake $0.50
Board [2c 6c 3c 7c 5h]
Seat 1: sinsadir (button) (small blind) showed [Tc Ks] and won ($29.50) with a flush, Ten high
Seat 6: manly70 (big blind) mucked


PokerStars Hand #161576832394:  Hold'em Limit ($3/$6 USD) - 2016/11/18 3:58:10 ET
Table 'Laputa' 6-max Seat #6 is the button
Seat 1: sinsadir ($135.50 in chips)
Seat 6: manly70 ($91.87 in chips)
manly70: posts small blind $1
sinsadir: posts big blind $3
*** HOLE CARDS ***
manly70: raises $3 to $6
sinsadir: raises $3 to $9
manly70: calls $3
*** FLOP *** [2s 8h 6c]
sinsadir: checks
manly70: bets $3
sinsadir: calls $3
*** TURN *** [2s 8h 6c] [4d]
sinsadir: checks
manly70: bets $6
sinsadir: raises $6 to $12
manly70: calls $6
*** RIVER *** [2s 8h 6c 4d] [4s]
sinsadir: bets $6
manly70: calls $6
*** SHOW DOWN ***
sinsadir: shows [6h 4h] (a full house, Fours full of Sixes)
manly70: mucks hand
sinsadir collected $59.50 from pot
*** SUMMARY ***
Total pot $60 | Rake $0.50
Board [2s 8h 6c 4d 4s]
Seat 1: sinsadir (big blind) showed [6h 4h] and won ($59.50) with a full house, Fours full of Sixes
Seat 6: manly70 (button) (small blind) mucked


PokerStars Hand #161576909027:  Hold'em Limit ($3/$6 USD) - 2016/11/18 4:02:13 ET
Table 'Laputa' 6-max Seat #1 is the button
Seat 1: sinsadir ($160.01 in chips)
Seat 6: manly70 ($7.87 in chips)
sinsadir: posts small blind $1
manly70: posts big blind $3
*** HOLE CARDS ***
sinsadir: raises $3 to $6
beng_51 leaves the table
manly70: folds
Uncalled bet ($3) returned to sinsadir
sinsadir collected $6 from pot
sinsadir: doesn't show hand
*** SUMMARY ***
Total pot $6 | Rake $0
Seat 1: sinsadir (button) (small blind) collected ($6)
Seat 6: manly70 (big blind) folded before Flop


PokerStars Hand #161576911583:  Hold'em Limit ($3/$6 USD) - 2016/11/18 4:02:21 ET
Table 'Laputa' 6-max Seat #6 is the button
Seat 1: sinsadir ($163.01 in chips)
Seat 6: manly70 ($4.87 in chips)
manly70: posts small blind $1
sinsadir: posts big blind $3
*** HOLE CARDS ***
manly70: raises $1.87 to $4.87 and is all-in
sinsadir: calls $1.87
*** FLOP *** [6s 3c 5c]
*** TURN *** [6s 3c 5c] [2c]
*** RIVER *** [6s 3c 5c 2c] [Qs]
*** SHOW DOWN ***
sinsadir: shows [4c 8d] (a straight, Deuce to Six)
manly70: shows [Tc 7s] (high card Queen)
sinsadir collected $9.55 from pot
*** SUMMARY ***
Total pot $9.74 | Rake $0.19
Board [6s 3c 5c 2c Qs]
Seat 1: sinsadir (big blind) showed [4c 8d] and won ($9.55) with a straight, Deuce to Six
Seat 6: manly70 (button) (small blind) showed [Tc 7s] and lost with high card Queen


