PokerStars Hand #164665015328:  Hold'em Limit ($3/$6 USD) - 2017/01/16 8:29:58 ET
Table 'Larissa' 6-max Seat #6 is the button
Seat 3: bcarolgees ($78.56 in chips)
Seat 6: Sleeper007 ($186.35 in chips)
Sleeper007: posts small blind $1
Mordnilap: is sitting out
bcarolgees: posts big blind $3
*** HOLE CARDS ***
Sleeper007: raises $3 to $6
bcarolgees: raises $3 to $9
Sleeper007: calls $3
*** FLOP *** [2h 6h Ac]
bcarolgees: bets $3
Sleeper007: folds
Uncalled bet ($3) returned to bcarolgees
bcarolgees collected $17.64 from pot
*** SUMMARY ***
Total pot $18 | Rake $0.36
Board [2h 6h Ac]
Seat 3: bcarolgees (big blind) collected ($17.64)
Seat 6: Sleeper007 (button) (small blind) folded on the Flop


PokerStars Hand #164665033566:  Hold'em Limit ($3/$6 USD) - 2017/01/16 8:30:29 ET
Table 'Larissa' 6-max Seat #6 is the button
Seat 3: bcarolgees ($86.20 in chips)
Seat 6: Sleeper007 ($178.35 in chips)
Sleeper007: posts small blind $1
bcarolgees: posts big blind $3
*** HOLE CARDS ***
Sleeper007: folds
Uncalled bet ($2) returned to bcarolgees
bcarolgees collected $2 from pot
*** SUMMARY ***
Total pot $2 | Rake $0
Seat 3: bcarolgees (big blind) collected ($2)
Seat 6: Sleeper007 (button) (small blind) folded before Flop


PokerStars Hand #164665030624:  Hold'em Limit ($3/$6 USD) - 2017/01/16 8:30:24 ET
Table 'Larissa' 6-max Seat #3 is the button
Seat 3: bcarolgees ($87.20 in chips)
Seat 6: Sleeper007 ($177.35 in chips)
bcarolgees: posts small blind $1
Sleeper007: posts big blind $3
*** HOLE CARDS ***
bcarolgees: folds
Uncalled bet ($2) returned to Sleeper007
Sleeper007 collected $2 from pot
Sleeper007: doesn't show hand
*** SUMMARY ***
Total pot $2 | Rake $0
Seat 3: bcarolgees (button) (small blind) folded before Flop
Seat 6: Sleeper007 (big blind) collected ($2)


PokerStars Hand #164665047944:  Hold'em Limit ($3/$6 USD) - 2017/01/16 8:30:53 ET
Table 'Larissa' 6-max Seat #6 is the button
Seat 4: Zooshark ($55.42 in chips)
Seat 6: Sleeper007 ($178.35 in chips)
Sleeper007: posts small blind $1
Zooshark: posts big blind $3
*** HOLE CARDS ***
Sleeper007: raises $3 to $6
bcarolgees leaves the table
Zooshark: folds
Uncalled bet ($3) returned to Sleeper007
Sleeper007 collected $6 from pot
Sleeper007: doesn't show hand
*** SUMMARY ***
Total pot $6 | Rake $0
Seat 4: Zooshark (big blind) folded before Flop
Seat 6: Sleeper007 (button) (small blind) collected ($6)


