PokerStars Hand #153245708126:  Hold'em Limit ($3/$6 USD) - 2016/05/13 6:57:20 ET
Table 'Larink' 6-max Seat #3 is the button
Seat 3: FabronxRJ ($205.73 in chips)
Seat 4: TbIP-TbIP 88 ($72 in chips)
FabronxRJ: posts small blind $1
TbIP-TbIP 88: posts big blind $3
*** HOLE CARDS ***
Tryptamean joins the table at seat #6
FabronxRJ: calls $2
TbIP-TbIP 88: raises $3 to $6
FabronxRJ: calls $3
*** FLOP *** [9s 9d 6s]
TbIP-TbIP 88: bets $3
FabronxRJ: raises $3 to $6
TbIP-TbIP 88: calls $3
*** TURN *** [9s 9d 6s] [6c]
TbIP-TbIP 88: checks
FabronxRJ: checks
*** RIVER *** [9s 9d 6s 6c] [6h]
TbIP-TbIP 88: bets $6
FabronxRJ: calls $6
*** SHOW DOWN ***
TbIP-TbIP 88: shows [Kh Kc] (a full house, Sixes full of Kings)
FabronxRJ: mucks hand
TbIP-TbIP 88 collected $35.50 from pot
*** SUMMARY ***
Total pot $36 | Rake $0.50
Board [9s 9d 6s 6c 6h]
Seat 3: FabronxRJ (button) (small blind) mucked
Seat 4: TbIP-TbIP 88 (big blind) showed [Kh Kc] and won ($35.50) with a full house, Sixes full of Kings


