PokerStars Hand #146672179741:  Hold'em Limit ($3/$6 USD) - 2016/01/08 6:56:24 ET
Table 'Larissa II' 2-max Seat #1 is the button
Seat 1: SmellyToes4u ($122.88 in chips)
Seat 2: _fayzulllo_ ($69 in chips)
SmellyToes4u: posts small blind $1
_fayzulllo_: posts big blind $3
*** HOLE CARDS ***
SmellyToes4u: raises $3 to $6
_fayzulllo_: calls $3
*** FLOP *** [9h Ks Kh]
_fayzulllo_: checks
SmellyToes4u: bets $3
_fayzulllo_: folds
Uncalled bet ($3) returned to SmellyToes4u
SmellyToes4u collected $11.76 from pot
SmellyToes4u: doesn't show hand
*** SUMMARY ***
Total pot $12 | Rake $0.24
Board [9h Ks Kh]
Seat 1: SmellyToes4u (button) (small blind) collected ($11.76)
Seat 2: _fayzulllo_ (big blind) folded on the Flop


PokerStars Hand #146672185791:  Hold'em Limit ($3/$6 USD) - 2016/01/08 6:56:36 ET
Table 'Larissa II' 2-max Seat #2 is the button
Seat 1: SmellyToes4u ($128.64 in chips)
Seat 2: _fayzulllo_ ($63 in chips)
_fayzulllo_: posts small blind $1
SmellyToes4u: posts big blind $3
*** HOLE CARDS ***
_fayzulllo_: raises $3 to $6
SmellyToes4u: calls $3
*** FLOP *** [4h Ad Kd]
SmellyToes4u: checks
_fayzulllo_: bets $3
SmellyToes4u: folds
Uncalled bet ($3) returned to _fayzulllo_
_fayzulllo_ collected $11.76 from pot
_fayzulllo_: doesn't show hand
*** SUMMARY ***
Total pot $12 | Rake $0.24
Board [4h Ad Kd]
Seat 1: SmellyToes4u (big blind) folded on the Flop
Seat 2: _fayzulllo_ (button) (small blind) collected ($11.76)


PokerStars Hand #146672192973:  Hold'em Limit ($3/$6 USD) - 2016/01/08 6:56:50 ET
Table 'Larissa II' 2-max Seat #1 is the button
Seat 1: SmellyToes4u ($122.64 in chips)
Seat 2: _fayzulllo_ ($68.76 in chips)
SmellyToes4u: posts small blind $1
_fayzulllo_: posts big blind $3
*** HOLE CARDS ***
SmellyToes4u: raises $3 to $6
_fayzulllo_: calls $3
*** FLOP *** [Jc 7c Ts]
_fayzulllo_: checks
SmellyToes4u: bets $3
_fayzulllo_: calls $3
*** TURN *** [Jc 7c Ts] [9c]
_fayzulllo_: checks
SmellyToes4u: checks
*** RIVER *** [Jc 7c Ts 9c] [4c]
_fayzulllo_: checks
SmellyToes4u: bets $6
_fayzulllo_: calls $6
*** SHOW DOWN ***
SmellyToes4u: shows [3h 3d] (a pair of Threes)
_fayzulllo_: shows [Jh 2d] (a pair of Jacks)
_fayzulllo_ collected $29.50 from pot
*** SUMMARY ***
Total pot $30 | Rake $0.50
Board [Jc 7c Ts 9c 4c]
Seat 1: SmellyToes4u (button) (small blind) showed [3h 3d] and lost with a pair of Threes
Seat 2: _fayzulllo_ (big blind) showed [Jh 2d] and won ($29.50) with a pair of Jacks


PokerStars Hand #146672205748:  Hold'em Limit ($3/$6 USD) - 2016/01/08 6:57:15 ET
Table 'Larissa II' 2-max Seat #2 is the button
Seat 1: SmellyToes4u ($107.64 in chips)
Seat 2: _fayzulllo_ ($83.26 in chips)
_fayzulllo_: posts small blind $1
SmellyToes4u: posts big blind $3
*** HOLE CARDS ***
_fayzulllo_: folds
Uncalled bet ($2) returned to SmellyToes4u
SmellyToes4u collected $2 from pot
SmellyToes4u: doesn't show hand
*** SUMMARY ***
Total pot $2 | Rake $0
Seat 1: SmellyToes4u (big blind) collected ($2)
Seat 2: _fayzulllo_ (button) (small blind) folded before Flop


PokerStars Hand #146672236141:  Hold'em Limit ($3/$6 USD) - 2016/01/08 6:58:14 ET
Table 'Larissa II' 2-max Seat #1 is the button
Seat 1: SmellyToes4u ($111.14 in chips)
Seat 2: _fayzulllo_ ($78.78 in chips)
SmellyToes4u: posts small blind $1
_fayzulllo_: posts big blind $3
*** HOLE CARDS ***
SmellyToes4u: folds
Uncalled bet ($2) returned to _fayzulllo_
_fayzulllo_ collected $2 from pot
_fayzulllo_: doesn't show hand
*** SUMMARY ***
Total pot $2 | Rake $0
Seat 1: SmellyToes4u (button) (small blind) folded before Flop
Seat 2: _fayzulllo_ (big blind) collected ($2)


PokerStars Hand #146672208333:  Hold'em Limit ($3/$6 USD) - 2016/01/08 6:57:20 ET
Table 'Larissa II' 2-max Seat #1 is the button
Seat 1: SmellyToes4u ($108.64 in chips)
Seat 2: _fayzulllo_ ($82.26 in chips)
SmellyToes4u: posts small blind $1
_fayzulllo_: posts big blind $3
*** HOLE CARDS ***
SmellyToes4u: raises $3 to $6
_fayzulllo_: calls $3
*** FLOP *** [7d 4c Kd]
_fayzulllo_: checks
SmellyToes4u: bets $3
_fayzulllo_: raises $3 to $6
SmellyToes4u: calls $3
*** TURN *** [7d 4c Kd] [3d]
_fayzulllo_: checks
SmellyToes4u: checks
*** RIVER *** [7d 4c Kd 3d] [5d]
_fayzulllo_: bets $6
SmellyToes4u: folds
Uncalled bet ($6) returned to _fayzulllo_
_fayzulllo_ collected $23.52 from pot
_fayzulllo_: doesn't show hand
*** SUMMARY ***
Total pot $24 | Rake $0.48
Board [7d 4c Kd 3d 5d]
Seat 1: SmellyToes4u (button) (small blind) folded on the River
Seat 2: _fayzulllo_ (big blind) collected ($23.52)


PokerStars Hand #146672219722:  Hold'em Limit ($3/$6 USD) - 2016/01/08 6:57:42 ET
Table 'Larissa II' 2-max Seat #2 is the button
Seat 1: SmellyToes4u ($96.64 in chips)
Seat 2: _fayzulllo_ ($93.78 in chips)
_fayzulllo_: posts small blind $1
SmellyToes4u: posts big blind $3
*** HOLE CARDS ***
_fayzulllo_: calls $2
SmellyToes4u: checks
*** FLOP *** [Ks 3c Jd]
SmellyToes4u: checks
_fayzulllo_: bets $3
SmellyToes4u: raises $3 to $6
_fayzulllo_: calls $3
*** TURN *** [Ks 3c Jd] [2c]
SmellyToes4u: bets $6
_fayzulllo_: calls $6
*** RIVER *** [Ks 3c Jd 2c] [Jc]
SmellyToes4u: checks
_fayzulllo_: checks
*** SHOW DOWN ***
SmellyToes4u: shows [6s 3s] (two pair, Jacks and Threes)
_fayzulllo_: mucks hand
SmellyToes4u collected $29.50 from pot
*** SUMMARY ***
Total pot $30 | Rake $0.50
Board [Ks 3c Jd 2c Jc]
Seat 1: SmellyToes4u (big blind) showed [6s 3s] and won ($29.50) with two pair, Jacks and Threes
Seat 2: _fayzulllo_ (button) (small blind) mucked


PokerStars Hand #146672251115:  Hold'em Limit ($3/$6 USD) - 2016/01/08 6:58:43 ET
Table 'Larissa II' 2-max Seat #2 is the button
Seat 1: SmellyToes4u ($98.14 in chips)
Seat 2: _fayzulllo_ ($91.28 in chips)
_fayzulllo_: posts small blind $1
SmellyToes4u: posts big blind $3
*** HOLE CARDS ***
_fayzulllo_: calls $2
SmellyToes4u: checks
*** FLOP *** [9s Ts 3c]
SmellyToes4u: checks
_fayzulllo_: bets $3
SmellyToes4u: folds
Uncalled bet ($3) returned to _fayzulllo_
_fayzulllo_ collected $5.88 from pot
_fayzulllo_: doesn't show hand
*** SUMMARY ***
Total pot $6 | Rake $0.12
Board [9s Ts 3c]
Seat 1: SmellyToes4u (big blind) folded on the Flop
Seat 2: _fayzulllo_ (button) (small blind) collected ($5.88)


PokerStars Hand #146672247781:  Hold'em Limit ($3/$6 USD) - 2016/01/08 6:58:37 ET
Table 'Larissa II' 2-max Seat #1 is the button
Seat 1: SmellyToes4u ($95.14 in chips)
Seat 2: _fayzulllo_ ($94.28 in chips)
SmellyToes4u: posts small blind $1
_fayzulllo_: posts big blind $3
*** HOLE CARDS ***
SmellyToes4u: raises $3 to $6
_fayzulllo_: folds
Uncalled bet ($3) returned to SmellyToes4u
SmellyToes4u collected $6 from pot
SmellyToes4u: doesn't show hand
*** SUMMARY ***
Total pot $6 | Rake $0
Seat 1: SmellyToes4u (button) (small blind) collected ($6)
Seat 2: _fayzulllo_ (big blind) folded before Flop


PokerStars Hand #146672238530:  Hold'em Limit ($3/$6 USD) - 2016/01/08 6:58:19 ET
Table 'Larissa II' 2-max Seat #2 is the button
Seat 1: SmellyToes4u ($110.14 in chips)
Seat 2: _fayzulllo_ ($79.78 in chips)
_fayzulllo_: posts small blind $1
SmellyToes4u: posts big blind $3
*** HOLE CARDS ***
_fayzulllo_: raises $3 to $6
SmellyToes4u: calls $3
*** FLOP *** [Jh Ac Kh]
SmellyToes4u: checks
_fayzulllo_: bets $3
SmellyToes4u: calls $3
*** TURN *** [Jh Ac Kh] [Jd]
SmellyToes4u: checks
_fayzulllo_: checks
*** RIVER *** [Jh Ac Kh Jd] [3d]
SmellyToes4u: bets $6
_fayzulllo_: calls $6
*** SHOW DOWN ***
SmellyToes4u: shows [Ks 9d] (two pair, Kings and Jacks)
_fayzulllo_: shows [7s Ah] (two pair, Aces and Jacks)
_fayzulllo_ collected $29.50 from pot
*** SUMMARY ***
Total pot $30 | Rake $0.50
Board [Jh Ac Kh Jd 3d]
Seat 1: SmellyToes4u (big blind) showed [Ks 9d] and lost with two pair, Kings and Jacks
Seat 2: _fayzulllo_ (button) (small blind) showed [7s Ah] and won ($29.50) with two pair, Aces and Jacks


