PokerStars Hand #158077899896:  Hold'em Limit ($3/$6 USD) - 2016/09/02 17:44:23 ET
Table 'Larissa' 6-max Seat #4 is the button
Seat 1: anebodil ($83.85 in chips)
Seat 4: Actionni13 ($152.76 in chips)
Actionni13: posts small blind $1
anebodil: posts big blind $3
*** HOLE CARDS ***
Actionni13: raises $3 to $6
anebodil: folds
Uncalled bet ($3) returned to Actionni13
Actionni13 collected $6 from pot
Actionni13: doesn't show hand
*** SUMMARY ***
Total pot $6 | Rake $0
Seat 1: anebodil (big blind) folded before Flop
Seat 4: Actionni13 (button) (small blind) collected ($6)


PokerStars Hand #158078104729:  Hold'em Limit ($3/$6 USD) - 2016/09/02 17:49:01 ET
Table 'Larissa' 6-max Seat #4 is the button
Seat 3: ToDaFelt ($210 in chips)
Seat 4: Actionni13 ($168.01 in chips)
Actionni13: posts small blind $1
vestimokrec: is sitting out
ToDaFelt: posts big blind $3
*** HOLE CARDS ***
Actionni13: raises $3 to $6
ToDaFelt: calls $3
*** FLOP *** [7h Ks 4h]
ToDaFelt: checks
Actionni13: bets $3
ToDaFelt: raises $3 to $6
Actionni13: calls $3
*** TURN *** [7h Ks 4h] [4s]
ToDaFelt: bets $6
vestimokrec leaves the table
Actionni13: calls $6
*** RIVER *** [7h Ks 4h 4s] [9s]
ToDaFelt: bets $6
Actionni13: calls $6
*** SHOW DOWN ***
ToDaFelt: shows [3c Kc] (two pair, Kings and Fours)
Actionni13: mucks hand
ToDaFelt collected $47.50 from pot
*** SUMMARY ***
Total pot $48 | Rake $0.50
Board [7h Ks 4h 4s 9s]
Seat 3: ToDaFelt (big blind) showed [3c Kc] and won ($47.50) with two pair, Kings and Fours
Seat 4: Actionni13 (button) (small blind) mucked


