PokerStars Hand #145404941527:  Hold'em Limit ($3/$6 USD) - 2015/12/15 17:37:36 ET
Table 'Larink II' 2-max Seat #1 is the button
Seat 1: RaisemyNut$ ($137.50 in chips)
Seat 2: yirkape ($30.15 in chips)
RaisemyNut$: posts small blind $1
yirkape: posts big blind $3
*** HOLE CARDS ***
RaisemyNut$: raises $3 to $6
yirkape: calls $3
*** FLOP *** [Kc 9d 2s]
yirkape: bets $3
RaisemyNut$: raises $3 to $6
yirkape: folds
Uncalled bet ($3) returned to RaisemyNut$
RaisemyNut$ collected $17.64 from pot
RaisemyNut$: doesn't show hand
*** SUMMARY ***
Total pot $18 | Rake $0.36
Board [Kc 9d 2s]
Seat 1: RaisemyNut$ (button) (small blind) collected ($17.64)
Seat 2: yirkape (big blind) folded on the Flop


PokerStars Hand #145404949982:  Hold'em Limit ($3/$6 USD) - 2015/12/15 17:37:46 ET
Table 'Larink II' 2-max Seat #2 is the button
Seat 1: RaisemyNut$ ($146.14 in chips)
Seat 2: yirkape ($21.15 in chips)
yirkape: posts small blind $1
RaisemyNut$: posts big blind $3
*** HOLE CARDS ***
yirkape: raises $3 to $6
RaisemyNut$: calls $3
*** FLOP *** [Kc 3s 5h]
RaisemyNut$: checks
yirkape: bets $3
RaisemyNut$: calls $3
*** TURN *** [Kc 3s 5h] [Kd]
RaisemyNut$: checks
yirkape: checks
*** RIVER *** [Kc 3s 5h Kd] [2h]
RaisemyNut$: checks
yirkape: checks
*** SHOW DOWN ***
RaisemyNut$: shows [Ah 6c] (a pair of Kings)
yirkape: shows [Qd As] (a pair of Kings - Ace+Queen kicker)
yirkape collected $17.64 from pot
*** SUMMARY ***
Total pot $18 | Rake $0.36
Board [Kc 3s 5h Kd 2h]
Seat 1: RaisemyNut$ (big blind) showed [Ah 6c] and lost with a pair of Kings
Seat 2: yirkape (button) (small blind) showed [Qd As] and won ($17.64) with a pair of Kings


PokerStars Hand #145404964926:  Hold'em Limit ($3/$6 USD) - 2015/12/15 17:38:03 ET
Table 'Larink II' 2-max Seat #1 is the button
Seat 1: RaisemyNut$ ($137.14 in chips)
Seat 2: yirkape ($29.79 in chips)
RaisemyNut$: posts small blind $1
yirkape: posts big blind $3
*** HOLE CARDS ***
RaisemyNut$: raises $3 to $6
yirkape: raises $3 to $9
RaisemyNut$: calls $3
*** FLOP *** [2d 3d 4h]
yirkape: bets $3
RaisemyNut$: raises $3 to $6
yirkape: calls $3
*** TURN *** [2d 3d 4h] [7s]
yirkape: checks
RaisemyNut$: bets $6
yirkape: calls $6
*** RIVER *** [2d 3d 4h 7s] [8c]
yirkape: checks
RaisemyNut$: bets $6
yirkape: folds
Uncalled bet ($6) returned to RaisemyNut$
RaisemyNut$ collected $41.50 from pot
RaisemyNut$: doesn't show hand
*** SUMMARY ***
Total pot $42 | Rake $0.50
Board [2d 3d 4h 7s 8c]
Seat 1: RaisemyNut$ (button) (small blind) collected ($41.50)
Seat 2: yirkape (big blind) folded on the River


PokerStars Hand #145404980989:  Hold'em Limit ($3/$6 USD) - 2015/12/15 17:38:21 ET
Table 'Larink II' 2-max Seat #2 is the button
Seat 1: RaisemyNut$ ($157.64 in chips)
Seat 2: yirkape ($8.79 in chips)
yirkape: posts small blind $1
RaisemyNut$: posts big blind $3
*** HOLE CARDS ***
yirkape: raises $3 to $6
RaisemyNut$: folds
Uncalled bet ($3) returned to yirkape
yirkape collected $6 from pot
yirkape: doesn't show hand
*** SUMMARY ***
Total pot $6 | Rake $0
Seat 1: RaisemyNut$ (big blind) folded before Flop
Seat 2: yirkape (button) (small blind) collected ($6)


PokerStars Hand #145404993762:  Hold'em Limit ($3/$6 USD) - 2015/12/15 17:38:36 ET
Table 'Larink II' 2-max Seat #2 is the button
Seat 1: RaisemyNut$ ($153.64 in chips)
Seat 2: yirkape ($12.79 in chips)
yirkape: posts small blind $1
RaisemyNut$: posts big blind $3
*** HOLE CARDS ***
yirkape: raises $3 to $6
RaisemyNut$: folds
Uncalled bet ($3) returned to yirkape
yirkape collected $6 from pot
yirkape: doesn't show hand
*** SUMMARY ***
Total pot $6 | Rake $0
Seat 1: RaisemyNut$ (big blind) folded before Flop
Seat 2: yirkape (button) (small blind) collected ($6)


PokerStars Hand #145404986935:  Hold'em Limit ($3/$6 USD) - 2015/12/15 17:38:28 ET
Table 'Larink II' 2-max Seat #1 is the button
Seat 1: RaisemyNut$ ($154.64 in chips)
Seat 2: yirkape ($11.79 in chips)
RaisemyNut$: posts small blind $1
yirkape: posts big blind $3
*** HOLE CARDS ***
RaisemyNut$: folds
Uncalled bet ($2) returned to yirkape
yirkape collected $2 from pot
yirkape: doesn't show hand
*** SUMMARY ***
Total pot $2 | Rake $0
Seat 1: RaisemyNut$ (button) (small blind) folded before Flop
Seat 2: yirkape (big blind) collected ($2)


PokerStars Hand #145404998871:  Hold'em Limit ($3/$6 USD) - 2015/12/15 17:38:41 ET
Table 'Larink II' 2-max Seat #1 is the button
Seat 1: RaisemyNut$ ($150.64 in chips)
Seat 2: yirkape ($15.79 in chips)
RaisemyNut$: posts small blind $1
yirkape: posts big blind $3
*** HOLE CARDS ***
RaisemyNut$: raises $3 to $6
yirkape: raises $3 to $9
RaisemyNut$: raises $3 to $12
Betting is capped
yirkape: calls $3
*** FLOP *** [Qd As Qh]
yirkape: bets $3
RaisemyNut$: raises $3 to $6
yirkape: calls $0.79 and is all-in
Uncalled bet ($2.21) returned to RaisemyNut$
*** TURN *** [Qd As Qh] [8h]
*** RIVER *** [Qd As Qh 8h] [Qc]
*** SHOW DOWN ***
yirkape: shows [Jh Kc] (three of a kind, Queens)
RaisemyNut$: shows [3c 3s] (a full house, Queens full of Threes)
RaisemyNut$ collected $31.08 from pot
*** SUMMARY ***
Total pot $31.58 | Rake $0.50
Board [Qd As Qh 8h Qc]
Seat 1: RaisemyNut$ (button) (small blind) showed [3c 3s] and won ($31.08) with a full house, Queens full of Threes
Seat 2: yirkape (big blind) showed [Jh Kc] and lost with three of a kind, Queens


