PokerStars Hand #150684559935:  Hold'em Limit ($3/$6 USD) - 2016/03/20 20:52:26 ET
Table 'Larissa' 10-max Seat #9 is the button
Seat 3: Chessnok ($232.15 in chips)
Seat 9: ennie1 ($250.25 in chips)
ennie1: posts small blind $1
Chessnok: posts big blind $3
*** HOLE CARDS ***
ennie1: calls $2
Chessnok: checks
*** FLOP *** [2d 8h 7h]
Chessnok: checks
ennie1: bets $3
Chessnok: raises $3 to $6
ennie1: calls $3
*** TURN *** [2d 8h 7h] [Td]
Chessnok: checks
ennie1: bets $6
Chessnok: calls $6
*** RIVER *** [2d 8h 7h Td] [8d]
Chessnok: checks
ennie1: bets $6
Chessnok: calls $6
*** SHOW DOWN ***
ennie1: shows [8c 9d] (three of a kind, Eights)
Chessnok: mucks hand
ennie1 collected $41.50 from pot
*** SUMMARY ***
Total pot $42 | Rake $0.50
Board [2d 8h 7h Td 8d]
Seat 3: Chessnok (big blind) mucked
Seat 9: ennie1 (button) (small blind) showed [8c 9d] and won ($41.50) with three of a kind, Eights


PokerStars Hand #150684592174:  Hold'em Limit ($3/$6 USD) - 2016/03/20 20:53:23 ET
Table 'Larissa' 10-max Seat #9 is the button
Seat 3: Chessnok ($225.65 in chips)
Seat 9: ennie1 ($255.75 in chips)
ennie1: posts small blind $1
Chessnok: posts big blind $3
*** HOLE CARDS ***
ennie1: calls $2
Chessnok: raises $3 to $6
ennie1: calls $3
*** FLOP *** [6d 9h 7s]
Chessnok: bets $3
ennie1: calls $3
*** TURN *** [6d 9h 7s] [2s]
Chessnok: bets $6
ennie1: calls $6
*** RIVER *** [6d 9h 7s 2s] [5s]
Chessnok: checks
ennie1: checks
*** SHOW DOWN ***
Chessnok: shows [7c Qd] (a pair of Sevens)
ennie1: mucks hand
Chessnok collected $29.50 from pot
*** SUMMARY ***
Total pot $30 | Rake $0.50
Board [6d 9h 7s 2s 5s]
Seat 3: Chessnok (big blind) showed [7c Qd] and won ($29.50) with a pair of Sevens
Seat 9: ennie1 (button) (small blind) mucked


PokerStars Hand #150684603879:  Hold'em Limit ($3/$6 USD) - 2016/03/20 20:53:43 ET
Table 'Larissa' 10-max Seat #9 is the button
Seat 3: Chessnok ($243.15 in chips)
Seat 9: ennie1 ($237.75 in chips)
ennie1: posts small blind $1
Chessnok: posts big blind $3
*** HOLE CARDS ***
ennie1: folds
Uncalled bet ($2) returned to Chessnok
Chessnok collected $2 from pot
Chessnok: doesn't show hand
*** SUMMARY ***
Total pot $2 | Rake $0
Seat 3: Chessnok (big blind) collected ($2)
Seat 9: ennie1 (button) (small blind) folded before Flop


PokerStars Hand #150684600781:  Hold'em Limit ($3/$6 USD) - 2016/03/20 20:53:38 ET
Table 'Larissa' 10-max Seat #3 is the button
Seat 3: Chessnok ($240.15 in chips)
Seat 9: ennie1 ($240.75 in chips)
Chessnok: posts small blind $1
ennie1: posts big blind $3
*** HOLE CARDS ***
Chessnok: raises $3 to $6
ennie1: folds
Uncalled bet ($3) returned to Chessnok
Chessnok collected $6 from pot
Chessnok: doesn't show hand
*** SUMMARY ***
Total pot $6 | Rake $0
Seat 3: Chessnok (button) (small blind) collected ($6)
Seat 9: ennie1 (big blind) folded before Flop


PokerStars Hand #150684615615:  Hold'em Limit ($3/$6 USD) - 2016/03/20 20:54:04 ET
Table 'Larissa' 10-max Seat #9 is the button
Seat 3: Chessnok ($226.15 in chips)
Seat 9: ennie1 ($254.25 in chips)
ennie1: posts small blind $1
Chessnok: posts big blind $3
*** HOLE CARDS ***
ennie1: folds
Uncalled bet ($2) returned to Chessnok
Chessnok collected $2 from pot
Chessnok: doesn't show hand
*** SUMMARY ***
Total pot $2 | Rake $0
Seat 3: Chessnok (big blind) collected ($2)
Seat 9: ennie1 (button) (small blind) folded before Flop


PokerStars Hand #150684606374:  Hold'em Limit ($3/$6 USD) - 2016/03/20 20:53:48 ET
Table 'Larissa' 10-max Seat #3 is the button
Seat 3: Chessnok ($244.15 in chips)
Seat 9: ennie1 ($236.75 in chips)
Chessnok: posts small blind $1
ennie1: posts big blind $3
*** HOLE CARDS ***
Chessnok: raises $3 to $6
ennie1: calls $3
*** FLOP *** [8d Qc 2c]
ennie1: checks
Chessnok: bets $3
ennie1: raises $3 to $6
Chessnok: calls $3
*** TURN *** [8d Qc 2c] [4c]
ennie1: bets $6
Chessnok: calls $6
*** RIVER *** [8d Qc 2c 4c] [9d]
ennie1: bets $6
Chessnok: folds
Uncalled bet ($6) returned to ennie1
ennie1 collected $35.50 from pot
ennie1: doesn't show hand
*** SUMMARY ***
Total pot $36 | Rake $0.50
Board [8d Qc 2c 4c 9d]
Seat 3: Chessnok (button) (small blind) folded on the River
Seat 9: ennie1 (big blind) collected ($35.50)


PokerStars Hand #150684575633:  Hold'em Limit ($3/$6 USD) - 2016/03/20 20:52:54 ET
Table 'Larissa' 10-max Seat #3 is the button
Seat 3: Chessnok ($211.15 in chips)
Seat 9: ennie1 ($270.75 in chips)
Chessnok: posts small blind $1
ennie1: posts big blind $3
*** HOLE CARDS ***
Chessnok: raises $3 to $6
ennie1: calls $3
*** FLOP *** [6h 3c 2c]
ennie1: checks
Chessnok: bets $3
ennie1: calls $3
*** TURN *** [6h 3c 2c] [8s]
ennie1: checks
Chessnok: bets $6
ennie1: calls $6
*** RIVER *** [6h 3c 2c 8s] [7s]
ennie1: checks
Chessnok: checks
*** SHOW DOWN ***
ennie1: shows [9h 3h] (a pair of Threes)
Chessnok: shows [Js 3d] (a pair of Threes - Jack kicker)
Chessnok collected $29.50 from pot
*** SUMMARY ***
Total pot $30 | Rake $0.50
Board [6h 3c 2c 8s 7s]
Seat 3: Chessnok (button) (small blind) showed [Js 3d] and won ($29.50) with a pair of Threes
Seat 9: ennie1 (big blind) showed [9h 3h] and lost with a pair of Threes


PokerStars Hand #150684618259:  Hold'em Limit ($3/$6 USD) - 2016/03/20 20:54:09 ET
Table 'Larissa' 10-max Seat #3 is the button
Seat 3: Chessnok ($227.15 in chips)
Seat 9: ennie1 ($253.25 in chips)
Chessnok: posts small blind $1
ennie1: posts big blind $3
*** HOLE CARDS ***
Chessnok: folds
Uncalled bet ($2) returned to ennie1
ennie1 collected $2 from pot
ennie1: doesn't show hand
*** SUMMARY ***
Total pot $2 | Rake $0
Seat 3: Chessnok (button) (small blind) folded before Flop
Seat 9: ennie1 (big blind) collected ($2)


PokerStars Hand #150684623746:  Hold'em Limit ($3/$6 USD) - 2016/03/20 20:54:18 ET
Table 'Larissa' 10-max Seat #9 is the button
Seat 3: Chessnok ($226.15 in chips)
Seat 9: ennie1 ($254.25 in chips)
ennie1: posts small blind $1
Chessnok: posts big blind $3
*** HOLE CARDS ***
Great_Kang leaves the table
ennie1: raises $3 to $6
Chessnok: calls $3
*** FLOP *** [9s 5s 3h]
Chessnok: checks
ennie1: checks
*** TURN *** [9s 5s 3h] [Ac]
Chessnok: checks
ennie1: bets $6
Chessnok: calls $6
*** RIVER *** [9s 5s 3h Ac] [Ah]
Chessnok: checks
ennie1: bets $6
Chessnok: calls $6
*** SHOW DOWN ***
ennie1: shows [Th 8h] (a pair of Aces)
Chessnok: shows [Ks 4c] (a pair of Aces - King kicker)
Chessnok collected $35.50 from pot
*** SUMMARY ***
Total pot $36 | Rake $0.50
Board [9s 5s 3h Ac Ah]
Seat 3: Chessnok (big blind) showed [Ks 4c] and won ($35.50) with a pair of Aces
Seat 9: ennie1 (button) (small blind) showed [Th 8h] and lost with a pair of Aces


PokerStars Hand #150684635075:  Hold'em Limit ($3/$6 USD) - 2016/03/20 20:54:38 ET
Table 'Larissa' 10-max Seat #3 is the button
Seat 3: Chessnok ($243.65 in chips)
Seat 9: ennie1 ($236.25 in chips)
Chessnok: posts small blind $1
ennie1: posts big blind $3
*** HOLE CARDS ***
Chessnok: raises $3 to $6
ennie1: calls $3
*** FLOP *** [5h 8h Qd]
ennie1: checks
Chessnok: bets $3
ennie1: calls $3
*** TURN *** [5h 8h Qd] [5d]
ennie1: checks
Chessnok: checks
*** RIVER *** [5h 8h Qd 5d] [Jd]
ennie1: checks
Chessnok: checks
*** SHOW DOWN ***
ennie1: shows [6c Kd] (a pair of Fives)
Chessnok: shows [Ad 6h] (a pair of Fives - Ace kicker)
Chessnok collected $17.64 from pot
*** SUMMARY ***
Total pot $18 | Rake $0.36
Board [5h 8h Qd 5d Jd]
Seat 3: Chessnok (button) (small blind) showed [Ad 6h] and won ($17.64) with a pair of Fives
Seat 9: ennie1 (big blind) showed [6c Kd] and lost with a pair of Fives


PokerStars Hand #150684644837:  Hold'em Limit ($3/$6 USD) - 2016/03/20 20:54:56 ET
Table 'Larissa' 10-max Seat #9 is the button
Seat 3: Chessnok ($252.29 in chips)
Seat 9: ennie1 ($227.25 in chips)
ennie1: posts small blind $1
Chessnok: posts big blind $3
*** HOLE CARDS ***
ennie1: calls $2
Chessnok: raises $3 to $6
ennie1: raises $3 to $9
Chessnok: calls $3
*** FLOP *** [5s Qd 9d]
Chessnok: checks
ennie1: bets $3
Chessnok: calls $3
*** TURN *** [5s Qd 9d] [8s]
Chessnok: checks
ennie1: bets $6
Chessnok: calls $6
*** RIVER *** [5s Qd 9d 8s] [4c]
Chessnok: checks
ennie1: bets $6
Chessnok: calls $6
*** SHOW DOWN ***
ennie1: shows [7c 7s] (a pair of Sevens)
Chessnok: shows [9c Ac] (a pair of Nines)
Chessnok collected $47.50 from pot
*** SUMMARY ***
Total pot $48 | Rake $0.50
Board [5s Qd 9d 8s 4c]
Seat 3: Chessnok (big blind) showed [9c Ac] and won ($47.50) with a pair of Nines
Seat 9: ennie1 (button) (small blind) showed [7c 7s] and lost with a pair of Sevens


PokerStars Hand #150684660227:  Hold'em Limit ($3/$6 USD) - 2016/03/20 20:55:27 ET
Table 'Larissa' 10-max Seat #3 is the button
Seat 3: Chessnok ($275.79 in chips)
Seat 9: ennie1 ($203.25 in chips)
Chessnok: posts small blind $1
ennie1: posts big blind $3
*** HOLE CARDS ***
Chessnok: folds
Uncalled bet ($2) returned to ennie1
ennie1 collected $2 from pot
ennie1: doesn't show hand
*** SUMMARY ***
Total pot $2 | Rake $0
Seat 3: Chessnok (button) (small blind) folded before Flop
Seat 9: ennie1 (big blind) collected ($2)


PokerStars Hand #150684668663:  Hold'em Limit ($3/$6 USD) - 2016/03/20 20:55:45 ET
Table 'Larissa' 10-max Seat #3 is the button
Seat 3: Chessnok ($275.79 in chips)
Seat 9: ennie1 ($203.25 in chips)
Chessnok: posts small blind $1
ennie1: posts big blind $3
*** HOLE CARDS ***
Chessnok: raises $3 to $6
ennie1: folds
Uncalled bet ($3) returned to Chessnok
Chessnok collected $6 from pot
Chessnok: doesn't show hand
*** SUMMARY ***
Total pot $6 | Rake $0
Seat 3: Chessnok (button) (small blind) collected ($6)
Seat 9: ennie1 (big blind) folded before Flop


PokerStars Hand #150684666426:  Hold'em Limit ($3/$6 USD) - 2016/03/20 20:55:40 ET
Table 'Larissa' 10-max Seat #9 is the button
Seat 3: Chessnok ($274.79 in chips)
Seat 9: ennie1 ($204.25 in chips)
ennie1: posts small blind $1
Chessnok: posts big blind $3
*** HOLE CARDS ***
ennie1: folds
Uncalled bet ($2) returned to Chessnok
Chessnok collected $2 from pot
Chessnok: doesn't show hand
*** SUMMARY ***
Total pot $2 | Rake $0
Seat 3: Chessnok (big blind) collected ($2)
Seat 9: ennie1 (button) (small blind) folded before Flop


PokerStars Hand #150684673175:  Hold'em Limit ($3/$6 USD) - 2016/03/20 20:55:55 ET
Table 'Larissa' 10-max Seat #3 is the button
Seat 3: Chessnok ($279.79 in chips)
Seat 9: ennie1 ($199.25 in chips)
Chessnok: posts small blind $1
ennie1: posts big blind $3
*** HOLE CARDS ***
Chessnok: raises $3 to $6
ennie1: folds
Uncalled bet ($3) returned to Chessnok
Chessnok collected $6 from pot
Chessnok: doesn't show hand
*** SUMMARY ***
Total pot $6 | Rake $0
Seat 3: Chessnok (button) (small blind) collected ($6)
Seat 9: ennie1 (big blind) folded before Flop


PokerStars Hand #150684670849:  Hold'em Limit ($3/$6 USD) - 2016/03/20 20:55:50 ET
Table 'Larissa' 10-max Seat #9 is the button
Seat 3: Chessnok ($278.79 in chips)
Seat 9: ennie1 ($200.25 in chips)
ennie1: posts small blind $1
Chessnok: posts big blind $3
*** HOLE CARDS ***
ennie1: folds
Uncalled bet ($2) returned to Chessnok
Chessnok collected $2 from pot
Chessnok: doesn't show hand
*** SUMMARY ***
Total pot $2 | Rake $0
Seat 3: Chessnok (big blind) collected ($2)
Seat 9: ennie1 (button) (small blind) folded before Flop


PokerStars Hand #150684675388:  Hold'em Limit ($3/$6 USD) - 2016/03/20 20:56:00 ET
Table 'Larissa' 10-max Seat #9 is the button
Seat 3: Chessnok ($282.79 in chips)
Seat 9: ennie1 ($196.25 in chips)
ennie1: posts small blind $1
Chessnok: posts big blind $3
*** HOLE CARDS ***
ennie1: folds
Uncalled bet ($2) returned to Chessnok
Chessnok collected $2 from pot
Chessnok: doesn't show hand
*** SUMMARY ***
Total pot $2 | Rake $0
Seat 3: Chessnok (big blind) collected ($2)
Seat 9: ennie1 (button) (small blind) folded before Flop


PokerStars Hand #150684684980:  Hold'em Limit ($3/$6 USD) - 2016/03/20 20:56:20 ET
Table 'Larissa' 10-max Seat #9 is the button
Seat 3: Chessnok ($292.43 in chips)
Seat 9: ennie1 ($186.25 in chips)
ennie1: posts small blind $1
Chessnok: posts big blind $3
*** HOLE CARDS ***
ennie1: calls $2
Chessnok: checks
*** FLOP *** [4c Js As]
Chessnok: checks
ennie1: checks
*** TURN *** [4c Js As] [Ts]
Chessnok: checks
ennie1: bets $6
Chessnok: calls $6
*** RIVER *** [4c Js As Ts] [4d]
Chessnok: checks
ennie1: bets $6
Chessnok: folds
Uncalled bet ($6) returned to ennie1
ennie1 collected $17.64 from pot
ennie1: doesn't show hand
*** SUMMARY ***
Total pot $18 | Rake $0.36
Board [4c Js As Ts 4d]
Seat 3: Chessnok (big blind) folded on the River
Seat 9: ennie1 (button) (small blind) collected ($17.64)


PokerStars Hand #150684697227:  Hold'em Limit ($3/$6 USD) - 2016/03/20 20:56:47 ET
Table 'Larissa' 10-max Seat #3 is the button
Seat 3: Chessnok ($283.43 in chips)
Seat 9: ennie1 ($194.89 in chips)
Chessnok: posts small blind $1
ennie1: posts big blind $3
*** HOLE CARDS ***
Chessnok: raises $3 to $6
ennie1: calls $3
*** FLOP *** [Qs Jd 7h]
ennie1: checks
Chessnok: checks
*** TURN *** [Qs Jd 7h] [Kh]
ennie1: checks
Chessnok: checks
*** RIVER *** [Qs Jd 7h Kh] [Jc]
ennie1: checks
Chessnok: checks
*** SHOW DOWN ***
ennie1: shows [Tc 8c] (a pair of Jacks)
Chessnok: shows [5s Ts] (a pair of Jacks)
ennie1 collected $5.88 from pot
Chessnok collected $5.88 from pot
*** SUMMARY ***
Total pot $12 | Rake $0.24
Board [Qs Jd 7h Kh Jc]
Seat 3: Chessnok (button) (small blind) showed [5s Ts] and won ($5.88) with a pair of Jacks
Seat 9: ennie1 (big blind) showed [Tc 8c] and won ($5.88) with a pair of Jacks


PokerStars Hand #150684678158:  Hold'em Limit ($3/$6 USD) - 2016/03/20 20:56:06 ET
Table 'Larissa' 10-max Seat #3 is the button
Seat 3: Chessnok ($283.79 in chips)
Seat 9: ennie1 ($195.25 in chips)
Chessnok: posts small blind $1
ennie1: posts big blind $3
*** HOLE CARDS ***
Chessnok: raises $3 to $6
ennie1: calls $3
*** FLOP *** [2d 5c 9s]
ennie1: checks
Chessnok: bets $3
ennie1: calls $3
*** TURN *** [2d 5c 9s] [Kh]
ennie1: checks
Chessnok: bets $6
ennie1: folds
Uncalled bet ($6) returned to Chessnok
Chessnok collected $17.64 from pot
Chessnok: doesn't show hand
*** SUMMARY ***
Total pot $18 | Rake $0.36
Board [2d 5c 9s Kh]
Seat 3: Chessnok (button) (small blind) collected ($17.64)
Seat 9: ennie1 (big blind) folded on the Turn


PokerStars Hand #150684714560:  Hold'em Limit ($3/$6 USD) - 2016/03/20 20:57:24 ET
Table 'Larissa' 10-max Seat #3 is the button
Seat 3: Chessnok ($280.31 in chips)
Seat 9: ennie1 ($197.65 in chips)
Chessnok: posts small blind $1
ennie1: posts big blind $3
*** HOLE CARDS ***
Chessnok: raises $3 to $6
ennie1: folds
Uncalled bet ($3) returned to Chessnok
Chessnok collected $6 from pot
Chessnok: doesn't show hand
*** SUMMARY ***
Total pot $6 | Rake $0
Seat 3: Chessnok (button) (small blind) collected ($6)
Seat 9: ennie1 (big blind) folded before Flop


PokerStars Hand #150684706391:  Hold'em Limit ($3/$6 USD) - 2016/03/20 20:57:06 ET
Table 'Larissa' 10-max Seat #9 is the button
Seat 3: Chessnok ($283.31 in chips)
Seat 9: ennie1 ($194.77 in chips)
ennie1: posts small blind $1
Chessnok: posts big blind $3
*** HOLE CARDS ***
ennie1: calls $2
Chessnok: checks
*** FLOP *** [6d Th Js]
Chessnok: checks
ennie1: bets $3
Chessnok: folds
Uncalled bet ($3) returned to ennie1
ennie1 collected $5.88 from pot
ennie1: doesn't show hand
*** SUMMARY ***
Total pot $6 | Rake $0.12
Board [6d Th Js]
Seat 3: Chessnok (big blind) folded on the Flop
Seat 9: ennie1 (button) (small blind) collected ($5.88)


PokerStars Hand #150684724676:  Hold'em Limit ($3/$6 USD) - 2016/03/20 20:57:45 ET
Table 'Larissa' 10-max Seat #3 is the button
Seat 3: Chessnok ($291.95 in chips)
Seat 9: ennie1 ($185.65 in chips)
Chessnok: posts small blind $1
ennie1: posts big blind $3
*** HOLE CARDS ***
Chessnok: folds
Uncalled bet ($2) returned to ennie1
ennie1 collected $2 from pot
ennie1: doesn't show hand
*** SUMMARY ***
Total pot $2 | Rake $0
Seat 3: Chessnok (button) (small blind) folded before Flop
Seat 9: ennie1 (big blind) collected ($2)


PokerStars Hand #150684717627:  Hold'em Limit ($3/$6 USD) - 2016/03/20 20:57:30 ET
Table 'Larissa' 10-max Seat #9 is the button
Seat 3: Chessnok ($283.31 in chips)
Seat 9: ennie1 ($194.65 in chips)
ennie1: posts small blind $1
Chessnok: posts big blind $3
*** HOLE CARDS ***
ennie1: calls $2
Chessnok: checks
*** FLOP *** [As 6s 6d]
Chessnok: checks
ennie1: checks
*** TURN *** [As 6s 6d] [8s]
Chessnok: bets $6
ennie1: calls $6
*** RIVER *** [As 6s 6d 8s] [4c]
Chessnok: checks
ennie1: checks
*** SHOW DOWN ***
Chessnok: shows [4s 5c] (two pair, Sixes and Fours)
ennie1: mucks hand
Chessnok collected $17.64 from pot
*** SUMMARY ***
Total pot $18 | Rake $0.36
Board [As 6s 6d 8s 4c]
Seat 3: Chessnok (big blind) showed [4s 5c] and won ($17.64) with two pair, Sixes and Fours
Seat 9: ennie1 (button) (small blind) mucked


PokerStars Hand #150684726933:  Hold'em Limit ($3/$6 USD) - 2016/03/20 20:57:50 ET
Table 'Larissa' 10-max Seat #9 is the button
Seat 3: Chessnok ($290.95 in chips)
Seat 9: ennie1 ($186.65 in chips)
ennie1: posts small blind $1
Chessnok: posts big blind $3
*** HOLE CARDS ***
ennie1: calls $2
Chessnok: raises $3 to $6
ennie1: calls $3
*** FLOP *** [9d Qc Ks]
Chessnok: bets $3
ennie1: calls $3
*** TURN *** [9d Qc Ks] [Qd]
Chessnok: checks
ennie1: checks
*** RIVER *** [9d Qc Ks Qd] [9h]
Chessnok: checks
ennie1: bets $6
Chessnok: calls $6
*** SHOW DOWN ***
ennie1: shows [9c Ad] (a full house, Nines full of Queens)
Chessnok: mucks hand
ennie1 collected $29.50 from pot
*** SUMMARY ***
Total pot $30 | Rake $0.50
Board [9d Qc Ks Qd 9h]
Seat 3: Chessnok (big blind) mucked
Seat 9: ennie1 (button) (small blind) showed [9c Ad] and won ($29.50) with a full house, Nines full of Queens


PokerStars Hand #150684735354:  Hold'em Limit ($3/$6 USD) - 2016/03/20 20:58:08 ET
Table 'Larissa' 10-max Seat #3 is the button
Seat 3: Chessnok ($275.95 in chips)
Seat 9: ennie1 ($201.15 in chips)
Chessnok: posts small blind $1
ennie1: posts big blind $3
*** HOLE CARDS ***
Chessnok: raises $3 to $6
ennie1: calls $3
*** FLOP *** [Ah 6d 9h]
ennie1: checks
Chessnok: bets $3
ennie1: raises $3 to $6
Chessnok: calls $3
*** TURN *** [Ah 6d 9h] [Ks]
ennie1: bets $6
Chessnok: calls $6
*** RIVER *** [Ah 6d 9h Ks] [Kc]
ennie1: bets $6
Chessnok: raises $6 to $12
ennie1: folds
Uncalled bet ($6) returned to Chessnok
Chessnok collected $47.50 from pot
Chessnok: doesn't show hand
*** SUMMARY ***
Total pot $48 | Rake $0.50
Board [Ah 6d 9h Ks Kc]
Seat 3: Chessnok (button) (small blind) collected ($47.50)
Seat 9: ennie1 (big blind) folded on the River


PokerStars Hand #150684752217:  Hold'em Limit ($3/$6 USD) - 2016/03/20 20:58:45 ET
Table 'Larissa' 10-max Seat #9 is the button
Seat 3: Chessnok ($299.45 in chips)
Seat 9: ennie1 ($177.15 in chips)
ennie1: posts small blind $1
Chessnok: posts big blind $3
*** HOLE CARDS ***
ennie1: calls $2
Chessnok: checks
*** FLOP *** [9h 7d 5h]
Chessnok: checks
ennie1: checks
*** TURN *** [9h 7d 5h] [5d]
Chessnok: bets $6
ennie1: calls $6
*** RIVER *** [9h 7d 5h 5d] [Qc]
Chessnok: bets $6
ennie1: folds
Uncalled bet ($6) returned to Chessnok
Chessnok collected $17.64 from pot
Chessnok: doesn't show hand
*** SUMMARY ***
Total pot $18 | Rake $0.36
Board [9h 7d 5h 5d Qc]
Seat 3: Chessnok (big blind) collected ($17.64)
Seat 9: ennie1 (button) (small blind) folded on the River


PokerStars Hand #150684766470:  Hold'em Limit ($3/$6 USD) - 2016/03/20 20:59:15 ET
Table 'Larissa' 10-max Seat #9 is the button
Seat 3: Chessnok ($299.09 in chips)
Seat 9: ennie1 ($176.79 in chips)
ennie1: posts small blind $1
Chessnok: posts big blind $3
*** HOLE CARDS ***
ennie1: calls $2
Chessnok: checks
*** FLOP *** [8h 8s 6h]
Chessnok: checks
ennie1: checks
*** TURN *** [8h 8s 6h] [2d]
Chessnok: bets $6
ennie1: calls $6
*** RIVER *** [8h 8s 6h 2d] [4h]
Chessnok: bets $6
ennie1: calls $6
*** SHOW DOWN ***
Chessnok: shows [3c 9h] (a pair of Eights)
ennie1: shows [2c 7c] (two pair, Eights and Deuces)
ennie1 collected $29.50 from pot
*** SUMMARY ***
Total pot $30 | Rake $0.50
Board [8h 8s 6h 2d 4h]
Seat 3: Chessnok (big blind) showed [3c 9h] and lost with a pair of Eights
Seat 9: ennie1 (button) (small blind) showed [2c 7c] and won ($29.50) with two pair, Eights and Deuces


PokerStars Hand #150684777502:  Hold'em Limit ($3/$6 USD) - 2016/03/20 20:59:39 ET
Table 'Larissa' 10-max Seat #3 is the button
Seat 3: Chessnok ($284.09 in chips)
Seat 9: ennie1 ($191.29 in chips)
Chessnok: posts small blind $1
ennie1: posts big blind $3
*** HOLE CARDS ***
Chessnok: raises $3 to $6
ennie1: calls $3
*** FLOP *** [Ks Kd 5h]
ennie1: checks
Chessnok: bets $3
ennie1: calls $3
*** TURN *** [Ks Kd 5h] [5s]
ennie1: checks
Chessnok: bets $6
ennie1: raises $6 to $12
Chessnok: folds
Uncalled bet ($6) returned to ennie1
ennie1 collected $29.50 from pot
ennie1: doesn't show hand
*** SUMMARY ***
Total pot $30 | Rake $0.50
Board [Ks Kd 5h 5s]
Seat 3: Chessnok (button) (small blind) folded on the Turn
Seat 9: ennie1 (big blind) collected ($29.50)


PokerStars Hand #150684758377:  Hold'em Limit ($3/$6 USD) - 2016/03/20 20:58:58 ET
Table 'Larissa' 10-max Seat #3 is the button
Seat 3: Chessnok ($308.09 in chips)
Seat 9: ennie1 ($168.15 in chips)
Chessnok: posts small blind $1
ennie1: posts big blind $3
*** HOLE CARDS ***
Chessnok: raises $3 to $6
ennie1: calls $3
*** FLOP *** [6h Js Ah]
ennie1: checks
Chessnok: bets $3
ennie1: raises $3 to $6
Chessnok: folds
Uncalled bet ($3) returned to ennie1
ennie1 collected $17.64 from pot
ennie1: doesn't show hand
*** SUMMARY ***
Total pot $18 | Rake $0.36
Board [6h Js Ah]
Seat 3: Chessnok (button) (small blind) folded on the Flop
Seat 9: ennie1 (big blind) collected ($17.64)


PokerStars Hand #150684794393:  Hold'em Limit ($3/$6 USD) - 2016/03/20 21:00:13 ET
Table 'Larissa' 10-max Seat #3 is the button
Seat 3: Chessnok ($248.09 in chips)
Seat 9: ennie1 ($226.29 in chips)
Chessnok: posts small blind $1
ennie1: posts big blind $3
*** HOLE CARDS ***
Chessnok: raises $3 to $6
ennie1: calls $3
*** FLOP *** [8s Js 4s]
ennie1: checks
Chessnok: bets $3
ennie1: calls $3
*** TURN *** [8s Js 4s] [7c]
ennie1: checks
Chessnok: checks
*** RIVER *** [8s Js 4s 7c] [Qc]
ennie1: checks
Chessnok: checks
*** SHOW DOWN ***
ennie1: shows [Td 8h] (a pair of Eights)
Chessnok: mucks hand
ennie1 collected $17.64 from pot
*** SUMMARY ***
Total pot $18 | Rake $0.36
Board [8s Js 4s 7c Qc]
Seat 3: Chessnok (button) (small blind) mucked
Seat 9: ennie1 (big blind) showed [Td 8h] and won ($17.64) with a pair of Eights


PokerStars Hand #150684784962:  Hold'em Limit ($3/$6 USD) - 2016/03/20 20:59:55 ET
Table 'Larissa' 10-max Seat #9 is the button
Seat 3: Chessnok ($269.09 in chips)
Seat 9: ennie1 ($205.79 in chips)
ennie1: posts small blind $1
Chessnok: posts big blind $3
*** HOLE CARDS ***
ennie1: raises $3 to $6
Chessnok: raises $3 to $9
ennie1: raises $3 to $12
Betting is capped
Chessnok: calls $3
*** FLOP *** [4c 2c 4s]
Chessnok: checks
ennie1: bets $3
Chessnok: calls $3
*** TURN *** [4c 2c 4s] [2d]
Chessnok: checks
ennie1: bets $6
Chessnok: calls $6
*** RIVER *** [4c 2c 4s 2d] [9c]
Chessnok: checks
ennie1: bets $6
Chessnok: folds
Uncalled bet ($6) returned to ennie1
ennie1 collected $41.50 from pot
ennie1: doesn't show hand
*** SUMMARY ***
Total pot $42 | Rake $0.50
Board [4c 2c 4s 2d 9c]
Seat 3: Chessnok (big blind) folded on the River
Seat 9: ennie1 (button) (small blind) collected ($41.50)


