PokerStars Hand #168478422645:  Hold'em Limit ($3/$6 USD) - 2017/04/02 13:56:47 ET
Table 'Lassell' 6-max Seat #5 is the button
Seat 2: HAL9QQQ ($120 in chips)
Seat 5: GoliafUa ($133.64 in chips)
Fabulous108 will be allowed to play after the button
GoliafUa: posts small blind $1
HAL9QQQ: posts big blind $3
*** HOLE CARDS ***
Fabulous108 leaves the table
Norbert-04 leaves the table
GoliafUa: folds
Uncalled bet ($2) returned to HAL9QQQ
Jack_Wu1985 leaves the table
HAL9QQQ collected $2 from pot
HAL9QQQ: doesn't show hand
*** SUMMARY ***
Total pot $2 | Rake $0
Seat 2: HAL9QQQ (big blind) collected ($2)
Seat 5: GoliafUa (button) (small blind) folded before Flop


PokerStars Hand #168484652909:  Hold'em Limit ($3/$6 USD) - 2017/04/02 15:31:09 ET
Table 'Lassell' 6-max Seat #4 is the button
Seat 3: sismos404 ($90.99 in chips)
Seat 4: B_loJkl ($125 in chips)
B_loJkl: posts small blind $1
krytalex: is sitting out
sismos404: posts big blind $3
*** HOLE CARDS ***
RSA53 joins the table at seat #6
B_loJkl: raises $3 to $6
sismos404: raises $3 to $9
B_loJkl: calls $3
*** FLOP *** [9h 6h 8c]
sismos404: bets $3
B_loJkl: folds
Uncalled bet ($3) returned to sismos404
sismos404 collected $17.64 from pot
*** SUMMARY ***
Total pot $18 | Rake $0.36
Board [9h 6h 8c]
Seat 3: sismos404 (big blind) collected ($17.64)
Seat 4: B_loJkl (button) (small blind) folded on the Flop


PokerStars Hand #168484680913:  Hold'em Limit ($3/$6 USD) - 2017/04/02 15:31:35 ET
Table 'Lassell' 6-max Seat #3 is the button
Seat 3: sismos404 ($99.63 in chips)
Seat 4: B_loJkl ($116 in chips)
sismos404: posts small blind $1
B_loJkl: posts big blind $3
*** HOLE CARDS ***
sismos404: folds
Uncalled bet ($2) returned to B_loJkl
B_loJkl collected $2 from pot
B_loJkl: doesn't show hand
*** SUMMARY ***
Total pot $2 | Rake $0
Seat 3: sismos404 (button) (small blind) folded before Flop
Seat 4: B_loJkl (big blind) collected ($2)


