PokerStars Hand #148701904522:  Hold'em Limit ($3/$6 USD) - 2016/02/12 19:01:10 ET
Table 'Latona' 6-max Seat #3 is the button
Seat 1: 69benji ($156.71 in chips)
Seat 3: BelSv ($79 in chips)
BelSv: posts small blind $1
69benji: posts big blind $3
*** HOLE CARDS ***
BelSv: folds
Uncalled bet ($2) returned to 69benji
69benji collected $2 from pot
*** SUMMARY ***
Total pot $2 | Rake $0
Seat 1: 69benji (big blind) collected ($2)
Seat 3: BelSv (button) (small blind) folded before Flop


PokerStars Hand #148701900500:  Hold'em Limit ($3/$6 USD) - 2016/02/12 19:01:04 ET
Table 'Latona' 6-max Seat #1 is the button
Seat 1: 69benji ($157.71 in chips)
Seat 3: BelSv ($78 in chips)
69benji: posts small blind $1
Chessnok: is sitting out
BelSv: posts big blind $3
*** HOLE CARDS ***
69benji: folds
Uncalled bet ($2) returned to BelSv
BelSv collected $2 from pot
BelSv: doesn't show hand
*** SUMMARY ***
Total pot $2 | Rake $0
Seat 1: 69benji (button) (small blind) folded before Flop
Seat 3: BelSv (big blind) collected ($2)


PokerStars Hand #148704736567:  Hold'em Limit ($3/$6 USD) - 2016/02/12 20:08:58 ET
Table 'Latona' 6-max Seat #3 is the button
Seat 3: BelSv ($78 in chips)
Seat 5: hassan67 ($120 in chips)
BelSv: posts small blind $1
hassan67: posts big blind $3
*** HOLE CARDS ***
BelSv: raises $3 to $6
hassan67: calls $3
*** FLOP *** [5c As Tc]
GoliafUa joins the table at seat #6
hassan67: checks
BelSv: bets $3
hassan67: calls $3
*** TURN *** [5c As Tc] [Js]
hassan67: checks
BelSv: bets $6
hassan67: raises $6 to $12
BelSv: calls $6
*** RIVER *** [5c As Tc Js] [3s]
hassan67: checks
BelSv: checks
*** SHOW DOWN ***
hassan67: shows [2c Qc] (high card Ace)
BelSv: shows [8c 3c] (a pair of Threes)
BelSv collected $41.50 from pot
*** SUMMARY ***
Total pot $42 | Rake $0.50
Board [5c As Tc Js 3s]
Seat 3: BelSv (button) (small blind) showed [8c 3c] and won ($41.50) with a pair of Threes
Seat 5: hassan67 (big blind) showed [2c Qc] and lost with high card Ace


PokerStars Hand #148704793475:  Hold'em Limit ($3/$6 USD) - 2016/02/12 20:10:29 ET
Table 'Latona' 6-max Seat #3 is the button
Seat 3: BelSv ($127.64 in chips)
Seat 5: hassan67 ($69 in chips)
BelSv: posts small blind $1
hassan67: posts big blind $3
*** HOLE CARDS ***
BelSv: folds
Uncalled bet ($2) returned to hassan67
hassan67 collected $2 from pot
*** SUMMARY ***
Total pot $2 | Rake $0
Seat 3: BelSv (button) (small blind) folded before Flop
Seat 5: hassan67 (big blind) collected ($2)


PokerStars Hand #148704786663:  Hold'em Limit ($3/$6 USD) - 2016/02/12 20:10:18 ET
Table 'Latona' 6-max Seat #5 is the button
Seat 3: BelSv ($130.64 in chips)
Seat 5: hassan67 ($66 in chips)
hassan67: posts small blind $1
BelSv: posts big blind $3
*** HOLE CARDS ***
hassan67: raises $3 to $6
PinkTaxa joins the table at seat #1
BelSv: folds
Uncalled bet ($3) returned to hassan67
hassan67 collected $6 from pot
*** SUMMARY ***
Total pot $6 | Rake $0
Seat 3: BelSv (big blind) folded before Flop
Seat 5: hassan67 (button) (small blind) collected ($6)


PokerStars Hand #148704761225:  Hold'em Limit ($3/$6 USD) - 2016/02/12 20:09:38 ET
Table 'Latona' 6-max Seat #5 is the button
Seat 3: BelSv ($98.50 in chips)
Seat 5: hassan67 ($99 in chips)
hassan67: posts small blind $1
BelSv: posts big blind $3
*** HOLE CARDS ***
hassan67: raises $3 to $6
BelSv: calls $3
*** FLOP *** [Td As 8c]
BelSv: checks
hassan67: bets $3
BelSv: calls $3
*** TURN *** [Td As 8c] [3c]
BelSv: checks
hassan67: checks
*** RIVER *** [Td As 8c 3c] [Qs]
BelSv: bets $6
hassan67: folds
Uncalled bet ($6) returned to BelSv
BelSv collected $17.64 from pot
BelSv: doesn't show hand
*** SUMMARY ***
Total pot $18 | Rake $0.36
Board [Td As 8c 3c Qs]
Seat 3: BelSv (big blind) collected ($17.64)
Seat 5: hassan67 (button) (small blind) folded on the River


PokerStars Hand #148705360863:  Hold'em Limit ($3/$6 USD) - 2016/02/12 20:26:13 ET
Table 'Latona' 6-max Seat #5 is the button
Seat 3: BelSv ($110.57 in chips)
Seat 5: hassan67 ($157.64 in chips)
hassan67: posts small blind $1
BelSv: posts big blind $3
*** HOLE CARDS ***
hassan67: raises $3 to $6
PinkTaxa leaves the table
BelSv: raises $3 to $9
hassan67: calls $3
*** FLOP *** [Qc 6c 8c]
BelSv: bets $3
hassan67: calls $3
*** TURN *** [Qc 6c 8c] [4h]
BelSv: bets $6
hassan67: calls $6
*** RIVER *** [Qc 6c 8c 4h] [Ah]
BelSv: checks
hassan67: checks
*** SHOW DOWN ***
BelSv: shows [6h Kh] (a pair of Sixes)
hassan67: shows [Qh Td] (a pair of Queens)
hassan67 collected $35.50 from pot
*** SUMMARY ***
Total pot $36 | Rake $0.50
Board [Qc 6c 8c 4h Ah]
Seat 3: BelSv (big blind) showed [6h Kh] and lost with a pair of Sixes
Seat 5: hassan67 (button) (small blind) showed [Qh Td] and won ($35.50) with a pair of Queens


PokerStars Hand #148705376241:  Hold'em Limit ($3/$6 USD) - 2016/02/12 20:26:39 ET
Table 'Latona' 6-max Seat #3 is the button
Seat 3: BelSv ($92.57 in chips)
Seat 5: hassan67 ($175.14 in chips)
BelSv: posts small blind $1
hassan67: posts big blind $3
*** HOLE CARDS ***
BelSv: raises $3 to $6
hassan67: calls $3
*** FLOP *** [8d 5d 5h]
hassan67: checks
BelSv: bets $3
hassan67: calls $3
*** TURN *** [8d 5d 5h] [9s]
hassan67: checks
BelSv: bets $6
hassan67: calls $6
*** RIVER *** [8d 5d 5h 9s] [6d]
hassan67: checks
BelSv: bets $6
hassan67: raises $6 to $12
BelSv: calls $6
*** SHOW DOWN ***
hassan67: shows [Jd 4d] (a flush, Jack high)
BelSv: mucks hand
hassan67 collected $53.50 from pot
*** SUMMARY ***
Total pot $54 | Rake $0.50
Board [8d 5d 5h 9s 6d]
Seat 3: BelSv (button) (small blind) mucked
Seat 5: hassan67 (big blind) showed [Jd 4d] and won ($53.50) with a flush, Jack high


PokerStars Hand #148705392986:  Hold'em Limit ($3/$6 USD) - 2016/02/12 20:27:08 ET
Table 'Latona' 6-max Seat #5 is the button
Seat 3: BelSv ($78 in chips)
Seat 5: hassan67 ($201.64 in chips)
hassan67: posts small blind $1
BelSv: posts big blind $3
*** HOLE CARDS ***
hassan67: raises $3 to $6
BelSv: raises $3 to $9
hassan67: calls $3
*** FLOP *** [8c 9s Qs]
BelSv: checks
hassan67: checks
*** TURN *** [8c 9s Qs] [8s]
BelSv: checks
hassan67: bets $6
BelSv: calls $6
*** RIVER *** [8c 9s Qs 8s] [Js]
BelSv: bets $6
hassan67: folds
Uncalled bet ($6) returned to BelSv
BelSv collected $29.50 from pot
BelSv: doesn't show hand
*** SUMMARY ***
Total pot $30 | Rake $0.50
Board [8c 9s Qs 8s Js]
Seat 3: BelSv (big blind) collected ($29.50)
Seat 5: hassan67 (button) (small blind) folded on the River


PokerStars Hand #148705440066:  Hold'em Limit ($3/$6 USD) - 2016/02/12 20:28:28 ET
Table 'Latona' 6-max Seat #3 is the button
Seat 3: BelSv ($103 in chips)
Seat 5: hassan67 ($175.16 in chips)
BelSv: posts small blind $1
hassan67: posts big blind $3
*** HOLE CARDS ***
BelSv: raises $3 to $6
hassan67: folds
Uncalled bet ($3) returned to BelSv
BelSv collected $6 from pot
BelSv: doesn't show hand
*** SUMMARY ***
Total pot $6 | Rake $0
Seat 3: BelSv (button) (small blind) collected ($6)
Seat 5: hassan67 (big blind) folded before Flop


PokerStars Hand #148705433805:  Hold'em Limit ($3/$6 USD) - 2016/02/12 20:28:17 ET
Table 'Latona' 6-max Seat #5 is the button
Seat 3: BelSv ($109 in chips)
Seat 5: hassan67 ($169.40 in chips)
hassan67: posts small blind $1
BelSv: posts big blind $3
*** HOLE CARDS ***
hassan67: raises $3 to $6
BelSv: calls $3
*** FLOP *** [2h Js Kd]
BelSv: checks
hassan67: bets $3
BelSv: folds
Uncalled bet ($3) returned to hassan67
hassan67 collected $11.76 from pot
*** SUMMARY ***
Total pot $12 | Rake $0.24
Board [2h Js Kd]
Seat 3: BelSv (big blind) folded on the Flop
Seat 5: hassan67 (button) (small blind) collected ($11.76)


PokerStars Hand #148705410037:  Hold'em Limit ($3/$6 USD) - 2016/02/12 20:27:37 ET
Table 'Latona' 6-max Seat #3 is the button
Seat 3: BelSv ($92.50 in chips)
Seat 5: hassan67 ($186.64 in chips)
BelSv: posts small blind $1
hassan67: posts big blind $3
*** HOLE CARDS ***
BelSv: raises $3 to $6
hassan67: raises $3 to $9
BelSv: calls $3
*** FLOP *** [2c 3h 7c]
hassan67: bets $3
BelSv: calls $3
*** TURN *** [2c 3h 7c] [Ac]
hassan67: bets $6
BelSv: calls $6
*** RIVER *** [2c 3h 7c Ac] [4d]
hassan67: checks
BelSv: bets $6
hassan67: calls $6
*** SHOW DOWN ***
BelSv: shows [4h 4c] (three of a kind, Fours)
hassan67: mucks hand
BelSv collected $47.50 from pot
*** SUMMARY ***
Total pot $48 | Rake $0.50
Board [2c 3h 7c Ac 4d]
Seat 3: BelSv (button) (small blind) showed [4h 4c] and won ($47.50) with three of a kind, Fours
Seat 5: hassan67 (big blind) mucked


PokerStars Hand #148705421657:  Hold'em Limit ($3/$6 USD) - 2016/02/12 20:27:56 ET
Table 'Latona' 6-max Seat #5 is the button
Seat 3: BelSv ($116 in chips)
Seat 5: hassan67 ($162.64 in chips)
hassan67: posts small blind $1
BelSv: posts big blind $3
*** HOLE CARDS ***
hassan67: raises $3 to $6
BelSv: calls $3
*** FLOP *** [6s Ts 5d]
BelSv: checks
hassan67: bets $3
BelSv: folds
Uncalled bet ($3) returned to hassan67
hassan67 collected $11.76 from pot
*** SUMMARY ***
Total pot $12 | Rake $0.24
Board [6s Ts 5d]
Seat 3: BelSv (big blind) folded on the Flop
Seat 5: hassan67 (button) (small blind) collected ($11.76)


PokerStars Hand #148705426626:  Hold'em Limit ($3/$6 USD) - 2016/02/12 20:28:05 ET
Table 'Latona' 6-max Seat #3 is the button
Seat 3: BelSv ($110 in chips)
Seat 5: hassan67 ($168.40 in chips)
BelSv: posts small blind $1
hassan67: posts big blind $3
*** HOLE CARDS ***
BelSv: folds
Uncalled bet ($2) returned to hassan67
hassan67 collected $2 from pot
*** SUMMARY ***
Total pot $2 | Rake $0
Seat 3: BelSv (button) (small blind) folded before Flop
Seat 5: hassan67 (big blind) collected ($2)


PokerStars Hand #148705443605:  Hold'em Limit ($3/$6 USD) - 2016/02/12 20:28:34 ET
Table 'Latona' 6-max Seat #5 is the button
Seat 3: BelSv ($106 in chips)
Seat 5: hassan67 ($172.16 in chips)
hassan67: posts small blind $1
BelSv: posts big blind $3
*** HOLE CARDS ***
hassan67: raises $3 to $6
BelSv: calls $3
*** FLOP *** [7d 4h 5h]
BelSv: checks
hassan67: bets $3
BelSv: calls $3
*** TURN *** [7d 4h 5h] [Qs]
BelSv: checks
hassan67: bets $6
BelSv: folds
Uncalled bet ($6) returned to hassan67
hassan67 collected $17.64 from pot
*** SUMMARY ***
Total pot $18 | Rake $0.36
Board [7d 4h 5h Qs]
Seat 3: BelSv (big blind) folded on the Turn
Seat 5: hassan67 (button) (small blind) collected ($17.64)


PokerStars Hand #148705458168:  Hold'em Limit ($3/$6 USD) - 2016/02/12 20:28:59 ET
Table 'Latona' 6-max Seat #5 is the button
Seat 3: BelSv ($88 in chips)
Seat 5: hassan67 ($189.44 in chips)
hassan67: posts small blind $1
BelSv: posts big blind $3
*** HOLE CARDS ***
hassan67: raises $3 to $6
BelSv: folds
Uncalled bet ($3) returned to hassan67
hassan67 collected $6 from pot
*** SUMMARY ***
Total pot $6 | Rake $0
Seat 3: BelSv (big blind) folded before Flop
Seat 5: hassan67 (button) (small blind) collected ($6)


PokerStars Hand #148705450836:  Hold'em Limit ($3/$6 USD) - 2016/02/12 20:28:46 ET
Table 'Latona' 6-max Seat #3 is the button
Seat 3: BelSv ($97 in chips)
Seat 5: hassan67 ($180.80 in chips)
BelSv: posts small blind $1
hassan67: posts big blind $3
*** HOLE CARDS ***
BelSv: raises $3 to $6
hassan67: raises $3 to $9
BelSv: calls $3
*** FLOP *** [Ah 9d 4c]
hassan67: bets $3
BelSv: folds
Uncalled bet ($3) returned to hassan67
hassan67 collected $17.64 from pot
*** SUMMARY ***
Total pot $18 | Rake $0.36
Board [Ah 9d 4c]
Seat 3: BelSv (button) (small blind) folded on the Flop
Seat 5: hassan67 (big blind) collected ($17.64)


PokerStars Hand #148705462774:  Hold'em Limit ($3/$6 USD) - 2016/02/12 20:29:07 ET
Table 'Latona' 6-max Seat #3 is the button
Seat 3: BelSv ($85 in chips)
Seat 5: hassan67 ($192.44 in chips)
BelSv: posts small blind $1
hassan67: posts big blind $3
*** HOLE CARDS ***
BelSv: raises $3 to $6
hassan67: folds
Uncalled bet ($3) returned to BelSv
BelSv collected $6 from pot
BelSv: doesn't show hand
*** SUMMARY ***
Total pot $6 | Rake $0
Seat 3: BelSv (button) (small blind) collected ($6)
Seat 5: hassan67 (big blind) folded before Flop


PokerStars Hand #148705466342:  Hold'em Limit ($3/$6 USD) - 2016/02/12 20:29:13 ET
Table 'Latona' 6-max Seat #5 is the button
Seat 3: BelSv ($88 in chips)
Seat 5: hassan67 ($189.44 in chips)
hassan67: posts small blind $1
BelSv: posts big blind $3
*** HOLE CARDS ***
hassan67: raises $3 to $6
BelSv: calls $3
*** FLOP *** [As Ad Jc]
BelSv: checks
hassan67: bets $3
BelSv: raises $3 to $6
hassan67: folds
Uncalled bet ($3) returned to BelSv
BelSv collected $17.64 from pot
BelSv: doesn't show hand
*** SUMMARY ***
Total pot $18 | Rake $0.36
Board [As Ad Jc]
Seat 3: BelSv (big blind) collected ($17.64)
Seat 5: hassan67 (button) (small blind) folded on the Flop


PokerStars Hand #148705475758:  Hold'em Limit ($3/$6 USD) - 2016/02/12 20:29:29 ET
Table 'Latona' 6-max Seat #3 is the button
Seat 3: BelSv ($96.64 in chips)
Seat 5: hassan67 ($180.44 in chips)
BelSv: posts small blind $1
hassan67: posts big blind $3
*** HOLE CARDS ***
BelSv: raises $3 to $6
hassan67: calls $3
*** FLOP *** [4h Qs Qh]
hassan67: checks
BelSv: bets $3
hassan67: calls $3
*** TURN *** [4h Qs Qh] [2c]
hassan67: checks
BelSv: checks
*** RIVER *** [4h Qs Qh 2c] [2d]
hassan67: bets $6
BelSv: folds
Uncalled bet ($6) returned to hassan67
hassan67 collected $17.64 from pot
*** SUMMARY ***
Total pot $18 | Rake $0.36
Board [4h Qs Qh 2c 2d]
Seat 3: BelSv (button) (small blind) folded on the River
Seat 5: hassan67 (big blind) collected ($17.64)


PokerStars Hand #148705496453:  Hold'em Limit ($3/$6 USD) - 2016/02/12 20:30:05 ET
Table 'Latona' 6-max Seat #3 is the button
Seat 3: BelSv ($78 in chips)
Seat 5: hassan67 ($206.58 in chips)
BelSv: posts small blind $1
hassan67: posts big blind $3
*** HOLE CARDS ***
BelSv: raises $3 to $6
hassan67: raises $3 to $9
BelSv: calls $3
*** FLOP *** [As Kc Ks]
hassan67: bets $3
BelSv: folds
Uncalled bet ($3) returned to hassan67
hassan67 collected $17.64 from pot
*** SUMMARY ***
Total pot $18 | Rake $0.36
Board [As Kc Ks]
Seat 3: BelSv (button) (small blind) folded on the Flop
Seat 5: hassan67 (big blind) collected ($17.64)


PokerStars Hand #148705487220:  Hold'em Limit ($3/$6 USD) - 2016/02/12 20:29:49 ET
Table 'Latona' 6-max Seat #5 is the button
Seat 3: BelSv ($87.64 in chips)
Seat 5: hassan67 ($189.08 in chips)
hassan67: posts small blind $1
BelSv: posts big blind $3
*** HOLE CARDS ***
hassan67: raises $3 to $6
BelSv: calls $3
*** FLOP *** [Ts Tc 7d]
BelSv: checks
hassan67: bets $3
BelSv: raises $3 to $6
hassan67: calls $3
*** TURN *** [Ts Tc 7d] [Td]
BelSv: bets $6
hassan67: raises $6 to $12
BelSv: folds
Uncalled bet ($6) returned to hassan67
hassan67 collected $35.50 from pot
*** SUMMARY ***
Total pot $36 | Rake $0.50
Board [Ts Tc 7d Td]
Seat 3: BelSv (big blind) folded on the Turn
Seat 5: hassan67 (button) (small blind) collected ($35.50)


PokerStars Hand #148705524539:  Hold'em Limit ($3/$6 USD) - 2016/02/12 20:30:53 ET
Table 'Latona' 6-max Seat #5 is the button
Seat 3: BelSv ($89.50 in chips)
Seat 5: hassan67 ($202.74 in chips)
hassan67: posts small blind $1
BelSv: posts big blind $3
*** HOLE CARDS ***
hassan67: raises $3 to $6
BelSv: calls $3
*** FLOP *** [9s Qc 9d]
BelSv: checks
hassan67: bets $3
BelSv: raises $3 to $6
hassan67: folds
Uncalled bet ($3) returned to BelSv
BelSv collected $17.64 from pot
BelSv: doesn't show hand
*** SUMMARY ***
Total pot $18 | Rake $0.36
Board [9s Qc 9d]
Seat 3: BelSv (big blind) collected ($17.64)
Seat 5: hassan67 (button) (small blind) folded on the Flop


PokerStars Hand #148705515641:  Hold'em Limit ($3/$6 USD) - 2016/02/12 20:30:38 ET
Table 'Latona' 6-max Seat #3 is the button
Seat 3: BelSv ($101.50 in chips)
Seat 5: hassan67 ($191.22 in chips)
BelSv: posts small blind $1
hassan67: posts big blind $3
*** HOLE CARDS ***
BelSv: raises $3 to $6
hassan67: calls $3
*** FLOP *** [5c Js 8h]
hassan67: checks
BelSv: checks
*** TURN *** [5c Js 8h] [3s]
hassan67: bets $6
BelSv: calls $6
*** RIVER *** [5c Js 8h 3s] [Ac]
hassan67: checks
BelSv: checks
*** SHOW DOWN ***
hassan67: shows [8s 5s] (two pair, Eights and Fives)
BelSv: mucks hand
hassan67 collected $23.52 from pot
*** SUMMARY ***
Total pot $24 | Rake $0.48
Board [5c Js 8h 3s Ac]
Seat 3: BelSv (button) (small blind) mucked
Seat 5: hassan67 (big blind) showed [8s 5s] and won ($23.52) with two pair, Eights and Fives


PokerStars Hand #148705502513:  Hold'em Limit ($3/$6 USD) - 2016/02/12 20:30:15 ET
Table 'Latona' 6-max Seat #5 is the button
Seat 3: BelSv ($78 in chips)
Seat 5: hassan67 ($215.22 in chips)
hassan67: posts small blind $1
BelSv: posts big blind $3
*** HOLE CARDS ***
hassan67: raises $3 to $6
BelSv: calls $3
*** FLOP *** [5d 3s Ad]
BelSv: checks
hassan67: bets $3
BelSv: raises $3 to $6
hassan67: calls $3
*** TURN *** [5d 3s Ad] [7h]
BelSv: bets $6
hassan67: calls $6
*** RIVER *** [5d 3s Ad 7h] [9h]
BelSv: bets $6
hassan67: calls $6
*** SHOW DOWN ***
BelSv: shows [Ac 5s] (two pair, Aces and Fives)
hassan67: mucks hand
BelSv collected $47.50 from pot
*** SUMMARY ***
Total pot $48 | Rake $0.50
Board [5d 3s Ad 7h 9h]
Seat 3: BelSv (big blind) showed [Ac 5s] and won ($47.50) with two pair, Aces and Fives
Seat 5: hassan67 (button) (small blind) mucked


PokerStars Hand #148705565096:  Hold'em Limit ($3/$6 USD) - 2016/02/12 20:32:03 ET
Table 'Latona' 6-max Seat #3 is the button
Seat 3: BelSv ($80.14 in chips)
Seat 5: hassan67 ($211.02 in chips)
BelSv: posts small blind $1
hassan67: posts big blind $3
*** HOLE CARDS ***
BelSv: folds
Uncalled bet ($2) returned to hassan67
hassan67 collected $2 from pot
*** SUMMARY ***
Total pot $2 | Rake $0
Seat 3: BelSv (button) (small blind) folded before Flop
Seat 5: hassan67 (big blind) collected ($2)


PokerStars Hand #148705550420:  Hold'em Limit ($3/$6 USD) - 2016/02/12 20:31:38 ET
Table 'Latona' 6-max Seat #5 is the button
Seat 3: BelSv ($89.14 in chips)
Seat 5: hassan67 ($202.38 in chips)
hassan67: posts small blind $1
BelSv: posts big blind $3
*** HOLE CARDS ***
hassan67: raises $3 to $6
BelSv: calls $3
*** FLOP *** [2s 8h Js]
BelSv: checks
hassan67: bets $3
BelSv: calls $3
*** TURN *** [2s 8h Js] [Qs]
BelSv: checks
hassan67: bets $6
BelSv: folds
Uncalled bet ($6) returned to hassan67
hassan67 collected $17.64 from pot
*** SUMMARY ***
Total pot $18 | Rake $0.36
Board [2s 8h Js Qs]
Seat 3: BelSv (big blind) folded on the Turn
Seat 5: hassan67 (button) (small blind) collected ($17.64)


PokerStars Hand #148705538530:  Hold'em Limit ($3/$6 USD) - 2016/02/12 20:31:17 ET
Table 'Latona' 6-max Seat #3 is the button
Seat 3: BelSv ($98.14 in chips)
Seat 5: hassan67 ($193.74 in chips)
BelSv: posts small blind $1
hassan67: posts big blind $3
*** HOLE CARDS ***
BelSv: raises $3 to $6
hassan67: raises $3 to $9
BelSv: calls $3
*** FLOP *** [6c Ah 9d]
hassan67: bets $3
BelSv: folds
Uncalled bet ($3) returned to hassan67
hassan67 collected $17.64 from pot
*** SUMMARY ***
Total pot $18 | Rake $0.36
Board [6c Ah 9d]
Seat 3: BelSv (button) (small blind) folded on the Flop
Seat 5: hassan67 (big blind) collected ($17.64)


PokerStars Hand #148705581975:  Hold'em Limit ($3/$6 USD) - 2016/02/12 20:32:33 ET
Table 'Latona' 6-max Seat #3 is the button
Seat 3: BelSv ($78 in chips)
Seat 5: hassan67 ($223.54 in chips)
BelSv: posts small blind $1
hassan67: posts big blind $3
*** HOLE CARDS ***
BelSv: folds
Uncalled bet ($2) returned to hassan67
hassan67 collected $2 from pot
*** SUMMARY ***
Total pot $2 | Rake $0
Seat 3: BelSv (button) (small blind) folded before Flop
Seat 5: hassan67 (big blind) collected ($2)


PokerStars Hand #148705572186:  Hold'em Limit ($3/$6 USD) - 2016/02/12 20:32:16 ET
Table 'Latona' 6-max Seat #5 is the button
Seat 3: BelSv ($79.14 in chips)
Seat 5: hassan67 ($212.02 in chips)
hassan67: posts small blind $1
BelSv: posts big blind $3
*** HOLE CARDS ***
hassan67: raises $3 to $6
BelSv: raises $3 to $9
hassan67: calls $3
*** FLOP *** [Tc Ah 5h]
BelSv: bets $3
hassan67: calls $3
*** TURN *** [Tc Ah 5h] [4h]
BelSv: checks
hassan67: bets $6
BelSv: folds
Uncalled bet ($6) returned to hassan67
hassan67 collected $23.52 from pot
*** SUMMARY ***
Total pot $24 | Rake $0.48
Board [Tc Ah 5h 4h]
Seat 3: BelSv (big blind) folded on the Turn
Seat 5: hassan67 (button) (small blind) collected ($23.52)


PokerStars Hand #148705591896:  Hold'em Limit ($3/$6 USD) - 2016/02/12 20:32:50 ET
Table 'Latona' 6-max Seat #5 is the button
Seat 3: BelSv ($81 in chips)
Seat 5: hassan67 ($224.54 in chips)
hassan67: posts small blind $1
BelSv: posts big blind $3
*** HOLE CARDS ***
hassan67: raises $3 to $6
BelSv: raises $3 to $9
hassan67: calls $3
*** FLOP *** [Jc 2c 5s]
BelSv: bets $3
hassan67: raises $3 to $6
BelSv: calls $3
*** TURN *** [Jc 2c 5s] [6h]
BelSv: checks
hassan67: bets $6
BelSv: calls $6
*** RIVER *** [Jc 2c 5s 6h] [3d]
BelSv: checks
hassan67: checks
*** SHOW DOWN ***
BelSv: shows [4h Ah] (a straight, Deuce to Six)
hassan67: mucks hand
BelSv collected $41.50 from pot
*** SUMMARY ***
Total pot $42 | Rake $0.50
Board [Jc 2c 5s 6h 3d]
Seat 3: BelSv (big blind) showed [4h Ah] and won ($41.50) with a straight, Deuce to Six
Seat 5: hassan67 (button) (small blind) mucked


PokerStars Hand #148705588653:  Hold'em Limit ($3/$6 USD) - 2016/02/12 20:32:44 ET
Table 'Latona' 6-max Seat #3 is the button
Seat 3: BelSv ($78 in chips)
Seat 5: hassan67 ($227.54 in chips)
BelSv: posts small blind $1
hassan67: posts big blind $3
*** HOLE CARDS ***
BelSv: raises $3 to $6
hassan67: folds
Uncalled bet ($3) returned to BelSv
BelSv collected $6 from pot
BelSv: doesn't show hand
*** SUMMARY ***
Total pot $6 | Rake $0
Seat 3: BelSv (button) (small blind) collected ($6)
Seat 5: hassan67 (big blind) folded before Flop


PokerStars Hand #148705584775:  Hold'em Limit ($3/$6 USD) - 2016/02/12 20:32:37 ET
Table 'Latona' 6-max Seat #5 is the button
Seat 3: BelSv ($78 in chips)
Seat 5: hassan67 ($224.54 in chips)
hassan67: posts small blind $1
BelSv: posts big blind $3
*** HOLE CARDS ***
hassan67: raises $3 to $6
BelSv: folds
Uncalled bet ($3) returned to hassan67
hassan67 collected $6 from pot
*** SUMMARY ***
Total pot $6 | Rake $0
Seat 3: BelSv (big blind) folded before Flop
Seat 5: hassan67 (button) (small blind) collected ($6)


PokerStars Hand #148705609078:  Hold'em Limit ($3/$6 USD) - 2016/02/12 20:33:20 ET
Table 'Latona' 6-max Seat #3 is the button
Seat 3: BelSv ($101.50 in chips)
Seat 5: hassan67 ($203.54 in chips)
BelSv: posts small blind $1
hassan67: posts big blind $3
*** HOLE CARDS ***
BelSv: raises $3 to $6
hassan67: calls $3
*** FLOP *** [3s 3c 6d]
hassan67: checks
BelSv: checks
*** TURN *** [3s 3c 6d] [9s]
hassan67: checks
BelSv: bets $6
hassan67: folds
Uncalled bet ($6) returned to BelSv
BelSv collected $11.76 from pot
BelSv: doesn't show hand
*** SUMMARY ***
Total pot $12 | Rake $0.24
Board [3s 3c 6d 9s]
Seat 3: BelSv (button) (small blind) collected ($11.76)
Seat 5: hassan67 (big blind) folded on the Turn


PokerStars Hand #148705645017:  Hold'em Limit ($3/$6 USD) - 2016/02/12 20:34:22 ET
Table 'Latona' 6-max Seat #5 is the button
Seat 3: BelSv ($111.90 in chips)
Seat 5: hassan67 ($192.30 in chips)
hassan67: posts small blind $1
BelSv: posts big blind $3
*** HOLE CARDS ***
hassan67: folds
Uncalled bet ($2) returned to BelSv
BelSv collected $2 from pot
BelSv: doesn't show hand
*** SUMMARY ***
Total pot $2 | Rake $0
Seat 3: BelSv (big blind) collected ($2)
Seat 5: hassan67 (button) (small blind) folded before Flop


PokerStars Hand #148705641346:  Hold'em Limit ($3/$6 USD) - 2016/02/12 20:34:16 ET
Table 'Latona' 6-max Seat #3 is the button
Seat 3: BelSv ($108.90 in chips)
Seat 5: hassan67 ($195.30 in chips)
BelSv: posts small blind $1
hassan67: posts big blind $3
*** HOLE CARDS ***
BelSv: raises $3 to $6
hassan67: folds
Uncalled bet ($3) returned to BelSv
BelSv collected $6 from pot
BelSv: doesn't show hand
*** SUMMARY ***
Total pot $6 | Rake $0
Seat 3: BelSv (button) (small blind) collected ($6)
Seat 5: hassan67 (big blind) folded before Flop


PokerStars Hand #148705635643:  Hold'em Limit ($3/$6 USD) - 2016/02/12 20:34:06 ET
Table 'Latona' 6-max Seat #5 is the button
Seat 3: BelSv ($114.90 in chips)
Seat 5: hassan67 ($189.54 in chips)
hassan67: posts small blind $1
BelSv: posts big blind $3
*** HOLE CARDS ***
hassan67: raises $3 to $6
BelSv: calls $3
*** FLOP *** [6h 2d 6d]
BelSv: checks
hassan67: bets $3
BelSv: folds
Uncalled bet ($3) returned to hassan67
hassan67 collected $11.76 from pot
*** SUMMARY ***
Total pot $12 | Rake $0.24
Board [6h 2d 6d]
Seat 3: BelSv (big blind) folded on the Flop
Seat 5: hassan67 (button) (small blind) collected ($11.76)


PokerStars Hand #148705632531:  Hold'em Limit ($3/$6 USD) - 2016/02/12 20:34:00 ET
Table 'Latona' 6-max Seat #3 is the button
Seat 3: BelSv ($115.90 in chips)
Seat 5: hassan67 ($188.54 in chips)
BelSv: posts small blind $1
hassan67: posts big blind $3
*** HOLE CARDS ***
BelSv: folds
Uncalled bet ($2) returned to hassan67
hassan67 collected $2 from pot
*** SUMMARY ***
Total pot $2 | Rake $0
Seat 3: BelSv (button) (small blind) folded before Flop
Seat 5: hassan67 (big blind) collected ($2)


PokerStars Hand #148705619580:  Hold'em Limit ($3/$6 USD) - 2016/02/12 20:33:38 ET
Table 'Latona' 6-max Seat #5 is the button
Seat 3: BelSv ($107.26 in chips)
Seat 5: hassan67 ($197.54 in chips)
hassan67: posts small blind $1
BelSv: posts big blind $3
*** HOLE CARDS ***
hassan67: raises $3 to $6
BelSv: calls $3
*** FLOP *** [8s Qd 6d]
BelSv: checks
hassan67: bets $3
BelSv: calls $3
*** TURN *** [8s Qd 6d] [2h]
BelSv: checks
hassan67: checks
*** RIVER *** [8s Qd 6d 2h] [5c]
BelSv: bets $6
hassan67: folds
Uncalled bet ($6) returned to BelSv
BelSv collected $17.64 from pot
BelSv: doesn't show hand
*** SUMMARY ***
Total pot $18 | Rake $0.36
Board [8s Qd 6d 2h 5c]
Seat 3: BelSv (big blind) collected ($17.64)
Seat 5: hassan67 (button) (small blind) folded on the River


PokerStars Hand #148705647797:  Hold'em Limit ($3/$6 USD) - 2016/02/12 20:34:27 ET
Table 'Latona' 6-max Seat #3 is the button
Seat 3: BelSv ($112.90 in chips)
Seat 5: hassan67 ($191.30 in chips)
BelSv: posts small blind $1
hassan67: posts big blind $3
*** HOLE CARDS ***
BelSv: folds
Uncalled bet ($2) returned to hassan67
hassan67 collected $2 from pot
*** SUMMARY ***
Total pot $2 | Rake $0
Seat 3: BelSv (button) (small blind) folded before Flop
Seat 5: hassan67 (big blind) collected ($2)


PokerStars Hand #148705659753:  Hold'em Limit ($3/$6 USD) - 2016/02/12 20:34:48 ET
Table 'Latona' 6-max Seat #3 is the button
Seat 3: BelSv ($105.90 in chips)
Seat 5: hassan67 ($198.06 in chips)
BelSv: posts small blind $1
hassan67: posts big blind $3
*** HOLE CARDS ***
BelSv: raises $3 to $6
hassan67: raises $3 to $9
BelSv: calls $3
*** FLOP *** [6c 2h 5c]
hassan67: bets $3
BelSv: calls $3
*** TURN *** [6c 2h 5c] [3h]
hassan67: bets $6
BelSv: raises $6 to $12
hassan67: calls $6
*** RIVER *** [6c 2h 5c 3h] [Ks]
hassan67: checks
BelSv: bets $6
hassan67: folds
Uncalled bet ($6) returned to BelSv
BelSv collected $47.50 from pot
BelSv: doesn't show hand
*** SUMMARY ***
Total pot $48 | Rake $0.50
Board [6c 2h 5c 3h Ks]
Seat 3: BelSv (button) (small blind) collected ($47.50)
Seat 5: hassan67 (big blind) folded on the River


PokerStars Hand #148705650618:  Hold'em Limit ($3/$6 USD) - 2016/02/12 20:34:32 ET
Table 'Latona' 6-max Seat #5 is the button
Seat 3: BelSv ($111.90 in chips)
Seat 5: hassan67 ($192.30 in chips)
hassan67: posts small blind $1
BelSv: posts big blind $3
*** HOLE CARDS ***
hassan67: raises $3 to $6
BelSv: calls $3
*** FLOP *** [Tc 7s 3d]
BelSv: checks
hassan67: bets $3
BelSv: folds
Uncalled bet ($3) returned to hassan67
hassan67 collected $11.76 from pot
*** SUMMARY ***
Total pot $12 | Rake $0.24
Board [Tc 7s 3d]
Seat 3: BelSv (big blind) folded on the Flop
Seat 5: hassan67 (button) (small blind) collected ($11.76)


PokerStars Hand #148705672135:  Hold'em Limit ($3/$6 USD) - 2016/02/12 20:35:09 ET
Table 'Latona' 6-max Seat #5 is the button
Seat 3: BelSv ($129.40 in chips)
Seat 5: hassan67 ($174.06 in chips)
hassan67: posts small blind $1
BelSv: posts big blind $3
*** HOLE CARDS ***
hassan67: raises $3 to $6
BelSv: raises $3 to $9
hassan67: calls $3
*** FLOP *** [4d 3s 3c]
BelSv: bets $3
hassan67: calls $3
*** TURN *** [4d 3s 3c] [7d]
BelSv: checks
hassan67: bets $6
BelSv: calls $6
*** RIVER *** [4d 3s 3c 7d] [6s]
BelSv: checks
hassan67: bets $6
BelSv: calls $6
*** SHOW DOWN ***
hassan67: shows [Kd 5s] (a straight, Three to Seven)
BelSv: mucks hand
hassan67 collected $47.50 from pot
*** SUMMARY ***
Total pot $48 | Rake $0.50
Board [4d 3s 3c 7d 6s]
Seat 3: BelSv (big blind) mucked
Seat 5: hassan67 (button) (small blind) showed [Kd 5s] and won ($47.50) with a straight, Three to Seven


PokerStars Hand #148705699146:  Hold'em Limit ($3/$6 USD) - 2016/02/12 20:35:56 ET
Table 'Latona' 6-max Seat #5 is the button
Seat 3: BelSv ($87.40 in chips)
Seat 5: hassan67 ($215.06 in chips)
hassan67: posts small blind $1
BelSv: posts big blind $3
*** HOLE CARDS ***
hassan67: raises $3 to $6
BelSv: raises $3 to $9
hassan67: calls $3
*** FLOP *** [Td 9c 2c]
BelSv: bets $3
hassan67: calls $3
*** TURN *** [Td 9c 2c] [Qc]
BelSv: bets $6
hassan67: calls $6
*** RIVER *** [Td 9c 2c Qc] [6s]
BelSv: bets $6
hassan67: folds
Uncalled bet ($6) returned to BelSv
BelSv collected $35.50 from pot
BelSv: doesn't show hand
*** SUMMARY ***
Total pot $36 | Rake $0.50
Board [Td 9c 2c Qc 6s]
Seat 3: BelSv (big blind) collected ($35.50)
Seat 5: hassan67 (button) (small blind) folded on the River


PokerStars Hand #148705684826:  Hold'em Limit ($3/$6 USD) - 2016/02/12 20:35:31 ET
Table 'Latona' 6-max Seat #3 is the button
Seat 3: BelSv ($105.40 in chips)
Seat 5: hassan67 ($197.56 in chips)
BelSv: posts small blind $1
hassan67: posts big blind $3
*** HOLE CARDS ***
BelSv: raises $3 to $6
hassan67: calls $3
*** FLOP *** [8s Kh 9c]
hassan67: checks
BelSv: checks
*** TURN *** [8s Kh 9c] [2c]
hassan67: bets $6
BelSv: calls $6
*** RIVER *** [8s Kh 9c 2c] [Qc]
hassan67: bets $6
BelSv: calls $6
*** SHOW DOWN ***
hassan67: shows [Kc 5s] (a pair of Kings)
BelSv: mucks hand
hassan67 collected $35.50 from pot
*** SUMMARY ***
Total pot $36 | Rake $0.50
Board [8s Kh 9c 2c Qc]
Seat 3: BelSv (button) (small blind) mucked
Seat 5: hassan67 (big blind) showed [Kc 5s] and won ($35.50) with a pair of Kings


PokerStars Hand #148705718560:  Hold'em Limit ($3/$6 USD) - 2016/02/12 20:36:30 ET
Table 'Latona' 6-max Seat #5 is the button
Seat 3: BelSv ($122.40 in chips)
Seat 5: hassan67 ($179.06 in chips)
hassan67: posts small blind $1
BelSv: posts big blind $3
*** HOLE CARDS ***
hassan67: folds
Uncalled bet ($2) returned to BelSv
BelSv collected $2 from pot
BelSv: doesn't show hand
*** SUMMARY ***
Total pot $2 | Rake $0
Seat 3: BelSv (big blind) collected ($2)
Seat 5: hassan67 (button) (small blind) folded before Flop


PokerStars Hand #148705709984:  Hold'em Limit ($3/$6 USD) - 2016/02/12 20:36:15 ET
Table 'Latona' 6-max Seat #3 is the button
Seat 3: BelSv ($104.90 in chips)
Seat 5: hassan67 ($197.06 in chips)
BelSv: posts small blind $1
hassan67: posts big blind $3
*** HOLE CARDS ***
BelSv: raises $3 to $6
hassan67: raises $3 to $9
BelSv: calls $3
*** FLOP *** [3s 7h Ks]
hassan67: bets $3
BelSv: calls $3
*** TURN *** [3s 7h Ks] [6c]
hassan67: bets $6
BelSv: raises $6 to $12
hassan67: folds
Uncalled bet ($6) returned to BelSv
BelSv collected $35.50 from pot
BelSv: doesn't show hand
*** SUMMARY ***
Total pot $36 | Rake $0.50
Board [3s 7h Ks 6c]
Seat 3: BelSv (button) (small blind) collected ($35.50)
Seat 5: hassan67 (big blind) folded on the Turn


PokerStars Hand #148705734531:  Hold'em Limit ($3/$6 USD) - 2016/02/12 20:36:58 ET
Table 'Latona' 6-max Seat #5 is the button
Seat 3: BelSv ($130.40 in chips)
Seat 5: hassan67 ($171.06 in chips)
hassan67: posts small blind $1
BelSv: posts big blind $3
*** HOLE CARDS ***
hassan67: raises $3 to $6
BelSv: calls $3
*** FLOP *** [Jc 7c 2d]
BelSv: checks
hassan67: bets $3
BelSv: folds
Uncalled bet ($3) returned to hassan67
hassan67 collected $11.76 from pot
*** SUMMARY ***
Total pot $12 | Rake $0.24
Board [Jc 7c 2d]
Seat 3: BelSv (big blind) folded on the Flop
Seat 5: hassan67 (button) (small blind) collected ($11.76)


PokerStars Hand #148705727603:  Hold'em Limit ($3/$6 USD) - 2016/02/12 20:36:46 ET
Table 'Latona' 6-max Seat #3 is the button
Seat 3: BelSv ($127.40 in chips)
Seat 5: hassan67 ($174.06 in chips)
BelSv: posts small blind $1
hassan67: posts big blind $3
*** HOLE CARDS ***
BelSv: raises $3 to $6
hassan67: folds
Uncalled bet ($3) returned to BelSv
BelSv collected $6 from pot
BelSv: doesn't show hand
*** SUMMARY ***
Total pot $6 | Rake $0
Seat 3: BelSv (button) (small blind) collected ($6)
Seat 5: hassan67 (big blind) folded before Flop


PokerStars Hand #148705725054:  Hold'em Limit ($3/$6 USD) - 2016/02/12 20:36:42 ET
Table 'Latona' 6-max Seat #5 is the button
Seat 3: BelSv ($126.40 in chips)
Seat 5: hassan67 ($175.06 in chips)
hassan67: posts small blind $1
BelSv: posts big blind $3
*** HOLE CARDS ***
hassan67: folds
Uncalled bet ($2) returned to BelSv
BelSv collected $2 from pot
BelSv: doesn't show hand
*** SUMMARY ***
Total pot $2 | Rake $0
Seat 3: BelSv (big blind) collected ($2)
Seat 5: hassan67 (button) (small blind) folded before Flop


PokerStars Hand #148705721526:  Hold'em Limit ($3/$6 USD) - 2016/02/12 20:36:35 ET
Table 'Latona' 6-max Seat #3 is the button
Seat 3: BelSv ($123.40 in chips)
Seat 5: hassan67 ($178.06 in chips)
BelSv: posts small blind $1
hassan67: posts big blind $3
*** HOLE CARDS ***
BelSv: raises $3 to $6
hassan67: folds
Uncalled bet ($3) returned to BelSv
BelSv collected $6 from pot
BelSv: doesn't show hand
*** SUMMARY ***
Total pot $6 | Rake $0
Seat 3: BelSv (button) (small blind) collected ($6)
Seat 5: hassan67 (big blind) folded before Flop


PokerStars Hand #148705775227:  Hold'em Limit ($3/$6 USD) - 2016/02/12 20:38:10 ET
Table 'Latona' 6-max Seat #5 is the button
Seat 3: BelSv ($126.04 in chips)
Seat 5: hassan67 ($174.58 in chips)
hassan67: posts small blind $1
BelSv: posts big blind $3
*** HOLE CARDS ***
hassan67: raises $3 to $6
BelSv: folds
Uncalled bet ($3) returned to hassan67
hassan67 collected $6 from pot
*** SUMMARY ***
Total pot $6 | Rake $0
Seat 3: BelSv (big blind) folded before Flop
Seat 5: hassan67 (button) (small blind) collected ($6)


PokerStars Hand #148705767201:  Hold'em Limit ($3/$6 USD) - 2016/02/12 20:37:56 ET
Table 'Latona' 6-max Seat #3 is the button
Seat 3: BelSv ($132.04 in chips)
Seat 5: hassan67 ($168.82 in chips)
BelSv: posts small blind $1
hassan67: posts big blind $3
*** HOLE CARDS ***
BelSv: raises $3 to $6
hassan67: calls $3
*** FLOP *** [Kc 7s 3s]
hassan67: bets $3
BelSv: folds
Uncalled bet ($3) returned to hassan67
hassan67 collected $11.76 from pot
*** SUMMARY ***
Total pot $12 | Rake $0.24
Board [Kc 7s 3s]
Seat 3: BelSv (button) (small blind) folded on the Flop
Seat 5: hassan67 (big blind) collected ($11.76)


PokerStars Hand #148705747106:  Hold'em Limit ($3/$6 USD) - 2016/02/12 20:37:20 ET
Table 'Latona' 6-max Seat #5 is the button
Seat 3: BelSv ($123.40 in chips)
Seat 5: hassan67 ($177.82 in chips)
hassan67: posts small blind $1
BelSv: posts big blind $3
*** HOLE CARDS ***
hassan67: raises $3 to $6
BelSv: calls $3
*** FLOP *** [8c 4d 5c]
BelSv: checks
hassan67: bets $3
BelSv: calls $3
*** TURN *** [8c 4d 5c] [3s]
BelSv: checks
hassan67: checks
*** RIVER *** [8c 4d 5c 3s] [3h]
BelSv: checks
hassan67: checks
*** SHOW DOWN ***
BelSv: shows [Jh 5d] (two pair, Fives and Threes)
hassan67: mucks hand
BelSv collected $17.64 from pot
*** SUMMARY ***
Total pot $18 | Rake $0.36
Board [8c 4d 5c 3s 3h]
Seat 3: BelSv (big blind) showed [Jh 5d] and won ($17.64) with two pair, Fives and Threes
Seat 5: hassan67 (button) (small blind) mucked


PokerStars Hand #148705781654:  Hold'em Limit ($3/$6 USD) - 2016/02/12 20:38:21 ET
Table 'Latona' 6-max Seat #3 is the button
Seat 3: BelSv ($123.04 in chips)
Seat 5: hassan67 ($177.58 in chips)
BelSv: posts small blind $1
hassan67: posts big blind $3
*** HOLE CARDS ***
BelSv: raises $3 to $6
hassan67: calls $3
*** FLOP *** [3h 4c 4h]
hassan67: checks
BelSv: bets $3
hassan67: calls $3
*** TURN *** [3h 4c 4h] [9s]
hassan67: checks
BelSv: bets $6
hassan67: folds
Uncalled bet ($6) returned to BelSv
BelSv collected $17.64 from pot
BelSv: doesn't show hand
*** SUMMARY ***
Total pot $18 | Rake $0.36
Board [3h 4c 4h 9s]
Seat 3: BelSv (button) (small blind) collected ($17.64)
Seat 5: hassan67 (big blind) folded on the Turn


PokerStars Hand #148705807994:  Hold'em Limit ($3/$6 USD) - 2016/02/12 20:39:08 ET
Table 'Latona' 6-max Seat #5 is the button
Seat 3: BelSv ($146.20 in chips)
Seat 5: hassan67 ($153.58 in chips)
hassan67: posts small blind $1
BelSv: posts big blind $3
*** HOLE CARDS ***
hassan67: raises $3 to $6
BelSv: calls $3
*** FLOP *** [4h Jh 4c]
BelSv: checks
hassan67: bets $3
BelSv: raises $3 to $6
hassan67: folds
Uncalled bet ($3) returned to BelSv
BelSv collected $17.64 from pot
BelSv: doesn't show hand
*** SUMMARY ***
Total pot $18 | Rake $0.36
Board [4h Jh 4c]
Seat 3: BelSv (big blind) collected ($17.64)
Seat 5: hassan67 (button) (small blind) folded on the Flop


PokerStars Hand #148705804332:  Hold'em Limit ($3/$6 USD) - 2016/02/12 20:39:01 ET
Table 'Latona' 6-max Seat #3 is the button
Seat 3: BelSv ($143.20 in chips)
Seat 5: hassan67 ($156.58 in chips)
BelSv: posts small blind $1
hassan67: posts big blind $3
*** HOLE CARDS ***
BelSv: raises $3 to $6
hassan67: folds
Uncalled bet ($3) returned to BelSv
BelSv collected $6 from pot
BelSv: doesn't show hand
*** SUMMARY ***
Total pot $6 | Rake $0
Seat 3: BelSv (button) (small blind) collected ($6)
Seat 5: hassan67 (big blind) folded before Flop


PokerStars Hand #148705790850:  Hold'em Limit ($3/$6 USD) - 2016/02/12 20:38:38 ET
Table 'Latona' 6-max Seat #5 is the button
Seat 3: BelSv ($131.68 in chips)
Seat 5: hassan67 ($168.58 in chips)
hassan67: posts small blind $1
BelSv: posts big blind $3
*** HOLE CARDS ***
hassan67: raises $3 to $6
BelSv: calls $3
*** FLOP *** [3d 5c 2c]
BelSv: checks
hassan67: bets $3
BelSv: raises $3 to $6
hassan67: calls $3
*** TURN *** [3d 5c 2c] [6h]
BelSv: checks
hassan67: checks
*** RIVER *** [3d 5c 2c 6h] [5s]
BelSv: bets $6
hassan67: folds
Uncalled bet ($6) returned to BelSv
BelSv collected $23.52 from pot
BelSv: doesn't show hand
*** SUMMARY ***
Total pot $24 | Rake $0.48
Board [3d 5c 2c 6h 5s]
Seat 3: BelSv (big blind) collected ($23.52)
Seat 5: hassan67 (button) (small blind) folded on the River


PokerStars Hand #148705844315:  Hold'em Limit ($3/$6 USD) - 2016/02/12 20:40:12 ET
Table 'Latona' 6-max Seat #3 is the button
Seat 3: BelSv ($120.84 in chips)
Seat 5: hassan67 ($177.84 in chips)
BelSv: posts small blind $1
hassan67: posts big blind $3
*** HOLE CARDS ***
BelSv: raises $3 to $6
hassan67: folds
Uncalled bet ($3) returned to BelSv
BelSv collected $6 from pot
BelSv: doesn't show hand
*** SUMMARY ***
Total pot $6 | Rake $0
Seat 3: BelSv (button) (small blind) collected ($6)
Seat 5: hassan67 (big blind) folded before Flop


PokerStars Hand #148705834641:  Hold'em Limit ($3/$6 USD) - 2016/02/12 20:39:55 ET
Table 'Latona' 6-max Seat #5 is the button
Seat 3: BelSv ($126.84 in chips)
Seat 5: hassan67 ($172.08 in chips)
hassan67: posts small blind $1
BelSv: posts big blind $3
*** HOLE CARDS ***
hassan67: raises $3 to $6
BelSv: calls $3
*** FLOP *** [9s 8c Td]
BelSv: checks
hassan67: bets $3
BelSv: folds
Uncalled bet ($3) returned to hassan67
hassan67 collected $11.76 from pot
*** SUMMARY ***
Total pot $12 | Rake $0.24
Board [9s 8c Td]
Seat 3: BelSv (big blind) folded on the Flop
Seat 5: hassan67 (button) (small blind) collected ($11.76)


PokerStars Hand #148705831068:  Hold'em Limit ($3/$6 USD) - 2016/02/12 20:39:49 ET
Table 'Latona' 6-max Seat #3 is the button
Seat 3: BelSv ($127.84 in chips)
Seat 5: hassan67 ($171.08 in chips)
BelSv: posts small blind $1
hassan67: posts big blind $3
*** HOLE CARDS ***
BelSv: folds
Uncalled bet ($2) returned to hassan67
hassan67 collected $2 from pot
*** SUMMARY ***
Total pot $2 | Rake $0
Seat 3: BelSv (button) (small blind) folded before Flop
Seat 5: hassan67 (big blind) collected ($2)


PokerStars Hand #148705818462:  Hold'em Limit ($3/$6 USD) - 2016/02/12 20:39:26 ET
Table 'Latona' 6-max Seat #5 is the button
Seat 3: BelSv ($157.84 in chips)
Seat 5: hassan67 ($141.58 in chips)
hassan67: posts small blind $1
BelSv: posts big blind $3
*** HOLE CARDS ***
hassan67: raises $3 to $6
BelSv: raises $3 to $9
hassan67: calls $3
*** FLOP *** [Ts 8c 2s]
BelSv: bets $3
hassan67: calls $3
*** TURN *** [Ts 8c 2s] [8s]
BelSv: bets $6
hassan67: calls $6
*** RIVER *** [Ts 8c 2s 8s] [Ad]
BelSv: bets $6
hassan67: raises $6 to $12
BelSv: calls $6
*** SHOW DOWN ***
hassan67: shows [3c Ac] (two pair, Aces and Eights)
BelSv: mucks hand
hassan67 collected $59.50 from pot
*** SUMMARY ***
Total pot $60 | Rake $0.50
Board [Ts 8c 2s 8s Ad]
Seat 3: BelSv (big blind) mucked
Seat 5: hassan67 (button) (small blind) showed [3c Ac] and won ($59.50) with two pair, Aces and Eights


PokerStars Hand #148705848212:  Hold'em Limit ($3/$6 USD) - 2016/02/12 20:40:19 ET
Table 'Latona' 6-max Seat #5 is the button
Seat 3: BelSv ($123.84 in chips)
Seat 5: hassan67 ($174.84 in chips)
hassan67: posts small blind $1
BelSv: posts big blind $3
*** HOLE CARDS ***
hassan67: raises $3 to $6
BelSv: calls $3
*** FLOP *** [3c Js Qs]
BelSv: checks
hassan67: bets $3
BelSv: folds
Uncalled bet ($3) returned to hassan67
hassan67 collected $11.76 from pot
*** SUMMARY ***
Total pot $12 | Rake $0.24
Board [3c Js Qs]
Seat 3: BelSv (big blind) folded on the Flop
Seat 5: hassan67 (button) (small blind) collected ($11.76)


PokerStars Hand #148705875920:  Hold'em Limit ($3/$6 USD) - 2016/02/12 20:41:07 ET
Table 'Latona' 6-max Seat #3 is the button
Seat 3: BelSv ($140.88 in chips)
Seat 5: hassan67 ($156.60 in chips)
BelSv: posts small blind $1
hassan67: posts big blind $3
*** HOLE CARDS ***
BelSv: folds
Uncalled bet ($2) returned to hassan67
hassan67 collected $2 from pot
*** SUMMARY ***
Total pot $2 | Rake $0
Seat 3: BelSv (button) (small blind) folded before Flop
Seat 5: hassan67 (big blind) collected ($2)


PokerStars Hand #148705866612:  Hold'em Limit ($3/$6 USD) - 2016/02/12 20:40:51 ET
Table 'Latona' 6-max Seat #5 is the button
Seat 3: BelSv ($129.36 in chips)
Seat 5: hassan67 ($168.60 in chips)
hassan67: posts small blind $1
BelSv: posts big blind $3
*** HOLE CARDS ***
hassan67: raises $3 to $6
BelSv: calls $3
*** FLOP *** [As 5c 8h]
BelSv: checks
hassan67: bets $3
BelSv: raises $3 to $6
hassan67: calls $3
*** TURN *** [As 5c 8h] [8c]
BelSv: bets $6
hassan67: folds
Uncalled bet ($6) returned to BelSv
BelSv collected $23.52 from pot
BelSv: doesn't show hand
*** SUMMARY ***
Total pot $24 | Rake $0.48
Board [As 5c 8h 8c]
Seat 3: BelSv (big blind) collected ($23.52)
Seat 5: hassan67 (button) (small blind) folded on the Turn


PokerStars Hand #148705859199:  Hold'em Limit ($3/$6 USD) - 2016/02/12 20:40:38 ET
Table 'Latona' 6-max Seat #3 is the button
Seat 3: BelSv ($117.84 in chips)
Seat 5: hassan67 ($180.60 in chips)
BelSv: posts small blind $1
hassan67: posts big blind $3
*** HOLE CARDS ***
BelSv: raises $3 to $6
hassan67: raises $3 to $9
BelSv: calls $3
*** FLOP *** [Th Jh As]
hassan67: bets $3
BelSv: raises $3 to $6
hassan67: folds
Uncalled bet ($3) returned to BelSv
BelSv collected $23.52 from pot
BelSv: doesn't show hand
*** SUMMARY ***
Total pot $24 | Rake $0.48
Board [Th Jh As]
Seat 3: BelSv (button) (small blind) collected ($23.52)
Seat 5: hassan67 (big blind) folded on the Flop


PokerStars Hand #148705908783:  Hold'em Limit ($3/$6 USD) - 2016/02/12 20:42:06 ET
Table 'Latona' 6-max Seat #5 is the button
Seat 3: BelSv ($177.90 in chips)
Seat 5: hassan67 ($118.60 in chips)
hassan67: posts small blind $1
BelSv: posts big blind $3
*** HOLE CARDS ***
hassan67: raises $3 to $6
BelSv: calls $3
*** FLOP *** [3h 6d 9h]
BelSv: checks
hassan67: bets $3
BelSv: calls $3
*** TURN *** [3h 6d 9h] [Th]
BelSv: checks
hassan67: bets $6
BelSv: calls $6
*** RIVER *** [3h 6d 9h Th] [3s]
BelSv: checks
hassan67: bets $6
BelSv: calls $6
*** SHOW DOWN ***
hassan67: shows [5s 6c] (two pair, Sixes and Threes)
BelSv: mucks hand
hassan67 collected $41.50 from pot
*** SUMMARY ***
Total pot $42 | Rake $0.50
Board [3h 6d 9h Th 3s]
Seat 3: BelSv (big blind) mucked
Seat 5: hassan67 (button) (small blind) showed [5s 6c] and won ($41.50) with two pair, Sixes and Threes


PokerStars Hand #148705898314:  Hold'em Limit ($3/$6 USD) - 2016/02/12 20:41:47 ET
Table 'Latona' 6-max Seat #3 is the button
Seat 3: BelSv ($166.38 in chips)
Seat 5: hassan67 ($130.60 in chips)
BelSv: posts small blind $1
hassan67: posts big blind $3
*** HOLE CARDS ***
BelSv: raises $3 to $6
hassan67: raises $3 to $9
BelSv: calls $3
*** FLOP *** [Th 7d Qh]
hassan67: bets $3
BelSv: raises $3 to $6
hassan67: folds
Uncalled bet ($3) returned to BelSv
BelSv collected $23.52 from pot
BelSv: doesn't show hand
*** SUMMARY ***
Total pot $24 | Rake $0.48
Board [Th 7d Qh]
Seat 3: BelSv (button) (small blind) collected ($23.52)
Seat 5: hassan67 (big blind) folded on the Flop


PokerStars Hand #148705882122:  Hold'em Limit ($3/$6 USD) - 2016/02/12 20:41:19 ET
Table 'Latona' 6-max Seat #5 is the button
Seat 3: BelSv ($139.88 in chips)
Seat 5: hassan67 ($157.60 in chips)
hassan67: posts small blind $1
BelSv: posts big blind $3
*** HOLE CARDS ***
hassan67: raises $3 to $6
BelSv: calls $3
*** FLOP *** [Tc 8c 2s]
BelSv: checks
hassan67: bets $3
BelSv: raises $3 to $6
hassan67: raises $3 to $9
BelSv: calls $3
*** TURN *** [Tc 8c 2s] [6d]
BelSv: checks
hassan67: bets $6
BelSv: calls $6
*** RIVER *** [Tc 8c 2s 6d] [Qd]
BelSv: checks
hassan67: bets $6
BelSv: calls $6
*** SHOW DOWN ***
hassan67: shows [8h 5d] (a pair of Eights)
BelSv: shows [7h Ts] (a pair of Tens)
BelSv collected $53.50 from pot
*** SUMMARY ***
Total pot $54 | Rake $0.50
Board [Tc 8c 2s 6d Qd]
Seat 3: BelSv (big blind) showed [7h Ts] and won ($53.50) with a pair of Tens
Seat 5: hassan67 (button) (small blind) showed [8h 5d] and lost with a pair of Eights


PokerStars Hand #148705949428:  Hold'em Limit ($3/$6 USD) - 2016/02/12 20:43:19 ET
Table 'Latona' 6-max Seat #3 is the button
Seat 3: BelSv ($137.66 in chips)
Seat 5: hassan67 ($157.36 in chips)
BelSv: posts small blind $1
hassan67: posts big blind $3
*** HOLE CARDS ***
BelSv: raises $3 to $6
hassan67: folds
Uncalled bet ($3) returned to BelSv
BelSv collected $6 from pot
BelSv: doesn't show hand
*** SUMMARY ***
Total pot $6 | Rake $0
Seat 3: BelSv (button) (small blind) collected ($6)
Seat 5: hassan67 (big blind) folded before Flop


PokerStars Hand #148705942294:  Hold'em Limit ($3/$6 USD) - 2016/02/12 20:43:06 ET
Table 'Latona' 6-max Seat #5 is the button
Seat 3: BelSv ($143.66 in chips)
Seat 5: hassan67 ($151.60 in chips)
hassan67: posts small blind $1
BelSv: posts big blind $3
*** HOLE CARDS ***
hassan67: raises $3 to $6
BelSv: calls $3
*** FLOP *** [3c Jc 8h]
BelSv: checks
hassan67: bets $3
BelSv: folds
Uncalled bet ($3) returned to hassan67
hassan67 collected $11.76 from pot
*** SUMMARY ***
Total pot $12 | Rake $0.24
Board [3c Jc 8h]
Seat 3: BelSv (big blind) folded on the Flop
Seat 5: hassan67 (button) (small blind) collected ($11.76)


PokerStars Hand #148705939721:  Hold'em Limit ($3/$6 USD) - 2016/02/12 20:43:02 ET
Table 'Latona' 6-max Seat #3 is the button
Seat 3: BelSv ($144.66 in chips)
Seat 5: hassan67 ($150.60 in chips)
BelSv: posts small blind $1
hassan67: posts big blind $3
*** HOLE CARDS ***
BelSv: folds
Uncalled bet ($2) returned to hassan67
hassan67 collected $2 from pot
*** SUMMARY ***
Total pot $2 | Rake $0
Seat 3: BelSv (button) (small blind) folded before Flop
Seat 5: hassan67 (big blind) collected ($2)


PokerStars Hand #148705926641:  Hold'em Limit ($3/$6 USD) - 2016/02/12 20:42:38 ET
Table 'Latona' 6-max Seat #5 is the button
Seat 3: BelSv ($162.66 in chips)
Seat 5: hassan67 ($133.10 in chips)
hassan67: posts small blind $1
BelSv: posts big blind $3
*** HOLE CARDS ***
hassan67: raises $3 to $6
BelSv: calls $3
*** FLOP *** [8h 4h 2d]
BelSv: checks
hassan67: bets $3
BelSv: raises $3 to $6
hassan67: calls $3
*** TURN *** [8h 4h 2d] [9d]
BelSv: bets $6
hassan67: raises $6 to $12
BelSv: folds
Uncalled bet ($6) returned to hassan67
hassan67 collected $35.50 from pot
*** SUMMARY ***
Total pot $36 | Rake $0.50
Board [8h 4h 2d 9d]
Seat 3: BelSv (big blind) folded on the Turn
Seat 5: hassan67 (button) (small blind) collected ($35.50)


PokerStars Hand #148705978166:  Hold'em Limit ($3/$6 USD) - 2016/02/12 20:44:12 ET
Table 'Latona' 6-max Seat #5 is the button
Seat 3: BelSv ($107.66 in chips)
Seat 5: hassan67 ($186.50 in chips)
hassan67: posts small blind $1
BelSv: posts big blind $3
*** HOLE CARDS ***
hassan67: raises $3 to $6
BelSv: calls $3
*** FLOP *** [Ts Kh 8d]
BelSv: checks
hassan67: bets $3
BelSv: raises $3 to $6
hassan67: folds
Uncalled bet ($3) returned to BelSv
BelSv collected $17.64 from pot
BelSv: doesn't show hand
*** SUMMARY ***
Total pot $18 | Rake $0.36
Board [Ts Kh 8d]
Seat 3: BelSv (big blind) collected ($17.64)
Seat 5: hassan67 (button) (small blind) folded on the Flop


PokerStars Hand #148705967478:  Hold'em Limit ($3/$6 USD) - 2016/02/12 20:43:52 ET
Table 'Latona' 6-max Seat #3 is the button
Seat 3: BelSv ($116.66 in chips)
Seat 5: hassan67 ($177.86 in chips)
BelSv: posts small blind $1
hassan67: posts big blind $3
*** HOLE CARDS ***
BelSv: raises $3 to $6
hassan67: raises $3 to $9
BelSv: calls $3
*** FLOP *** [6c 7s Qc]
hassan67: bets $3
BelSv: folds
Uncalled bet ($3) returned to hassan67
hassan67 collected $17.64 from pot
*** SUMMARY ***
Total pot $18 | Rake $0.36
Board [6c 7s Qc]
Seat 3: BelSv (button) (small blind) folded on the Flop
Seat 5: hassan67 (big blind) collected ($17.64)


PokerStars Hand #148705952681:  Hold'em Limit ($3/$6 USD) - 2016/02/12 20:43:25 ET
Table 'Latona' 6-max Seat #5 is the button
Seat 3: BelSv ($140.66 in chips)
Seat 5: hassan67 ($154.36 in chips)
hassan67: posts small blind $1
BelSv: posts big blind $3
*** HOLE CARDS ***
hassan67: raises $3 to $6
BelSv: calls $3
*** FLOP *** [9s 5s 6h]
BelSv: checks
hassan67: bets $3
BelSv: raises $3 to $6
hassan67: calls $3
*** TURN *** [9s 5s 6h] [Qd]
BelSv: bets $6
hassan67: raises $6 to $12
BelSv: calls $6
*** RIVER *** [9s 5s 6h Qd] [Js]
BelSv: checks
hassan67: bets $6
BelSv: folds
Uncalled bet ($6) returned to hassan67
hassan67 collected $47.50 from pot
*** SUMMARY ***
Total pot $48 | Rake $0.50
Board [9s 5s 6h Qd Js]
Seat 3: BelSv (big blind) folded on the River
Seat 5: hassan67 (button) (small blind) collected ($47.50)


PokerStars Hand #148706024329:  Hold'em Limit ($3/$6 USD) - 2016/02/12 20:45:36 ET
Table 'Latona' 6-max Seat #3 is the button
Seat 3: BelSv ($143.32 in chips)
Seat 5: hassan67 ($149.14 in chips)
BelSv: posts small blind $1
hassan67: posts big blind $3
*** HOLE CARDS ***
BelSv: folds
Uncalled bet ($2) returned to hassan67
hassan67 collected $2 from pot
*** SUMMARY ***
Total pot $2 | Rake $0
Seat 3: BelSv (button) (small blind) folded before Flop
Seat 5: hassan67 (big blind) collected ($2)


PokerStars Hand #148706021188:  Hold'em Limit ($3/$6 USD) - 2016/02/12 20:45:30 ET
Table 'Latona' 6-max Seat #5 is the button
Seat 3: BelSv ($142.32 in chips)
Seat 5: hassan67 ($150.14 in chips)
hassan67: posts small blind $1
BelSv: posts big blind $3
*** HOLE CARDS ***
hassan67: folds
Uncalled bet ($2) returned to BelSv
BelSv collected $2 from pot
BelSv: doesn't show hand
*** SUMMARY ***
Total pot $2 | Rake $0
Seat 3: BelSv (big blind) collected ($2)
Seat 5: hassan67 (button) (small blind) folded before Flop


PokerStars Hand #148706009621:  Hold'em Limit ($3/$6 USD) - 2016/02/12 20:45:09 ET
Table 'Latona' 6-max Seat #3 is the button
Seat 3: BelSv ($118.82 in chips)
Seat 5: hassan67 ($174.14 in chips)
BelSv: posts small blind $1
hassan67: posts big blind $3
*** HOLE CARDS ***
BelSv: raises $3 to $6
hassan67: calls $3
*** FLOP *** [Js 7d Qh]
hassan67: checks
BelSv: checks
*** TURN *** [Js 7d Qh] [5d]
hassan67: bets $6
BelSv: raises $6 to $12
hassan67: calls $6
*** RIVER *** [Js 7d Qh 5d] [6h]
hassan67: checks
BelSv: bets $6
hassan67: calls $6
*** SHOW DOWN ***
BelSv: shows [Qd 3s] (a pair of Queens)
hassan67: mucks hand
BelSv collected $47.50 from pot
*** SUMMARY ***
Total pot $48 | Rake $0.50
Board [Js 7d Qh 5d 6h]
Seat 3: BelSv (button) (small blind) showed [Qd 3s] and won ($47.50) with a pair of Queens
Seat 5: hassan67 (big blind) mucked


PokerStars Hand #148705997544:  Hold'em Limit ($3/$6 USD) - 2016/02/12 20:44:47 ET
Table 'Latona' 6-max Seat #5 is the button
Seat 3: BelSv ($107.30 in chips)
Seat 5: hassan67 ($186.14 in chips)
hassan67: posts small blind $1
BelSv: posts big blind $3
*** HOLE CARDS ***
hassan67: raises $3 to $6
BelSv: raises $3 to $9
hassan67: calls $3
*** FLOP *** [8c Kh 2h]
BelSv: bets $3
hassan67: calls $3
*** TURN *** [8c Kh 2h] [Ks]
BelSv: checks
hassan67: checks
*** RIVER *** [8c Kh 2h Ks] [As]
BelSv: bets $6
hassan67: folds
Uncalled bet ($6) returned to BelSv
BelSv collected $23.52 from pot
BelSv: doesn't show hand
*** SUMMARY ***
Total pot $24 | Rake $0.48
Board [8c Kh 2h Ks As]
Seat 3: BelSv (big blind) collected ($23.52)
Seat 5: hassan67 (button) (small blind) folded on the River


PokerStars Hand #148705985911:  Hold'em Limit ($3/$6 USD) - 2016/02/12 20:44:26 ET
Table 'Latona' 6-max Seat #3 is the button
Seat 3: BelSv ($116.30 in chips)
Seat 5: hassan67 ($177.50 in chips)
BelSv: posts small blind $1
hassan67: posts big blind $3
*** HOLE CARDS ***
BelSv: raises $3 to $6
hassan67: raises $3 to $9
BelSv: calls $3
*** FLOP *** [3s 9c Kc]
hassan67: bets $3
BelSv: folds
Uncalled bet ($3) returned to hassan67
hassan67 collected $17.64 from pot
*** SUMMARY ***
Total pot $18 | Rake $0.36
Board [3s 9c Kc]
Seat 3: BelSv (button) (small blind) folded on the Flop
Seat 5: hassan67 (big blind) collected ($17.64)


PokerStars Hand #148706026913:  Hold'em Limit ($3/$6 USD) - 2016/02/12 20:45:41 ET
Table 'Latona' 6-max Seat #5 is the button
Seat 3: BelSv ($142.32 in chips)
Seat 5: hassan67 ($150.14 in chips)
hassan67: posts small blind $1
BelSv: posts big blind $3
*** HOLE CARDS ***
hassan67: raises $3 to $6
BelSv: calls $3
*** FLOP *** [4d 3s Qs]
BelSv: checks
hassan67: bets $3
BelSv: folds
Uncalled bet ($3) returned to hassan67
hassan67 collected $11.76 from pot
*** SUMMARY ***
Total pot $12 | Rake $0.24
Board [4d 3s Qs]
Seat 3: BelSv (big blind) folded on the Flop
Seat 5: hassan67 (button) (small blind) collected ($11.76)


PokerStars Hand #148706037247:  Hold'em Limit ($3/$6 USD) - 2016/02/12 20:46:00 ET
Table 'Latona' 6-max Seat #3 is the button
Seat 3: BelSv ($136.32 in chips)
Seat 5: hassan67 ($155.90 in chips)
BelSv: posts small blind $1
hassan67: posts big blind $3
*** HOLE CARDS ***
BelSv: raises $3 to $6
hassan67: raises $3 to $9
BelSv: calls $3
*** FLOP *** [3d 3c 9d]
hassan67: bets $3
BelSv: calls $3
*** TURN *** [3d 3c 9d] [5c]
hassan67: bets $6
BelSv: folds
Uncalled bet ($6) returned to hassan67
hassan67 collected $23.52 from pot
*** SUMMARY ***
Total pot $24 | Rake $0.48
Board [3d 3c 9d 5c]
Seat 3: BelSv (button) (small blind) folded on the Turn
Seat 5: hassan67 (big blind) collected ($23.52)


PokerStars Hand #148706046460:  Hold'em Limit ($3/$6 USD) - 2016/02/12 20:46:17 ET
Table 'Latona' 6-max Seat #5 is the button
Seat 3: BelSv ($124.32 in chips)
Seat 5: hassan67 ($167.42 in chips)
hassan67: posts small blind $1
BelSv: posts big blind $3
*** HOLE CARDS ***
hassan67: raises $3 to $6
BelSv: calls $3
*** FLOP *** [6c 2s 4d]
BelSv: checks
hassan67: bets $3
BelSv: calls $3
*** TURN *** [6c 2s 4d] [Qd]
BelSv: checks
hassan67: bets $6
BelSv: raises $6 to $12
hassan67: calls $6
*** RIVER *** [6c 2s 4d Qd] [2d]
BelSv: bets $6
hassan67: calls $6
*** SHOW DOWN ***
BelSv: shows [Qh 8d] (two pair, Queens and Deuces)
hassan67: mucks hand
BelSv collected $53.50 from pot
*** SUMMARY ***
Total pot $54 | Rake $0.50
Board [6c 2s 4d Qd 2d]
Seat 3: BelSv (big blind) showed [Qh 8d] and won ($53.50) with two pair, Queens and Deuces
Seat 5: hassan67 (button) (small blind) mucked


PokerStars Hand #148706057815:  Hold'em Limit ($3/$6 USD) - 2016/02/12 20:46:38 ET
Table 'Latona' 6-max Seat #3 is the button
Seat 3: BelSv ($150.82 in chips)
Seat 5: hassan67 ($140.42 in chips)
BelSv: posts small blind $1
hassan67: posts big blind $3
*** HOLE CARDS ***
BelSv: raises $3 to $6
hassan67: calls $3
*** FLOP *** [Jh 6d Kh]
hassan67: checks
BelSv: checks
*** TURN *** [Jh 6d Kh] [3s]
hassan67: bets $6
BelSv: folds
Uncalled bet ($6) returned to hassan67
hassan67 collected $11.76 from pot
*** SUMMARY ***
Total pot $12 | Rake $0.24
Board [Jh 6d Kh 3s]
Seat 3: BelSv (button) (small blind) folded on the Turn
Seat 5: hassan67 (big blind) collected ($11.76)


PokerStars Hand #148706065992:  Hold'em Limit ($3/$6 USD) - 2016/02/12 20:46:53 ET
Table 'Latona' 6-max Seat #5 is the button
Seat 3: BelSv ($144.82 in chips)
Seat 5: hassan67 ($146.18 in chips)
hassan67: posts small blind $1
BelSv: posts big blind $3
*** HOLE CARDS ***
hassan67: raises $3 to $6
BelSv: calls $3
*** FLOP *** [6s 4h Ah]
BelSv: checks
hassan67: bets $3
BelSv: calls $3
*** TURN *** [6s 4h Ah] [3c]
BelSv: checks
hassan67: bets $6
BelSv: folds
Uncalled bet ($6) returned to hassan67
hassan67 collected $17.64 from pot
*** SUMMARY ***
Total pot $18 | Rake $0.36
Board [6s 4h Ah 3c]
Seat 3: BelSv (big blind) folded on the Turn
Seat 5: hassan67 (button) (small blind) collected ($17.64)


PokerStars Hand #148706073304:  Hold'em Limit ($3/$6 USD) - 2016/02/12 20:47:06 ET
Table 'Latona' 6-max Seat #3 is the button
Seat 3: BelSv ($135.82 in chips)
Seat 5: hassan67 ($154.82 in chips)
BelSv: posts small blind $1
hassan67: posts big blind $3
*** HOLE CARDS ***
BelSv: raises $3 to $6
hassan67: calls $3
*** FLOP *** [Kh 2d 7d]
hassan67: checks
BelSv: bets $3
hassan67: raises $3 to $6
BelSv: calls $3
*** TURN *** [Kh 2d 7d] [Ah]
hassan67: bets $6
BelSv: folds
Uncalled bet ($6) returned to hassan67
hassan67 collected $23.52 from pot
*** SUMMARY ***
Total pot $24 | Rake $0.48
Board [Kh 2d 7d Ah]
Seat 3: BelSv (button) (small blind) folded on the Turn
Seat 5: hassan67 (big blind) collected ($23.52)


PokerStars Hand #148706081387:  Hold'em Limit ($3/$6 USD) - 2016/02/12 20:47:21 ET
Table 'Latona' 6-max Seat #5 is the button
Seat 3: BelSv ($123.82 in chips)
Seat 5: hassan67 ($166.34 in chips)
hassan67: posts small blind $1
BelSv: posts big blind $3
*** HOLE CARDS ***
hassan67: raises $3 to $6
BelSv: calls $3
*** FLOP *** [3c 5h 2s]
BelSv: checks
hassan67: bets $3
BelSv: raises $3 to $6
hassan67: calls $3
*** TURN *** [3c 5h 2s] [Qh]
BelSv: bets $6
hassan67: folds
Uncalled bet ($6) returned to BelSv
BelSv collected $23.52 from pot
BelSv: doesn't show hand
*** SUMMARY ***
Total pot $24 | Rake $0.48
Board [3c 5h 2s Qh]
Seat 3: BelSv (big blind) collected ($23.52)
Seat 5: hassan67 (button) (small blind) folded on the Turn


PokerStars Hand #148706093504:  Hold'em Limit ($3/$6 USD) - 2016/02/12 20:47:43 ET
Table 'Latona' 6-max Seat #5 is the button
Seat 3: BelSv ($134.34 in chips)
Seat 5: hassan67 ($155.34 in chips)
hassan67: posts small blind $1
BelSv: posts big blind $3
*** HOLE CARDS ***
hassan67: raises $3 to $6
BelSv: calls $3
*** FLOP *** [8c Th 8h]
BelSv: checks
hassan67: bets $3
BelSv: calls $3
*** TURN *** [8c Th 8h] [Qd]
BelSv: checks
hassan67: bets $6
BelSv: calls $6
*** RIVER *** [8c Th 8h Qd] [7s]
BelSv: checks
hassan67: bets $6
BelSv: folds
Uncalled bet ($6) returned to hassan67
hassan67 collected $29.50 from pot
*** SUMMARY ***
Total pot $30 | Rake $0.50
Board [8c Th 8h Qd 7s]
Seat 3: BelSv (big blind) folded on the River
Seat 5: hassan67 (button) (small blind) collected ($29.50)


PokerStars Hand #148706103051:  Hold'em Limit ($3/$6 USD) - 2016/02/12 20:48:01 ET
Table 'Latona' 6-max Seat #3 is the button
Seat 3: BelSv ($119.34 in chips)
Seat 5: hassan67 ($169.84 in chips)
BelSv: posts small blind $1
hassan67: posts big blind $3
*** HOLE CARDS ***
BelSv: folds
Uncalled bet ($2) returned to hassan67
hassan67 collected $2 from pot
*** SUMMARY ***
Total pot $2 | Rake $0
Seat 3: BelSv (button) (small blind) folded before Flop
Seat 5: hassan67 (big blind) collected ($2)


PokerStars Hand #148706106271:  Hold'em Limit ($3/$6 USD) - 2016/02/12 20:48:07 ET
Table 'Latona' 6-max Seat #5 is the button
Seat 3: BelSv ($118.34 in chips)
Seat 5: hassan67 ($170.84 in chips)
hassan67: posts small blind $1
BelSv: posts big blind $3
*** HOLE CARDS ***
hassan67: raises $3 to $6
BelSv: calls $3
*** FLOP *** [5h Kd Ts]
BelSv: checks
hassan67: bets $3
BelSv: folds
Uncalled bet ($3) returned to hassan67
hassan67 collected $11.76 from pot
*** SUMMARY ***
Total pot $12 | Rake $0.24
Board [5h Kd Ts]
Seat 3: BelSv (big blind) folded on the Flop
Seat 5: hassan67 (button) (small blind) collected ($11.76)


PokerStars Hand #148706111983:  Hold'em Limit ($3/$6 USD) - 2016/02/12 20:48:17 ET
Table 'Latona' 6-max Seat #3 is the button
Seat 3: BelSv ($112.34 in chips)
Seat 5: hassan67 ($176.60 in chips)
BelSv: posts small blind $1
hassan67: posts big blind $3
*** HOLE CARDS ***
BelSv: raises $3 to $6
hassan67: calls $3
*** FLOP *** [6d 2s 5h]
hassan67: checks
BelSv: checks
*** TURN *** [6d 2s 5h] [2d]
hassan67: checks
BelSv: checks
*** RIVER *** [6d 2s 5h 2d] [Jc]
hassan67: checks
BelSv: checks
*** SHOW DOWN ***
hassan67: shows [Ts 7s] (a pair of Deuces)
BelSv: shows [Ks 4h] (a pair of Deuces - King kicker)
BelSv collected $11.76 from pot
*** SUMMARY ***
Total pot $12 | Rake $0.24
Board [6d 2s 5h 2d Jc]
Seat 3: BelSv (button) (small blind) showed [Ks 4h] and won ($11.76) with a pair of Deuces
Seat 5: hassan67 (big blind) showed [Ts 7s] and lost with a pair of Deuces


PokerStars Hand #148706091012:  Hold'em Limit ($3/$6 USD) - 2016/02/12 20:47:39 ET
Table 'Latona' 6-max Seat #3 is the button
Seat 3: BelSv ($135.34 in chips)
Seat 5: hassan67 ($154.34 in chips)
BelSv: posts small blind $1
hassan67: posts big blind $3
*** HOLE CARDS ***
BelSv: folds
Uncalled bet ($2) returned to hassan67
hassan67 collected $2 from pot
*** SUMMARY ***
Total pot $2 | Rake $0
Seat 3: BelSv (button) (small blind) folded before Flop
Seat 5: hassan67 (big blind) collected ($2)


PokerStars Hand #148706131111:  Hold'em Limit ($3/$6 USD) - 2016/02/12 20:48:52 ET
Table 'Latona' 6-max Seat #3 is the button
Seat 3: BelSv ($129.62 in chips)
Seat 5: hassan67 ($158.60 in chips)
BelSv: posts small blind $1
hassan67: posts big blind $3
*** HOLE CARDS ***
BelSv: raises $3 to $6
hassan67: raises $3 to $9
BelSv: calls $3
*** FLOP *** [3s Td 6c]
hassan67: bets $3
BelSv: raises $3 to $6
hassan67: calls $3
*** TURN *** [3s Td 6c] [3c]
hassan67: checks
BelSv: bets $6
hassan67: raises $6 to $12
BelSv: folds
Uncalled bet ($6) returned to hassan67
hassan67 collected $41.50 from pot
*** SUMMARY ***
Total pot $42 | Rake $0.50
Board [3s Td 6c 3c]
Seat 3: BelSv (button) (small blind) folded on the Turn
Seat 5: hassan67 (big blind) collected ($41.50)


PokerStars Hand #148706139839:  Hold'em Limit ($3/$6 USD) - 2016/02/12 20:49:08 ET
Table 'Latona' 6-max Seat #5 is the button
Seat 3: BelSv ($108.62 in chips)
Seat 5: hassan67 ($179.10 in chips)
hassan67: posts small blind $1
BelSv: posts big blind $3
*** HOLE CARDS ***
hassan67: raises $3 to $6
BelSv: calls $3
*** FLOP *** [Jc 2d 2h]
BelSv: checks
hassan67: bets $3
BelSv: calls $3
*** TURN *** [Jc 2d 2h] [3s]
BelSv: checks
hassan67: checks
*** RIVER *** [Jc 2d 2h 3s] [7h]
BelSv: bets $6
hassan67: calls $6
*** SHOW DOWN ***
BelSv: shows [2s Qc] (three of a kind, Deuces)
hassan67: mucks hand
BelSv collected $29.50 from pot
*** SUMMARY ***
Total pot $30 | Rake $0.50
Board [Jc 2d 2h 3s 7h]
Seat 3: BelSv (big blind) showed [2s Qc] and won ($29.50) with three of a kind, Deuces
Seat 5: hassan67 (button) (small blind) mucked


PokerStars Hand #148706123569:  Hold'em Limit ($3/$6 USD) - 2016/02/12 20:48:39 ET
Table 'Latona' 6-max Seat #5 is the button
Seat 3: BelSv ($118.10 in chips)
Seat 5: hassan67 ($170.60 in chips)
hassan67: posts small blind $1
BelSv: posts big blind $3
*** HOLE CARDS ***
hassan67: raises $3 to $6
BelSv: calls $3
*** FLOP *** [5s 9d As]
BelSv: checks
hassan67: bets $3
BelSv: raises $3 to $6
hassan67: calls $3
*** TURN *** [5s 9d As] [Kh]
BelSv: bets $6
hassan67: folds
Uncalled bet ($6) returned to BelSv
BelSv collected $23.52 from pot
BelSv: doesn't show hand
*** SUMMARY ***
Total pot $24 | Rake $0.48
Board [5s 9d As Kh]
Seat 3: BelSv (big blind) collected ($23.52)
Seat 5: hassan67 (button) (small blind) folded on the Turn


PokerStars Hand #148706160496:  Hold'em Limit ($3/$6 USD) - 2016/02/12 20:49:46 ET
Table 'Latona' 6-max Seat #5 is the button
Seat 3: BelSv ($102.12 in chips)
Seat 5: hassan67 ($184.60 in chips)
hassan67: posts small blind $1
BelSv: posts big blind $3
*** HOLE CARDS ***
hassan67: raises $3 to $6
BelSv: calls $3
*** FLOP *** [Qs 6d 5c]
BelSv: checks
hassan67: bets $3
BelSv: calls $3
*** TURN *** [Qs 6d 5c] [8h]
BelSv: checks
hassan67: checks
*** RIVER *** [Qs 6d 5c 8h] [Ts]
BelSv: bets $6
hassan67: folds
Uncalled bet ($6) returned to BelSv
BelSv collected $17.64 from pot
BelSv: doesn't show hand
*** SUMMARY ***
Total pot $18 | Rake $0.36
Board [Qs 6d 5c 8h Ts]
Seat 3: BelSv (big blind) collected ($17.64)
Seat 5: hassan67 (button) (small blind) folded on the River


PokerStars Hand #148706171117:  Hold'em Limit ($3/$6 USD) - 2016/02/12 20:50:06 ET
Table 'Latona' 6-max Seat #3 is the button
Seat 3: BelSv ($110.76 in chips)
Seat 5: hassan67 ($175.60 in chips)
BelSv: posts small blind $1
hassan67: posts big blind $3
*** HOLE CARDS ***
BelSv: raises $3 to $6
hassan67: folds
Uncalled bet ($3) returned to BelSv
BelSv collected $6 from pot
BelSv: doesn't show hand
*** SUMMARY ***
Total pot $6 | Rake $0
Seat 3: BelSv (button) (small blind) collected ($6)
Seat 5: hassan67 (big blind) folded before Flop


PokerStars Hand #148706149843:  Hold'em Limit ($3/$6 USD) - 2016/02/12 20:49:27 ET
Table 'Latona' 6-max Seat #3 is the button
Seat 3: BelSv ($123.12 in chips)
Seat 5: hassan67 ($164.10 in chips)
BelSv: posts small blind $1
hassan67: posts big blind $3
*** HOLE CARDS ***
BelSv: raises $3 to $6
hassan67: raises $3 to $9
BelSv: calls $3
*** FLOP *** [4s 2d Qc]
hassan67: bets $3
BelSv: raises $3 to $6
hassan67: calls $3
*** TURN *** [4s 2d Qc] [8c]
hassan67: checks
BelSv: bets $6
hassan67: raises $6 to $12
BelSv: folds
Uncalled bet ($6) returned to hassan67
hassan67 collected $41.50 from pot
*** SUMMARY ***
Total pot $42 | Rake $0.50
Board [4s 2d Qc 8c]
Seat 3: BelSv (button) (small blind) folded on the Turn
Seat 5: hassan67 (big blind) collected ($41.50)


PokerStars Hand #148706204407:  Hold'em Limit ($3/$6 USD) - 2016/02/12 20:51:08 ET
Table 'Latona' 6-max Seat #3 is the button
Seat 3: BelSv ($118.26 in chips)
Seat 5: hassan67 ($167.10 in chips)
BelSv: posts small blind $1
hassan67: posts big blind $3
*** HOLE CARDS ***
BelSv: folds
Uncalled bet ($2) returned to hassan67
hassan67 collected $2 from pot
*** SUMMARY ***
Total pot $2 | Rake $0
Seat 3: BelSv (button) (small blind) folded before Flop
Seat 5: hassan67 (big blind) collected ($2)


PokerStars Hand #148706195026:  Hold'em Limit ($3/$6 USD) - 2016/02/12 20:50:51 ET
Table 'Latona' 6-max Seat #5 is the button
Seat 3: BelSv ($133.26 in chips)
Seat 5: hassan67 ($152.60 in chips)
hassan67: posts small blind $1
BelSv: posts big blind $3
*** HOLE CARDS ***
hassan67: raises $3 to $6
BelSv: raises $3 to $9
hassan67: raises $3 to $12
Betting is capped
BelSv: calls $3
*** FLOP *** [6d 2c 6h]
BelSv: checks
hassan67: bets $3
BelSv: calls $3
*** TURN *** [6d 2c 6h] [Ah]
BelSv: checks
hassan67: bets $6
BelSv: folds
Uncalled bet ($6) returned to hassan67
hassan67 collected $29.50 from pot
*** SUMMARY ***
Total pot $30 | Rake $0.50
Board [6d 2c 6h Ah]
Seat 3: BelSv (big blind) folded on the Turn
Seat 5: hassan67 (button) (small blind) collected ($29.50)


PokerStars Hand #148706206705:  Hold'em Limit ($3/$6 USD) - 2016/02/12 20:51:13 ET
Table 'Latona' 6-max Seat #5 is the button
Seat 3: BelSv ($117.26 in chips)
Seat 5: hassan67 ($168.10 in chips)
hassan67: posts small blind $1
BelSv: posts big blind $3
*** HOLE CARDS ***
hassan67: raises $3 to $6
BelSv: calls $3
*** FLOP *** [9d Jd 5h]
BelSv: checks
hassan67: bets $3
BelSv: raises $3 to $6
hassan67: folds
Uncalled bet ($3) returned to BelSv
BelSv collected $17.64 from pot
BelSv: doesn't show hand
*** SUMMARY ***
Total pot $18 | Rake $0.36
Board [9d Jd 5h]
Seat 3: BelSv (big blind) collected ($17.64)
Seat 5: hassan67 (button) (small blind) folded on the Flop


PokerStars Hand #148706218675:  Hold'em Limit ($3/$6 USD) - 2016/02/12 20:51:35 ET
Table 'Latona' 6-max Seat #5 is the button
Seat 3: BelSv ($124.90 in chips)
Seat 5: hassan67 ($160.10 in chips)
hassan67: posts small blind $1
BelSv: posts big blind $3
*** HOLE CARDS ***
hassan67: raises $3 to $6
BelSv: folds
Uncalled bet ($3) returned to hassan67
hassan67 collected $6 from pot
*** SUMMARY ***
Total pot $6 | Rake $0
Seat 3: BelSv (big blind) folded before Flop
Seat 5: hassan67 (button) (small blind) collected ($6)


PokerStars Hand #148706216162:  Hold'em Limit ($3/$6 USD) - 2016/02/12 20:51:31 ET
Table 'Latona' 6-max Seat #3 is the button
Seat 3: BelSv ($125.90 in chips)
Seat 5: hassan67 ($159.10 in chips)
BelSv: posts small blind $1
hassan67: posts big blind $3
*** HOLE CARDS ***
BelSv: folds
Uncalled bet ($2) returned to hassan67
hassan67 collected $2 from pot
*** SUMMARY ***
Total pot $2 | Rake $0
Seat 3: BelSv (button) (small blind) folded before Flop
Seat 5: hassan67 (big blind) collected ($2)


PokerStars Hand #148706192662:  Hold'em Limit ($3/$6 USD) - 2016/02/12 20:50:46 ET
Table 'Latona' 6-max Seat #3 is the button
Seat 3: BelSv ($134.26 in chips)
Seat 5: hassan67 ($151.60 in chips)
BelSv: posts small blind $1
hassan67: posts big blind $3
*** HOLE CARDS ***
BelSv: folds
Uncalled bet ($2) returned to hassan67
hassan67 collected $2 from pot
*** SUMMARY ***
Total pot $2 | Rake $0
Seat 3: BelSv (button) (small blind) folded before Flop
Seat 5: hassan67 (big blind) collected ($2)


PokerStars Hand #148706174993:  Hold'em Limit ($3/$6 USD) - 2016/02/12 20:50:13 ET
Table 'Latona' 6-max Seat #5 is the button
Seat 3: BelSv ($113.76 in chips)
Seat 5: hassan67 ($172.60 in chips)
hassan67: posts small blind $1
BelSv: posts big blind $3
*** HOLE CARDS ***
hassan67: raises $3 to $6
BelSv: calls $3
*** FLOP *** [Jd 6s 7d]
BelSv: checks
hassan67: bets $3
BelSv: raises $3 to $6
hassan67: raises $3 to $9
BelSv: calls $3
*** TURN *** [Jd 6s 7d] [Ks]
BelSv: checks
hassan67: bets $6
BelSv: calls $6
*** RIVER *** [Jd 6s 7d Ks] [9s]
BelSv: checks
hassan67: checks
*** SHOW DOWN ***
BelSv: shows [5s Jh] (a pair of Jacks)
hassan67: mucks hand
BelSv collected $41.50 from pot
*** SUMMARY ***
Total pot $42 | Rake $0.50
Board [Jd 6s 7d Ks 9s]
Seat 3: BelSv (big blind) showed [5s Jh] and won ($41.50) with a pair of Jacks
Seat 5: hassan67 (button) (small blind) mucked


PokerStars Hand #148706221496:  Hold'em Limit ($3/$6 USD) - 2016/02/12 20:51:41 ET
Table 'Latona' 6-max Seat #3 is the button
Seat 3: BelSv ($121.90 in chips)
Seat 5: hassan67 ($163.10 in chips)
BelSv: posts small blind $1
hassan67: posts big blind $3
*** HOLE CARDS ***
BelSv: raises $3 to $6
hassan67: raises $3 to $9
BelSv: calls $3
*** FLOP *** [Ah 9h 2d]
hassan67: bets $3
BelSv: calls $3
*** TURN *** [Ah 9h 2d] [7d]
hassan67: bets $6
BelSv: calls $6
*** RIVER *** [Ah 9h 2d 7d] [Qc]
hassan67: bets $6
BelSv: calls $6
*** SHOW DOWN ***
hassan67: shows [Qs 9s] (two pair, Queens and Nines)
BelSv: mucks hand
hassan67 collected $47.50 from pot
*** SUMMARY ***
Total pot $48 | Rake $0.50
Board [Ah 9h 2d 7d Qc]
Seat 3: BelSv (button) (small blind) mucked
Seat 5: hassan67 (big blind) showed [Qs 9s] and won ($47.50) with two pair, Queens and Nines


PokerStars Hand #148706228791:  Hold'em Limit ($3/$6 USD) - 2016/02/12 20:51:55 ET
Table 'Latona' 6-max Seat #5 is the button
Seat 3: BelSv ($97.90 in chips)
Seat 5: hassan67 ($186.60 in chips)
hassan67: posts small blind $1
BelSv: posts big blind $3
*** HOLE CARDS ***
hassan67: raises $3 to $6
BelSv: calls $3
*** FLOP *** [As 4s 3c]
BelSv: checks
hassan67: bets $3
BelSv: raises $3 to $6
hassan67: calls $3
*** TURN *** [As 4s 3c] [2c]
BelSv: bets $6
hassan67: calls $6
*** RIVER *** [As 4s 3c 2c] [Ac]
BelSv: checks
hassan67: bets $6
BelSv: folds
Uncalled bet ($6) returned to hassan67
hassan67 collected $35.50 from pot
*** SUMMARY ***
Total pot $36 | Rake $0.50
Board [As 4s 3c 2c Ac]
Seat 3: BelSv (big blind) folded on the River
Seat 5: hassan67 (button) (small blind) collected ($35.50)


PokerStars Hand #148706260733:  Hold'em Limit ($3/$6 USD) - 2016/02/12 20:52:55 ET
Table 'Latona' 6-max Seat #5 is the button
Seat 3: BelSv ($100.40 in chips)
Seat 5: hassan67 ($183.10 in chips)
hassan67: posts small blind $1
BelSv: posts big blind $3
*** HOLE CARDS ***
hassan67: raises $3 to $6
BelSv: calls $3
*** FLOP *** [8s 5s 9d]
BelSv: checks
hassan67: bets $3
BelSv: raises $3 to $6
hassan67: raises $3 to $9
BelSv: raises $3 to $12
Betting is capped
hassan67: calls $3
*** TURN *** [8s 5s 9d] [Td]
BelSv: bets $6
hassan67: raises $6 to $12
BelSv: raises $6 to $18
hassan67: calls $6
*** RIVER *** [8s 5s 9d Td] [Ks]
BelSv: bets $6
hassan67: calls $6
*** SHOW DOWN ***
BelSv: shows [Js 7c] (a straight, Seven to Jack)
hassan67: mucks hand
BelSv collected $83.50 from pot
*** SUMMARY ***
Total pot $84 | Rake $0.50
Board [8s 5s 9d Td Ks]
Seat 3: BelSv (big blind) showed [Js 7c] and won ($83.50) with a straight, Seven to Jack
Seat 5: hassan67 (button) (small blind) mucked


PokerStars Hand #148706303840:  Hold'em Limit ($3/$6 USD) - 2016/02/12 20:54:17 ET
Table 'Latona' 6-max Seat #3 is the button
Seat 3: BelSv ($167.68 in chips)
Seat 5: hassan67 ($113.74 in chips)
BelSv: posts small blind $1
hassan67: posts big blind $3
*** HOLE CARDS ***
BelSv: raises $3 to $6
hassan67: calls $3
*** FLOP *** [4d 3h Js]
hassan67: checks
BelSv: bets $3
hassan67: raises $3 to $6
BelSv: calls $3
*** TURN *** [4d 3h Js] [6h]
hassan67: bets $6
BelSv: calls $6
*** RIVER *** [4d 3h Js 6h] [9c]
hassan67: bets $6
BelSv: calls $6
*** SHOW DOWN ***
hassan67: shows [3c 6c] (two pair, Sixes and Threes)
BelSv: mucks hand
hassan67 collected $47.50 from pot
*** SUMMARY ***
Total pot $48 | Rake $0.50
Board [4d 3h Js 6h 9c]
Seat 3: BelSv (button) (small blind) mucked
Seat 5: hassan67 (big blind) showed [3c 6c] and won ($47.50) with two pair, Sixes and Threes


PokerStars Hand #148706290731:  Hold'em Limit ($3/$6 USD) - 2016/02/12 20:53:52 ET
Table 'Latona' 6-max Seat #3 is the button
Seat 3: BelSv ($165.16 in chips)
Seat 5: hassan67 ($117.10 in chips)
BelSv: posts small blind $1
hassan67: posts big blind $3
*** HOLE CARDS ***
BelSv: raises $3 to $6
hassan67: raises $3 to $9
BelSv: calls $3
*** FLOP *** [Jh Ad 5c]
hassan67: bets $3
BelSv: folds
Uncalled bet ($3) returned to hassan67
hassan67 collected $17.64 from pot
*** SUMMARY ***
Total pot $18 | Rake $0.36
Board [Jh Ad 5c]
Seat 3: BelSv (button) (small blind) folded on the Flop
Seat 5: hassan67 (big blind) collected ($17.64)


PokerStars Hand #148706295150:  Hold'em Limit ($3/$6 USD) - 2016/02/12 20:54:00 ET
Table 'Latona' 6-max Seat #5 is the button
Seat 3: BelSv ($156.16 in chips)
Seat 5: hassan67 ($125.74 in chips)
hassan67: posts small blind $1
BelSv: posts big blind $3
*** HOLE CARDS ***
hassan67: raises $3 to $6
BelSv: raises $3 to $9
hassan67: calls $3
*** FLOP *** [5d Kd 9c]
Brama Br joins the table at seat #2
BelSv: bets $3
hassan67: calls $3
*** TURN *** [5d Kd 9c] [6h]
BelSv: bets $6
hassan67: folds
Uncalled bet ($6) returned to BelSv
BelSv collected $23.52 from pot
BelSv: doesn't show hand
*** SUMMARY ***
Total pot $24 | Rake $0.48
Board [5d Kd 9c 6h]
Seat 3: BelSv (big blind) collected ($23.52)
Seat 5: hassan67 (button) (small blind) folded on the Turn


PokerStars Hand #148706280916:  Hold'em Limit ($3/$6 USD) - 2016/02/12 20:53:33 ET
Table 'Latona' 6-max Seat #5 is the button
Seat 3: BelSv ($147.66 in chips)
Seat 5: hassan67 ($135.10 in chips)
hassan67: posts small blind $1
BelSv: posts big blind $3
*** HOLE CARDS ***
hassan67: raises $3 to $6
BelSv: calls $3
*** FLOP *** [3s As 7s]
BelSv: checks
hassan67: bets $3
BelSv: raises $3 to $6
hassan67: calls $3
*** TURN *** [3s As 7s] [2s]
BelSv: bets $6
hassan67: calls $6
*** RIVER *** [3s As 7s 2s] [4c]
BelSv: checks
hassan67: checks
*** SHOW DOWN ***
BelSv: shows [Ts Qc] (a flush, Ace high)
hassan67: mucks hand
BelSv collected $35.50 from pot
*** SUMMARY ***
Total pot $36 | Rake $0.50
Board [3s As 7s 2s 4c]
Seat 3: BelSv (big blind) showed [Ts Qc] and won ($35.50) with a flush, Ace high
Seat 5: hassan67 (button) (small blind) mucked


PokerStars Hand #148706506829:  Hold'em Limit ($3/$6 USD) - 2016/02/12 21:01:17 ET
Table 'Latona' 6-max Seat #4 is the button
Seat 4: gazzzzzza ($55.77 in chips)
Seat 5: hassan67 ($127.95 in chips)
gazzzzzza: posts small blind $1
hassan67: posts big blind $3
*** HOLE CARDS ***
gazzzzzza: raises $3 to $6
hassan67: folds
Uncalled bet ($3) returned to gazzzzzza
gazzzzzza collected $6 from pot
*** SUMMARY ***
Total pot $6 | Rake $0
Seat 4: gazzzzzza (button) (small blind) collected ($6)
Seat 5: hassan67 (big blind) folded before Flop


PokerStars Hand #148706500058:  Hold'em Limit ($3/$6 USD) - 2016/02/12 21:01:04 ET
Table 'Latona' 6-max Seat #5 is the button
Seat 4: gazzzzzza ($54.77 in chips)
Seat 5: hassan67 ($128.95 in chips)
hassan67: posts small blind $1
gazzzzzza: posts big blind $3
*** HOLE CARDS ***
Brama Br leaves the table
hassan67: folds
Uncalled bet ($2) returned to gazzzzzza
gazzzzzza collected $2 from pot
*** SUMMARY ***
Total pot $2 | Rake $0
Seat 4: gazzzzzza (big blind) collected ($2)
Seat 5: hassan67 (button) (small blind) folded before Flop


