PokerStars Hand #154974771551:  Hold'em Limit ($3/$6 USD) - 2016/06/20 9:23:11 ET
Table 'Laugier' 6-max Seat #2 is the button
Seat 1: Ag3r0n ($72 in chips)
Seat 2: ulrich80 ($157.50 in chips)
ulrich80: posts small blind $1
Ag3r0n: posts big blind $3
*** HOLE CARDS ***
ulrich80: calls $2
Ag3r0n: checks
*** FLOP *** [8s Th 2s]
Nordq joins the table at seat #3
Ag3r0n: bets $3
ulrich80: calls $3
*** TURN *** [8s Th 2s] [Kc]
Ag3r0n: checks
ulrich80: bets $6
Ag3r0n: calls $6
*** RIVER *** [8s Th 2s Kc] [4c]
Ag3r0n: checks
ulrich80: bets $6
Ag3r0n: calls $6
*** SHOW DOWN ***
ulrich80: shows [3s 6s] (high card King)
Ag3r0n: shows [2d 5d] (a pair of Deuces)
Ag3r0n collected $35.50 from pot
*** SUMMARY ***
Total pot $36 | Rake $0.50
Board [8s Th 2s Kc 4c]
Seat 1: Ag3r0n (big blind) showed [2d 5d] and won ($35.50) with a pair of Deuces
Seat 2: ulrich80 (button) (small blind) showed [3s 6s] and lost with high card King


PokerStars Hand #154974784627:  Hold'em Limit ($3/$6 USD) - 2016/06/20 9:23:36 ET
Table 'Laugier' 6-max Seat #1 is the button
Seat 1: Ag3r0n ($89.50 in chips)
Seat 2: ulrich80 ($139.50 in chips)
Ag3r0n: posts small blind $1
ulrich80: posts big blind $3
*** HOLE CARDS ***
B_loJkl joins the table at seat #4
Ag3r0n: raises $3 to $6
ulrich80: calls $3
*** FLOP *** [Ah 6h Kc]
ulrich80: checks
Ag3r0n: bets $3
ulrich80: folds
Uncalled bet ($3) returned to Ag3r0n
Ag3r0n collected $11.76 from pot
*** SUMMARY ***
Total pot $12 | Rake $0.24
Board [Ah 6h Kc]
Seat 1: Ag3r0n (button) (small blind) collected ($11.76)
Seat 2: ulrich80 (big blind) folded on the Flop


PokerStars Hand #154975546713:  Hold'em Limit ($3/$6 USD) - 2016/06/20 9:47:43 ET
Table 'Laugier' 6-max Seat #1 is the button
Seat 1: Ag3r0n ($123.14 in chips)
Seat 3: B_loJkl ($112.18 in chips)
Ag3r0n: posts small blind $1
7ardis: is sitting out
B_loJkl: posts big blind $3
*** HOLE CARDS ***
Ag3r0n: raises $3 to $6
7ardis leaves the table
B_loJkl: calls $3
*** FLOP *** [9d 4d 5c]
B_loJkl: checks
Ag3r0n: bets $3
B_loJkl: raises $3 to $6
Ag3r0n: calls $3
*** TURN *** [9d 4d 5c] [9c]
B_loJkl: bets $6
Ag3r0n: calls $6
*** RIVER *** [9d 4d 5c 9c] [Jh]
B_loJkl: bets $6
Ag3r0n: calls $6
*** SHOW DOWN ***
B_loJkl: shows [9s Qs] (three of a kind, Nines)
Ag3r0n: mucks hand
B_loJkl collected $47.50 from pot
*** SUMMARY ***
Total pot $48 | Rake $0.50
Board [9d 4d 5c 9c Jh]
Seat 1: Ag3r0n (button) (small blind) mucked
Seat 3: B_loJkl (big blind) showed [9s Qs] and won ($47.50) with three of a kind, Nines


PokerStars Hand #154975570619:  Hold'em Limit ($3/$6 USD) - 2016/06/20 9:48:27 ET
Table 'Laugier' 6-max Seat #3 is the button
Seat 1: Ag3r0n ($99.14 in chips)
Seat 3: B_loJkl ($135.68 in chips)
B_loJkl: posts small blind $1
Ag3r0n: posts big blind $3
*** HOLE CARDS ***
B_loJkl: raises $3 to $6
Ag3r0n: calls $3
*** FLOP *** [2h 4d Js]
Ag3r0n: checks
B_loJkl: bets $3
Ag3r0n: raises $3 to $6
B_loJkl: folds
Uncalled bet ($3) returned to Ag3r0n
Ag3r0n collected $17.64 from pot
*** SUMMARY ***
Total pot $18 | Rake $0.36
Board [2h 4d Js]
Seat 1: Ag3r0n (big blind) collected ($17.64)
Seat 3: B_loJkl (button) (small blind) folded on the Flop


