PokerStars Hand #159870384859:  Hold'em Limit ($3/$6 USD) - 2016/10/13 8:34:56 ET
Table 'Laugier' 6-max Seat #1 is the button
Seat 1: Rooman7 ($13.72 in chips)
Seat 4: Agrotait ($87.50 in chips)
Rooman7: posts small blind $1
Agrotait: posts big blind $3
*** HOLE CARDS ***
Rooman7: folds
Uncalled bet ($2) returned to Agrotait
Agrotait collected $2 from pot
Agrotait: doesn't show hand
*** SUMMARY ***
Total pot $2 | Rake $0
Seat 1: Rooman7 (button) (small blind) folded before Flop
Seat 4: Agrotait (big blind) collected ($2)


PokerStars Hand #159870374259:  Hold'em Limit ($3/$6 USD) - 2016/10/13 8:34:33 ET
Table 'Laugier' 6-max Seat #4 is the button
Seat 1: Rooman7 ($7 in chips)
Seat 4: Agrotait ($94.50 in chips)
Agrotait: posts small blind $1
Rooman7: posts big blind $3
*** HOLE CARDS ***
Agrotait: raises $3 to $6
Rooman7: calls $3
*** FLOP *** [Qh 7h Kd]
Rooman7: checks
Agrotait: bets $3
Rooman7: calls $1 and is all-in
Uncalled bet ($2) returned to Agrotait
*** TURN *** [Qh 7h Kd] [4c]
*** RIVER *** [Qh 7h Kd 4c] [Th]
*** SHOW DOWN ***
Rooman7: shows [Jc 9c] (a straight, Nine to King)
Agrotait: shows [2h 2s] (a pair of Deuces)
Rooman7 collected $13.72 from pot
*** SUMMARY ***
Total pot $14 | Rake $0.28
Board [Qh 7h Kd 4c Th]
Seat 1: Rooman7 (big blind) showed [Jc 9c] and won ($13.72) with a straight, Nine to King
Seat 4: Agrotait (button) (small blind) showed [2h 2s] and lost with a pair of Deuces


PokerStars Hand #159870371755:  Hold'em Limit ($3/$6 USD) - 2016/10/13 8:34:28 ET
Table 'Laugier' 6-max Seat #1 is the button
Seat 1: Rooman7 ($8 in chips)
Seat 4: Agrotait ($93.50 in chips)
Rooman7: posts small blind $1
Agrotait: posts big blind $3
*** HOLE CARDS ***
Rooman7: folds
Uncalled bet ($2) returned to Agrotait
Agrotait collected $2 from pot
Agrotait: doesn't show hand
*** SUMMARY ***
Total pot $2 | Rake $0
Seat 1: Rooman7 (button) (small blind) folded before Flop
Seat 4: Agrotait (big blind) collected ($2)


PokerStars Hand #159870351989:  Hold'em Limit ($3/$6 USD) - 2016/10/13 8:33:45 ET
Table 'Laugier' 6-max Seat #4 is the button
Seat 1: Rooman7 ($29 in chips)
Seat 4: Agrotait ($73 in chips)
Agrotait: posts small blind $1
Rooman7: posts big blind $3
*** HOLE CARDS ***
Agrotait: raises $3 to $6
Rooman7: calls $3
*** FLOP *** [3c Kh 2d]
Rooman7: checks
Agrotait: bets $3
Rooman7: calls $3
*** TURN *** [3c Kh 2d] [2c]
Rooman7: checks
Agrotait: bets $6
Rooman7: calls $6
*** RIVER *** [3c Kh 2d 2c] [2s]
Rooman7: checks
Agrotait: bets $6
Rooman7: calls $6
*** SHOW DOWN ***
Agrotait: shows [Kd 5c] (a full house, Deuces full of Kings)
Rooman7: mucks hand
Agrotait collected $41.50 from pot
*** SUMMARY ***
Total pot $42 | Rake $0.50
Board [3c Kh 2d 2c 2s]
Seat 1: Rooman7 (big blind) mucked
Seat 4: Agrotait (button) (small blind) showed [Kd 5c] and won ($41.50) with a full house, Deuces full of Kings


PokerStars Hand #159870407926:  Hold'em Limit ($3/$6 USD) - 2016/10/13 8:35:47 ET
Table 'Laugier' 6-max Seat #4 is the button
Seat 1: Rooman7 ($5.60 in chips)
Seat 4: Agrotait ($95.39 in chips)
Agrotait: posts small blind $1
Rooman7: posts big blind $3
*** HOLE CARDS ***
Agrotait: raises $3 to $6
Rooman7: calls $2.60 and is all-in
Uncalled bet ($0.40) returned to Agrotait
*** FLOP *** [Kc 6s 2h]
*** TURN *** [Kc 6s 2h] [Kh]
*** RIVER *** [Kc 6s 2h Kh] [4d]
*** SHOW DOWN ***
Rooman7: shows [Ac 7s] (a pair of Kings)
Agrotait: shows [3s 3h] (two pair, Kings and Threes)
Agrotait collected $10.98 from pot
*** SUMMARY ***
Total pot $11.20 | Rake $0.22
Board [Kc 6s 2h Kh 4d]
Seat 1: Rooman7 (big blind) showed [Ac 7s] and lost with a pair of Kings
Seat 4: Agrotait (button) (small blind) showed [3s 3h] and won ($10.98) with two pair, Kings and Threes


PokerStars Hand #159870399953:  Hold'em Limit ($3/$6 USD) - 2016/10/13 8:35:29 ET
Table 'Laugier' 6-max Seat #1 is the button
Seat 1: Rooman7 ($5.72 in chips)
Seat 4: Agrotait ($95.50 in chips)
Rooman7: posts small blind $1
Agrotait: posts big blind $3
*** HOLE CARDS ***
Rooman7: calls $2
Agrotait: checks
*** FLOP *** [Ah 8h 8d]
Agrotait: checks
Rooman7: bets $2.72 and is all-in
Agrotait: calls $2.72
*** TURN *** [Ah 8h 8d] [Jc]
*** RIVER *** [Ah 8h 8d Jc] [5d]
*** SHOW DOWN ***
Agrotait: shows [4h 9s] (a pair of Eights)
Rooman7: shows [9h 7c] (a pair of Eights)
Agrotait collected $5.61 from pot
Rooman7 collected $5.60 from pot
*** SUMMARY ***
Total pot $11.44 | Rake $0.23
Board [Ah 8h 8d Jc 5d]
Seat 1: Rooman7 (button) (small blind) showed [9h 7c] and won ($5.60) with a pair of Eights
Seat 4: Agrotait (big blind) showed [4h 9s] and won ($5.61) with a pair of Eights


PokerStars Hand #159870395788:  Hold'em Limit ($3/$6 USD) - 2016/10/13 8:35:20 ET
Table 'Laugier' 6-max Seat #4 is the button
Seat 1: Rooman7 ($8.72 in chips)
Seat 4: Agrotait ($92.50 in chips)
Agrotait: posts small blind $1
Rooman7: posts big blind $3
*** HOLE CARDS ***
Agrotait: raises $3 to $6
Rooman7: folds
Uncalled bet ($3) returned to Agrotait
Agrotait collected $6 from pot
Agrotait: doesn't show hand
*** SUMMARY ***
Total pot $6 | Rake $0
Seat 1: Rooman7 (big blind) folded before Flop
Seat 4: Agrotait (button) (small blind) collected ($6)


PokerStars Hand #159870392904:  Hold'em Limit ($3/$6 USD) - 2016/10/13 8:35:14 ET
Table 'Laugier' 6-max Seat #1 is the button
Seat 1: Rooman7 ($9.72 in chips)
Seat 4: Agrotait ($91.50 in chips)
Rooman7: posts small blind $1
Agrotait: posts big blind $3
*** HOLE CARDS ***
Rooman7: folds
Uncalled bet ($2) returned to Agrotait
Agrotait collected $2 from pot
Agrotait: doesn't show hand
*** SUMMARY ***
Total pot $2 | Rake $0
Seat 1: Rooman7 (button) (small blind) folded before Flop
Seat 4: Agrotait (big blind) collected ($2)


PokerStars Hand #159870388066:  Hold'em Limit ($3/$6 USD) - 2016/10/13 8:35:03 ET
Table 'Laugier' 6-max Seat #4 is the button
Seat 1: Rooman7 ($12.72 in chips)
Seat 4: Agrotait ($88.50 in chips)
Agrotait: posts small blind $1
Rooman7: posts big blind $3
*** HOLE CARDS ***
Agrotait: raises $3 to $6
Rooman7: folds
Uncalled bet ($3) returned to Agrotait
Agrotait collected $6 from pot
Agrotait: doesn't show hand
*** SUMMARY ***
Total pot $6 | Rake $0
Seat 1: Rooman7 (big blind) folded before Flop
Seat 4: Agrotait (button) (small blind) collected ($6)


PokerStars Hand #159870442255:  Hold'em Limit ($3/$6 USD) - 2016/10/13 8:37:02 ET
Table 'Laugier' 6-max Seat #1 is the button
Seat 1: Rooman7 ($90 in chips)
Seat 4: Agrotait ($129.91 in chips)
Rooman7: posts small blind $1
Agrotait: posts big blind $3
*** HOLE CARDS ***
Rooman7: folds
Uncalled bet ($2) returned to Agrotait
Agrotait collected $2 from pot
Agrotait: doesn't show hand
*** SUMMARY ***
Total pot $2 | Rake $0
Seat 1: Rooman7 (button) (small blind) folded before Flop
Seat 4: Agrotait (big blind) collected ($2)


PokerStars Hand #159870432922:  Hold'em Limit ($3/$6 USD) - 2016/10/13 8:36:41 ET
Table 'Laugier' 6-max Seat #4 is the button
Seat 1: Rooman7 ($111 in chips)
Seat 4: Agrotait ($109.41 in chips)
Agrotait: posts small blind $1
Rooman7: posts big blind $3
*** HOLE CARDS ***
Agrotait: raises $3 to $6
Rooman7: calls $3
*** FLOP *** [Ah 2h Ad]
Rooman7: checks
Agrotait: bets $3
Rooman7: calls $3
*** TURN *** [Ah 2h Ad] [2d]
Rooman7: checks
Agrotait: bets $6
Rooman7: calls $6
*** RIVER *** [Ah 2h Ad 2d] [9s]
Rooman7: checks
Agrotait: bets $6
Rooman7: calls $6
*** SHOW DOWN ***
Agrotait: shows [Ac Ks] (a full house, Aces full of Deuces)
Rooman7: mucks hand
Agrotait collected $41.50 from pot
*** SUMMARY ***
Total pot $42 | Rake $0.50
Board [Ah 2h Ad 2d 9s]
Seat 1: Rooman7 (big blind) mucked
Seat 4: Agrotait (button) (small blind) showed [Ac Ks] and won ($41.50) with a full house, Aces full of Deuces


PokerStars Hand #159870421530:  Hold'em Limit ($3/$6 USD) - 2016/10/13 8:36:16 ET
Table 'Laugier' 6-max Seat #1 is the button
Seat 1: Rooman7 ($120 in chips)
Seat 4: Agrotait ($100.77 in chips)
Rooman7: posts small blind $1
Agrotait: posts big blind $3
*** HOLE CARDS ***
Rooman7: calls $2
Agrotait: checks
*** FLOP *** [Tc 3h 8c]
Agrotait: checks
Rooman7: checks
*** TURN *** [Tc 3h 8c] [9c]
Agrotait: bets $6
Rooman7: calls $6
*** RIVER *** [Tc 3h 8c 9c] [Ah]
Agrotait: checks
Rooman7: checks
*** SHOW DOWN ***
Agrotait: shows [6h 8s] (a pair of Eights)
Rooman7: mucks hand
Agrotait collected $17.64 from pot
*** SUMMARY ***
Total pot $18 | Rake $0.36
Board [Tc 3h 8c 9c Ah]
Seat 1: Rooman7 (button) (small blind) mucked
Seat 4: Agrotait (big blind) showed [6h 8s] and won ($17.64) with a pair of Eights


PokerStars Hand #159870458236:  Hold'em Limit ($3/$6 USD) - 2016/10/13 8:37:37 ET
Table 'Laugier' 6-max Seat #4 is the button
Seat 1: Rooman7 ($94.64 in chips)
Seat 4: Agrotait ($124.91 in chips)
Agrotait: posts small blind $1
Rooman7: posts big blind $3
*** HOLE CARDS ***
Agrotait: raises $3 to $6
Rooman7: calls $3
*** FLOP *** [9c 2h 2c]
Rooman7: checks
Agrotait: bets $3
Rooman7: folds
Uncalled bet ($3) returned to Agrotait
Agrotait collected $11.76 from pot
Agrotait: doesn't show hand
*** SUMMARY ***
Total pot $12 | Rake $0.24
Board [9c 2h 2c]
Seat 1: Rooman7 (big blind) folded on the Flop
Seat 4: Agrotait (button) (small blind) collected ($11.76)


PokerStars Hand #159870449137:  Hold'em Limit ($3/$6 USD) - 2016/10/13 8:37:17 ET
Table 'Laugier' 6-max Seat #1 is the button
Seat 1: Rooman7 ($86 in chips)
Seat 4: Agrotait ($133.91 in chips)
Rooman7: posts small blind $1
Agrotait: posts big blind $3
*** HOLE CARDS ***
Rooman7: calls $2
Agrotait: raises $3 to $6
AzureCaper joins the table at seat #2
Rooman7: calls $3
*** FLOP *** [6h Tc As]
Agrotait: bets $3
Rooman7: calls $3
*** TURN *** [6h Tc As] [2d]
Agrotait: checks
Rooman7: bets $6
Agrotait: folds
Uncalled bet ($6) returned to Rooman7
Rooman7 collected $17.64 from pot
Rooman7: doesn't show hand
*** SUMMARY ***
Total pot $18 | Rake $0.36
Board [6h Tc As 2d]
Seat 1: Rooman7 (button) (small blind) collected ($17.64)
Seat 4: Agrotait (big blind) folded on the Turn


PokerStars Hand #159870445043:  Hold'em Limit ($3/$6 USD) - 2016/10/13 8:37:08 ET
Table 'Laugier' 6-max Seat #4 is the button
Seat 1: Rooman7 ($89 in chips)
Seat 4: Agrotait ($130.91 in chips)
Agrotait: posts small blind $1
Rooman7: posts big blind $3
*** HOLE CARDS ***
Agrotait: raises $3 to $6
Rooman7: folds
Uncalled bet ($3) returned to Agrotait
Agrotait collected $6 from pot
Agrotait: doesn't show hand
*** SUMMARY ***
Total pot $6 | Rake $0
Seat 1: Rooman7 (big blind) folded before Flop
Seat 4: Agrotait (button) (small blind) collected ($6)


