PokerStars Hand #150566459043:  Hold'em Limit ($3/$6 USD) - 2016/03/18 19:43:54 ET
Table 'Laugier' 6-max Seat #6 is the button
Seat 3: mambofox888 ($328.95 in chips)
Seat 6: anetkaapro ($99.50 in chips)
anetkaapro: posts small blind $1
mambofox888: posts big blind $3
*** HOLE CARDS ***
anetkaapro: folds
Uncalled bet ($2) returned to mambofox888
mambofox888 collected $2 from pot
mambofox888: doesn't show hand
*** SUMMARY ***
Total pot $2 | Rake $0
Seat 3: mambofox888 (big blind) collected ($2)
Seat 6: anetkaapro (button) (small blind) folded before Flop


PokerStars Hand #150566425127:  Hold'em Limit ($3/$6 USD) - 2016/03/18 19:43:07 ET
Table 'Laugier' 6-max Seat #3 is the button
Seat 3: mambofox888 ($352.95 in chips)
Seat 6: anetkaapro ($76 in chips)
mambofox888: posts small blind $1
anetkaapro: posts big blind $3
*** HOLE CARDS ***
mambofox888: raises $3 to $6
anetkaapro: calls $3
*** FLOP *** [4c Th 7h]
anetkaapro: checks
mambofox888: bets $3
anetkaapro: raises $3 to $6
mambofox888: calls $3
*** TURN *** [4c Th 7h] [3d]
anetkaapro: bets $6
mambofox888: calls $6
*** RIVER *** [4c Th 7h 3d] [3s]
anetkaapro: bets $6
mambofox888: calls $6
*** SHOW DOWN ***
anetkaapro: shows [5d 7c] (two pair, Sevens and Threes)
mambofox888: mucks hand
anetkaapro collected $47.50 from pot
*** SUMMARY ***
Total pot $48 | Rake $0.50
Board [4c Th 7h 3d 3s]
Seat 3: mambofox888 (button) (small blind) mucked
Seat 6: anetkaapro (big blind) showed [5d 7c] and won ($47.50) with two pair, Sevens and Threes


PokerStars Hand #150566483035:  Hold'em Limit ($3/$6 USD) - 2016/03/18 19:44:26 ET
Table 'Laugier' 6-max Seat #3 is the button
Seat 3: mambofox888 ($306.95 in chips)
Seat 6: anetkaapro ($121 in chips)
mambofox888: posts small blind $1
anetkaapro: posts big blind $3
*** HOLE CARDS ***
mambofox888: folds
Uncalled bet ($2) returned to anetkaapro
anetkaapro collected $2 from pot
anetkaapro: doesn't show hand
*** SUMMARY ***
Total pot $2 | Rake $0
Seat 3: mambofox888 (button) (small blind) folded before Flop
Seat 6: anetkaapro (big blind) collected ($2)


PokerStars Hand #150566479813:  Hold'em Limit ($3/$6 USD) - 2016/03/18 19:44:22 ET
Table 'Laugier' 6-max Seat #6 is the button
Seat 3: mambofox888 ($305.95 in chips)
Seat 6: anetkaapro ($122 in chips)
anetkaapro: posts small blind $1
mambofox888: posts big blind $3
*** HOLE CARDS ***
anetkaapro: folds
Uncalled bet ($2) returned to mambofox888
mambofox888 collected $2 from pot
mambofox888: doesn't show hand
*** SUMMARY ***
Total pot $2 | Rake $0
Seat 3: mambofox888 (big blind) collected ($2)
Seat 6: anetkaapro (button) (small blind) folded before Flop


PokerStars Hand #150566465135:  Hold'em Limit ($3/$6 USD) - 2016/03/18 19:44:02 ET
Table 'Laugier' 6-max Seat #3 is the button
Seat 3: mambofox888 ($329.95 in chips)
Seat 6: anetkaapro ($98.50 in chips)
mambofox888: posts small blind $1
anetkaapro: posts big blind $3
*** HOLE CARDS ***
mambofox888: raises $3 to $6
anetkaapro: raises $3 to $9
mambofox888: calls $3
*** FLOP *** [8c 7d Kd]
anetkaapro: bets $3
mambofox888: calls $3
*** TURN *** [8c 7d Kd] [6s]
anetkaapro: bets $6
mambofox888: calls $6
*** RIVER *** [8c 7d Kd 6s] [Jh]
anetkaapro: bets $6
mambofox888: calls $6
*** SHOW DOWN ***
anetkaapro: shows [Ts 9s] (a straight, Seven to Jack)
mambofox888: mucks hand
anetkaapro collected $47.50 from pot
*** SUMMARY ***
Total pot $48 | Rake $0.50
Board [8c 7d Kd 6s Jh]
Seat 3: mambofox888 (button) (small blind) mucked
Seat 6: anetkaapro (big blind) showed [Ts 9s] and won ($47.50) with a straight, Seven to Jack


PokerStars Hand #150566486618:  Hold'em Limit ($3/$6 USD) - 2016/03/18 19:44:31 ET
Table 'Laugier' 6-max Seat #6 is the button
Seat 3: mambofox888 ($305.95 in chips)
Seat 6: anetkaapro ($122 in chips)
anetkaapro: posts small blind $1
mambofox888: posts big blind $3
*** HOLE CARDS ***
anetkaapro: raises $3 to $6
mambofox888: calls $3
*** FLOP *** [Ad 4s 9c]
mambofox888: bets $3
anetkaapro: folds
Uncalled bet ($3) returned to mambofox888
mambofox888 collected $11.76 from pot
mambofox888: doesn't show hand
*** SUMMARY ***
Total pot $12 | Rake $0.24
Board [Ad 4s 9c]
Seat 3: mambofox888 (big blind) collected ($11.76)
Seat 6: anetkaapro (button) (small blind) folded on the Flop


PokerStars Hand #150566493965:  Hold'em Limit ($3/$6 USD) - 2016/03/18 19:44:41 ET
Table 'Laugier' 6-max Seat #3 is the button
Seat 3: mambofox888 ($311.71 in chips)
Seat 6: anetkaapro ($116 in chips)
mambofox888: posts small blind $1
anetkaapro: posts big blind $3
*** HOLE CARDS ***
mambofox888: raises $3 to $6
anetkaapro: calls $3
*** FLOP *** [6s Ac Ad]
anetkaapro: checks
mambofox888: bets $3
anetkaapro: folds
Uncalled bet ($3) returned to mambofox888
mambofox888 collected $11.76 from pot
mambofox888: doesn't show hand
*** SUMMARY ***
Total pot $12 | Rake $0.24
Board [6s Ac Ad]
Seat 3: mambofox888 (button) (small blind) collected ($11.76)
Seat 6: anetkaapro (big blind) folded on the Flop


PokerStars Hand #150566516277:  Hold'em Limit ($3/$6 USD) - 2016/03/18 19:45:11 ET
Table 'Laugier' 6-max Seat #3 is the button
Seat 3: mambofox888 ($326.11 in chips)
Seat 6: anetkaapro ($101 in chips)
mambofox888: posts small blind $1
anetkaapro: posts big blind $3
*** HOLE CARDS ***
mambofox888: raises $3 to $6
anetkaapro: calls $3
*** FLOP *** [9s 7h 7c]
anetkaapro: checks
mambofox888: bets $3
anetkaapro: raises $3 to $6
mambofox888: calls $3
*** TURN *** [9s 7h 7c] [Tc]
anetkaapro: bets $6
mambofox888: calls $6
*** RIVER *** [9s 7h 7c Tc] [Ah]
anetkaapro: bets $6
mambofox888: calls $6
*** SHOW DOWN ***
anetkaapro: shows [6d 5s] (a pair of Sevens)
mambofox888: shows [Kc As] (two pair, Aces and Sevens)
mambofox888 collected $47.50 from pot
*** SUMMARY ***
Total pot $48 | Rake $0.50
Board [9s 7h 7c Tc Ah]
Seat 3: mambofox888 (button) (small blind) showed [Kc As] and won ($47.50) with two pair, Aces and Sevens
Seat 6: anetkaapro (big blind) showed [6d 5s] and lost with a pair of Sevens


PokerStars Hand #150566548554:  Hold'em Limit ($3/$6 USD) - 2016/03/18 19:45:55 ET
Table 'Laugier' 6-max Seat #6 is the button
Seat 3: mambofox888 ($339.61 in chips)
Seat 6: anetkaapro ($86.64 in chips)
anetkaapro: posts small blind $1
mambofox888: posts big blind $3
*** HOLE CARDS ***
anetkaapro: folds
Uncalled bet ($2) returned to mambofox888
mambofox888 collected $2 from pot
mambofox888: doesn't show hand
*** SUMMARY ***
Total pot $2 | Rake $0
Seat 3: mambofox888 (big blind) collected ($2)
Seat 6: anetkaapro (button) (small blind) folded before Flop


PokerStars Hand #150566544582:  Hold'em Limit ($3/$6 USD) - 2016/03/18 19:45:50 ET
Table 'Laugier' 6-max Seat #3 is the button
Seat 3: mambofox888 ($340.61 in chips)
Seat 6: anetkaapro ($85.64 in chips)
mambofox888: posts small blind $1
anetkaapro: posts big blind $3
*** HOLE CARDS ***
mambofox888: folds
Uncalled bet ($2) returned to anetkaapro
anetkaapro collected $2 from pot
anetkaapro: doesn't show hand
*** SUMMARY ***
Total pot $2 | Rake $0
Seat 3: mambofox888 (button) (small blind) folded before Flop
Seat 6: anetkaapro (big blind) collected ($2)


PokerStars Hand #150566525675:  Hold'em Limit ($3/$6 USD) - 2016/03/18 19:45:24 ET
Table 'Laugier' 6-max Seat #6 is the button
Seat 3: mambofox888 ($349.61 in chips)
Seat 6: anetkaapro ($77 in chips)
anetkaapro: posts small blind $1
mambofox888: posts big blind $3
*** HOLE CARDS ***
anetkaapro: raises $3 to $6
mambofox888: calls $3
*** FLOP *** [8c 7d 9c]
mambofox888: checks
anetkaapro: bets $3
mambofox888: calls $3
*** TURN *** [8c 7d 9c] [Ad]
mambofox888: checks
anetkaapro: checks
*** RIVER *** [8c 7d 9c Ad] [6s]
mambofox888: checks
anetkaapro: checks
*** SHOW DOWN ***
mambofox888: shows [2c 3c] (high card Ace)
anetkaapro: shows [Kh 8s] (a pair of Eights)
anetkaapro collected $17.64 from pot
*** SUMMARY ***
Total pot $18 | Rake $0.36
Board [8c 7d 9c Ad 6s]
Seat 3: mambofox888 (big blind) showed [2c 3c] and lost with high card Ace
Seat 6: anetkaapro (button) (small blind) showed [Kh 8s] and won ($17.64) with a pair of Eights


PokerStars Hand #150566560746:  Hold'em Limit ($3/$6 USD) - 2016/03/18 19:46:12 ET
Table 'Laugier' 6-max Seat #3 is the button
Seat 3: mambofox888 ($340.61 in chips)
Seat 6: anetkaapro ($85.64 in chips)
mambofox888: posts small blind $1
anetkaapro: posts big blind $3
*** HOLE CARDS ***
mambofox888: raises $3 to $6
anetkaapro: raises $3 to $9
mambofox888: raises $3 to $12
Betting is capped
anetkaapro: calls $3
*** FLOP *** [3h 9h Ah]
anetkaapro: checks
mambofox888: checks
*** TURN *** [3h 9h Ah] [Qh]
anetkaapro: bets $6
mambofox888: folds
Uncalled bet ($6) returned to anetkaapro
anetkaapro collected $23.52 from pot
anetkaapro: doesn't show hand
*** SUMMARY ***
Total pot $24 | Rake $0.48
Board [3h 9h Ah Qh]
Seat 3: mambofox888 (button) (small blind) folded on the Turn
Seat 6: anetkaapro (big blind) collected ($23.52)


PokerStars Hand #150566576116:  Hold'em Limit ($3/$6 USD) - 2016/03/18 19:46:33 ET
Table 'Laugier' 6-max Seat #6 is the button
Seat 3: mambofox888 ($328.61 in chips)
Seat 6: anetkaapro ($97.16 in chips)
anetkaapro: posts small blind $1
mambofox888: posts big blind $3
*** HOLE CARDS ***
anetkaapro: raises $3 to $6
mambofox888: calls $3
*** FLOP *** [2c 8d 9h]
mambofox888: bets $3
anetkaapro: calls $3
*** TURN *** [2c 8d 9h] [Jc]
mambofox888: bets $6
anetkaapro: calls $6
*** RIVER *** [2c 8d 9h Jc] [Ks]
mambofox888: checks
anetkaapro: checks
*** SHOW DOWN ***
mambofox888: shows [Th 8c] (a pair of Eights)
anetkaapro: mucks hand
mambofox888 collected $29.50 from pot
*** SUMMARY ***
Total pot $30 | Rake $0.50
Board [2c 8d 9h Jc Ks]
Seat 3: mambofox888 (big blind) showed [Th 8c] and won ($29.50) with a pair of Eights
Seat 6: anetkaapro (button) (small blind) mucked


PokerStars Hand #150566600389:  Hold'em Limit ($3/$6 USD) - 2016/03/18 19:47:07 ET
Table 'Laugier' 6-max Seat #3 is the button
Seat 3: mambofox888 ($343.11 in chips)
Seat 6: anetkaapro ($82.16 in chips)
mambofox888: posts small blind $1
anetkaapro: posts big blind $3
*** HOLE CARDS ***
mambofox888: calls $2
anetkaapro: checks
*** FLOP *** [5s Qc 7s]
anetkaapro: bets $3
mambofox888: calls $3
*** TURN *** [5s Qc 7s] [Jd]
anetkaapro: checks
mambofox888: checks
*** RIVER *** [5s Qc 7s Jd] [3s]
anetkaapro: checks
mambofox888: checks
*** SHOW DOWN ***
anetkaapro: shows [9h 4d] (high card Queen)
mambofox888: shows [6h Ks] (high card King)
mambofox888 collected $11.76 from pot
*** SUMMARY ***
Total pot $12 | Rake $0.24
Board [5s Qc 7s Jd 3s]
Seat 3: mambofox888 (button) (small blind) showed [6h Ks] and won ($11.76) with high card King
Seat 6: anetkaapro (big blind) showed [9h 4d] and lost with high card Queen


PokerStars Hand #150566611742:  Hold'em Limit ($3/$6 USD) - 2016/03/18 19:47:22 ET
Table 'Laugier' 6-max Seat #6 is the button
Seat 3: mambofox888 ($348.87 in chips)
Seat 6: anetkaapro ($76.16 in chips)
anetkaapro: posts small blind $1
mambofox888: posts big blind $3
*** HOLE CARDS ***
anetkaapro: raises $3 to $6
-25an- joins the table at seat #5
mambofox888: calls $3
*** FLOP *** [9c 4h 8c]
mambofox888: bets $3
GoliafUa joins the table at seat #1
anetkaapro: calls $3
*** TURN *** [9c 4h 8c] [8h]
mambofox888: bets $6
anetkaapro: calls $6
*** RIVER *** [9c 4h 8c 8h] [5d]
mambofox888: bets $6
anetkaapro: calls $6
*** SHOW DOWN ***
mambofox888: shows [5h As] (two pair, Eights and Fives)
anetkaapro: mucks hand
mambofox888 collected $41.50 from pot
*** SUMMARY ***
Total pot $42 | Rake $0.50
Board [9c 4h 8c 8h 5d]
Seat 3: mambofox888 (big blind) showed [5h As] and won ($41.50) with two pair, Eights and Fives
Seat 6: anetkaapro (button) (small blind) mucked


