PokerStars Hand #160640252048:  Hold'em Limit ($3/$6 USD) - 2016/10/30 9:13:56 ET
Table 'Laurentia' 6-max Seat #3 is the button
Seat 3: vitamin168 ($90.41 in chips)
Seat 4: MTails ($120 in chips)
vitamin168: posts small blind $1
MTails: posts big blind $3
*** HOLE CARDS ***
vitamin168: folds
Uncalled bet ($2) returned to MTails
MTails collected $2 from pot
*** SUMMARY ***
Total pot $2 | Rake $0
Seat 3: vitamin168 (button) (small blind) folded before Flop
Seat 4: MTails (big blind) collected ($2)


PokerStars Hand #160640264579:  Hold'em Limit ($3/$6 USD) - 2016/10/30 9:14:16 ET
Table 'Laurentia' 6-max Seat #4 is the button
Seat 3: vitamin168 ($89.41 in chips)
Seat 4: MTails ($121 in chips)
MTails: posts small blind $1
vitamin168: posts big blind $3
*** HOLE CARDS ***
MTails: raises $3 to $6
vitamin168: calls $3
*** FLOP *** [4c 3c 6h]
cheeestar198 joins the table at seat #6
vitamin168: checks
MTails: bets $3
vitamin168: calls $3
*** TURN *** [4c 3c 6h] [7h]
AzureCaper joins the table at seat #1
vitamin168: checks
MTails: checks
*** RIVER *** [4c 3c 6h 7h] [2h]
vitamin168: bets $6
MTails: calls $6
*** SHOW DOWN ***
vitamin168: shows [8d 7c] (a pair of Sevens)
MTails: mucks hand
vitamin168 collected $29.50 from pot
*** SUMMARY ***
Total pot $30 | Rake $0.50
Board [4c 3c 6h 7h 2h]
Seat 3: vitamin168 (big blind) showed [8d 7c] and won ($29.50) with a pair of Sevens
Seat 4: MTails (button) (small blind) mucked


PokerStars Hand #160640867572:  Hold'em Limit ($3/$6 USD) - 2016/10/30 9:29:58 ET
Table 'Laurentia' 6-max Seat #1 is the button
Seat 1: AzureCaper ($81.50 in chips)
Seat 6: LifeisagameX ($84 in chips)
AzureCaper: posts small blind $1
LifeisagameX: posts big blind $3
*** HOLE CARDS ***
AzureCaper: raises $3 to $6
LifeisagameX: calls $3
*** FLOP *** [4c 8c 2h]
LifeisagameX: checks
35Front9 joins the table at seat #3
AzureCaper: bets $3
ccashark joins the table at seat #5
LifeisagameX: calls $3
*** TURN *** [4c 8c 2h] [2s]
LifeisagameX: checks
AzureCaper: bets $6
35Front9 leaves the table
LifeisagameX: calls $6
*** RIVER *** [4c 8c 2h 2s] [Ad]
LifeisagameX: checks
AzureCaper: bets $6
LifeisagameX: calls $6
*** SHOW DOWN ***
AzureCaper: shows [Ac 4s] (two pair, Aces and Fours)
LifeisagameX: mucks hand
AzureCaper collected $41.50 from pot
*** SUMMARY ***
Total pot $42 | Rake $0.50
Board [4c 8c 2h 2s Ad]
Seat 1: AzureCaper (button) (small blind) showed [Ac 4s] and won ($41.50) with two pair, Aces and Fours
Seat 6: LifeisagameX (big blind) mucked


PokerStars Hand #160640907933:  Hold'em Limit ($3/$6 USD) - 2016/10/30 9:31:01 ET
Table 'Laurentia' 6-max Seat #6 is the button
Seat 1: AzureCaper ($102 in chips)
Seat 6: LifeisagameX ($84 in chips)
LifeisagameX: posts small blind $1
AzureCaper: posts big blind $3
*** HOLE CARDS ***
LifeisagameX: raises $3 to $6
AzureCaper: folds
Uncalled bet ($3) returned to LifeisagameX
LifeisagameX collected $6 from pot
LifeisagameX: doesn't show hand
*** SUMMARY ***
Total pot $6 | Rake $0
Seat 1: AzureCaper (big blind) folded before Flop
Seat 6: LifeisagameX (button) (small blind) collected ($6)


PokerStars Hand #160640974341:  Hold'em Limit ($3/$6 USD) - 2016/10/30 9:32:44 ET
Table 'Laurentia' 6-max Seat #5 is the button
Seat 1: AzureCaper ($76 in chips)
Seat 5: ccashark ($55.56 in chips)
yoyoma7777 will be allowed to play after the button
ccashark: posts small blind $1
AzureCaper: posts big blind $3
*** HOLE CARDS ***
ccashark: raises $3 to $6
AzureCaper: calls $3
*** FLOP *** [Th 2s 3c]
AzureCaper: checks
ccashark: bets $3
AzureCaper: folds
Uncalled bet ($3) returned to ccashark
ccashark collected $11.76 from pot
ccashark: doesn't show hand
*** SUMMARY ***
Total pot $12 | Rake $0.24
Board [Th 2s 3c]
Seat 1: AzureCaper (big blind) folded on the Flop
Seat 5: ccashark (button) (small blind) collected ($11.76)


PokerStars Hand #160641025430:  Hold'em Limit ($3/$6 USD) - 2016/10/30 9:34:03 ET
Table 'Laurentia' 6-max Seat #1 is the button
Seat 1: AzureCaper ($90.01 in chips)
Seat 5: ccashark ($57.32 in chips)
AzureCaper: posts small blind $1
ccashark: posts big blind $3
*** HOLE CARDS ***
AzureCaper: raises $3 to $6
ccashark: calls $3
*** FLOP *** [Qd 5c Ah]
ccashark: checks
AzureCaper: bets $3
ccashark: calls $3
*** TURN *** [Qd 5c Ah] [5d]
ccashark: checks
AzureCaper: checks
*** RIVER *** [Qd 5c Ah 5d] [3s]
ccashark: bets $6
AzureCaper: folds
Uncalled bet ($6) returned to ccashark
ccashark collected $17.64 from pot
ccashark: doesn't show hand
*** SUMMARY ***
Total pot $18 | Rake $0.36
Board [Qd 5c Ah 5d 3s]
Seat 1: AzureCaper (button) (small blind) folded on the River
Seat 5: ccashark (big blind) collected ($17.64)


PokerStars Hand #160641016832:  Hold'em Limit ($3/$6 USD) - 2016/10/30 9:33:50 ET
Table 'Laurentia' 6-max Seat #1 is the button
Seat 1: AzureCaper ($90.01 in chips)
Seat 5: ccashark ($57.32 in chips)
AzureCaper: posts small blind $1
yoyoma7777: is sitting out
ccashark: posts big blind $3
*** HOLE CARDS ***
AzureCaper: folds
Uncalled bet ($2) returned to ccashark
yoyoma7777 leaves the table
ccashark collected $2 from pot
ccashark: doesn't show hand
*** SUMMARY ***
Total pot $2 | Rake $0
Seat 1: AzureCaper (button) (small blind) folded before Flop
Seat 5: ccashark (big blind) collected ($2)


PokerStars Hand #160641021793:  Hold'em Limit ($3/$6 USD) - 2016/10/30 9:33:57 ET
Table 'Laurentia' 6-max Seat #5 is the button
Seat 1: AzureCaper ($89.01 in chips)
Seat 5: ccashark ($58.32 in chips)
ccashark: posts small blind $1
AzureCaper: posts big blind $3
*** HOLE CARDS ***
ccashark: folds
Uncalled bet ($2) returned to AzureCaper
AzureCaper collected $2 from pot
AzureCaper: doesn't show hand
*** SUMMARY ***
Total pot $2 | Rake $0
Seat 1: AzureCaper (big blind) collected ($2)
Seat 5: ccashark (button) (small blind) folded before Flop


PokerStars Hand #160641039658:  Hold'em Limit ($3/$6 USD) - 2016/10/30 9:34:25 ET
Table 'Laurentia' 6-max Seat #5 is the button
Seat 1: AzureCaper ($81.01 in chips)
Seat 5: ccashark ($65.96 in chips)
ccashark: posts small blind $1
AzureCaper: posts big blind $3
*** HOLE CARDS ***
ccashark: folds
Uncalled bet ($2) returned to AzureCaper
AzureCaper collected $2 from pot
AzureCaper: doesn't show hand
*** SUMMARY ***
Total pot $2 | Rake $0
Seat 1: AzureCaper (big blind) collected ($2)
Seat 5: ccashark (button) (small blind) folded before Flop


