PokerStars Hand #148658521740:  Hold'em Limit ($3/$6 USD) - 2016/02/12 3:17:24 ET
Table 'Laura' 6-max Seat #4 is the button
Seat 4: Actionni13 ($150 in chips)
Seat 5: degal76 ($120 in chips)
Actionni13: posts small blind $1
degal76: posts big blind $3
*** HOLE CARDS ***
Actionni13 has timed out
Actionni13: folds
Uncalled bet ($2) returned to degal76
degal76 collected $2 from pot
degal76: doesn't show hand
*** SUMMARY ***
Total pot $2 | Rake $0
Seat 4: Actionni13 (button) (small blind) folded before Flop
Seat 5: degal76 (big blind) collected ($2)


PokerStars Hand #148658916318:  Hold'em Limit ($3/$6 USD) - 2016/02/12 3:35:59 ET
Table 'Laura' 6-max Seat #4 is the button
Seat 3: 7 Huligan 7 ($27 in chips)
Seat 4: Actionni13 ($152.88 in chips)
Actionni13: posts small blind $1
7 Huligan 7: posts big blind $3
*** HOLE CARDS ***
Actionni13: folds
Uncalled bet ($2) returned to 7 Huligan 7
7 Huligan 7 collected $2 from pot
7 Huligan 7: doesn't show hand
*** SUMMARY ***
Total pot $2 | Rake $0
Seat 3: 7 Huligan 7 (big blind) collected ($2)
Seat 4: Actionni13 (button) (small blind) folded before Flop


PokerStars Hand #148658918324:  Hold'em Limit ($3/$6 USD) - 2016/02/12 3:36:04 ET
Table 'Laura' 6-max Seat #3 is the button
Seat 3: 7 Huligan 7 ($28 in chips)
Seat 4: Actionni13 ($151.88 in chips)
7 Huligan 7: posts small blind $1
Actionni13: posts big blind $3
*** HOLE CARDS ***
7 Huligan 7: raises $3 to $6
Actionni13: calls $3
*** FLOP *** [Ks 2d Ac]
Actionni13: checks
7 Huligan 7: bets $3
Actionni13: folds
Uncalled bet ($3) returned to 7 Huligan 7
7 Huligan 7 collected $11.76 from pot
7 Huligan 7: doesn't show hand
*** SUMMARY ***
Total pot $12 | Rake $0.24
Board [Ks 2d Ac]
Seat 3: 7 Huligan 7 (button) (small blind) collected ($11.76)
Seat 4: Actionni13 (big blind) folded on the Flop


PokerStars Hand #148658931746:  Hold'em Limit ($3/$6 USD) - 2016/02/12 3:36:41 ET
Table 'Laura' 6-max Seat #3 is the button
Seat 3: 7 Huligan 7 ($27.76 in chips)
Seat 4: Actionni13 ($155.76 in chips)
7 Huligan 7: posts small blind $1
Actionni13: posts big blind $3
*** HOLE CARDS ***
7 Huligan 7: folds
Uncalled bet ($2) returned to Actionni13
Actionni13 collected $2 from pot
Actionni13: doesn't show hand
*** SUMMARY ***
Total pot $2 | Rake $0
Seat 3: 7 Huligan 7 (button) (small blind) folded before Flop
Seat 4: Actionni13 (big blind) collected ($2)


PokerStars Hand #148658924314:  Hold'em Limit ($3/$6 USD) - 2016/02/12 3:36:21 ET
Table 'Laura' 6-max Seat #4 is the button
Seat 3: 7 Huligan 7 ($33.76 in chips)
Seat 4: Actionni13 ($150 in chips)
Actionni13: posts small blind $1
7 Huligan 7: posts big blind $3
*** HOLE CARDS ***
Actionni13: raises $3 to $6
7 Huligan 7: calls $3
*** FLOP *** [3s Ts Ad]
7 Huligan 7: checks
Actionni13: bets $3
7 Huligan 7: folds
Uncalled bet ($3) returned to Actionni13
Actionni13 collected $11.76 from pot
Actionni13: doesn't show hand
*** SUMMARY ***
Total pot $12 | Rake $0.24
Board [3s Ts Ad]
Seat 3: 7 Huligan 7 (big blind) folded on the Flop
Seat 4: Actionni13 (button) (small blind) collected ($11.76)


PokerStars Hand #148658911911:  Hold'em Limit ($3/$6 USD) - 2016/02/12 3:35:47 ET
Table 'Laura' 6-max Seat #3 is the button
Seat 3: 7 Huligan 7 ($30 in chips)
Seat 4: Actionni13 ($150 in chips)
7 Huligan 7: posts small blind $1
Actionni13: posts big blind $3
*** HOLE CARDS ***
7 Huligan 7: calls $2
Actionni13: checks
*** FLOP *** [5d Qs Th]
Actionni13: bets $3
7 Huligan 7: folds
Uncalled bet ($3) returned to Actionni13
Actionni13 collected $5.88 from pot
Actionni13: doesn't show hand
*** SUMMARY ***
Total pot $6 | Rake $0.12
Board [5d Qs Th]
Seat 3: 7 Huligan 7 (button) (small blind) folded on the Flop
Seat 4: Actionni13 (big blind) collected ($5.88)


PokerStars Hand #148658940043:  Hold'em Limit ($3/$6 USD) - 2016/02/12 3:37:05 ET
Table 'Laura' 6-max Seat #3 is the button
Seat 3: 7 Huligan 7 ($41.26 in chips)
Seat 4: Actionni13 ($150 in chips)
7 Huligan 7: posts small blind $1
Actionni13: posts big blind $3
*** HOLE CARDS ***
7 Huligan 7: folds
Uncalled bet ($2) returned to Actionni13
Actionni13 collected $2 from pot
Actionni13: doesn't show hand
*** SUMMARY ***
Total pot $2 | Rake $0
Seat 3: 7 Huligan 7 (button) (small blind) folded before Flop
Seat 4: Actionni13 (big blind) collected ($2)


PokerStars Hand #148658933357:  Hold'em Limit ($3/$6 USD) - 2016/02/12 3:36:46 ET
Table 'Laura' 6-max Seat #4 is the button
Seat 3: 7 Huligan 7 ($26.76 in chips)
Seat 4: Actionni13 ($156.76 in chips)
Actionni13: posts small blind $1
7 Huligan 7: posts big blind $3
*** HOLE CARDS ***
Actionni13: raises $3 to $6
7 Huligan 7: calls $3
*** FLOP *** [3s 4s Th]
7 Huligan 7: bets $3
Actionni13: calls $3
*** TURN *** [3s 4s Th] [Js]
7 Huligan 7: bets $6
Actionni13: calls $6
*** RIVER *** [3s 4s Th Js] [2c]
7 Huligan 7: bets $6
Actionni13: folds
Uncalled bet ($6) returned to 7 Huligan 7
7 Huligan 7 collected $29.50 from pot
7 Huligan 7: doesn't show hand
*** SUMMARY ***
Total pot $30 | Rake $0.50
Board [3s 4s Th Js 2c]
Seat 3: 7 Huligan 7 (big blind) collected ($29.50)
Seat 4: Actionni13 (button) (small blind) folded on the River


