PokerStars Hand #144520986998:  Hold'em Limit ($3/$6 USD) - 2015/11/28 14:41:07 ET
Table 'Laura II' 2-max Seat #1 is the button
Seat 1: bebooo87 ($43.56 in chips)
Seat 2: Kostetikus ($80.64 in chips)
bebooo87: posts small blind $1
Kostetikus: posts big blind $3
*** HOLE CARDS ***
bebooo87: raises $3 to $6
Kostetikus: calls $3
*** FLOP *** [Jh Js 8d]
Kostetikus: checks
bebooo87: bets $3
Kostetikus: calls $3
*** TURN *** [Jh Js 8d] [9d]
Kostetikus: checks
bebooo87: bets $6
Kostetikus: folds
Uncalled bet ($6) returned to bebooo87
bebooo87 collected $17.64 from pot
bebooo87: doesn't show hand
*** SUMMARY ***
Total pot $18 | Rake $0.36
Board [Jh Js 8d 9d]
Seat 1: bebooo87 (button) (small blind) collected ($17.64)
Seat 2: Kostetikus (big blind) folded on the Turn


PokerStars Hand #144521016972:  Hold'em Limit ($3/$6 USD) - 2015/11/28 14:41:39 ET
Table 'Laura II' 2-max Seat #2 is the button
Seat 1: bebooo87 ($52.20 in chips)
Seat 2: Kostetikus ($72 in chips)
Kostetikus: posts small blind $1
bebooo87: posts big blind $3
*** HOLE CARDS ***
Kostetikus: raises $3 to $6
bebooo87: calls $3
*** FLOP *** [Qh 2s 5d]
bebooo87: checks
Kostetikus: bets $3
bebooo87: calls $3
*** TURN *** [Qh 2s 5d] [2c]
bebooo87: checks
Kostetikus: checks
*** RIVER *** [Qh 2s 5d 2c] [9c]
bebooo87: checks
Kostetikus: checks
*** SHOW DOWN ***
bebooo87: shows [Ac 8h] (a pair of Deuces)
Kostetikus: mucks hand
bebooo87 collected $17.64 from pot
*** SUMMARY ***
Total pot $18 | Rake $0.36
Board [Qh 2s 5d 2c 9c]
Seat 1: bebooo87 (big blind) showed [Ac 8h] and won ($17.64) with a pair of Deuces
Seat 2: Kostetikus (button) (small blind) mucked


PokerStars Hand #144521048745:  Hold'em Limit ($3/$6 USD) - 2015/11/28 14:42:13 ET
Table 'Laura II' 2-max Seat #1 is the button
Seat 1: bebooo87 ($60.84 in chips)
Seat 2: Kostetikus ($72 in chips)
bebooo87: posts small blind $1
Kostetikus: posts big blind $3
*** HOLE CARDS ***
bebooo87: raises $3 to $6
Kostetikus: calls $3
*** FLOP *** [Th Ac Ks]
Kostetikus: checks
bebooo87: bets $3
Kostetikus: raises $3 to $6
bebooo87: calls $3
*** TURN *** [Th Ac Ks] [Qh]
Kostetikus: bets $6
bebooo87: calls $6
*** RIVER *** [Th Ac Ks Qh] [5d]
Kostetikus: checks
bebooo87: bets $6
Kostetikus: calls $6
*** SHOW DOWN ***
bebooo87: shows [Kd Qs] (two pair, Kings and Queens)
Kostetikus: mucks hand
bebooo87 collected $47.50 from pot
*** SUMMARY ***
Total pot $48 | Rake $0.50
Board [Th Ac Ks Qh 5d]
Seat 1: bebooo87 (button) (small blind) showed [Kd Qs] and won ($47.50) with two pair, Kings and Queens
Seat 2: Kostetikus (big blind) mucked


PokerStars Hand #144521087650:  Hold'em Limit ($3/$6 USD) - 2015/11/28 14:42:55 ET
Table 'Laura II' 2-max Seat #2 is the button
Seat 1: bebooo87 ($84.34 in chips)
Seat 2: Kostetikus ($72 in chips)
Kostetikus: posts small blind $1
bebooo87: posts big blind $3
*** HOLE CARDS ***
Kostetikus: raises $3 to $6
bebooo87: folds
Uncalled bet ($3) returned to Kostetikus
Kostetikus collected $6 from pot
Kostetikus: doesn't show hand
*** SUMMARY ***
Total pot $6 | Rake $0
Seat 1: bebooo87 (big blind) folded before Flop
Seat 2: Kostetikus (button) (small blind) collected ($6)


PokerStars Hand #144521103770:  Hold'em Limit ($3/$6 USD) - 2015/11/28 14:43:12 ET
Table 'Laura II' 2-max Seat #1 is the button
Seat 1: bebooo87 ($81.34 in chips)
Seat 2: Kostetikus ($75 in chips)
bebooo87: posts small blind $1
Kostetikus: posts big blind $3
*** HOLE CARDS ***
bebooo87: raises $3 to $6
Kostetikus: calls $3
*** FLOP *** [9c 4h 9s]
Kostetikus: checks
bebooo87: bets $3
Kostetikus: calls $3
*** TURN *** [9c 4h 9s] [2c]
Kostetikus: checks
bebooo87: checks
*** RIVER *** [9c 4h 9s 2c] [Tc]
Kostetikus: checks
bebooo87: checks
*** SHOW DOWN ***
Kostetikus: shows [Kc 3s] (a pair of Nines)
bebooo87: shows [Ah 6s] (a pair of Nines - Ace kicker)
bebooo87 collected $17.64 from pot
*** SUMMARY ***
Total pot $18 | Rake $0.36
Board [9c 4h 9s 2c Tc]
Seat 1: bebooo87 (button) (small blind) showed [Ah 6s] and won ($17.64) with a pair of Nines
Seat 2: Kostetikus (big blind) showed [Kc 3s] and lost with a pair of Nines


PokerStars Hand #144521139133:  Hold'em Limit ($3/$6 USD) - 2015/11/28 14:43:51 ET
Table 'Laura II' 2-max Seat #1 is the button
Seat 1: bebooo87 ($83.98 in chips)
Seat 2: Kostetikus ($77.76 in chips)
bebooo87: posts small blind $1
Kostetikus: posts big blind $3
*** HOLE CARDS ***
bebooo87: folds
Uncalled bet ($2) returned to Kostetikus
Kostetikus collected $2 from pot
Kostetikus: doesn't show hand
*** SUMMARY ***
Total pot $2 | Rake $0
Seat 1: bebooo87 (button) (small blind) folded before Flop
Seat 2: Kostetikus (big blind) collected ($2)


PokerStars Hand #144521128592:  Hold'em Limit ($3/$6 USD) - 2015/11/28 14:43:39 ET
Table 'Laura II' 2-max Seat #2 is the button
Seat 1: bebooo87 ($89.98 in chips)
Seat 2: Kostetikus ($72 in chips)
Kostetikus: posts small blind $1
bebooo87: posts big blind $3
*** HOLE CARDS ***
Kostetikus: raises $3 to $6
bebooo87: calls $3
*** FLOP *** [9c 2h As]
bebooo87: checks
Kostetikus: bets $3
bebooo87: folds
Uncalled bet ($3) returned to Kostetikus
Kostetikus collected $11.76 from pot
Kostetikus: doesn't show hand
*** SUMMARY ***
Total pot $12 | Rake $0.24
Board [9c 2h As]
Seat 1: bebooo87 (big blind) folded on the Flop
Seat 2: Kostetikus (button) (small blind) collected ($11.76)


PokerStars Hand #144521143613:  Hold'em Limit ($3/$6 USD) - 2015/11/28 14:43:56 ET
Table 'Laura II' 2-max Seat #2 is the button
Seat 1: bebooo87 ($82.98 in chips)
Seat 2: Kostetikus ($78.76 in chips)
Kostetikus: posts small blind $1
bebooo87: posts big blind $3
*** HOLE CARDS ***
Kostetikus: raises $3 to $6
bebooo87: calls $3
*** FLOP *** [5c 9h Ac]
bebooo87: checks
Kostetikus: bets $3
bebooo87: calls $3
*** TURN *** [5c 9h Ac] [Ah]
bebooo87: checks
Kostetikus: checks
*** RIVER *** [5c 9h Ac Ah] [7d]
bebooo87: bets $6
Kostetikus: folds
Uncalled bet ($6) returned to bebooo87
bebooo87 collected $17.64 from pot
bebooo87: doesn't show hand
*** SUMMARY ***
Total pot $18 | Rake $0.36
Board [5c 9h Ac Ah 7d]
Seat 1: bebooo87 (big blind) collected ($17.64)
Seat 2: Kostetikus (button) (small blind) folded on the River


PokerStars Hand #144521164003:  Hold'em Limit ($3/$6 USD) - 2015/11/28 14:44:18 ET
Table 'Laura II' 2-max Seat #1 is the button
Seat 1: bebooo87 ($91.62 in chips)
Seat 2: Kostetikus ($72 in chips)
bebooo87: posts small blind $1
Kostetikus: posts big blind $3
*** HOLE CARDS ***
bebooo87: folds
Uncalled bet ($2) returned to Kostetikus
Kostetikus collected $2 from pot
Kostetikus: doesn't show hand
*** SUMMARY ***
Total pot $2 | Rake $0
Seat 1: bebooo87 (button) (small blind) folded before Flop
Seat 2: Kostetikus (big blind) collected ($2)


PokerStars Hand #144521175541:  Hold'em Limit ($3/$6 USD) - 2015/11/28 14:44:30 ET
Table 'Laura II' 2-max Seat #1 is the button
Seat 1: bebooo87 ($87.62 in chips)
Seat 2: Kostetikus ($76 in chips)
bebooo87: posts small blind $1
Kostetikus: posts big blind $3
*** HOLE CARDS ***
bebooo87: folds
Uncalled bet ($2) returned to Kostetikus
Kostetikus collected $2 from pot
Kostetikus: doesn't show hand
*** SUMMARY ***
Total pot $2 | Rake $0
Seat 1: bebooo87 (button) (small blind) folded before Flop
Seat 2: Kostetikus (big blind) collected ($2)


PokerStars Hand #144521169989:  Hold'em Limit ($3/$6 USD) - 2015/11/28 14:44:24 ET
Table 'Laura II' 2-max Seat #2 is the button
Seat 1: bebooo87 ($90.62 in chips)
Seat 2: Kostetikus ($73 in chips)
Kostetikus: posts small blind $1
bebooo87: posts big blind $3
*** HOLE CARDS ***
Kostetikus: raises $3 to $6
bebooo87: folds
Uncalled bet ($3) returned to Kostetikus
Kostetikus collected $6 from pot
Kostetikus: doesn't show hand
*** SUMMARY ***
Total pot $6 | Rake $0
Seat 1: bebooo87 (big blind) folded before Flop
Seat 2: Kostetikus (button) (small blind) collected ($6)


PokerStars Hand #144521197209:  Hold'em Limit ($3/$6 USD) - 2015/11/28 14:44:54 ET
Table 'Laura II' 2-max Seat #2 is the button
Seat 1: bebooo87 ($79.62 in chips)
Seat 2: Kostetikus ($83.76 in chips)
Kostetikus: posts small blind $1
bebooo87: posts big blind $3
*** HOLE CARDS ***
Kostetikus: folds
Uncalled bet ($2) returned to bebooo87
bebooo87 collected $2 from pot
bebooo87: doesn't show hand
*** SUMMARY ***
Total pot $2 | Rake $0
Seat 1: bebooo87 (big blind) collected ($2)
Seat 2: Kostetikus (button) (small blind) folded before Flop


PokerStars Hand #144521192921:  Hold'em Limit ($3/$6 USD) - 2015/11/28 14:44:49 ET
Table 'Laura II' 2-max Seat #1 is the button
Seat 1: bebooo87 ($80.62 in chips)
Seat 2: Kostetikus ($82.76 in chips)
bebooo87: posts small blind $1
Kostetikus: posts big blind $3
*** HOLE CARDS ***
bebooo87: folds
Uncalled bet ($2) returned to Kostetikus
Kostetikus collected $2 from pot
Kostetikus: doesn't show hand
*** SUMMARY ***
Total pot $2 | Rake $0
Seat 1: bebooo87 (button) (small blind) folded before Flop
Seat 2: Kostetikus (big blind) collected ($2)


PokerStars Hand #144521179914:  Hold'em Limit ($3/$6 USD) - 2015/11/28 14:44:35 ET
Table 'Laura II' 2-max Seat #2 is the button
Seat 1: bebooo87 ($86.62 in chips)
Seat 2: Kostetikus ($77 in chips)
Kostetikus: posts small blind $1
bebooo87: posts big blind $3
*** HOLE CARDS ***
Kostetikus: raises $3 to $6
bebooo87: calls $3
*** FLOP *** [8c Qd 3c]
bebooo87: checks
Kostetikus: bets $3
bebooo87: folds
Uncalled bet ($3) returned to Kostetikus
Kostetikus collected $11.76 from pot
Kostetikus: doesn't show hand
*** SUMMARY ***
Total pot $12 | Rake $0.24
Board [8c Qd 3c]
Seat 1: bebooo87 (big blind) folded on the Flop
Seat 2: Kostetikus (button) (small blind) collected ($11.76)


PokerStars Hand #144521266722:  Hold'em Limit ($3/$6 USD) - 2015/11/28 14:46:10 ET
Table 'Laura II' 2-max Seat #1 is the button
Seat 1: bebooo87 ($32.38 in chips)
Seat 2: Kostetikus ($129.54 in chips)
bebooo87: posts small blind $1
Kostetikus: posts big blind $3
*** HOLE CARDS ***
bebooo87: folds
Uncalled bet ($2) returned to Kostetikus
Kostetikus collected $2 from pot
Kostetikus: doesn't show hand
*** SUMMARY ***
Total pot $2 | Rake $0
Seat 1: bebooo87 (button) (small blind) folded before Flop
Seat 2: Kostetikus (big blind) collected ($2)


PokerStars Hand #144521250695:  Hold'em Limit ($3/$6 USD) - 2015/11/28 14:45:53 ET
Table 'Laura II' 2-max Seat #2 is the button
Seat 1: bebooo87 ($68.38 in chips)
Seat 2: Kostetikus ($94.04 in chips)
Kostetikus: posts small blind $1
bebooo87: posts big blind $3
*** HOLE CARDS ***
Kostetikus: raises $3 to $6
bebooo87: raises $3 to $9
Kostetikus: calls $3
*** FLOP *** [6s 7h Qh]
bebooo87: bets $3
Kostetikus: calls $3
*** TURN *** [6s 7h Qh] [Ts]
bebooo87: bets $6
Kostetikus: raises $6 to $12
bebooo87: raises $6 to $18
Kostetikus: calls $6
*** RIVER *** [6s 7h Qh Ts] [9c]
bebooo87: bets $6
Kostetikus: calls $6
*** SHOW DOWN ***
bebooo87: shows [3h Ah] (high card Ace)
Kostetikus: shows [Qd Js] (a pair of Queens)
Kostetikus collected $71.50 from pot
*** SUMMARY ***
Total pot $72 | Rake $0.50
Board [6s 7h Qh Ts 9c]
Seat 1: bebooo87 (big blind) showed [3h Ah] and lost with high card Ace
Seat 2: Kostetikus (button) (small blind) showed [Qd Js] and won ($71.50) with a pair of Queens


PokerStars Hand #144521238959:  Hold'em Limit ($3/$6 USD) - 2015/11/28 14:45:41 ET
Table 'Laura II' 2-max Seat #1 is the button
Seat 1: bebooo87 ($74.38 in chips)
Seat 2: Kostetikus ($88.28 in chips)
bebooo87: posts small blind $1
Kostetikus: posts big blind $3
*** HOLE CARDS ***
bebooo87: raises $3 to $6
Kostetikus: calls $3
*** FLOP *** [Jc 4c 7d]
Kostetikus: checks
bebooo87: checks
*** TURN *** [Jc 4c 7d] [8s]
Kostetikus: bets $6
bebooo87: folds
Uncalled bet ($6) returned to Kostetikus
Kostetikus collected $11.76 from pot
Kostetikus: doesn't show hand
*** SUMMARY ***
Total pot $12 | Rake $0.24
Board [Jc 4c 7d 8s]
Seat 1: bebooo87 (button) (small blind) folded on the Turn
Seat 2: Kostetikus (big blind) collected ($11.76)


PokerStars Hand #144521224188:  Hold'em Limit ($3/$6 USD) - 2015/11/28 14:45:24 ET
Table 'Laura II' 2-max Seat #2 is the button
Seat 1: bebooo87 ($86.38 in chips)
Seat 2: Kostetikus ($76.76 in chips)
Kostetikus: posts small blind $1
bebooo87: posts big blind $3
*** HOLE CARDS ***
Kostetikus: raises $3 to $6
bebooo87: raises $3 to $9
Kostetikus: calls $3
*** FLOP *** [8h 4c Ad]
bebooo87: bets $3
Kostetikus: calls $3
*** TURN *** [8h 4c Ad] [3s]
bebooo87: checks
Kostetikus: bets $6
bebooo87: folds
Uncalled bet ($6) returned to Kostetikus
Kostetikus collected $23.52 from pot
Kostetikus: doesn't show hand
*** SUMMARY ***
Total pot $24 | Rake $0.48
Board [8h 4c Ad 3s]
Seat 1: bebooo87 (big blind) folded on the Turn
Seat 2: Kostetikus (button) (small blind) collected ($23.52)


PokerStars Hand #144521213477:  Hold'em Limit ($3/$6 USD) - 2015/11/28 14:45:12 ET
Table 'Laura II' 2-max Seat #1 is the button
Seat 1: bebooo87 ($80.62 in chips)
Seat 2: Kostetikus ($82.76 in chips)
bebooo87: posts small blind $1
Kostetikus: posts big blind $3
*** HOLE CARDS ***
bebooo87: raises $3 to $6
Kostetikus: calls $3
*** FLOP *** [Qh Ad 7s]
Kostetikus: checks
bebooo87: bets $3
Kostetikus: folds
Uncalled bet ($3) returned to bebooo87
bebooo87 collected $11.76 from pot
bebooo87: doesn't show hand
*** SUMMARY ***
Total pot $12 | Rake $0.24
Board [Qh Ad 7s]
Seat 1: bebooo87 (button) (small blind) collected ($11.76)
Seat 2: Kostetikus (big blind) folded on the Flop


PokerStars Hand #144521271116:  Hold'em Limit ($3/$6 USD) - 2015/11/28 14:46:15 ET
Table 'Laura II' 2-max Seat #2 is the button
Seat 1: bebooo87 ($31.38 in chips)
Seat 2: Kostetikus ($130.54 in chips)
Kostetikus: posts small blind $1
bebooo87: posts big blind $3
*** HOLE CARDS ***
Kostetikus: raises $3 to $6
bebooo87: calls $3
*** FLOP *** [4c Js 2d]
bebooo87: checks
Kostetikus: checks
*** TURN *** [4c Js 2d] [Tc]
bebooo87: bets $6
Kostetikus: calls $6
*** RIVER *** [4c Js 2d Tc] [Qc]
bebooo87: checks
Kostetikus: checks
*** SHOW DOWN ***
bebooo87: shows [Kh 4s] (a pair of Fours)
Kostetikus: mucks hand
bebooo87 collected $23.52 from pot
*** SUMMARY ***
Total pot $24 | Rake $0.48
Board [4c Js 2d Tc Qc]
Seat 1: bebooo87 (big blind) showed [Kh 4s] and won ($23.52) with a pair of Fours
Seat 2: Kostetikus (button) (small blind) mucked


