PokerStars Hand #161978165858:  Hold'em Limit ($3/$6 USD) - 2016/11/26 5:34:28 ET
Table 'Laurentia' 6-max Seat #3 is the button
Seat 3: Alexsandr.NT ($69.17 in chips)
Seat 4: Hannibal2211 ($104.14 in chips)
Alexsandr.NT: posts small blind $1
Hannibal2211: posts big blind $3
*** HOLE CARDS ***
Alexsandr.NT: raises $3 to $6
Hannibal2211: calls $3
*** FLOP *** [Js 5c 4c]
Hannibal2211: checks
Alexsandr.NT: bets $3
Hannibal2211: calls $3
*** TURN *** [Js 5c 4c] [7s]
Hannibal2211: checks
Alexsandr.NT: checks
*** RIVER *** [Js 5c 4c 7s] [Ks]
Hannibal2211: checks
Alexsandr.NT: bets $6
Hannibal2211: folds
Uncalled bet ($6) returned to Alexsandr.NT
Alexsandr.NT collected $17.64 from pot
Alexsandr.NT: doesn't show hand
*** SUMMARY ***
Total pot $18 | Rake $0.36
Board [Js 5c 4c 7s Ks]
Seat 3: Alexsandr.NT (button) (small blind) collected ($17.64)
Seat 4: Hannibal2211 (big blind) folded on the River


PokerStars Hand #161978155791:  Hold'em Limit ($3/$6 USD) - 2016/11/26 5:34:06 ET
Table 'Laurentia' 6-max Seat #4 is the button
Seat 3: Alexsandr.NT ($93.17 in chips)
Seat 4: Hannibal2211 ($80.64 in chips)
Hannibal2211: posts small blind $1
Alexsandr.NT: posts big blind $3
*** HOLE CARDS ***
Hannibal2211: raises $3 to $6
Alexsandr.NT: calls $3
*** FLOP *** [7s 9h 6h]
Alexsandr.NT: checks
Hannibal2211: bets $3
Alexsandr.NT: raises $3 to $6
Hannibal2211: calls $3
*** TURN *** [7s 9h 6h] [9c]
Alexsandr.NT: bets $6
Hannibal2211: calls $6
*** RIVER *** [7s 9h 6h 9c] [6c]
Alexsandr.NT: bets $6
Hannibal2211: calls $6
*** SHOW DOWN ***
Alexsandr.NT: shows [7d 8s] (two pair, Nines and Sevens)
Hannibal2211: shows [Ad Ac] (two pair, Aces and Nines)
Hannibal2211 collected $47.50 from pot
*** SUMMARY ***
Total pot $48 | Rake $0.50
Board [7s 9h 6h 9c 6c]
Seat 3: Alexsandr.NT (big blind) showed [7d 8s] and lost with two pair, Nines and Sevens
Seat 4: Hannibal2211 (button) (small blind) showed [Ad Ac] and won ($47.50) with two pair, Aces and Nines


PokerStars Hand #161978147096:  Hold'em Limit ($3/$6 USD) - 2016/11/26 5:33:48 ET
Table 'Laurentia' 6-max Seat #3 is the button
Seat 3: Alexsandr.NT ($102.17 in chips)
Seat 4: Hannibal2211 ($72 in chips)
Alexsandr.NT: posts small blind $1
Hannibal2211: posts big blind $3
*** HOLE CARDS ***
Alexsandr.NT: raises $3 to $6
Hannibal2211: calls $3
*** FLOP *** [Qh 8s Kh]
Hannibal2211: checks
kolaz03 leaves the table
Alexsandr.NT: bets $3
Hannibal2211: raises $3 to $6
Alexsandr.NT: folds
Uncalled bet ($3) returned to Hannibal2211
Hannibal2211 collected $17.64 from pot
*** SUMMARY ***
Total pot $18 | Rake $0.36
Board [Qh 8s Kh]
Seat 3: Alexsandr.NT (button) (small blind) folded on the Flop
Seat 4: Hannibal2211 (big blind) collected ($17.64)


PokerStars Hand #161978144592:  Hold'em Limit ($3/$6 USD) - 2016/11/26 5:33:43 ET
Table 'Laurentia' 6-max Seat #4 is the button
Seat 3: Alexsandr.NT ($101.17 in chips)
Seat 4: Hannibal2211 ($72 in chips)
Hannibal2211: posts small blind $1
Iteopepe88: is sitting out
kolaz03: is sitting out
Alexsandr.NT: posts big blind $3
*** HOLE CARDS ***
Hannibal2211: folds
Uncalled bet ($2) returned to Alexsandr.NT
Iteopepe88 leaves the table
Alexsandr.NT collected $2 from pot
Alexsandr.NT: doesn't show hand
*** SUMMARY ***
Total pot $2 | Rake $0
Seat 3: Alexsandr.NT (big blind) collected ($2)
Seat 4: Hannibal2211 (button) (small blind) folded before Flop


PokerStars Hand #161978192353:  Hold'em Limit ($3/$6 USD) - 2016/11/26 5:35:24 ET
Table 'Laurentia' 6-max Seat #4 is the button
Seat 3: Alexsandr.NT ($79.57 in chips)
Seat 4: Hannibal2211 ($92.90 in chips)
Hannibal2211: posts small blind $1
Alexsandr.NT: posts big blind $3
*** HOLE CARDS ***
Hannibal2211: raises $3 to $6
Alexsandr.NT: folds
Uncalled bet ($3) returned to Hannibal2211
Hannibal2211 collected $6 from pot
*** SUMMARY ***
Total pot $6 | Rake $0
Seat 3: Alexsandr.NT (big blind) folded before Flop
Seat 4: Hannibal2211 (button) (small blind) collected ($6)


PokerStars Hand #161978186007:  Hold'em Limit ($3/$6 USD) - 2016/11/26 5:35:10 ET
Table 'Laurentia' 6-max Seat #3 is the button
Seat 3: Alexsandr.NT ($85.57 in chips)
Seat 4: Hannibal2211 ($87.14 in chips)
Alexsandr.NT: posts small blind $1
Hannibal2211: posts big blind $3
*** HOLE CARDS ***
Alexsandr.NT: raises $3 to $6
Hannibal2211: calls $3
*** FLOP *** [7s 8h 7h]
Hannibal2211: checks
Alexsandr.NT: checks
*** TURN *** [7s 8h 7h] [4d]
Hannibal2211: bets $6
Alexsandr.NT: folds
Uncalled bet ($6) returned to Hannibal2211
Hannibal2211 collected $11.76 from pot
*** SUMMARY ***
Total pot $12 | Rake $0.24
Board [7s 8h 7h 4d]
Seat 3: Alexsandr.NT (button) (small blind) folded on the Turn
Seat 4: Hannibal2211 (big blind) collected ($11.76)


PokerStars Hand #161978183005:  Hold'em Limit ($3/$6 USD) - 2016/11/26 5:35:04 ET
Table 'Laurentia' 6-max Seat #4 is the button
Seat 3: Alexsandr.NT ($84.57 in chips)
Seat 4: Hannibal2211 ($88.14 in chips)
Hannibal2211: posts small blind $1
Alexsandr.NT: posts big blind $3
*** HOLE CARDS ***
Hannibal2211: folds
Uncalled bet ($2) returned to Alexsandr.NT
Alexsandr.NT collected $2 from pot
Alexsandr.NT: doesn't show hand
*** SUMMARY ***
Total pot $2 | Rake $0
Seat 3: Alexsandr.NT (big blind) collected ($2)
Seat 4: Hannibal2211 (button) (small blind) folded before Flop


PokerStars Hand #161978175887:  Hold'em Limit ($3/$6 USD) - 2016/11/26 5:34:49 ET
Table 'Laurentia' 6-max Seat #3 is the button
Seat 3: Alexsandr.NT ($78.81 in chips)
Seat 4: Hannibal2211 ($94.14 in chips)
Alexsandr.NT: posts small blind $1
Hannibal2211: posts big blind $3
*** HOLE CARDS ***
Alexsandr.NT: raises $3 to $6
Hannibal2211: calls $3
*** FLOP *** [Jh 8d As]
Pelurile leaves the table
Hannibal2211: checks
Alexsandr.NT: bets $3
Hannibal2211: folds
Uncalled bet ($3) returned to Alexsandr.NT
Alexsandr.NT collected $11.76 from pot
Alexsandr.NT: doesn't show hand
*** SUMMARY ***
Total pot $12 | Rake $0.24
Board [Jh 8d As]
Seat 3: Alexsandr.NT (button) (small blind) collected ($11.76)
Seat 4: Hannibal2211 (big blind) folded on the Flop


PokerStars Hand #161978173220:  Hold'em Limit ($3/$6 USD) - 2016/11/26 5:34:43 ET
Table 'Laurentia' 6-max Seat #4 is the button
Seat 3: Alexsandr.NT ($77.81 in chips)
Seat 4: Hannibal2211 ($95.14 in chips)
Hannibal2211: posts small blind $1
Alexsandr.NT: posts big blind $3
*** HOLE CARDS ***
Hannibal2211: folds
Uncalled bet ($2) returned to Alexsandr.NT
Alexsandr.NT collected $2 from pot
Alexsandr.NT: doesn't show hand
*** SUMMARY ***
Total pot $2 | Rake $0
Seat 3: Alexsandr.NT (big blind) collected ($2)
Seat 4: Hannibal2211 (button) (small blind) folded before Flop


PokerStars Hand #161978222663:  Hold'em Limit ($3/$6 USD) - 2016/11/26 5:36:28 ET
Table 'Laurentia' 6-max Seat #4 is the button
Seat 3: Alexsandr.NT ($80.71 in chips)
Seat 4: Hannibal2211 ($90.50 in chips)
Hannibal2211: posts small blind $1
Alexsandr.NT: posts big blind $3
*** HOLE CARDS ***
Hannibal2211: folds
Uncalled bet ($2) returned to Alexsandr.NT
Alexsandr.NT collected $2 from pot
Alexsandr.NT: doesn't show hand
*** SUMMARY ***
Total pot $2 | Rake $0
Seat 3: Alexsandr.NT (big blind) collected ($2)
Seat 4: Hannibal2211 (button) (small blind) folded before Flop


PokerStars Hand #161978220142:  Hold'em Limit ($3/$6 USD) - 2016/11/26 5:36:22 ET
Table 'Laurentia' 6-max Seat #3 is the button
Seat 3: Alexsandr.NT ($81.71 in chips)
Seat 4: Hannibal2211 ($89.50 in chips)
Alexsandr.NT: posts small blind $1
Hannibal2211: posts big blind $3
*** HOLE CARDS ***
Alexsandr.NT: folds
Uncalled bet ($2) returned to Hannibal2211
Hannibal2211 collected $2 from pot
*** SUMMARY ***
Total pot $2 | Rake $0
Seat 3: Alexsandr.NT (button) (small blind) folded before Flop
Seat 4: Hannibal2211 (big blind) collected ($2)


PokerStars Hand #161978215127:  Hold'em Limit ($3/$6 USD) - 2016/11/26 5:36:12 ET
Table 'Laurentia' 6-max Seat #4 is the button
Seat 3: Alexsandr.NT ($73.07 in chips)
Seat 4: Hannibal2211 ($98.50 in chips)
Hannibal2211: posts small blind $1
Alexsandr.NT: posts big blind $3
*** HOLE CARDS ***
Hannibal2211: raises $3 to $6
Alexsandr.NT: raises $3 to $9
Hannibal2211: calls $3
*** FLOP *** [Qd 6d Kc]
Alexsandr.NT: bets $3
Hannibal2211: folds
Uncalled bet ($3) returned to Alexsandr.NT
Alexsandr.NT collected $17.64 from pot
Alexsandr.NT: doesn't show hand
*** SUMMARY ***
Total pot $18 | Rake $0.36
Board [Qd 6d Kc]
Seat 3: Alexsandr.NT (big blind) collected ($17.64)
Seat 4: Hannibal2211 (button) (small blind) folded on the Flop


PokerStars Hand #161978207582:  Hold'em Limit ($3/$6 USD) - 2016/11/26 5:35:56 ET
Table 'Laurentia' 6-max Seat #3 is the button
Seat 3: Alexsandr.NT ($97.07 in chips)
Seat 4: Hannibal2211 ($75 in chips)
Alexsandr.NT: posts small blind $1
Hannibal2211: posts big blind $3
*** HOLE CARDS ***
Alexsandr.NT: raises $3 to $6
Hannibal2211: calls $3
*** FLOP *** [6c Kd 4d]
Hannibal2211: checks
Alexsandr.NT: bets $3
Hannibal2211: raises $3 to $6
Alexsandr.NT: calls $3
*** TURN *** [6c Kd 4d] [Ks]
Hannibal2211: bets $6
Alexsandr.NT: calls $6
*** RIVER *** [6c Kd 4d Ks] [Qs]
Hannibal2211: bets $6
Alexsandr.NT: calls $6
*** SHOW DOWN ***
Hannibal2211: shows [2h Kh] (three of a kind, Kings)
Alexsandr.NT: mucks hand
Hannibal2211 collected $47.50 from pot
*** SUMMARY ***
Total pot $48 | Rake $0.50
Board [6c Kd 4d Ks Qs]
Seat 3: Alexsandr.NT (button) (small blind) mucked
Seat 4: Hannibal2211 (big blind) showed [2h Kh] and won ($47.50) with three of a kind, Kings


PokerStars Hand #161978204677:  Hold'em Limit ($3/$6 USD) - 2016/11/26 5:35:50 ET
Table 'Laurentia' 6-max Seat #4 is the button
Seat 3: Alexsandr.NT ($100.07 in chips)
Seat 4: Hannibal2211 ($72 in chips)
Hannibal2211: posts small blind $1
Alexsandr.NT: posts big blind $3
*** HOLE CARDS ***
Hannibal2211: raises $3 to $6
Alexsandr.NT: folds
Uncalled bet ($3) returned to Hannibal2211
Hannibal2211 collected $6 from pot
*** SUMMARY ***
Total pot $6 | Rake $0
Seat 3: Alexsandr.NT (big blind) folded before Flop
Seat 4: Hannibal2211 (button) (small blind) collected ($6)


PokerStars Hand #161978195271:  Hold'em Limit ($3/$6 USD) - 2016/11/26 5:35:30 ET
Table 'Laurentia' 6-max Seat #3 is the button
Seat 3: Alexsandr.NT ($76.57 in chips)
Seat 4: Hannibal2211 ($95.90 in chips)
Alexsandr.NT: posts small blind $1
Hannibal2211: posts big blind $3
*** HOLE CARDS ***
Alexsandr.NT: raises $3 to $6
Hannibal2211: calls $3
*** FLOP *** [5s 3c 7h]
Hannibal2211: checks
Alexsandr.NT: bets $3
Hannibal2211: raises $3 to $6
Alexsandr.NT: calls $3
*** TURN *** [5s 3c 7h] [Ah]
Hannibal2211: bets $6
Alexsandr.NT: raises $6 to $12
Hannibal2211: calls $6
*** RIVER *** [5s 3c 7h Ah] [Jh]
Hannibal2211: checks
Alexsandr.NT: checks
*** SHOW DOWN ***
Hannibal2211: shows [2d 2h] (a pair of Deuces)
Alexsandr.NT: shows [8s Ac] (a pair of Aces)
Alexsandr.NT collected $47.50 from pot
*** SUMMARY ***
Total pot $48 | Rake $0.50
Board [5s 3c 7h Ah Jh]
Seat 3: Alexsandr.NT (button) (small blind) showed [8s Ac] and won ($47.50) with a pair of Aces
Seat 4: Hannibal2211 (big blind) showed [2d 2h] and lost with a pair of Deuces


PokerStars Hand #161978243922:  Hold'em Limit ($3/$6 USD) - 2016/11/26 5:37:13 ET
Table 'Laurentia' 6-max Seat #3 is the button
Seat 3: Alexsandr.NT ($63.71 in chips)
Seat 4: Hannibal2211 ($106.78 in chips)
Alexsandr.NT: posts small blind $1
Hannibal2211: posts big blind $3
*** HOLE CARDS ***
Alexsandr.NT: raises $3 to $6
Hannibal2211: raises $3 to $9
Alexsandr.NT: calls $3
*** FLOP *** [5h Th 8c]
Hannibal2211: bets $3
Alexsandr.NT: calls $3
*** TURN *** [5h Th 8c] [7h]
Hannibal2211: bets $6
Alexsandr.NT: calls $6
*** RIVER *** [5h Th 8c 7h] [Ts]
Hannibal2211: checks
Alexsandr.NT: bets $6
Hannibal2211: calls $6
*** SHOW DOWN ***
Alexsandr.NT: shows [7d Qs] (two pair, Tens and Sevens)
Hannibal2211: mucks hand
Alexsandr.NT collected $47.50 from pot
*** SUMMARY ***
Total pot $48 | Rake $0.50
Board [5h Th 8c 7h Ts]
Seat 3: Alexsandr.NT (button) (small blind) showed [7d Qs] and won ($47.50) with two pair, Tens and Sevens
Seat 4: Hannibal2211 (big blind) mucked


PokerStars Hand #161978238134:  Hold'em Limit ($3/$6 USD) - 2016/11/26 5:37:00 ET
Table 'Laurentia' 6-max Seat #4 is the button
Seat 3: Alexsandr.NT ($69.71 in chips)
Seat 4: Hannibal2211 ($101.02 in chips)
Hannibal2211: posts small blind $1
Alexsandr.NT: posts big blind $3
*** HOLE CARDS ***
Hannibal2211: raises $3 to $6
Alexsandr.NT: calls $3
*** FLOP *** [Qc 2d Kh]
Alexsandr.NT: checks
Hannibal2211: bets $3
Alexsandr.NT: folds
Uncalled bet ($3) returned to Hannibal2211
Hannibal2211 collected $11.76 from pot
*** SUMMARY ***
Total pot $12 | Rake $0.24
Board [Qc 2d Kh]
Seat 3: Alexsandr.NT (big blind) folded on the Flop
Seat 4: Hannibal2211 (button) (small blind) collected ($11.76)


PokerStars Hand #161978224827:  Hold'em Limit ($3/$6 USD) - 2016/11/26 5:36:32 ET
Table 'Laurentia' 6-max Seat #3 is the button
Seat 3: Alexsandr.NT ($81.71 in chips)
Seat 4: Hannibal2211 ($89.50 in chips)
Alexsandr.NT: posts small blind $1
Hannibal2211: posts big blind $3
*** HOLE CARDS ***
Alexsandr.NT: raises $3 to $6
Hannibal2211: calls $3
*** FLOP *** [7c 5c 5d]
Hannibal2211: checks
Alexsandr.NT: checks
*** TURN *** [7c 5c 5d] [Ac]
Hannibal2211: checks
Alexsandr.NT: bets $6
Hannibal2211: calls $6
*** RIVER *** [7c 5c 5d Ac] [8h]
Hannibal2211: checks
Alexsandr.NT: checks
*** SHOW DOWN ***
Hannibal2211: shows [8d Kc] (two pair, Eights and Fives)
Alexsandr.NT: mucks hand
Hannibal2211 collected $23.52 from pot
*** SUMMARY ***
Total pot $24 | Rake $0.48
Board [7c 5c 5d Ac 8h]
Seat 3: Alexsandr.NT (button) (small blind) mucked
Seat 4: Hannibal2211 (big blind) showed [8d Kc] and won ($23.52) with two pair, Eights and Fives


