PokerStars Hand #144345147158:  Hold'em Limit ($3/$6 USD) - 2015/11/24 23:06:24 ET
Table 'Laurentia' 6-max Seat #3 is the button
Seat 3: fazz420 ($477.27 in chips)
Seat 4: AzureCaper ($72 in chips)
fazz420: posts small blind $1
AzureCaper: posts big blind $3
*** HOLE CARDS ***
fazz420: folds
Uncalled bet ($2) returned to AzureCaper
AzureCaper collected $2 from pot
AzureCaper: doesn't show hand
*** SUMMARY ***
Total pot $2 | Rake $0
Seat 3: fazz420 (button) (small blind) folded before Flop
Seat 4: AzureCaper (big blind) collected ($2)


PokerStars Hand #144345143673:  Hold'em Limit ($3/$6 USD) - 2015/11/24 23:06:13 ET
Table 'Laurentia' 6-max Seat #4 is the button
Seat 3: fazz420 ($468.63 in chips)
Seat 4: AzureCaper ($72 in chips)
AzureCaper: posts small blind $1
fazz420: posts big blind $3
*** HOLE CARDS ***
AzureCaper: raises $3 to $6
fazz420: calls $3
*** FLOP *** [4d 9h Th]
fazz420: checks
AzureCaper: bets $3
fazz420: raises $3 to $6
AzureCaper: folds
Uncalled bet ($3) returned to fazz420
fazz420 collected $17.64 from pot
fazz420: doesn't show hand
*** SUMMARY ***
Total pot $18 | Rake $0.36
Board [4d 9h Th]
Seat 3: fazz420 (big blind) collected ($17.64)
Seat 4: AzureCaper (button) (small blind) folded on the Flop


PokerStars Hand #144345134162:  Hold'em Limit ($3/$6 USD) - 2015/11/24 23:05:40 ET
Table 'Laurentia' 6-max Seat #3 is the button
Seat 3: fazz420 ($451.13 in chips)
Seat 4: AzureCaper ($72 in chips)
fazz420: posts small blind $1
AzureCaper: posts big blind $3
*** HOLE CARDS ***
fazz420: raises $3 to $6
AzureCaper: calls $3
*** FLOP *** [Kc Kd Qs]
AzureCaper: checks
fazz420: checks
*** TURN *** [Kc Kd Qs] [4c]
AzureCaper: bets $6
fazz420: calls $6
*** RIVER *** [Kc Kd Qs 4c] [8d]
AzureCaper: checks
fazz420: bets $6
AzureCaper: calls $6
*** SHOW DOWN ***
fazz420: shows [3c Qc] (two pair, Kings and Queens)
AzureCaper: mucks hand
fazz420 collected $35.50 from pot
*** SUMMARY ***
Total pot $36 | Rake $0.50
Board [Kc Kd Qs 4c 8d]
Seat 3: fazz420 (button) (small blind) showed [3c Qc] and won ($35.50) with two pair, Kings and Queens
Seat 4: AzureCaper (big blind) mucked


PokerStars Hand #144345168496:  Hold'em Limit ($3/$6 USD) - 2015/11/24 23:07:37 ET
Table 'Laurentia' 6-max Seat #4 is the button
Seat 3: fazz420 ($439.27 in chips)
Seat 4: AzureCaper ($109.26 in chips)
AzureCaper: posts small blind $1
fazz420: posts big blind $3
*** HOLE CARDS ***
AzureCaper: raises $3 to $6
fazz420: folds
Uncalled bet ($3) returned to AzureCaper
AzureCaper collected $6 from pot
AzureCaper: doesn't show hand
*** SUMMARY ***
Total pot $6 | Rake $0
Seat 3: fazz420 (big blind) folded before Flop
Seat 4: AzureCaper (button) (small blind) collected ($6)


PokerStars Hand #144345167162:  Hold'em Limit ($3/$6 USD) - 2015/11/24 23:07:33 ET
Table 'Laurentia' 6-max Seat #3 is the button
Seat 3: fazz420 ($440.27 in chips)
Seat 4: AzureCaper ($108.26 in chips)
fazz420: posts small blind $1
AzureCaper: posts big blind $3
*** HOLE CARDS ***
fazz420: folds
Uncalled bet ($2) returned to AzureCaper
AzureCaper collected $2 from pot
AzureCaper: doesn't show hand
*** SUMMARY ***
Total pot $2 | Rake $0
Seat 3: fazz420 (button) (small blind) folded before Flop
Seat 4: AzureCaper (big blind) collected ($2)


PokerStars Hand #144345165767:  Hold'em Limit ($3/$6 USD) - 2015/11/24 23:07:28 ET
Table 'Laurentia' 6-max Seat #4 is the button
Seat 3: fazz420 ($439.27 in chips)
Seat 4: AzureCaper ($109.26 in chips)
AzureCaper: posts small blind $1
fazz420: posts big blind $3
*** HOLE CARDS ***
AzureCaper: folds
Uncalled bet ($2) returned to fazz420
fazz420 collected $2 from pot
fazz420: doesn't show hand
*** SUMMARY ***
Total pot $2 | Rake $0
Seat 3: fazz420 (big blind) collected ($2)
Seat 4: AzureCaper (button) (small blind) folded before Flop


PokerStars Hand #144345164439:  Hold'em Limit ($3/$6 USD) - 2015/11/24 23:07:23 ET
Table 'Laurentia' 6-max Seat #3 is the button
Seat 3: fazz420 ($440.27 in chips)
Seat 4: AzureCaper ($108.26 in chips)
fazz420: posts small blind $1
AzureCaper: posts big blind $3
*** HOLE CARDS ***
fazz420: folds
Uncalled bet ($2) returned to AzureCaper
AzureCaper collected $2 from pot
AzureCaper: doesn't show hand
*** SUMMARY ***
Total pot $2 | Rake $0
Seat 3: fazz420 (button) (small blind) folded before Flop
Seat 4: AzureCaper (big blind) collected ($2)


PokerStars Hand #144345159463:  Hold'em Limit ($3/$6 USD) - 2015/11/24 23:07:06 ET
Table 'Laurentia' 6-max Seat #4 is the button
Seat 3: fazz420 ($446.27 in chips)
Seat 4: AzureCaper ($102.50 in chips)
AzureCaper: posts small blind $1
fazz420: posts big blind $3
*** HOLE CARDS ***
AzureCaper: raises $3 to $6
fazz420: calls $3
*** FLOP *** [6h 8d Ad]
fazz420: checks
AzureCaper: bets $3
fazz420: folds
Uncalled bet ($3) returned to AzureCaper
AzureCaper collected $11.76 from pot
AzureCaper: doesn't show hand
*** SUMMARY ***
Total pot $12 | Rake $0.24
Board [6h 8d Ad]
Seat 3: fazz420 (big blind) folded on the Flop
Seat 4: AzureCaper (button) (small blind) collected ($11.76)


PokerStars Hand #144345158052:  Hold'em Limit ($3/$6 USD) - 2015/11/24 23:07:02 ET
Table 'Laurentia' 6-max Seat #3 is the button
Seat 3: fazz420 ($447.27 in chips)
Seat 4: AzureCaper ($101.50 in chips)
fazz420: posts small blind $1
AzureCaper: posts big blind $3
*** HOLE CARDS ***
fazz420: folds
Uncalled bet ($2) returned to AzureCaper
AzureCaper collected $2 from pot
AzureCaper: doesn't show hand
*** SUMMARY ***
Total pot $2 | Rake $0
Seat 3: fazz420 (button) (small blind) folded before Flop
Seat 4: AzureCaper (big blind) collected ($2)


PokerStars Hand #144345156639:  Hold'em Limit ($3/$6 USD) - 2015/11/24 23:06:57 ET
Table 'Laurentia' 6-max Seat #4 is the button
Seat 3: fazz420 ($446.27 in chips)
Seat 4: AzureCaper ($102.50 in chips)
AzureCaper: posts small blind $1
fazz420: posts big blind $3
*** HOLE CARDS ***
AzureCaper: folds
Uncalled bet ($2) returned to fazz420
fazz420 collected $2 from pot
fazz420: doesn't show hand
*** SUMMARY ***
Total pot $2 | Rake $0
Seat 3: fazz420 (big blind) collected ($2)
Seat 4: AzureCaper (button) (small blind) folded before Flop


PokerStars Hand #144345155170:  Hold'em Limit ($3/$6 USD) - 2015/11/24 23:06:52 ET
Table 'Laurentia' 6-max Seat #3 is the button
Seat 3: fazz420 ($443.27 in chips)
Seat 4: AzureCaper ($105.50 in chips)
fazz420: posts small blind $1
AzureCaper: posts big blind $3
*** HOLE CARDS ***
fazz420: raises $3 to $6
AzureCaper: folds
Uncalled bet ($3) returned to fazz420
fazz420 collected $6 from pot
fazz420: doesn't show hand
*** SUMMARY ***
Total pot $6 | Rake $0
Seat 3: fazz420 (button) (small blind) collected ($6)
Seat 4: AzureCaper (big blind) folded before Flop


PokerStars Hand #144345148888:  Hold'em Limit ($3/$6 USD) - 2015/11/24 23:06:30 ET
Table 'Laurentia' 6-max Seat #4 is the button
Seat 3: fazz420 ($476.27 in chips)
Seat 4: AzureCaper ($73 in chips)
AzureCaper: posts small blind $1
fazz420: posts big blind $3
*** HOLE CARDS ***
AzureCaper: raises $3 to $6
fazz420: calls $3
*** FLOP *** [5d Ks Js]
fazz420: checks
AzureCaper: bets $3
fazz420: calls $3
*** TURN *** [5d Ks Js] [6h]
fazz420: checks
AzureCaper: bets $6
fazz420: raises $6 to $12
AzureCaper: raises $6 to $18
fazz420: calls $6
*** RIVER *** [5d Ks Js 6h] [4s]
fazz420: checks
AzureCaper: bets $6
fazz420: calls $6
*** SHOW DOWN ***
AzureCaper: shows [Kh Kd] (three of a kind, Kings)
fazz420: mucks hand
AzureCaper collected $65.50 from pot
*** SUMMARY ***
Total pot $66 | Rake $0.50
Board [5d Ks Js 6h 4s]
Seat 3: fazz420 (big blind) mucked
Seat 4: AzureCaper (button) (small blind) showed [Kh Kd] and won ($65.50) with three of a kind, Kings


PokerStars Hand #144345176920:  Hold'em Limit ($3/$6 USD) - 2015/11/24 23:08:06 ET
Table 'Laurentia' 6-max Seat #4 is the button
Seat 3: fazz420 ($432.27 in chips)
Seat 4: AzureCaper ($116.02 in chips)
AzureCaper: posts small blind $1
fazz420: posts big blind $3
*** HOLE CARDS ***
AzureCaper: raises $3 to $6
fazz420: calls $3
*** FLOP *** [8s 2s 2h]
fazz420: checks
AzureCaper: bets $3
fazz420: calls $3
*** TURN *** [8s 2s 2h] [7s]
fazz420: checks
AzureCaper: bets $6
fazz420: folds
Uncalled bet ($6) returned to AzureCaper
AzureCaper collected $17.64 from pot
AzureCaper: doesn't show hand
*** SUMMARY ***
Total pot $18 | Rake $0.36
Board [8s 2s 2h 7s]
Seat 3: fazz420 (big blind) folded on the Turn
Seat 4: AzureCaper (button) (small blind) collected ($17.64)


PokerStars Hand #144345185389:  Hold'em Limit ($3/$6 USD) - 2015/11/24 23:08:35 ET
Table 'Laurentia' 6-max Seat #4 is the button
Seat 3: fazz420 ($414.27 in chips)
Seat 4: AzureCaper ($133.30 in chips)
AzureCaper: posts small blind $1
fazz420: posts big blind $3
*** HOLE CARDS ***
AzureCaper: folds
Uncalled bet ($2) returned to fazz420
fazz420 collected $2 from pot
fazz420: doesn't show hand
*** SUMMARY ***
Total pot $2 | Rake $0
Seat 3: fazz420 (big blind) collected ($2)
Seat 4: AzureCaper (button) (small blind) folded before Flop


PokerStars Hand #144345181485:  Hold'em Limit ($3/$6 USD) - 2015/11/24 23:08:22 ET
Table 'Laurentia' 6-max Seat #3 is the button
Seat 3: fazz420 ($423.27 in chips)
Seat 4: AzureCaper ($124.66 in chips)
fazz420: posts small blind $1
AzureCaper: posts big blind $3
*** HOLE CARDS ***
fazz420: raises $3 to $6
AzureCaper: calls $3
*** FLOP *** [5c Ts 6h]
AzureCaper: checks
fazz420: bets $3
AzureCaper: raises $3 to $6
fazz420: folds
Uncalled bet ($3) returned to AzureCaper
AzureCaper collected $17.64 from pot
AzureCaper: doesn't show hand
*** SUMMARY ***
Total pot $18 | Rake $0.36
Board [5c Ts 6h]
Seat 3: fazz420 (button) (small blind) folded on the Flop
Seat 4: AzureCaper (big blind) collected ($17.64)


PokerStars Hand #144345174386:  Hold'em Limit ($3/$6 USD) - 2015/11/24 23:07:57 ET
Table 'Laurentia' 6-max Seat #3 is the button
Seat 3: fazz420 ($429.27 in chips)
Seat 4: AzureCaper ($119.02 in chips)
fazz420: posts small blind $1
AzureCaper: posts big blind $3
*** HOLE CARDS ***
fazz420: raises $3 to $6
AzureCaper: folds
Uncalled bet ($3) returned to fazz420
fazz420 collected $6 from pot
fazz420: doesn't show hand
*** SUMMARY ***
Total pot $6 | Rake $0
Seat 3: fazz420 (button) (small blind) collected ($6)
Seat 4: AzureCaper (big blind) folded before Flop


PokerStars Hand #144345171674:  Hold'em Limit ($3/$6 USD) - 2015/11/24 23:07:48 ET
Table 'Laurentia' 6-max Seat #4 is the button
Seat 3: fazz420 ($435.27 in chips)
Seat 4: AzureCaper ($113.26 in chips)
AzureCaper: posts small blind $1
fazz420: posts big blind $3
*** HOLE CARDS ***
AzureCaper: raises $3 to $6
fazz420: calls $3
*** FLOP *** [6s 5h 9h]
fazz420: checks
AzureCaper: bets $3
fazz420: folds
Uncalled bet ($3) returned to AzureCaper
AzureCaper collected $11.76 from pot
AzureCaper: doesn't show hand
*** SUMMARY ***
Total pot $12 | Rake $0.24
Board [6s 5h 9h]
Seat 3: fazz420 (big blind) folded on the Flop
Seat 4: AzureCaper (button) (small blind) collected ($11.76)


PokerStars Hand #144345170095:  Hold'em Limit ($3/$6 USD) - 2015/11/24 23:07:43 ET
Table 'Laurentia' 6-max Seat #3 is the button
Seat 3: fazz420 ($436.27 in chips)
Seat 4: AzureCaper ($112.26 in chips)
fazz420: posts small blind $1
AzureCaper: posts big blind $3
*** HOLE CARDS ***
fazz420: folds
Uncalled bet ($2) returned to AzureCaper
AzureCaper collected $2 from pot
AzureCaper: doesn't show hand
*** SUMMARY ***
Total pot $2 | Rake $0
Seat 3: fazz420 (button) (small blind) folded before Flop
Seat 4: AzureCaper (big blind) collected ($2)


PokerStars Hand #144345193115:  Hold'em Limit ($3/$6 USD) - 2015/11/24 23:09:01 ET
Table 'Laurentia' 6-max Seat #4 is the button
Seat 3: fazz420 ($425.91 in chips)
Seat 4: AzureCaper ($121.30 in chips)
AzureCaper: posts small blind $1
fazz420: posts big blind $3
*** HOLE CARDS ***
AzureCaper: folds
Uncalled bet ($2) returned to fazz420
fazz420 collected $2 from pot
fazz420: doesn't show hand
*** SUMMARY ***
Total pot $2 | Rake $0
Seat 3: fazz420 (big blind) collected ($2)
Seat 4: AzureCaper (button) (small blind) folded before Flop


PokerStars Hand #144345186783:  Hold'em Limit ($3/$6 USD) - 2015/11/24 23:08:40 ET
Table 'Laurentia' 6-max Seat #3 is the button
Seat 3: fazz420 ($415.27 in chips)
Seat 4: AzureCaper ($132.30 in chips)
fazz420: posts small blind $1
AzureCaper: posts big blind $3
*** HOLE CARDS ***
fazz420: raises $3 to $6
AzureCaper: folds
Uncalled bet ($3) returned to fazz420
fazz420 collected $6 from pot
fazz420: doesn't show hand
*** SUMMARY ***
Total pot $6 | Rake $0
Seat 3: fazz420 (button) (small blind) collected ($6)
Seat 4: AzureCaper (big blind) folded before Flop


PokerStars Hand #144345191595:  Hold'em Limit ($3/$6 USD) - 2015/11/24 23:08:56 ET
Table 'Laurentia' 6-max Seat #3 is the button
Seat 3: fazz420 ($426.91 in chips)
Seat 4: AzureCaper ($120.30 in chips)
fazz420: posts small blind $1
AzureCaper: posts big blind $3
*** HOLE CARDS ***
fazz420: folds
Uncalled bet ($2) returned to AzureCaper
AzureCaper collected $2 from pot
AzureCaper: doesn't show hand
*** SUMMARY ***
Total pot $2 | Rake $0
Seat 3: fazz420 (button) (small blind) folded before Flop
Seat 4: AzureCaper (big blind) collected ($2)


PokerStars Hand #144345188408:  Hold'em Limit ($3/$6 USD) - 2015/11/24 23:08:45 ET
Table 'Laurentia' 6-max Seat #4 is the button
Seat 3: fazz420 ($418.27 in chips)
Seat 4: AzureCaper ($129.30 in chips)
AzureCaper: posts small blind $1
fazz420: posts big blind $3
*** HOLE CARDS ***
AzureCaper: raises $3 to $6
fazz420: raises $3 to $9
AzureCaper: calls $3
*** FLOP *** [3s 6d Kd]
fazz420: bets $3
AzureCaper: folds
Uncalled bet ($3) returned to fazz420
fazz420 collected $17.64 from pot
fazz420: doesn't show hand
*** SUMMARY ***
Total pot $18 | Rake $0.36
Board [3s 6d Kd]
Seat 3: fazz420 (big blind) collected ($17.64)
Seat 4: AzureCaper (button) (small blind) folded on the Flop


PokerStars Hand #144345194822:  Hold'em Limit ($3/$6 USD) - 2015/11/24 23:09:07 ET
Table 'Laurentia' 6-max Seat #3 is the button
Seat 3: fazz420 ($426.91 in chips)
Seat 4: AzureCaper ($120.30 in chips)
fazz420: posts small blind $1
AzureCaper: posts big blind $3
*** HOLE CARDS ***
fazz420: raises $3 to $6
AzureCaper: calls $3
*** FLOP *** [Ac 7h 2h]
AzureCaper: checks
fazz420: bets $3
AzureCaper: calls $3
*** TURN *** [Ac 7h 2h] [Js]
AzureCaper: checks
fazz420: bets $6
AzureCaper: raises $6 to $12
fazz420: raises $6 to $18
AzureCaper: raises $6 to $24
Betting is capped
fazz420: calls $6
*** RIVER *** [Ac 7h 2h Js] [3h]
AzureCaper: bets $6
fazz420: raises $6 to $12
AzureCaper: calls $6
*** SHOW DOWN ***
fazz420: shows [Ah Kh] (a flush, Ace high)
AzureCaper: mucks hand
fazz420 collected $89.50 from pot
*** SUMMARY ***
Total pot $90 | Rake $0.50
Board [Ac 7h 2h Js 3h]
Seat 3: fazz420 (button) (small blind) showed [Ah Kh] and won ($89.50) with a flush, Ace high
Seat 4: AzureCaper (big blind) mucked


PokerStars Hand #144345199903:  Hold'em Limit ($3/$6 USD) - 2015/11/24 23:09:24 ET
Table 'Laurentia' 6-max Seat #4 is the button
Seat 3: fazz420 ($471.41 in chips)
Seat 4: AzureCaper ($75.30 in chips)
AzureCaper: posts small blind $1
fazz420: posts big blind $3
*** HOLE CARDS ***
AzureCaper: raises $3 to $6
fazz420: calls $3
*** FLOP *** [Qh 3h 8d]
fazz420: checks
AzureCaper: bets $3
fazz420: folds
Uncalled bet ($3) returned to AzureCaper
AzureCaper collected $11.76 from pot
AzureCaper: doesn't show hand
*** SUMMARY ***
Total pot $12 | Rake $0.24
Board [Qh 3h 8d]
Seat 3: fazz420 (big blind) folded on the Flop
Seat 4: AzureCaper (button) (small blind) collected ($11.76)


PokerStars Hand #144345203416:  Hold'em Limit ($3/$6 USD) - 2015/11/24 23:09:36 ET
Table 'Laurentia' 6-max Seat #3 is the button
Seat 3: fazz420 ($465.41 in chips)
Seat 4: AzureCaper ($81.06 in chips)
fazz420: posts small blind $1
AzureCaper: posts big blind $3
*** HOLE CARDS ***
fazz420: raises $3 to $6
AzureCaper: calls $3
*** FLOP *** [Ks 8c Jh]
AzureCaper: bets $3
fazz420: calls $3
*** TURN *** [Ks 8c Jh] [2s]
AzureCaper: checks
fazz420: checks
*** RIVER *** [Ks 8c Jh 2s] [9h]
AzureCaper: checks
zizonmusang joins the table at seat #6
fazz420: bets $6
AzureCaper: folds
Uncalled bet ($6) returned to fazz420
fazz420 collected $17.64 from pot
fazz420: doesn't show hand
*** SUMMARY ***
Total pot $18 | Rake $0.36
Board [Ks 8c Jh 2s 9h]
Seat 3: fazz420 (button) (small blind) collected ($17.64)
Seat 4: AzureCaper (big blind) folded on the River


PokerStars Hand #144345261770:  Hold'em Limit ($3/$6 USD) - 2015/11/24 23:12:55 ET
Table 'Laurentia' 6-max Seat #4 is the button
Seat 3: fazz420 ($501.33 in chips)
Seat 4: AzureCaper ($92.38 in chips)
AzureCaper: posts small blind $1
fazz420: posts big blind $3
*** HOLE CARDS ***
AzureCaper: folds
Uncalled bet ($2) returned to fazz420
fazz420 collected $2 from pot
zizonmusang leaves the table
fazz420: doesn't show hand
*** SUMMARY ***
Total pot $2 | Rake $0
Seat 3: fazz420 (big blind) collected ($2)
Seat 4: AzureCaper (button) (small blind) folded before Flop


PokerStars Hand #144345260522:  Hold'em Limit ($3/$6 USD) - 2015/11/24 23:12:51 ET
Table 'Laurentia' 6-max Seat #3 is the button
Seat 3: fazz420 ($502.33 in chips)
Seat 4: AzureCaper ($91.38 in chips)
fazz420: posts small blind $1
AzureCaper: posts big blind $3
*** HOLE CARDS ***
fazz420: folds
Uncalled bet ($2) returned to AzureCaper
AzureCaper collected $2 from pot
AzureCaper: doesn't show hand
*** SUMMARY ***
Total pot $2 | Rake $0
Seat 3: fazz420 (button) (small blind) folded before Flop
Seat 4: AzureCaper (big blind) collected ($2)


PokerStars Hand #144345263157:  Hold'em Limit ($3/$6 USD) - 2015/11/24 23:13:00 ET
Table 'Laurentia' 6-max Seat #3 is the button
Seat 3: fazz420 ($502.33 in chips)
Seat 4: AzureCaper ($91.38 in chips)
fazz420: posts small blind $1
AzureCaper: posts big blind $3
*** HOLE CARDS ***
fazz420: raises $3 to $6
AzureCaper: calls $3
*** FLOP *** [2c Kh Qs]
AzureCaper: checks
fazz420: bets $3
AzureCaper: folds
Uncalled bet ($3) returned to fazz420
fazz420 collected $11.76 from pot
fazz420: doesn't show hand
*** SUMMARY ***
Total pot $12 | Rake $0.24
Board [2c Kh Qs]
Seat 3: fazz420 (button) (small blind) collected ($11.76)
Seat 4: AzureCaper (big blind) folded on the Flop


PokerStars Hand #144345265840:  Hold'em Limit ($3/$6 USD) - 2015/11/24 23:13:09 ET
Table 'Laurentia' 6-max Seat #4 is the button
Seat 3: fazz420 ($508.09 in chips)
Seat 4: AzureCaper ($85.38 in chips)
AzureCaper: posts small blind $1
fazz420: posts big blind $3
*** HOLE CARDS ***
AzureCaper: raises $3 to $6
fazz420: calls $3
*** FLOP *** [9s 5s 7h]
fazz420: checks
AzureCaper: bets $3
fazz420: folds
Uncalled bet ($3) returned to AzureCaper
AzureCaper collected $11.76 from pot
AzureCaper: doesn't show hand
*** SUMMARY ***
Total pot $12 | Rake $0.24
Board [9s 5s 7h]
Seat 3: fazz420 (big blind) folded on the Flop
Seat 4: AzureCaper (button) (small blind) collected ($11.76)


PokerStars Hand #144345268354:  Hold'em Limit ($3/$6 USD) - 2015/11/24 23:13:18 ET
Table 'Laurentia' 6-max Seat #3 is the button
Seat 3: fazz420 ($502.09 in chips)
Seat 4: AzureCaper ($91.14 in chips)
fazz420: posts small blind $1
AzureCaper: posts big blind $3
*** HOLE CARDS ***
fazz420: raises $3 to $6
AzureCaper: calls $3
*** FLOP *** [2c 6d 4s]
AzureCaper: checks
fazz420: bets $3
AzureCaper: calls $3
*** TURN *** [2c 6d 4s] [9h]
AzureCaper: checks
fazz420: checks
*** RIVER *** [2c 6d 4s 9h] [3c]
AzureCaper: checks
fazz420: checks
*** SHOW DOWN ***
AzureCaper: shows [Ad 7h] (high card Ace)
fazz420: shows [Qs 3s] (a pair of Threes)
fazz420 collected $17.64 from pot
*** SUMMARY ***
Total pot $18 | Rake $0.36
Board [2c 6d 4s 9h 3c]
Seat 3: fazz420 (button) (small blind) showed [Qs 3s] and won ($17.64) with a pair of Threes
Seat 4: AzureCaper (big blind) showed [Ad 7h] and lost with high card Ace


PokerStars Hand #144345271853:  Hold'em Limit ($3/$6 USD) - 2015/11/24 23:13:30 ET
Table 'Laurentia' 6-max Seat #4 is the button
Seat 3: fazz420 ($510.73 in chips)
Seat 4: AzureCaper ($82.14 in chips)
AzureCaper: posts small blind $1
fazz420: posts big blind $3
*** HOLE CARDS ***
AzureCaper: raises $3 to $6
fazz420: calls $3
*** FLOP *** [6h 3d 2h]
fazz420: checks
AzureCaper: bets $3
fazz420: raises $3 to $6
AzureCaper: raises $3 to $9
fazz420: calls $3
*** TURN *** [6h 3d 2h] [3h]
fazz420: checks
AzureCaper: bets $6
fazz420: calls $6
*** RIVER *** [6h 3d 2h 3h] [3s]
fazz420: checks
AzureCaper: checks
*** SHOW DOWN ***
fazz420: shows [6c 7h] (a full house, Threes full of Sixes)
AzureCaper: mucks hand
fazz420 collected $41.50 from pot
*** SUMMARY ***
Total pot $42 | Rake $0.50
Board [6h 3d 2h 3h 3s]
Seat 3: fazz420 (big blind) showed [6c 7h] and won ($41.50) with a full house, Threes full of Sixes
Seat 4: AzureCaper (button) (small blind) mucked


PokerStars Hand #144345277426:  Hold'em Limit ($3/$6 USD) - 2015/11/24 23:13:49 ET
Table 'Laurentia' 6-max Seat #3 is the button
Seat 3: fazz420 ($531.23 in chips)
Seat 4: AzureCaper ($72 in chips)
fazz420: posts small blind $1
AzureCaper: posts big blind $3
*** HOLE CARDS ***
fazz420: raises $3 to $6
AzureCaper: folds
Uncalled bet ($3) returned to fazz420
fazz420 collected $6 from pot
fazz420: doesn't show hand
*** SUMMARY ***
Total pot $6 | Rake $0
Seat 3: fazz420 (button) (small blind) collected ($6)
Seat 4: AzureCaper (big blind) folded before Flop


PokerStars Hand #144345280759:  Hold'em Limit ($3/$6 USD) - 2015/11/24 23:14:00 ET
Table 'Laurentia' 6-max Seat #4 is the button
Seat 3: fazz420 ($534.23 in chips)
Seat 4: AzureCaper ($72 in chips)
AzureCaper: posts small blind $1
fazz420: posts big blind $3
*** HOLE CARDS ***
AzureCaper: raises $3 to $6
fazz420: calls $3
*** FLOP *** [5h 3d 2d]
fazz420: checks
AzureCaper: bets $3
fazz420: folds
Uncalled bet ($3) returned to AzureCaper
AzureCaper collected $11.76 from pot
AzureCaper: doesn't show hand
*** SUMMARY ***
Total pot $12 | Rake $0.24
Board [5h 3d 2d]
Seat 3: fazz420 (big blind) folded on the Flop
Seat 4: AzureCaper (button) (small blind) collected ($11.76)


PokerStars Hand #144345288112:  Hold'em Limit ($3/$6 USD) - 2015/11/24 23:14:26 ET
Table 'Laurentia' 6-max Seat #3 is the button
Seat 3: fazz420 ($528.23 in chips)
Seat 4: AzureCaper ($77.76 in chips)
fazz420: posts small blind $1
AzureCaper: posts big blind $3
*** HOLE CARDS ***
fazz420: folds
Uncalled bet ($2) returned to AzureCaper
AzureCaper collected $2 from pot
AzureCaper: doesn't show hand
*** SUMMARY ***
Total pot $2 | Rake $0
Seat 3: fazz420 (button) (small blind) folded before Flop
Seat 4: AzureCaper (big blind) collected ($2)


PokerStars Hand #144345295255:  Hold'em Limit ($3/$6 USD) - 2015/11/24 23:14:51 ET
Table 'Laurentia' 6-max Seat #3 is the button
Seat 3: fazz420 ($512.23 in chips)
Seat 4: AzureCaper ($93.26 in chips)
fazz420: posts small blind $1
AzureCaper: posts big blind $3
*** HOLE CARDS ***
fazz420: raises $3 to $6
AzureCaper: folds
Uncalled bet ($3) returned to fazz420
fazz420 collected $6 from pot
fazz420: doesn't show hand
*** SUMMARY ***
Total pot $6 | Rake $0
Seat 3: fazz420 (button) (small blind) collected ($6)
Seat 4: AzureCaper (big blind) folded before Flop


PokerStars Hand #144345291376:  Hold'em Limit ($3/$6 USD) - 2015/11/24 23:14:37 ET
Table 'Laurentia' 6-max Seat #4 is the button
Seat 3: fazz420 ($527.23 in chips)
Seat 4: AzureCaper ($78.76 in chips)
AzureCaper: posts small blind $1
fazz420: posts big blind $3
*** HOLE CARDS ***
AzureCaper: raises $3 to $6
fazz420: calls $3
*** FLOP *** [6h 3c 6d]
fazz420: checks
AzureCaper: bets $3
fazz420: calls $3
*** TURN *** [6h 3c 6d] [Th]
fazz420: checks
AzureCaper: bets $6
fazz420: calls $6
*** RIVER *** [6h 3c 6d Th] [4h]
fazz420: checks
AzureCaper: bets $6
fazz420: folds
Uncalled bet ($6) returned to AzureCaper
AzureCaper collected $29.50 from pot
AzureCaper: doesn't show hand
*** SUMMARY ***
Total pot $30 | Rake $0.50
Board [6h 3c 6d Th 4h]
Seat 3: fazz420 (big blind) folded on the River
Seat 4: AzureCaper (button) (small blind) collected ($29.50)


PokerStars Hand #144345296602:  Hold'em Limit ($3/$6 USD) - 2015/11/24 23:14:55 ET
Table 'Laurentia' 6-max Seat #4 is the button
Seat 3: fazz420 ($515.23 in chips)
Seat 4: AzureCaper ($90.26 in chips)
AzureCaper: posts small blind $1
fazz420: posts big blind $3
*** HOLE CARDS ***
AzureCaper: raises $3 to $6
fazz420: calls $3
*** FLOP *** [Kd 2c 5d]
fazz420: checks
AzureCaper: bets $3
fazz420: folds
Uncalled bet ($3) returned to AzureCaper
AzureCaper collected $11.76 from pot
AzureCaper: doesn't show hand
*** SUMMARY ***
Total pot $12 | Rake $0.24
Board [Kd 2c 5d]
Seat 3: fazz420 (big blind) folded on the Flop
Seat 4: AzureCaper (button) (small blind) collected ($11.76)


PokerStars Hand #144345298851:  Hold'em Limit ($3/$6 USD) - 2015/11/24 23:15:03 ET
Table 'Laurentia' 6-max Seat #3 is the button
Seat 3: fazz420 ($509.23 in chips)
Seat 4: AzureCaper ($96.02 in chips)
fazz420: posts small blind $1
AzureCaper: posts big blind $3
*** HOLE CARDS ***
fazz420: raises $3 to $6
AzureCaper: calls $3
*** FLOP *** [8h Ad 9h]
AzureCaper: checks
fazz420: bets $3
AzureCaper: raises $3 to $6
fazz420: calls $3
*** TURN *** [8h Ad 9h] [6h]
AzureCaper: bets $6
fazz420: calls $6
*** RIVER *** [8h Ad 9h 6h] [5c]
AzureCaper: bets $6
fazz420: calls $6
*** SHOW DOWN ***
AzureCaper: shows [5h 3h] (a flush, Nine high)
fazz420: mucks hand
AzureCaper collected $47.50 from pot
*** SUMMARY ***
Total pot $48 | Rake $0.50
Board [8h Ad 9h 6h 5c]
Seat 3: fazz420 (button) (small blind) mucked
Seat 4: AzureCaper (big blind) showed [5h 3h] and won ($47.50) with a flush, Nine high


PokerStars Hand #144345303811:  Hold'em Limit ($3/$6 USD) - 2015/11/24 23:15:20 ET
Table 'Laurentia' 6-max Seat #4 is the button
Seat 3: fazz420 ($485.23 in chips)
Seat 4: AzureCaper ($119.52 in chips)
AzureCaper: posts small blind $1
fazz420: posts big blind $3
*** HOLE CARDS ***
AzureCaper: raises $3 to $6
fazz420: calls $3
*** FLOP *** [7c Ts Ks]
fazz420: checks
AzureCaper: bets $3
fazz420: calls $3
*** TURN *** [7c Ts Ks] [6s]
fazz420: checks
AzureCaper: checks
*** RIVER *** [7c Ts Ks 6s] [6c]
fazz420: bets $6
AzureCaper: raises $6 to $12
fazz420: calls $6
*** SHOW DOWN ***
AzureCaper: shows [6d As] (three of a kind, Sixes)
fazz420: mucks hand
AzureCaper collected $41.50 from pot
*** SUMMARY ***
Total pot $42 | Rake $0.50
Board [7c Ts Ks 6s 6c]
Seat 3: fazz420 (big blind) mucked
Seat 4: AzureCaper (button) (small blind) showed [6d As] and won ($41.50) with three of a kind, Sixes


PokerStars Hand #144345308428:  Hold'em Limit ($3/$6 USD) - 2015/11/24 23:15:36 ET
Table 'Laurentia' 6-max Seat #3 is the button
Seat 3: fazz420 ($464.23 in chips)
Seat 4: AzureCaper ($140.02 in chips)
fazz420: posts small blind $1
AzureCaper: posts big blind $3
*** HOLE CARDS ***
fazz420: raises $3 to $6
AzureCaper: calls $3
*** FLOP *** [7h Qc 2s]
AzureCaper: checks
fazz420: bets $3
AzureCaper: folds
Uncalled bet ($3) returned to fazz420
fazz420 collected $11.76 from pot
fazz420: doesn't show hand
*** SUMMARY ***
Total pot $12 | Rake $0.24
Board [7h Qc 2s]
Seat 3: fazz420 (button) (small blind) collected ($11.76)
Seat 4: AzureCaper (big blind) folded on the Flop


PokerStars Hand #144345311972:  Hold'em Limit ($3/$6 USD) - 2015/11/24 23:15:48 ET
Table 'Laurentia' 6-max Seat #4 is the button
Seat 3: fazz420 ($469.99 in chips)
Seat 4: AzureCaper ($134.02 in chips)
AzureCaper: posts small blind $1
fazz420: posts big blind $3
*** HOLE CARDS ***
AzureCaper: raises $3 to $6
fazz420: calls $3
*** FLOP *** [4h 7d 2d]
fazz420: checks
AzureCaper: bets $3
fazz420: folds
Uncalled bet ($3) returned to AzureCaper
AzureCaper collected $11.76 from pot
AzureCaper: doesn't show hand
*** SUMMARY ***
Total pot $12 | Rake $0.24
Board [4h 7d 2d]
Seat 3: fazz420 (big blind) folded on the Flop
Seat 4: AzureCaper (button) (small blind) collected ($11.76)


PokerStars Hand #144345314380:  Hold'em Limit ($3/$6 USD) - 2015/11/24 23:15:56 ET
Table 'Laurentia' 6-max Seat #3 is the button
Seat 3: fazz420 ($463.99 in chips)
Seat 4: AzureCaper ($139.78 in chips)
fazz420: posts small blind $1
AzureCaper: posts big blind $3
*** HOLE CARDS ***
fazz420: raises $3 to $6
AzureCaper: calls $3
*** FLOP *** [Jc 9d 2s]
AzureCaper: checks
fazz420: bets $3
AzureCaper: calls $3
*** TURN *** [Jc 9d 2s] [4c]
AzureCaper: checks
fazz420: bets $6
AzureCaper: calls $6
*** RIVER *** [Jc 9d 2s 4c] [6c]
AzureCaper: checks
fazz420: bets $6
AzureCaper: calls $6
*** SHOW DOWN ***
fazz420: shows [Jh Td] (a pair of Jacks)
AzureCaper: mucks hand
fazz420 collected $41.50 from pot
*** SUMMARY ***
Total pot $42 | Rake $0.50
Board [Jc 9d 2s 4c 6c]
Seat 3: fazz420 (button) (small blind) showed [Jh Td] and won ($41.50) with a pair of Jacks
Seat 4: AzureCaper (big blind) mucked


PokerStars Hand #144345318117:  Hold'em Limit ($3/$6 USD) - 2015/11/24 23:16:09 ET
Table 'Laurentia' 6-max Seat #4 is the button
Seat 3: fazz420 ($484.49 in chips)
Seat 4: AzureCaper ($118.78 in chips)
AzureCaper: posts small blind $1
fazz420: posts big blind $3
*** HOLE CARDS ***
AzureCaper: raises $3 to $6
fazz420: calls $3
*** FLOP *** [Ad 7c 5s]
fazz420: checks
AzureCaper: bets $3
fazz420: folds
Uncalled bet ($3) returned to AzureCaper
AzureCaper collected $11.76 from pot
AzureCaper: doesn't show hand
*** SUMMARY ***
Total pot $12 | Rake $0.24
Board [Ad 7c 5s]
Seat 3: fazz420 (big blind) folded on the Flop
Seat 4: AzureCaper (button) (small blind) collected ($11.76)


PokerStars Hand #144345322183:  Hold'em Limit ($3/$6 USD) - 2015/11/24 23:16:23 ET
Table 'Laurentia' 6-max Seat #3 is the button
Seat 3: fazz420 ($478.49 in chips)
Seat 4: AzureCaper ($124.54 in chips)
fazz420: posts small blind $1
AzureCaper: posts big blind $3
*** HOLE CARDS ***
fazz420: raises $3 to $6
AzureCaper: calls $3
*** FLOP *** [9d 2h Qd]
AzureCaper: checks
fazz420: bets $3
AzureCaper: folds
Uncalled bet ($3) returned to fazz420
fazz420 collected $11.76 from pot
fazz420: doesn't show hand
*** SUMMARY ***
Total pot $12 | Rake $0.24
Board [9d 2h Qd]
Seat 3: fazz420 (button) (small blind) collected ($11.76)
Seat 4: AzureCaper (big blind) folded on the Flop


PokerStars Hand #144345325119:  Hold'em Limit ($3/$6 USD) - 2015/11/24 23:16:33 ET
Table 'Laurentia' 6-max Seat #4 is the button
Seat 3: fazz420 ($484.25 in chips)
Seat 4: AzureCaper ($118.54 in chips)
AzureCaper: posts small blind $1
fazz420: posts big blind $3
*** HOLE CARDS ***
AzureCaper: folds
Uncalled bet ($2) returned to fazz420
fazz420 collected $2 from pot
fazz420: doesn't show hand
*** SUMMARY ***
Total pot $2 | Rake $0
Seat 3: fazz420 (big blind) collected ($2)
Seat 4: AzureCaper (button) (small blind) folded before Flop


PokerStars Hand #144345330166:  Hold'em Limit ($3/$6 USD) - 2015/11/24 23:16:50 ET
Table 'Laurentia' 6-max Seat #4 is the button
Seat 3: fazz420 ($493.89 in chips)
Seat 4: AzureCaper ($108.54 in chips)
AzureCaper: posts small blind $1
fazz420: posts big blind $3
*** HOLE CARDS ***
AzureCaper: folds
Uncalled bet ($2) returned to fazz420
fazz420 collected $2 from pot
fazz420: doesn't show hand
*** SUMMARY ***
Total pot $2 | Rake $0
Seat 3: fazz420 (big blind) collected ($2)
Seat 4: AzureCaper (button) (small blind) folded before Flop


PokerStars Hand #144345326367:  Hold'em Limit ($3/$6 USD) - 2015/11/24 23:16:37 ET
Table 'Laurentia' 6-max Seat #3 is the button
Seat 3: fazz420 ($485.25 in chips)
Seat 4: AzureCaper ($117.54 in chips)
fazz420: posts small blind $1
AzureCaper: posts big blind $3
*** HOLE CARDS ***
fazz420: raises $3 to $6
AzureCaper: calls $3
*** FLOP *** [9c 9d 6d]
AzureCaper: checks
fazz420: bets $3
AzureCaper: calls $3
*** TURN *** [9c 9d 6d] [Kd]
AzureCaper: checks
fazz420: bets $6
AzureCaper: folds
Uncalled bet ($6) returned to fazz420
fazz420 collected $17.64 from pot
fazz420: doesn't show hand
*** SUMMARY ***
Total pot $18 | Rake $0.36
Board [9c 9d 6d Kd]
Seat 3: fazz420 (button) (small blind) collected ($17.64)
Seat 4: AzureCaper (big blind) folded on the Turn


PokerStars Hand #144345331631:  Hold'em Limit ($3/$6 USD) - 2015/11/24 23:16:55 ET
Table 'Laurentia' 6-max Seat #3 is the button
Seat 3: fazz420 ($494.89 in chips)
Seat 4: AzureCaper ($107.54 in chips)
fazz420: posts small blind $1
AzureCaper: posts big blind $3
*** HOLE CARDS ***
fazz420: raises $3 to $6
AzureCaper: folds
Uncalled bet ($3) returned to fazz420
fazz420 collected $6 from pot
fazz420: doesn't show hand
*** SUMMARY ***
Total pot $6 | Rake $0
Seat 3: fazz420 (button) (small blind) collected ($6)
Seat 4: AzureCaper (big blind) folded before Flop


PokerStars Hand #144345336261:  Hold'em Limit ($3/$6 USD) - 2015/11/24 23:17:12 ET
Table 'Laurentia' 6-max Seat #4 is the button
Seat 3: fazz420 ($497.89 in chips)
Seat 4: AzureCaper ($104.54 in chips)
AzureCaper: posts small blind $1
fazz420: posts big blind $3
*** HOLE CARDS ***
AzureCaper: folds
Uncalled bet ($2) returned to fazz420
fazz420 collected $2 from pot
fazz420: doesn't show hand
*** SUMMARY ***
Total pot $2 | Rake $0
Seat 3: fazz420 (big blind) collected ($2)
Seat 4: AzureCaper (button) (small blind) folded before Flop


PokerStars Hand #144345334797:  Hold'em Limit ($3/$6 USD) - 2015/11/24 23:17:07 ET
Table 'Laurentia' 6-max Seat #3 is the button
Seat 3: fazz420 ($498.89 in chips)
Seat 4: AzureCaper ($103.54 in chips)
fazz420: posts small blind $1
AzureCaper: posts big blind $3
*** HOLE CARDS ***
fazz420: folds
Uncalled bet ($2) returned to AzureCaper
AzureCaper collected $2 from pot
AzureCaper: doesn't show hand
*** SUMMARY ***
Total pot $2 | Rake $0
Seat 3: fazz420 (button) (small blind) folded before Flop
Seat 4: AzureCaper (big blind) collected ($2)


PokerStars Hand #144345333354:  Hold'em Limit ($3/$6 USD) - 2015/11/24 23:17:02 ET
Table 'Laurentia' 6-max Seat #4 is the button
Seat 3: fazz420 ($497.89 in chips)
Seat 4: AzureCaper ($104.54 in chips)
AzureCaper: posts small blind $1
fazz420: posts big blind $3
*** HOLE CARDS ***
AzureCaper: folds
Uncalled bet ($2) returned to fazz420
fazz420 collected $2 from pot
fazz420: doesn't show hand
*** SUMMARY ***
Total pot $2 | Rake $0
Seat 3: fazz420 (big blind) collected ($2)
Seat 4: AzureCaper (button) (small blind) folded before Flop


PokerStars Hand #144345341053:  Hold'em Limit ($3/$6 USD) - 2015/11/24 23:17:28 ET
Table 'Laurentia' 6-max Seat #4 is the button
Seat 3: fazz420 ($489.89 in chips)
Seat 4: AzureCaper ($112.18 in chips)
AzureCaper: posts small blind $1
fazz420: posts big blind $3
*** HOLE CARDS ***
AzureCaper: folds
Uncalled bet ($2) returned to fazz420
fazz420 collected $2 from pot
fazz420: doesn't show hand
*** SUMMARY ***
Total pot $2 | Rake $0
Seat 3: fazz420 (big blind) collected ($2)
Seat 4: AzureCaper (button) (small blind) folded before Flop


PokerStars Hand #144345337513:  Hold'em Limit ($3/$6 USD) - 2015/11/24 23:17:16 ET
Table 'Laurentia' 6-max Seat #3 is the button
Seat 3: fazz420 ($498.89 in chips)
Seat 4: AzureCaper ($103.54 in chips)
fazz420: posts small blind $1
AzureCaper: posts big blind $3
*** HOLE CARDS ***
fazz420: raises $3 to $6
AzureCaper: calls $3
*** FLOP *** [Ah 4c 2d]
AzureCaper: checks
fazz420: bets $3
AzureCaper: raises $3 to $6
fazz420: folds
Uncalled bet ($3) returned to AzureCaper
AzureCaper collected $17.64 from pot
AzureCaper: doesn't show hand
*** SUMMARY ***
Total pot $18 | Rake $0.36
Board [Ah 4c 2d]
Seat 3: fazz420 (button) (small blind) folded on the Flop
Seat 4: AzureCaper (big blind) collected ($17.64)


PokerStars Hand #144345342292:  Hold'em Limit ($3/$6 USD) - 2015/11/24 23:17:32 ET
Table 'Laurentia' 6-max Seat #3 is the button
Seat 3: fazz420 ($490.89 in chips)
Seat 4: AzureCaper ($111.18 in chips)
fazz420: posts small blind $1
AzureCaper: posts big blind $3
*** HOLE CARDS ***
fazz420: raises $3 to $6
AzureCaper: calls $3
*** FLOP *** [5s 4h 6s]
AzureCaper: checks
fazz420: checks
*** TURN *** [5s 4h 6s] [5d]
AzureCaper: bets $6
fazz420: calls $6
*** RIVER *** [5s 4h 6s 5d] [8h]
AzureCaper: bets $6
fazz420: folds
Uncalled bet ($6) returned to AzureCaper
AzureCaper collected $23.52 from pot
AzureCaper: doesn't show hand
*** SUMMARY ***
Total pot $24 | Rake $0.48
Board [5s 4h 6s 5d 8h]
Seat 3: fazz420 (button) (small blind) folded on the River
Seat 4: AzureCaper (big blind) collected ($23.52)


PokerStars Hand #144345345929:  Hold'em Limit ($3/$6 USD) - 2015/11/24 23:17:45 ET
Table 'Laurentia' 6-max Seat #4 is the button
Seat 3: fazz420 ($478.89 in chips)
Seat 4: AzureCaper ($122.70 in chips)
AzureCaper: posts small blind $1
fazz420: posts big blind $3
*** HOLE CARDS ***
AzureCaper: raises $3 to $6
fazz420: raises $3 to $9
AzureCaper: calls $3
*** FLOP *** [Jd Kc Jh]
fazz420: bets $3
AzureCaper: calls $3
*** TURN *** [Jd Kc Jh] [8d]
fazz420: bets $6
AzureCaper: calls $6
*** RIVER *** [Jd Kc Jh 8d] [7h]
fazz420: bets $6
AzureCaper: calls $6
*** SHOW DOWN ***
fazz420: shows [Ad 8s] (two pair, Jacks and Eights)
AzureCaper: shows [9d Ks] (two pair, Kings and Jacks)
AzureCaper collected $47.50 from pot
*** SUMMARY ***
Total pot $48 | Rake $0.50
Board [Jd Kc Jh 8d 7h]
Seat 3: fazz420 (big blind) showed [Ad 8s] and lost with two pair, Jacks and Eights
Seat 4: AzureCaper (button) (small blind) showed [9d Ks] and won ($47.50) with two pair, Kings and Jacks


PokerStars Hand #144345349494:  Hold'em Limit ($3/$6 USD) - 2015/11/24 23:17:57 ET
Table 'Laurentia' 6-max Seat #3 is the button
Seat 3: fazz420 ($454.89 in chips)
Seat 4: AzureCaper ($146.20 in chips)
fazz420: posts small blind $1
AzureCaper: posts big blind $3
*** HOLE CARDS ***
fazz420: raises $3 to $6
AzureCaper: raises $3 to $9
fazz420: calls $3
*** FLOP *** [4s Kc Jh]
AzureCaper: bets $3
fazz420: folds
Uncalled bet ($3) returned to AzureCaper
AzureCaper collected $17.64 from pot
AzureCaper: doesn't show hand
*** SUMMARY ***
Total pot $18 | Rake $0.36
Board [4s Kc Jh]
Seat 3: fazz420 (button) (small blind) folded on the Flop
Seat 4: AzureCaper (big blind) collected ($17.64)


PokerStars Hand #144345356051:  Hold'em Limit ($3/$6 USD) - 2015/11/24 23:18:20 ET
Table 'Laurentia' 6-max Seat #3 is the button
Seat 3: fazz420 ($439.89 in chips)
Seat 4: AzureCaper ($160.60 in chips)
fazz420: posts small blind $1
AzureCaper: posts big blind $3
*** HOLE CARDS ***
fazz420: raises $3 to $6
AzureCaper: folds
Uncalled bet ($3) returned to fazz420
fazz420 collected $6 from pot
fazz420: doesn't show hand
*** SUMMARY ***
Total pot $6 | Rake $0
Seat 3: fazz420 (button) (small blind) collected ($6)
Seat 4: AzureCaper (big blind) folded before Flop


PokerStars Hand #144345353889:  Hold'em Limit ($3/$6 USD) - 2015/11/24 23:18:12 ET
Table 'Laurentia' 6-max Seat #4 is the button
Seat 3: fazz420 ($445.89 in chips)
Seat 4: AzureCaper ($154.84 in chips)
AzureCaper: posts small blind $1
fazz420: posts big blind $3
*** HOLE CARDS ***
AzureCaper: raises $3 to $6
fazz420: calls $3
*** FLOP *** [7h Ah 2s]
fazz420: checks
AzureCaper: bets $3
fazz420: folds
Uncalled bet ($3) returned to AzureCaper
AzureCaper collected $11.76 from pot
AzureCaper: doesn't show hand
*** SUMMARY ***
Total pot $12 | Rake $0.24
Board [7h Ah 2s]
Seat 3: fazz420 (big blind) folded on the Flop
Seat 4: AzureCaper (button) (small blind) collected ($11.76)


PokerStars Hand #144345357534:  Hold'em Limit ($3/$6 USD) - 2015/11/24 23:18:25 ET
Table 'Laurentia' 6-max Seat #4 is the button
Seat 3: fazz420 ($442.89 in chips)
Seat 4: AzureCaper ($157.60 in chips)
AzureCaper: posts small blind $1
fazz420: posts big blind $3
*** HOLE CARDS ***
AzureCaper: raises $3 to $6
fazz420: raises $3 to $9
AzureCaper: calls $3
*** FLOP *** [Jc Jh 2s]
fazz420: bets $3
AzureCaper: calls $3
*** TURN *** [Jc Jh 2s] [6s]
fazz420: bets $6
AzureCaper: folds
Uncalled bet ($6) returned to fazz420
fazz420 collected $23.52 from pot
fazz420: doesn't show hand
*** SUMMARY ***
Total pot $24 | Rake $0.48
Board [Jc Jh 2s 6s]
Seat 3: fazz420 (big blind) collected ($23.52)
Seat 4: AzureCaper (button) (small blind) folded on the Turn


PokerStars Hand #144345361645:  Hold'em Limit ($3/$6 USD) - 2015/11/24 23:18:39 ET
Table 'Laurentia' 6-max Seat #3 is the button
Seat 3: fazz420 ($454.41 in chips)
Seat 4: AzureCaper ($145.60 in chips)
fazz420: posts small blind $1
AzureCaper: posts big blind $3
*** HOLE CARDS ***
fazz420: raises $3 to $6
AzureCaper: calls $3
*** FLOP *** [2h 6d Qc]
AzureCaper: checks
fazz420: bets $3
AzureCaper: raises $3 to $6
fazz420: calls $3
*** TURN *** [2h 6d Qc] [2c]
AzureCaper: bets $6
fazz420: raises $6 to $12
AzureCaper: folds
Uncalled bet ($6) returned to fazz420
fazz420 collected $35.50 from pot
fazz420: doesn't show hand
*** SUMMARY ***
Total pot $36 | Rake $0.50
Board [2h 6d Qc 2c]
Seat 3: fazz420 (button) (small blind) collected ($35.50)
Seat 4: AzureCaper (big blind) folded on the Turn


PokerStars Hand #144345365076:  Hold'em Limit ($3/$6 USD) - 2015/11/24 23:18:51 ET
Table 'Laurentia' 6-max Seat #4 is the button
Seat 3: fazz420 ($471.91 in chips)
Seat 4: AzureCaper ($127.60 in chips)
AzureCaper: posts small blind $1
fazz420: posts big blind $3
*** HOLE CARDS ***
AzureCaper: raises $3 to $6
fazz420: calls $3
*** FLOP *** [Qc 4h Ks]
fazz420: checks
AzureCaper: bets $3
fazz420: calls $3
*** TURN *** [Qc 4h Ks] [5h]
fazz420: checks
AzureCaper: checks
*** RIVER *** [Qc 4h Ks 5h] [Ad]
fazz420: bets $6
AzureCaper: calls $6
*** SHOW DOWN ***
fazz420: shows [Kc 8s] (a pair of Kings)
AzureCaper: mucks hand
fazz420 collected $29.50 from pot
*** SUMMARY ***
Total pot $30 | Rake $0.50
Board [Qc 4h Ks 5h Ad]
Seat 3: fazz420 (big blind) showed [Kc 8s] and won ($29.50) with a pair of Kings
Seat 4: AzureCaper (button) (small blind) mucked


PokerStars Hand #144345368333:  Hold'em Limit ($3/$6 USD) - 2015/11/24 23:19:02 ET
Table 'Laurentia' 6-max Seat #3 is the button
Seat 3: fazz420 ($486.41 in chips)
Seat 4: AzureCaper ($112.60 in chips)
fazz420: posts small blind $1
AzureCaper: posts big blind $3
*** HOLE CARDS ***
fazz420: raises $3 to $6
AzureCaper: calls $3
*** FLOP *** [2s 3h 4h]
AzureCaper: checks
fazz420: checks
*** TURN *** [2s 3h 4h] [Tc]
AzureCaper: bets $6
fazz420: calls $6
*** RIVER *** [2s 3h 4h Tc] [Ah]
AzureCaper: checks
fazz420: bets $6
AzureCaper: calls $6
*** SHOW DOWN ***
fazz420: shows [5c 7c] (a straight, Ace to Five)
AzureCaper: mucks hand
fazz420 collected $35.50 from pot
*** SUMMARY ***
Total pot $36 | Rake $0.50
Board [2s 3h 4h Tc Ah]
Seat 3: fazz420 (button) (small blind) showed [5c 7c] and won ($35.50) with a straight, Ace to Five
Seat 4: AzureCaper (big blind) mucked


PokerStars Hand #144345376347:  Hold'em Limit ($3/$6 USD) - 2015/11/24 23:19:30 ET
Table 'Laurentia' 6-max Seat #3 is the button
Seat 3: fazz420 ($518.41 in chips)
Seat 4: AzureCaper ($79.60 in chips)
fazz420: posts small blind $1
AzureCaper: posts big blind $3
*** HOLE CARDS ***
fazz420: folds
Uncalled bet ($2) returned to AzureCaper
AzureCaper collected $2 from pot
AzureCaper: doesn't show hand
*** SUMMARY ***
Total pot $2 | Rake $0
Seat 3: fazz420 (button) (small blind) folded before Flop
Seat 4: AzureCaper (big blind) collected ($2)


PokerStars Hand #144345371933:  Hold'em Limit ($3/$6 USD) - 2015/11/24 23:19:15 ET
Table 'Laurentia' 6-max Seat #4 is the button
Seat 3: fazz420 ($503.91 in chips)
Seat 4: AzureCaper ($94.60 in chips)
AzureCaper: posts small blind $1
fazz420: posts big blind $3
*** HOLE CARDS ***
AzureCaper: raises $3 to $6
fazz420: calls $3
*** FLOP *** [9c 5d 2c]
fazz420: checks
AzureCaper: bets $3
fazz420: calls $3
*** TURN *** [9c 5d 2c] [4d]
fazz420: checks
AzureCaper: checks
*** RIVER *** [9c 5d 2c 4d] [7s]
fazz420: bets $6
AzureCaper: calls $6
*** SHOW DOWN ***
fazz420: shows [6c 9h] (a pair of Nines)
AzureCaper: mucks hand
fazz420 collected $29.50 from pot
*** SUMMARY ***
Total pot $30 | Rake $0.50
Board [9c 5d 2c 4d 7s]
Seat 3: fazz420 (big blind) showed [6c 9h] and won ($29.50) with a pair of Nines
Seat 4: AzureCaper (button) (small blind) mucked


PokerStars Hand #144345382313:  Hold'em Limit ($3/$6 USD) - 2015/11/24 23:19:50 ET
Table 'Laurentia' 6-max Seat #3 is the button
Seat 3: fazz420 ($502.41 in chips)
Seat 4: AzureCaper ($95.10 in chips)
fazz420: posts small blind $1
AzureCaper: posts big blind $3
*** HOLE CARDS ***
fazz420: folds
Uncalled bet ($2) returned to AzureCaper
AzureCaper collected $2 from pot
AzureCaper: doesn't show hand
*** SUMMARY ***
Total pot $2 | Rake $0
Seat 3: fazz420 (button) (small blind) folded before Flop
Seat 4: AzureCaper (big blind) collected ($2)


PokerStars Hand #144345377772:  Hold'em Limit ($3/$6 USD) - 2015/11/24 23:19:35 ET
Table 'Laurentia' 6-max Seat #4 is the button
Seat 3: fazz420 ($517.41 in chips)
Seat 4: AzureCaper ($80.60 in chips)
AzureCaper: posts small blind $1
fazz420: posts big blind $3
*** HOLE CARDS ***
AzureCaper: raises $3 to $6
fazz420: calls $3
*** FLOP *** [Kh 6h 9s]
fazz420: checks
AzureCaper: bets $3
fazz420: calls $3
*** TURN *** [Kh 6h 9s] [7c]
fazz420: checks
AzureCaper: checks
*** RIVER *** [Kh 6h 9s 7c] [3d]
fazz420: checks
AzureCaper: bets $6
fazz420: calls $6
*** SHOW DOWN ***
AzureCaper: shows [9c Jd] (a pair of Nines)
fazz420: mucks hand
AzureCaper collected $29.50 from pot
*** SUMMARY ***
Total pot $30 | Rake $0.50
Board [Kh 6h 9s 7c 3d]
Seat 3: fazz420 (big blind) mucked
Seat 4: AzureCaper (button) (small blind) showed [9c Jd] and won ($29.50) with a pair of Nines


PokerStars Hand #144345385928:  Hold'em Limit ($3/$6 USD) - 2015/11/24 23:20:03 ET
Table 'Laurentia' 6-max Seat #3 is the button
Seat 3: fazz420 ($495.41 in chips)
Seat 4: AzureCaper ($101.86 in chips)
fazz420: posts small blind $1
AzureCaper: posts big blind $3
*** HOLE CARDS ***
fazz420: raises $3 to $6
AzureCaper: raises $3 to $9
fazz420: calls $3
*** FLOP *** [2h 8s 7d]
AzureCaper: bets $3
fazz420: raises $3 to $6
AzureCaper: calls $3
*** TURN *** [2h 8s 7d] [3s]
AzureCaper: checks
fazz420: bets $6
AzureCaper: calls $6
*** RIVER *** [2h 8s 7d 3s] [6h]
AzureCaper: checks
fazz420: bets $6
AzureCaper: folds
Uncalled bet ($6) returned to fazz420
fazz420 collected $41.50 from pot
fazz420: doesn't show hand
*** SUMMARY ***
Total pot $42 | Rake $0.50
Board [2h 8s 7d 3s 6h]
Seat 3: fazz420 (button) (small blind) collected ($41.50)
Seat 4: AzureCaper (big blind) folded on the River


PokerStars Hand #144345394065:  Hold'em Limit ($3/$6 USD) - 2015/11/24 23:20:31 ET
Table 'Laurentia' 6-max Seat #4 is the button
Seat 3: fazz420 ($508.91 in chips)
Seat 4: AzureCaper ($87.62 in chips)
AzureCaper: posts small blind $1
fazz420: posts big blind $3
*** HOLE CARDS ***
AzureCaper: folds
Uncalled bet ($2) returned to fazz420
fazz420 collected $2 from pot
fazz420: doesn't show hand
*** SUMMARY ***
Total pot $2 | Rake $0
Seat 3: fazz420 (big blind) collected ($2)
Seat 4: AzureCaper (button) (small blind) folded before Flop


PokerStars Hand #144345392671:  Hold'em Limit ($3/$6 USD) - 2015/11/24 23:20:26 ET
Table 'Laurentia' 6-max Seat #3 is the button
Seat 3: fazz420 ($509.91 in chips)
Seat 4: AzureCaper ($86.62 in chips)
fazz420: posts small blind $1
AzureCaper: posts big blind $3
*** HOLE CARDS ***
fazz420: folds
Uncalled bet ($2) returned to AzureCaper
AzureCaper collected $2 from pot
AzureCaper: doesn't show hand
*** SUMMARY ***
Total pot $2 | Rake $0
Seat 3: fazz420 (button) (small blind) folded before Flop
Seat 4: AzureCaper (big blind) collected ($2)


PokerStars Hand #144345395404:  Hold'em Limit ($3/$6 USD) - 2015/11/24 23:20:36 ET
Table 'Laurentia' 6-max Seat #3 is the button
Seat 3: fazz420 ($509.91 in chips)
Seat 4: AzureCaper ($86.62 in chips)
fazz420: posts small blind $1
AzureCaper: posts big blind $3
*** HOLE CARDS ***
fazz420: raises $3 to $6
AzureCaper: folds
Uncalled bet ($3) returned to fazz420
fazz420 collected $6 from pot
fazz420: doesn't show hand
*** SUMMARY ***
Total pot $6 | Rake $0
Seat 3: fazz420 (button) (small blind) collected ($6)
Seat 4: AzureCaper (big blind) folded before Flop


PokerStars Hand #144345398884:  Hold'em Limit ($3/$6 USD) - 2015/11/24 23:20:48 ET
Table 'Laurentia' 6-max Seat #3 is the button
Seat 3: fazz420 ($513.91 in chips)
Seat 4: AzureCaper ($82.62 in chips)
fazz420: posts small blind $1
AzureCaper: posts big blind $3
*** HOLE CARDS ***
fazz420: folds
Uncalled bet ($2) returned to AzureCaper
AzureCaper collected $2 from pot
AzureCaper: doesn't show hand
*** SUMMARY ***
Total pot $2 | Rake $0
Seat 3: fazz420 (button) (small blind) folded before Flop
Seat 4: AzureCaper (big blind) collected ($2)


PokerStars Hand #144345397149:  Hold'em Limit ($3/$6 USD) - 2015/11/24 23:20:42 ET
Table 'Laurentia' 6-max Seat #4 is the button
Seat 3: fazz420 ($512.91 in chips)
Seat 4: AzureCaper ($83.62 in chips)
AzureCaper: posts small blind $1
fazz420: posts big blind $3
*** HOLE CARDS ***
AzureCaper: folds
Uncalled bet ($2) returned to fazz420
fazz420 collected $2 from pot
fazz420: doesn't show hand
*** SUMMARY ***
Total pot $2 | Rake $0
Seat 3: fazz420 (big blind) collected ($2)
Seat 4: AzureCaper (button) (small blind) folded before Flop


PokerStars Hand #144345400193:  Hold'em Limit ($3/$6 USD) - 2015/11/24 23:20:53 ET
Table 'Laurentia' 6-max Seat #4 is the button
Seat 3: fazz420 ($512.91 in chips)
Seat 4: AzureCaper ($83.62 in chips)
AzureCaper: posts small blind $1
fazz420: posts big blind $3
*** HOLE CARDS ***
AzureCaper: raises $3 to $6
fazz420: calls $3
*** FLOP *** [9d 3h Qc]
fazz420: checks
AzureCaper: bets $3
fazz420: folds
Uncalled bet ($3) returned to AzureCaper
AzureCaper collected $11.76 from pot
AzureCaper: doesn't show hand
*** SUMMARY ***
Total pot $12 | Rake $0.24
Board [9d 3h Qc]
Seat 3: fazz420 (big blind) folded on the Flop
Seat 4: AzureCaper (button) (small blind) collected ($11.76)


PokerStars Hand #144345405883:  Hold'em Limit ($3/$6 USD) - 2015/11/24 23:21:12 ET
Table 'Laurentia' 6-max Seat #4 is the button
Seat 3: fazz420 ($518.43 in chips)
Seat 4: AzureCaper ($77.38 in chips)
AzureCaper: posts small blind $1
fazz420: posts big blind $3
*** HOLE CARDS ***
AzureCaper: folds
Uncalled bet ($2) returned to fazz420
fazz420 collected $2 from pot
fazz420: doesn't show hand
*** SUMMARY ***
Total pot $2 | Rake $0
Seat 3: fazz420 (big blind) collected ($2)
Seat 4: AzureCaper (button) (small blind) folded before Flop


PokerStars Hand #144345402351:  Hold'em Limit ($3/$6 USD) - 2015/11/24 23:21:00 ET
Table 'Laurentia' 6-max Seat #3 is the button
Seat 3: fazz420 ($506.91 in chips)
Seat 4: AzureCaper ($89.38 in chips)
fazz420: posts small blind $1
AzureCaper: posts big blind $3
*** HOLE CARDS ***
fazz420: raises $3 to $6
AzureCaper: raises $3 to $9
fazz420: calls $3
*** FLOP *** [Kh 8c Jc]
AzureCaper: bets $3
fazz420: calls $3
*** TURN *** [Kh 8c Jc] [9h]
AzureCaper: checks
fazz420: checks
*** RIVER *** [Kh 8c Jc 9h] [4d]
AzureCaper: checks
fazz420: checks
*** SHOW DOWN ***
AzureCaper: shows [4s As] (a pair of Fours)
fazz420: shows [5d 5h] (a pair of Fives)
fazz420 collected $23.52 from pot
*** SUMMARY ***
Total pot $24 | Rake $0.48
Board [Kh 8c Jc 9h 4d]
Seat 3: fazz420 (button) (small blind) showed [5d 5h] and won ($23.52) with a pair of Fives
Seat 4: AzureCaper (big blind) showed [4s As] and lost with a pair of Fours


PokerStars Hand #144345407042:  Hold'em Limit ($3/$6 USD) - 2015/11/24 23:21:16 ET
Table 'Laurentia' 6-max Seat #3 is the button
Seat 3: fazz420 ($519.43 in chips)
Seat 4: AzureCaper ($76.38 in chips)
fazz420: posts small blind $1
AzureCaper: posts big blind $3
*** HOLE CARDS ***
fazz420: folds
Uncalled bet ($2) returned to AzureCaper
AzureCaper collected $2 from pot
AzureCaper: doesn't show hand
*** SUMMARY ***
Total pot $2 | Rake $0
Seat 3: fazz420 (button) (small blind) folded before Flop
Seat 4: AzureCaper (big blind) collected ($2)


PokerStars Hand #144345410593:  Hold'em Limit ($3/$6 USD) - 2015/11/24 23:21:29 ET
Table 'Laurentia' 6-max Seat #3 is the button
Seat 3: fazz420 ($519.43 in chips)
Seat 4: AzureCaper ($76.38 in chips)
fazz420: posts small blind $1
AzureCaper: posts big blind $3
*** HOLE CARDS ***
fazz420: raises $3 to $6
AzureCaper: folds
Uncalled bet ($3) returned to fazz420
fazz420 collected $6 from pot
fazz420: doesn't show hand
*** SUMMARY ***
Total pot $6 | Rake $0
Seat 3: fazz420 (button) (small blind) collected ($6)
Seat 4: AzureCaper (big blind) folded before Flop


PokerStars Hand #144345408946:  Hold'em Limit ($3/$6 USD) - 2015/11/24 23:21:23 ET
Table 'Laurentia' 6-max Seat #4 is the button
Seat 3: fazz420 ($518.43 in chips)
Seat 4: AzureCaper ($77.38 in chips)
AzureCaper: posts small blind $1
fazz420: posts big blind $3
*** HOLE CARDS ***
AzureCaper: folds
Uncalled bet ($2) returned to fazz420
fazz420 collected $2 from pot
fazz420: doesn't show hand
*** SUMMARY ***
Total pot $2 | Rake $0
Seat 3: fazz420 (big blind) collected ($2)
Seat 4: AzureCaper (button) (small blind) folded before Flop


PokerStars Hand #144345412117:  Hold'em Limit ($3/$6 USD) - 2015/11/24 23:21:34 ET
Table 'Laurentia' 6-max Seat #4 is the button
Seat 3: fazz420 ($522.43 in chips)
Seat 4: AzureCaper ($73.38 in chips)
AzureCaper: posts small blind $1
fazz420: posts big blind $3
*** HOLE CARDS ***
AzureCaper: folds
Uncalled bet ($2) returned to fazz420
fazz420 collected $2 from pot
fazz420: doesn't show hand
*** SUMMARY ***
Total pot $2 | Rake $0
Seat 3: fazz420 (big blind) collected ($2)
Seat 4: AzureCaper (button) (small blind) folded before Flop


PokerStars Hand #144345413464:  Hold'em Limit ($3/$6 USD) - 2015/11/24 23:21:39 ET
Table 'Laurentia' 6-max Seat #3 is the button
Seat 3: fazz420 ($523.43 in chips)
Seat 4: AzureCaper ($72.38 in chips)
fazz420: posts small blind $1
AzureCaper: posts big blind $3
*** HOLE CARDS ***
fazz420: raises $3 to $6
AzureCaper: raises $3 to $9
fazz420: calls $3
*** FLOP *** [5d 3h 8h]
AzureCaper: bets $3
fazz420: calls $3
*** TURN *** [5d 3h 8h] [Tc]
AzureCaper: bets $6
fazz420: calls $6
*** RIVER *** [5d 3h 8h Tc] [6c]
AzureCaper: bets $6
fazz420: calls $6
*** SHOW DOWN ***
AzureCaper: shows [Ad 8d] (a pair of Eights)
fazz420: mucks hand
AzureCaper collected $47.50 from pot
*** SUMMARY ***
Total pot $48 | Rake $0.50
Board [5d 3h 8h Tc 6c]
Seat 3: fazz420 (button) (small blind) mucked
Seat 4: AzureCaper (big blind) showed [Ad 8d] and won ($47.50) with a pair of Eights


PokerStars Hand #144345419280:  Hold'em Limit ($3/$6 USD) - 2015/11/24 23:21:59 ET
Table 'Laurentia' 6-max Seat #4 is the button
Seat 3: fazz420 ($499.43 in chips)
Seat 4: AzureCaper ($95.88 in chips)
AzureCaper: posts small blind $1
fazz420: posts big blind $3
*** HOLE CARDS ***
AzureCaper: raises $3 to $6
fazz420: calls $3
*** FLOP *** [Js 8c 7s]
fazz420: checks
AzureCaper: bets $3
fazz420: calls $3
*** TURN *** [Js 8c 7s] [6h]
fazz420: checks
AzureCaper: checks
*** RIVER *** [Js 8c 7s 6h] [Kh]
fazz420: checks
AzureCaper: checks
*** SHOW DOWN ***
fazz420: shows [5h 6d] (a pair of Sixes)
AzureCaper: mucks hand
fazz420 collected $17.64 from pot
*** SUMMARY ***
Total pot $18 | Rake $0.36
Board [Js 8c 7s 6h Kh]
Seat 3: fazz420 (big blind) showed [5h 6d] and won ($17.64) with a pair of Sixes
Seat 4: AzureCaper (button) (small blind) mucked


PokerStars Hand #144345423750:  Hold'em Limit ($3/$6 USD) - 2015/11/24 23:22:15 ET
Table 'Laurentia' 6-max Seat #3 is the button
Seat 3: fazz420 ($508.07 in chips)
Seat 4: AzureCaper ($86.88 in chips)
fazz420: posts small blind $1
AzureCaper: posts big blind $3
*** HOLE CARDS ***
fazz420: raises $3 to $6
AzureCaper: folds
Uncalled bet ($3) returned to fazz420
fazz420 collected $6 from pot
fazz420: doesn't show hand
*** SUMMARY ***
Total pot $6 | Rake $0
Seat 3: fazz420 (button) (small blind) collected ($6)
Seat 4: AzureCaper (big blind) folded before Flop


PokerStars Hand #144345425877:  Hold'em Limit ($3/$6 USD) - 2015/11/24 23:22:22 ET
Table 'Laurentia' 6-max Seat #4 is the button
Seat 3: fazz420 ($511.07 in chips)
Seat 4: AzureCaper ($83.88 in chips)
AzureCaper: posts small blind $1
fazz420: posts big blind $3
*** HOLE CARDS ***
AzureCaper: raises $3 to $6
fazz420: calls $3
*** FLOP *** [Ah Td 5c]
fazz420: checks
AzureCaper: bets $3
fazz420: folds
Uncalled bet ($3) returned to AzureCaper
AzureCaper collected $11.76 from pot
AzureCaper: doesn't show hand
*** SUMMARY ***
Total pot $12 | Rake $0.24
Board [Ah Td 5c]
Seat 3: fazz420 (big blind) folded on the Flop
Seat 4: AzureCaper (button) (small blind) collected ($11.76)


PokerStars Hand #144345431446:  Hold'em Limit ($3/$6 USD) - 2015/11/24 23:22:42 ET
Table 'Laurentia' 6-max Seat #4 is the button
Seat 3: fazz420 ($504.07 in chips)
Seat 4: AzureCaper ($90.64 in chips)
AzureCaper: posts small blind $1
fazz420: posts big blind $3
*** HOLE CARDS ***
AzureCaper: raises $3 to $6
fazz420: calls $3
*** FLOP *** [Kc 3h 8c]
fazz420: checks
AzureCaper: bets $3
fazz420: calls $3
*** TURN *** [Kc 3h 8c] [6c]
fazz420: checks
AzureCaper: checks
*** RIVER *** [Kc 3h 8c 6c] [3d]
fazz420: bets $6
AzureCaper: folds
Uncalled bet ($6) returned to fazz420
fazz420 collected $17.64 from pot
fazz420: doesn't show hand
*** SUMMARY ***
Total pot $18 | Rake $0.36
Board [Kc 3h 8c 6c 3d]
Seat 3: fazz420 (big blind) collected ($17.64)
Seat 4: AzureCaper (button) (small blind) folded on the River


PokerStars Hand #144345434877:  Hold'em Limit ($3/$6 USD) - 2015/11/24 23:22:54 ET
Table 'Laurentia' 6-max Seat #3 is the button
Seat 3: fazz420 ($512.71 in chips)
Seat 4: AzureCaper ($81.64 in chips)
fazz420: posts small blind $1
AzureCaper: posts big blind $3
*** HOLE CARDS ***
fazz420: raises $3 to $6
AzureCaper: calls $3
*** FLOP *** [Ac 2c Tc]
AzureCaper: checks
fazz420: bets $3
AzureCaper: calls $3
*** TURN *** [Ac 2c Tc] [9h]
AzureCaper: checks
fazz420: checks
*** RIVER *** [Ac 2c Tc 9h] [4h]
AzureCaper: bets $6
fazz420: folds
Uncalled bet ($6) returned to AzureCaper
AzureCaper collected $17.64 from pot
AzureCaper: doesn't show hand
*** SUMMARY ***
Total pot $18 | Rake $0.36
Board [Ac 2c Tc 9h 4h]
Seat 3: fazz420 (button) (small blind) folded on the River
Seat 4: AzureCaper (big blind) collected ($17.64)


PokerStars Hand #144345430121:  Hold'em Limit ($3/$6 USD) - 2015/11/24 23:22:37 ET
Table 'Laurentia' 6-max Seat #3 is the button
Seat 3: fazz420 ($505.07 in chips)
Seat 4: AzureCaper ($89.64 in chips)
fazz420: posts small blind $1
AzureCaper: posts big blind $3
*** HOLE CARDS ***
fazz420: folds
Uncalled bet ($2) returned to AzureCaper
AzureCaper collected $2 from pot
AzureCaper: doesn't show hand
*** SUMMARY ***
Total pot $2 | Rake $0
Seat 3: fazz420 (button) (small blind) folded before Flop
Seat 4: AzureCaper (big blind) collected ($2)


PokerStars Hand #144345442551:  Hold'em Limit ($3/$6 USD) - 2015/11/24 23:23:21 ET
Table 'Laurentia' 6-max Seat #4 is the button
Seat 3: fazz420 ($498.71 in chips)
Seat 4: AzureCaper ($95.04 in chips)
AzureCaper: posts small blind $1
fazz420: posts big blind $3
*** HOLE CARDS ***
AzureCaper: folds
Uncalled bet ($2) returned to fazz420
fazz420 collected $2 from pot
fazz420: doesn't show hand
*** SUMMARY ***
Total pot $2 | Rake $0
Seat 3: fazz420 (big blind) collected ($2)
Seat 4: AzureCaper (button) (small blind) folded before Flop


PokerStars Hand #144345439770:  Hold'em Limit ($3/$6 USD) - 2015/11/24 23:23:11 ET
Table 'Laurentia' 6-max Seat #3 is the button
Seat 3: fazz420 ($504.71 in chips)
Seat 4: AzureCaper ($89.28 in chips)
fazz420: posts small blind $1
AzureCaper: posts big blind $3
*** HOLE CARDS ***
fazz420: raises $3 to $6
AzureCaper: calls $3
*** FLOP *** [Qc Kh 2s]
AzureCaper: checks
fazz420: checks
*** TURN *** [Qc Kh 2s] [7h]
AzureCaper: bets $6
fazz420: folds
Uncalled bet ($6) returned to AzureCaper
AzureCaper collected $11.76 from pot
AzureCaper: doesn't show hand
*** SUMMARY ***
Total pot $12 | Rake $0.24
Board [Qc Kh 2s 7h]
Seat 3: fazz420 (button) (small blind) folded on the Turn
Seat 4: AzureCaper (big blind) collected ($11.76)


PokerStars Hand #144345452552:  Hold'em Limit ($3/$6 USD) - 2015/11/24 23:23:56 ET
Table 'Laurentia' 6-max Seat #3 is the button
Seat 3: fazz420 ($531.97 in chips)
Seat 4: AzureCaper ($72 in chips)
fazz420: posts small blind $1
AzureCaper: posts big blind $3
*** HOLE CARDS ***
fazz420: folds
Uncalled bet ($2) returned to AzureCaper
AzureCaper collected $2 from pot
AzureCaper: doesn't show hand
*** SUMMARY ***
Total pot $2 | Rake $0
Seat 3: fazz420 (button) (small blind) folded before Flop
Seat 4: AzureCaper (big blind) collected ($2)


PokerStars Hand #144345455901:  Hold'em Limit ($3/$6 USD) - 2015/11/24 23:24:08 ET
Table 'Laurentia' 6-max Seat #4 is the button
Seat 3: fazz420 ($530.97 in chips)
Seat 4: AzureCaper ($73 in chips)
AzureCaper: posts small blind $1
fazz420: posts big blind $3
*** HOLE CARDS ***
AzureCaper: folds
Uncalled bet ($2) returned to fazz420
fazz420 collected $2 from pot
fazz420: doesn't show hand
*** SUMMARY ***
Total pot $2 | Rake $0
Seat 3: fazz420 (big blind) collected ($2)
Seat 4: AzureCaper (button) (small blind) folded before Flop


PokerStars Hand #144345461681:  Hold'em Limit ($3/$6 USD) - 2015/11/24 23:24:28 ET
Table 'Laurentia' 6-max Seat #4 is the button
Seat 3: fazz420 ($549.47 in chips)
Seat 4: AzureCaper ($72 in chips)
AzureCaper: posts small blind $1
fazz420: posts big blind $3
*** HOLE CARDS ***
AzureCaper: folds
Uncalled bet ($2) returned to fazz420
fazz420 collected $2 from pot
fazz420: doesn't show hand
*** SUMMARY ***
Total pot $2 | Rake $0
Seat 3: fazz420 (big blind) collected ($2)
Seat 4: AzureCaper (button) (small blind) folded before Flop


PokerStars Hand #144345457575:  Hold'em Limit ($3/$6 USD) - 2015/11/24 23:24:13 ET
Table 'Laurentia' 6-max Seat #3 is the button
Seat 3: fazz420 ($531.97 in chips)
Seat 4: AzureCaper ($72 in chips)
fazz420: posts small blind $1
AzureCaper: posts big blind $3
*** HOLE CARDS ***
fazz420: raises $3 to $6
AzureCaper: raises $3 to $9
fazz420: calls $3
*** FLOP *** [2h Jc Td]
AzureCaper: bets $3
fazz420: calls $3
*** TURN *** [2h Jc Td] [Th]
AzureCaper: bets $6
fazz420: calls $6
*** RIVER *** [2h Jc Td Th] [8c]
AzureCaper: checks
fazz420: checks
*** SHOW DOWN ***
AzureCaper: shows [Ac 7h] (a pair of Tens)
fazz420: shows [Qh 2c] (two pair, Tens and Deuces)
fazz420 collected $35.50 from pot
*** SUMMARY ***
Total pot $36 | Rake $0.50
Board [2h Jc Td Th 8c]
Seat 3: fazz420 (button) (small blind) showed [Qh 2c] and won ($35.50) with two pair, Tens and Deuces
Seat 4: AzureCaper (big blind) showed [Ac 7h] and lost with a pair of Tens


PokerStars Hand #144345447812:  Hold'em Limit ($3/$6 USD) - 2015/11/24 23:23:39 ET
Table 'Laurentia' 6-max Seat #4 is the button
Seat 3: fazz420 ($505.47 in chips)
Seat 4: AzureCaper ($88.04 in chips)
AzureCaper: posts small blind $1
fazz420: posts big blind $3
*** HOLE CARDS ***
AzureCaper: raises $3 to $6
fazz420: calls $3
*** FLOP *** [3s 6c 5h]
fazz420: checks
AzureCaper: bets $3
fazz420: calls $3
*** TURN *** [3s 6c 5h] [8d]
fazz420: checks
AzureCaper: bets $6
fazz420: calls $6
*** RIVER *** [3s 6c 5h 8d] [7c]
fazz420: checks
AzureCaper: bets $6
fazz420: raises $6 to $12
AzureCaper: calls $6
*** SHOW DOWN ***
fazz420: shows [9h Tc] (a straight, Six to Ten)
AzureCaper: mucks hand
fazz420 collected $53.50 from pot
*** SUMMARY ***
Total pot $54 | Rake $0.50
Board [3s 6c 5h 8d 7c]
Seat 3: fazz420 (big blind) showed [9h Tc] and won ($53.50) with a straight, Six to Ten
Seat 4: AzureCaper (button) (small blind) mucked


PokerStars Hand #144345443834:  Hold'em Limit ($3/$6 USD) - 2015/11/24 23:23:25 ET
Table 'Laurentia' 6-max Seat #3 is the button
Seat 3: fazz420 ($499.71 in chips)
Seat 4: AzureCaper ($94.04 in chips)
fazz420: posts small blind $1
AzureCaper: posts big blind $3
*** HOLE CARDS ***
fazz420: raises $3 to $6
AzureCaper: calls $3
*** FLOP *** [Qs Jh 5s]
AzureCaper: checks
fazz420: bets $3
AzureCaper: folds
Uncalled bet ($3) returned to fazz420
fazz420 collected $11.76 from pot
fazz420: doesn't show hand
*** SUMMARY ***
Total pot $12 | Rake $0.24
Board [Qs Jh 5s]
Seat 3: fazz420 (button) (small blind) collected ($11.76)
Seat 4: AzureCaper (big blind) folded on the Flop


PokerStars Hand #144345475838:  Hold'em Limit ($3/$6 USD) - 2015/11/24 23:25:17 ET
Table 'Laurentia' 6-max Seat #3 is the button
Seat 3: fazz420 ($557.87 in chips)
Seat 4: AzureCaper ($72 in chips)
fazz420: posts small blind $1
AzureCaper: posts big blind $3
*** HOLE CARDS ***
fazz420: raises $3 to $6
AzureCaper: calls $3
*** FLOP *** [3c Kc 8h]
AzureCaper: checks
fazz420: bets $3
AzureCaper: raises $3 to $6
fazz420: calls $3
*** TURN *** [3c Kc 8h] [9d]
AzureCaper: bets $6
fazz420: calls $6
*** RIVER *** [3c Kc 8h 9d] [Js]
AzureCaper: bets $6
fazz420: calls $6
*** SHOW DOWN ***
AzureCaper: shows [Jd 8d] (two pair, Jacks and Eights)
fazz420: mucks hand
AzureCaper collected $47.50 from pot
*** SUMMARY ***
Total pot $48 | Rake $0.50
Board [3c Kc 8h 9d Js]
Seat 3: fazz420 (button) (small blind) mucked
Seat 4: AzureCaper (big blind) showed [Jd 8d] and won ($47.50) with two pair, Jacks and Eights


PokerStars Hand #144345471435:  Hold'em Limit ($3/$6 USD) - 2015/11/24 23:25:02 ET
Table 'Laurentia' 6-max Seat #4 is the button
Seat 3: fazz420 ($549.23 in chips)
Seat 4: AzureCaper ($78.76 in chips)
AzureCaper: posts small blind $1
fazz420: posts big blind $3
*** HOLE CARDS ***
AzureCaper: raises $3 to $6
fazz420: calls $3
*** FLOP *** [3h 8h 8s]
fazz420: checks
AzureCaper: bets $3
fazz420: calls $3
*** TURN *** [3h 8h 8s] [3s]
fazz420: checks
AzureCaper: checks
*** RIVER *** [3h 8h 8s 3s] [2s]
fazz420: bets $6
AzureCaper: folds
Uncalled bet ($6) returned to fazz420
fazz420 collected $17.64 from pot
fazz420: doesn't show hand
*** SUMMARY ***
Total pot $18 | Rake $0.36
Board [3h 8h 8s 3s 2s]
Seat 3: fazz420 (big blind) collected ($17.64)
Seat 4: AzureCaper (button) (small blind) folded on the River


PokerStars Hand #144345470180:  Hold'em Limit ($3/$6 USD) - 2015/11/24 23:24:58 ET
Table 'Laurentia' 6-max Seat #3 is the button
Seat 3: fazz420 ($550.23 in chips)
Seat 4: AzureCaper ($77.76 in chips)
fazz420: posts small blind $1
AzureCaper: posts big blind $3
*** HOLE CARDS ***
fazz420: folds
Uncalled bet ($2) returned to AzureCaper
AzureCaper collected $2 from pot
AzureCaper: doesn't show hand
*** SUMMARY ***
Total pot $2 | Rake $0
Seat 3: fazz420 (button) (small blind) folded before Flop
Seat 4: AzureCaper (big blind) collected ($2)


PokerStars Hand #144345466207:  Hold'em Limit ($3/$6 USD) - 2015/11/24 23:24:44 ET
Table 'Laurentia' 6-max Seat #4 is the button
Seat 3: fazz420 ($556.23 in chips)
Seat 4: AzureCaper ($72 in chips)
AzureCaper: posts small blind $1
fazz420: posts big blind $3
*** HOLE CARDS ***
AzureCaper: raises $3 to $6
fazz420: calls $3
*** FLOP *** [5c Jh Ah]
fazz420: checks
AzureCaper: bets $3
fazz420: folds
Uncalled bet ($3) returned to AzureCaper
AzureCaper collected $11.76 from pot
AzureCaper: doesn't show hand
*** SUMMARY ***
Total pot $12 | Rake $0.24
Board [5c Jh Ah]
Seat 3: fazz420 (big blind) folded on the Flop
Seat 4: AzureCaper (button) (small blind) collected ($11.76)


PokerStars Hand #144345462910:  Hold'em Limit ($3/$6 USD) - 2015/11/24 23:24:32 ET
Table 'Laurentia' 6-max Seat #3 is the button
Seat 3: fazz420 ($550.47 in chips)
Seat 4: AzureCaper ($72 in chips)
fazz420: posts small blind $1
AzureCaper: posts big blind $3
*** HOLE CARDS ***
fazz420: raises $3 to $6
AzureCaper: calls $3
*** FLOP *** [Qs 2s 4c]
AzureCaper: checks
fazz420: bets $3
AzureCaper: folds
Uncalled bet ($3) returned to fazz420
fazz420 collected $11.76 from pot
fazz420: doesn't show hand
*** SUMMARY ***
Total pot $12 | Rake $0.24
Board [Qs 2s 4c]
Seat 3: fazz420 (button) (small blind) collected ($11.76)
Seat 4: AzureCaper (big blind) folded on the Flop


PokerStars Hand #144345491120:  Hold'em Limit ($3/$6 USD) - 2015/11/24 23:26:12 ET
Table 'Laurentia' 6-max Seat #4 is the button
Seat 3: fazz420 ($530.51 in chips)
Seat 4: AzureCaper ($98.02 in chips)
AzureCaper: posts small blind $1
fazz420: posts big blind $3
*** HOLE CARDS ***
AzureCaper: raises $3 to $6
fazz420: raises $3 to $9
AzureCaper: calls $3
*** FLOP *** [6h 7s Ah]
fazz420: bets $3
AzureCaper: calls $3
*** TURN *** [6h 7s Ah] [Qh]
fazz420: bets $6
AzureCaper: calls $6
*** RIVER *** [6h 7s Ah Qh] [Th]
fazz420: bets $6
AzureCaper: calls $6
*** SHOW DOWN ***
fazz420: shows [Kh Kd] (a flush, Ace high)
AzureCaper: mucks hand
fazz420 collected $47.50 from pot
*** SUMMARY ***
Total pot $48 | Rake $0.50
Board [6h 7s Ah Qh Th]
Seat 3: fazz420 (big blind) showed [Kh Kd] and won ($47.50) with a flush, Ace high
Seat 4: AzureCaper (button) (small blind) mucked


PokerStars Hand #144345488108:  Hold'em Limit ($3/$6 USD) - 2015/11/24 23:26:01 ET
Table 'Laurentia' 6-max Seat #3 is the button
Seat 3: fazz420 ($542.51 in chips)
Seat 4: AzureCaper ($86.50 in chips)
fazz420: posts small blind $1
AzureCaper: posts big blind $3
*** HOLE CARDS ***
fazz420: raises $3 to $6
AzureCaper: raises $3 to $9
fazz420: calls $3
*** FLOP *** [Jd 6h 5h]
AzureCaper: bets $3
fazz420: calls $3
*** TURN *** [Jd 6h 5h] [8c]
AzureCaper: bets $6
fazz420: folds
Uncalled bet ($6) returned to AzureCaper
AzureCaper collected $23.52 from pot
AzureCaper: doesn't show hand
*** SUMMARY ***
Total pot $24 | Rake $0.48
Board [Jd 6h 5h 8c]
Seat 3: fazz420 (button) (small blind) folded on the Turn
Seat 4: AzureCaper (big blind) collected ($23.52)


PokerStars Hand #144345486616:  Hold'em Limit ($3/$6 USD) - 2015/11/24 23:25:56 ET
Table 'Laurentia' 6-max Seat #4 is the button
Seat 3: fazz420 ($541.51 in chips)
Seat 4: AzureCaper ($87.50 in chips)
AzureCaper: posts small blind $1
fazz420: posts big blind $3
*** HOLE CARDS ***
AzureCaper: folds
Uncalled bet ($2) returned to fazz420
fazz420 collected $2 from pot
fazz420: doesn't show hand
*** SUMMARY ***
Total pot $2 | Rake $0
Seat 3: fazz420 (big blind) collected ($2)
Seat 4: AzureCaper (button) (small blind) folded before Flop


PokerStars Hand #144345485404:  Hold'em Limit ($3/$6 USD) - 2015/11/24 23:25:51 ET
Table 'Laurentia' 6-max Seat #3 is the button
Seat 3: fazz420 ($542.51 in chips)
Seat 4: AzureCaper ($86.50 in chips)
fazz420: posts small blind $1
AzureCaper: posts big blind $3
*** HOLE CARDS ***
fazz420: folds
Uncalled bet ($2) returned to AzureCaper
AzureCaper collected $2 from pot
AzureCaper: doesn't show hand
*** SUMMARY ***
Total pot $2 | Rake $0
Seat 3: fazz420 (button) (small blind) folded before Flop
Seat 4: AzureCaper (big blind) collected ($2)


PokerStars Hand #144345480606:  Hold'em Limit ($3/$6 USD) - 2015/11/24 23:25:34 ET
Table 'Laurentia' 6-max Seat #4 is the button
Seat 3: fazz420 ($533.87 in chips)
Seat 4: AzureCaper ($95.50 in chips)
AzureCaper: posts small blind $1
fazz420: posts big blind $3
*** HOLE CARDS ***
AzureCaper: raises $3 to $6
fazz420: raises $3 to $9
AzureCaper: calls $3
*** FLOP *** [2c 4h Ad]
fazz420: bets $3
AzureCaper: folds
Uncalled bet ($3) returned to fazz420
fazz420 collected $17.64 from pot
fazz420: doesn't show hand
*** SUMMARY ***
Total pot $18 | Rake $0.36
Board [2c 4h Ad]
Seat 3: fazz420 (big blind) collected ($17.64)
Seat 4: AzureCaper (button) (small blind) folded on the Flop


PokerStars Hand #144345513682:  Hold'em Limit ($3/$6 USD) - 2015/11/24 23:27:31 ET
Table 'Laurentia' 6-max Seat #3 is the button
Seat 3: fazz420 ($540.01 in chips)
Seat 4: AzureCaper ($87.30 in chips)
fazz420: posts small blind $1
AzureCaper: posts big blind $3
*** HOLE CARDS ***
fazz420: folds
Uncalled bet ($2) returned to AzureCaper
AzureCaper collected $2 from pot
AzureCaper: doesn't show hand
*** SUMMARY ***
Total pot $2 | Rake $0
Seat 3: fazz420 (button) (small blind) folded before Flop
Seat 4: AzureCaper (big blind) collected ($2)


PokerStars Hand #144345512366:  Hold'em Limit ($3/$6 USD) - 2015/11/24 23:27:26 ET
Table 'Laurentia' 6-max Seat #4 is the button
Seat 3: fazz420 ($539.01 in chips)
Seat 4: AzureCaper ($88.30 in chips)
AzureCaper: posts small blind $1
fazz420: posts big blind $3
*** HOLE CARDS ***
AzureCaper: folds
Uncalled bet ($2) returned to fazz420
fazz420 collected $2 from pot
fazz420: doesn't show hand
*** SUMMARY ***
Total pot $2 | Rake $0
Seat 3: fazz420 (big blind) collected ($2)
Seat 4: AzureCaper (button) (small blind) folded before Flop


PokerStars Hand #144345510429:  Hold'em Limit ($3/$6 USD) - 2015/11/24 23:27:19 ET
Table 'Laurentia' 6-max Seat #3 is the button
Seat 3: fazz420 ($536.01 in chips)
Seat 4: AzureCaper ($91.30 in chips)
fazz420: posts small blind $1
AzureCaper: posts big blind $3
*** HOLE CARDS ***
fazz420: raises $3 to $6
AzureCaper: folds
Uncalled bet ($3) returned to fazz420
fazz420 collected $6 from pot
fazz420: doesn't show hand
*** SUMMARY ***
Total pot $6 | Rake $0
Seat 3: fazz420 (button) (small blind) collected ($6)
Seat 4: AzureCaper (big blind) folded before Flop


PokerStars Hand #144345508851:  Hold'em Limit ($3/$6 USD) - 2015/11/24 23:27:14 ET
Table 'Laurentia' 6-max Seat #4 is the button
Seat 3: fazz420 ($535.01 in chips)
Seat 4: AzureCaper ($92.30 in chips)
AzureCaper: posts small blind $1
fazz420: posts big blind $3
*** HOLE CARDS ***
AzureCaper: folds
Uncalled bet ($2) returned to fazz420
fazz420 collected $2 from pot
fazz420: doesn't show hand
*** SUMMARY ***
Total pot $2 | Rake $0
Seat 3: fazz420 (big blind) collected ($2)
Seat 4: AzureCaper (button) (small blind) folded before Flop


PokerStars Hand #144345505410:  Hold'em Limit ($3/$6 USD) - 2015/11/24 23:27:02 ET
Table 'Laurentia' 6-max Seat #3 is the button
Seat 3: fazz420 ($547.01 in chips)
Seat 4: AzureCaper ($80.78 in chips)
fazz420: posts small blind $1
AzureCaper: posts big blind $3
*** HOLE CARDS ***
fazz420: raises $3 to $6
AzureCaper: raises $3 to $9
fazz420: calls $3
*** FLOP *** [3d 3s 3h]
AzureCaper: bets $3
fazz420: calls $3
*** TURN *** [3d 3s 3h] [9d]
AzureCaper: bets $6
fazz420: folds
Uncalled bet ($6) returned to AzureCaper
AzureCaper collected $23.52 from pot
AzureCaper: doesn't show hand
*** SUMMARY ***
Total pot $24 | Rake $0.48
Board [3d 3s 3h 9d]
Seat 3: fazz420 (button) (small blind) folded on the Turn
Seat 4: AzureCaper (big blind) collected ($23.52)


PokerStars Hand #144345504183:  Hold'em Limit ($3/$6 USD) - 2015/11/24 23:26:57 ET
Table 'Laurentia' 6-max Seat #4 is the button
Seat 3: fazz420 ($546.01 in chips)
Seat 4: AzureCaper ($81.78 in chips)
AzureCaper: posts small blind $1
fazz420: posts big blind $3
*** HOLE CARDS ***
AzureCaper: folds
Uncalled bet ($2) returned to fazz420
fazz420 collected $2 from pot
fazz420: doesn't show hand
*** SUMMARY ***
Total pot $2 | Rake $0
Seat 3: fazz420 (big blind) collected ($2)
Seat 4: AzureCaper (button) (small blind) folded before Flop


PokerStars Hand #144345502885:  Hold'em Limit ($3/$6 USD) - 2015/11/24 23:26:53 ET
Table 'Laurentia' 6-max Seat #3 is the button
Seat 3: fazz420 ($547.01 in chips)
Seat 4: AzureCaper ($80.78 in chips)
fazz420: posts small blind $1
AzureCaper: posts big blind $3
*** HOLE CARDS ***
fazz420: folds
Uncalled bet ($2) returned to AzureCaper
AzureCaper collected $2 from pot
AzureCaper: doesn't show hand
*** SUMMARY ***
Total pot $2 | Rake $0
Seat 3: fazz420 (button) (small blind) folded before Flop
Seat 4: AzureCaper (big blind) collected ($2)


PokerStars Hand #144345499143:  Hold'em Limit ($3/$6 USD) - 2015/11/24 23:26:40 ET
Table 'Laurentia' 6-max Seat #4 is the button
Seat 3: fazz420 ($553.01 in chips)
Seat 4: AzureCaper ($75.02 in chips)
AzureCaper: posts small blind $1
fazz420: posts big blind $3
*** HOLE CARDS ***
AzureCaper: raises $3 to $6
fazz420: calls $3
*** FLOP *** [Kd 9c Ah]
fazz420: checks
AzureCaper: bets $3
fazz420: folds
Uncalled bet ($3) returned to AzureCaper
AzureCaper collected $11.76 from pot
AzureCaper: doesn't show hand
*** SUMMARY ***
Total pot $12 | Rake $0.24
Board [Kd 9c Ah]
Seat 3: fazz420 (big blind) folded on the Flop
Seat 4: AzureCaper (button) (small blind) collected ($11.76)


PokerStars Hand #144345497153:  Hold'em Limit ($3/$6 USD) - 2015/11/24 23:26:33 ET
Table 'Laurentia' 6-max Seat #3 is the button
Seat 3: fazz420 ($554.01 in chips)
Seat 4: AzureCaper ($74.02 in chips)
fazz420: posts small blind $1
AzureCaper: posts big blind $3
*** HOLE CARDS ***
fazz420: folds
Uncalled bet ($2) returned to AzureCaper
AzureCaper collected $2 from pot
AzureCaper: doesn't show hand
*** SUMMARY ***
Total pot $2 | Rake $0
Seat 3: fazz420 (button) (small blind) folded before Flop
Seat 4: AzureCaper (big blind) collected ($2)


PokerStars Hand #144345525885:  Hold'em Limit ($3/$6 USD) - 2015/11/24 23:28:14 ET
Table 'Laurentia' 6-max Seat #3 is the button
Seat 3: fazz420 ($529.65 in chips)
Seat 4: AzureCaper ($96.58 in chips)
fazz420: posts small blind $1
AzureCaper: posts big blind $3
*** HOLE CARDS ***
fazz420: calls $2
AzureCaper: checks
*** FLOP *** [5d Ac 8c]
AzureCaper: bets $3
fazz420: calls $3
*** TURN *** [5d Ac 8c] [6c]
AzureCaper: checks
fazz420: checks
*** RIVER *** [5d Ac 8c 6c] [Qh]
AzureCaper: checks
fazz420: checks
*** SHOW DOWN ***
AzureCaper: shows [9s 8h] (a pair of Eights)
fazz420: mucks hand
AzureCaper collected $11.76 from pot
*** SUMMARY ***
Total pot $12 | Rake $0.24
Board [5d Ac 8c 6c Qh]
Seat 3: fazz420 (button) (small blind) mucked
Seat 4: AzureCaper (big blind) showed [9s 8h] and won ($11.76) with a pair of Eights


PokerStars Hand #144345523552:  Hold'em Limit ($3/$6 USD) - 2015/11/24 23:28:06 ET
Table 'Laurentia' 6-max Seat #4 is the button
Seat 3: fazz420 ($535.65 in chips)
Seat 4: AzureCaper ($90.82 in chips)
AzureCaper: posts small blind $1
fazz420: posts big blind $3
*** HOLE CARDS ***
AzureCaper: raises $3 to $6
fazz420: calls $3
*** FLOP *** [Ac 6c 4h]
fazz420: checks
AzureCaper: bets $3
fazz420: folds
Uncalled bet ($3) returned to AzureCaper
AzureCaper collected $11.76 from pot
*** SUMMARY ***
Total pot $12 | Rake $0.24
Board [Ac 6c 4h]
Seat 3: fazz420 (big blind) folded on the Flop
Seat 4: AzureCaper (button) (small blind) collected ($11.76)


PokerStars Hand #144345520283:  Hold'em Limit ($3/$6 USD) - 2015/11/24 23:27:55 ET
Table 'Laurentia' 6-max Seat #3 is the button
Seat 3: fazz420 ($547.65 in chips)
Seat 4: AzureCaper ($79.30 in chips)
fazz420: posts small blind $1
AzureCaper: posts big blind $3
*** HOLE CARDS ***
fazz420: raises $3 to $6
AzureCaper: raises $3 to $9
fazz420: calls $3
*** FLOP *** [6h Qh 8h]
AzureCaper: bets $3
fazz420: calls $3
*** TURN *** [6h Qh 8h] [6s]
AzureCaper: bets $6
fazz420: folds
Uncalled bet ($6) returned to AzureCaper
AzureCaper collected $23.52 from pot
AzureCaper: doesn't show hand
*** SUMMARY ***
Total pot $24 | Rake $0.48
Board [6h Qh 8h 6s]
Seat 3: fazz420 (button) (small blind) folded on the Turn
Seat 4: AzureCaper (big blind) collected ($23.52)


PokerStars Hand #144345514976:  Hold'em Limit ($3/$6 USD) - 2015/11/24 23:27:36 ET
Table 'Laurentia' 6-max Seat #4 is the button
Seat 3: fazz420 ($539.01 in chips)
Seat 4: AzureCaper ($88.30 in chips)
AzureCaper: posts small blind $1
fazz420: posts big blind $3
*** HOLE CARDS ***
AzureCaper: raises $3 to $6
fazz420: calls $3
*** FLOP *** [Jh Ad 9h]
fazz420: checks
AzureCaper: bets $3
fazz420: calls $3
*** TURN *** [Jh Ad 9h] [5h]
fazz420: checks
AzureCaper: checks
*** RIVER *** [Jh Ad 9h 5h] [Js]
fazz420: bets $6
AzureCaper: folds
Uncalled bet ($6) returned to fazz420
fazz420 collected $17.64 from pot
fazz420: doesn't show hand
*** SUMMARY ***
Total pot $18 | Rake $0.36
Board [Jh Ad 9h 5h Js]
Seat 3: fazz420 (big blind) collected ($17.64)
Seat 4: AzureCaper (button) (small blind) folded on the River


PokerStars Hand #144345540059:  Hold'em Limit ($3/$6 USD) - 2015/11/24 23:29:05 ET
Table 'Laurentia' 6-max Seat #4 is the button
Seat 3: fazz420 ($502.65 in chips)
Seat 4: AzureCaper ($122.84 in chips)
AzureCaper: posts small blind $1
fazz420: posts big blind $3
*** HOLE CARDS ***
AzureCaper: raises $3 to $6
fazz420: calls $3
*** FLOP *** [Jh 7h 8h]
fazz420: checks
AzureCaper: bets $3
fazz420: raises $3 to $6
AzureCaper: calls $3
*** TURN *** [Jh 7h 8h] [6c]
fazz420: bets $6
AzureCaper: raises $6 to $12
fazz420: calls $6
*** RIVER *** [Jh 7h 8h 6c] [5s]
fazz420: checks
AzureCaper: bets $6
fazz420: folds
Uncalled bet ($6) returned to AzureCaper
AzureCaper collected $47.50 from pot
AzureCaper: doesn't show hand
*** SUMMARY ***
Total pot $48 | Rake $0.50
Board [Jh 7h 8h 6c 5s]
Seat 3: fazz420 (big blind) folded on the River
Seat 4: AzureCaper (button) (small blind) collected ($47.50)


PokerStars Hand #144345538080:  Hold'em Limit ($3/$6 USD) - 2015/11/24 23:28:58 ET
Table 'Laurentia' 6-max Seat #3 is the button
Seat 3: fazz420 ($499.65 in chips)
Seat 4: AzureCaper ($125.84 in chips)
fazz420: posts small blind $1
AzureCaper: posts big blind $3
*** HOLE CARDS ***
fazz420: raises $3 to $6
AzureCaper: folds
Uncalled bet ($3) returned to fazz420
fazz420 collected $6 from pot
fazz420: doesn't show hand
*** SUMMARY ***
Total pot $6 | Rake $0
Seat 3: fazz420 (button) (small blind) collected ($6)
Seat 4: AzureCaper (big blind) folded before Flop


PokerStars Hand #144345532624:  Hold'em Limit ($3/$6 USD) - 2015/11/24 23:28:39 ET
Table 'Laurentia' 6-max Seat #4 is the button
Seat 3: fazz420 ($523.65 in chips)
Seat 4: AzureCaper ($102.34 in chips)
AzureCaper: posts small blind $1
fazz420: posts big blind $3
*** HOLE CARDS ***
AzureCaper: raises $3 to $6
fazz420: calls $3
*** FLOP *** [8c 9d As]
fazz420: checks
AzureCaper: bets $3
fazz420: raises $3 to $6
AzureCaper: calls $3
*** TURN *** [8c 9d As] [2s]
fazz420: bets $6
AzureCaper: calls $6
*** RIVER *** [8c 9d As 2s] [3h]
fazz420: bets $6
AzureCaper: calls $6
*** SHOW DOWN ***
fazz420: shows [6d 7d] (high card Ace)
AzureCaper: shows [Td Ts] (a pair of Tens)
AzureCaper collected $47.50 from pot
*** SUMMARY ***
Total pot $48 | Rake $0.50
Board [8c 9d As 2s 3h]
Seat 3: fazz420 (big blind) showed [6d 7d] and lost with high card Ace
Seat 4: AzureCaper (button) (small blind) showed [Td Ts] and won ($47.50) with a pair of Tens


PokerStars Hand #144345559586:  Hold'em Limit ($3/$6 USD) - 2015/11/24 23:30:14 ET
Table 'Laurentia' 6-max Seat #4 is the button
Seat 3: fazz420 ($491.17 in chips)
Seat 4: AzureCaper ($133.34 in chips)
AzureCaper: posts small blind $1
fazz420: posts big blind $3
*** HOLE CARDS ***
AzureCaper: raises $3 to $6
fazz420: calls $3
*** FLOP *** [Ah Jc Jh]
fazz420: checks
AzureCaper: bets $3
fazz420: calls $3
*** TURN *** [Ah Jc Jh] [Td]
fazz420: checks
AzureCaper: checks
*** RIVER *** [Ah Jc Jh Td] [6h]
fazz420: bets $6
AzureCaper: raises $6 to $12
fazz420: calls $6
*** SHOW DOWN ***
AzureCaper: shows [8h Th] (a flush, Ace high)
fazz420: mucks hand
AzureCaper collected $41.50 from pot
*** SUMMARY ***
Total pot $42 | Rake $0.50
Board [Ah Jc Jh Td 6h]
Seat 3: fazz420 (big blind) mucked
Seat 4: AzureCaper (button) (small blind) showed [8h Th] and won ($41.50) with a flush, Ace high


PokerStars Hand #144345556360:  Hold'em Limit ($3/$6 USD) - 2015/11/24 23:30:02 ET
Table 'Laurentia' 6-max Seat #3 is the button
Seat 3: fazz420 ($485.41 in chips)
Seat 4: AzureCaper ($139.34 in chips)
fazz420: posts small blind $1
AzureCaper: posts big blind $3
*** HOLE CARDS ***
fazz420: raises $3 to $6
AzureCaper: calls $3
*** FLOP *** [As 9d 4c]
AzureCaper: checks
fazz420: bets $3
AzureCaper: folds
Uncalled bet ($3) returned to fazz420
fazz420 collected $11.76 from pot
fazz420: doesn't show hand
*** SUMMARY ***
Total pot $12 | Rake $0.24
Board [As 9d 4c]
Seat 3: fazz420 (button) (small blind) collected ($11.76)
Seat 4: AzureCaper (big blind) folded on the Flop


PokerStars Hand #144345554140:  Hold'em Limit ($3/$6 USD) - 2015/11/24 23:29:54 ET
Table 'Laurentia' 6-max Seat #4 is the button
Seat 3: fazz420 ($484.41 in chips)
Seat 4: AzureCaper ($140.34 in chips)
AzureCaper: posts small blind $1
fazz420: posts big blind $3
*** HOLE CARDS ***
AzureCaper: folds
Uncalled bet ($2) returned to fazz420
fazz420 collected $2 from pot
fazz420: doesn't show hand
*** SUMMARY ***
Total pot $2 | Rake $0
Seat 3: fazz420 (big blind) collected ($2)
Seat 4: AzureCaper (button) (small blind) folded before Flop


PokerStars Hand #144345552776:  Hold'em Limit ($3/$6 USD) - 2015/11/24 23:29:50 ET
Table 'Laurentia' 6-max Seat #3 is the button
Seat 3: fazz420 ($485.41 in chips)
Seat 4: AzureCaper ($139.34 in chips)
fazz420: posts small blind $1
AzureCaper: posts big blind $3
*** HOLE CARDS ***
fazz420: folds
Uncalled bet ($2) returned to AzureCaper
AzureCaper collected $2 from pot
AzureCaper: doesn't show hand
*** SUMMARY ***
Total pot $2 | Rake $0
Seat 3: fazz420 (button) (small blind) folded before Flop
Seat 4: AzureCaper (big blind) collected ($2)


PokerStars Hand #144345550647:  Hold'em Limit ($3/$6 USD) - 2015/11/24 23:29:42 ET
Table 'Laurentia' 6-max Seat #4 is the button
Seat 3: fazz420 ($484.41 in chips)
Seat 4: AzureCaper ($140.34 in chips)
AzureCaper: posts small blind $1
fazz420: posts big blind $3
*** HOLE CARDS ***
AzureCaper: folds
Uncalled bet ($2) returned to fazz420
fazz420 collected $2 from pot
fazz420: doesn't show hand
*** SUMMARY ***
Total pot $2 | Rake $0
Seat 3: fazz420 (big blind) collected ($2)
Seat 4: AzureCaper (button) (small blind) folded before Flop


PokerStars Hand #144345545773:  Hold'em Limit ($3/$6 USD) - 2015/11/24 23:29:25 ET
Table 'Laurentia' 6-max Seat #3 is the button
Seat 3: fazz420 ($478.65 in chips)
Seat 4: AzureCaper ($146.34 in chips)
fazz420: posts small blind $1
AzureCaper: posts big blind $3
*** HOLE CARDS ***
fazz420: raises $3 to $6
AzureCaper: calls $3
*** FLOP *** [Ks Jd 9d]
AzureCaper: checks
fazz420: checks
*** TURN *** [Ks Jd 9d] [Ac]
AzureCaper: checks
fazz420: checks
*** RIVER *** [Ks Jd 9d Ac] [Ad]
AzureCaper: checks
fazz420: checks
*** SHOW DOWN ***
AzureCaper: shows [5s 6d] (a pair of Aces)
fazz420: shows [Qh 5c] (a pair of Aces - King+Queen kicker)
fazz420 collected $11.76 from pot
*** SUMMARY ***
Total pot $12 | Rake $0.24
Board [Ks Jd 9d Ac Ad]
Seat 3: fazz420 (button) (small blind) showed [Qh 5c] and won ($11.76) with a pair of Aces
Seat 4: AzureCaper (big blind) showed [5s 6d] and lost with a pair of Aces


PokerStars Hand #144345576973:  Hold'em Limit ($3/$6 USD) - 2015/11/24 23:31:16 ET
Table 'Laurentia' 6-max Seat #4 is the button
Seat 3: fazz420 ($515.17 in chips)
Seat 4: AzureCaper ($107.84 in chips)
AzureCaper: posts small blind $1
fazz420: posts big blind $3
*** HOLE CARDS ***
AzureCaper: raises $3 to $6
fazz420: calls $3
*** FLOP *** [Jc Td 2c]
fazz420: checks
AzureCaper: bets $3
fazz420: raises $3 to $6
AzureCaper: raises $3 to $9
fazz420: calls $3
*** TURN *** [Jc Td 2c] [Ad]
fazz420: checks
AzureCaper: bets $6
fazz420: calls $6
*** RIVER *** [Jc Td 2c Ad] [7h]
fazz420: checks
AzureCaper: bets $6
fazz420: folds
Uncalled bet ($6) returned to AzureCaper
AzureCaper collected $41.50 from pot
AzureCaper: doesn't show hand
*** SUMMARY ***
Total pot $42 | Rake $0.50
Board [Jc Td 2c Ad 7h]
Seat 3: fazz420 (big blind) folded on the River
Seat 4: AzureCaper (button) (small blind) collected ($41.50)


PokerStars Hand #144345571934:  Hold'em Limit ($3/$6 USD) - 2015/11/24 23:30:58 ET
Table 'Laurentia' 6-max Seat #3 is the button
Seat 3: fazz420 ($494.67 in chips)
Seat 4: AzureCaper ($128.84 in chips)
fazz420: posts small blind $1
AzureCaper: posts big blind $3
*** HOLE CARDS ***
fazz420: raises $3 to $6
AzureCaper: calls $3
*** FLOP *** [7s 3s 4c]
AzureCaper: bets $3
fazz420: calls $3
*** TURN *** [7s 3s 4c] [5s]
AzureCaper: bets $6
fazz420: calls $6
*** RIVER *** [7s 3s 4c 5s] [8d]
AzureCaper: bets $6
fazz420: calls $6
*** SHOW DOWN ***
AzureCaper: shows [9s Jc] (high card Jack)
fazz420: shows [4h Jh] (a pair of Fours)
fazz420 collected $41.50 from pot
*** SUMMARY ***
Total pot $42 | Rake $0.50
Board [7s 3s 4c 5s 8d]
Seat 3: fazz420 (button) (small blind) showed [4h Jh] and won ($41.50) with a pair of Fours
Seat 4: AzureCaper (big blind) showed [9s Jc] and lost with high card Jack


PokerStars Hand #144345570448:  Hold'em Limit ($3/$6 USD) - 2015/11/24 23:30:53 ET
Table 'Laurentia' 6-max Seat #4 is the button
Seat 3: fazz420 ($493.67 in chips)
Seat 4: AzureCaper ($129.84 in chips)
AzureCaper: posts small blind $1
fazz420: posts big blind $3
*** HOLE CARDS ***
AzureCaper: folds
Uncalled bet ($2) returned to fazz420
fazz420 collected $2 from pot
fazz420: doesn't show hand
*** SUMMARY ***
Total pot $2 | Rake $0
Seat 3: fazz420 (big blind) collected ($2)
Seat 4: AzureCaper (button) (small blind) folded before Flop


PokerStars Hand #144345564736:  Hold'em Limit ($3/$6 USD) - 2015/11/24 23:30:32 ET
Table 'Laurentia' 6-max Seat #3 is the button
Seat 3: fazz420 ($470.17 in chips)
Seat 4: AzureCaper ($153.84 in chips)
fazz420: posts small blind $1
AzureCaper: posts big blind $3
*** HOLE CARDS ***
fazz420: raises $3 to $6
AzureCaper: calls $3
*** FLOP *** [8s 7s 5h]
AzureCaper: checks
fazz420: bets $3
AzureCaper: raises $3 to $6
fazz420: calls $3
*** TURN *** [8s 7s 5h] [9s]
AzureCaper: bets $6
fazz420: raises $6 to $12
AzureCaper: calls $6
*** RIVER *** [8s 7s 5h 9s] [Td]
AzureCaper: checks
fazz420: checks
*** SHOW DOWN ***
AzureCaper: shows [7d 5s] (two pair, Sevens and Fives)
fazz420: shows [Ts 9h] (two pair, Tens and Nines)
fazz420 collected $47.50 from pot
*** SUMMARY ***
Total pot $48 | Rake $0.50
Board [8s 7s 5h 9s Td]
Seat 3: fazz420 (button) (small blind) showed [Ts 9h] and won ($47.50) with two pair, Tens and Nines
Seat 4: AzureCaper (big blind) showed [7d 5s] and lost with two pair, Sevens and Fives


PokerStars Hand #144345594854:  Hold'em Limit ($3/$6 USD) - 2015/11/24 23:32:20 ET
Table 'Laurentia' 6-max Seat #3 is the button
Seat 3: fazz420 ($480.17 in chips)
Seat 4: AzureCaper ($141.86 in chips)
fazz420: posts small blind $1
AzureCaper: posts big blind $3
*** HOLE CARDS ***
fazz420: folds
Uncalled bet ($2) returned to AzureCaper
AzureCaper collected $2 from pot
AzureCaper: doesn't show hand
*** SUMMARY ***
Total pot $2 | Rake $0
Seat 3: fazz420 (button) (small blind) folded before Flop
Seat 4: AzureCaper (big blind) collected ($2)


PokerStars Hand #144345591966:  Hold'em Limit ($3/$6 USD) - 2015/11/24 23:32:09 ET
Table 'Laurentia' 6-max Seat #4 is the button
Seat 3: fazz420 ($486.17 in chips)
Seat 4: AzureCaper ($136.10 in chips)
AzureCaper: posts small blind $1
fazz420: posts big blind $3
*** HOLE CARDS ***
AzureCaper: raises $3 to $6
fazz420: calls $3
*** FLOP *** [4c 3s 9s]
fazz420: checks
AzureCaper: bets $3
fazz420: folds
Uncalled bet ($3) returned to AzureCaper
AzureCaper collected $11.76 from pot
AzureCaper: doesn't show hand
*** SUMMARY ***
Total pot $12 | Rake $0.24
Board [4c 3s 9s]
Seat 3: fazz420 (big blind) folded on the Flop
Seat 4: AzureCaper (button) (small blind) collected ($11.76)


PokerStars Hand #144345590730:  Hold'em Limit ($3/$6 USD) - 2015/11/24 23:32:05 ET
Table 'Laurentia' 6-max Seat #3 is the button
Seat 3: fazz420 ($487.17 in chips)
Seat 4: AzureCaper ($135.10 in chips)
fazz420: posts small blind $1
AzureCaper: posts big blind $3
*** HOLE CARDS ***
fazz420: folds
Uncalled bet ($2) returned to AzureCaper
AzureCaper collected $2 from pot
AzureCaper: doesn't show hand
*** SUMMARY ***
Total pot $2 | Rake $0
Seat 3: fazz420 (button) (small blind) folded before Flop
Seat 4: AzureCaper (big blind) collected ($2)


PokerStars Hand #144345585729:  Hold'em Limit ($3/$6 USD) - 2015/11/24 23:31:47 ET
Table 'Laurentia' 6-max Seat #4 is the button
Seat 3: fazz420 ($493.17 in chips)
Seat 4: AzureCaper ($129.34 in chips)
AzureCaper: posts small blind $1
fazz420: posts big blind $3
*** HOLE CARDS ***
AzureCaper: raises $3 to $6
fazz420: calls $3
*** FLOP *** [7d 7c 3s]
fazz420: checks
AzureCaper: bets $3
fazz420: folds
Uncalled bet ($3) returned to AzureCaper
AzureCaper collected $11.76 from pot
AzureCaper: doesn't show hand
*** SUMMARY ***
Total pot $12 | Rake $0.24
Board [7d 7c 3s]
Seat 3: fazz420 (big blind) folded on the Flop
Seat 4: AzureCaper (button) (small blind) collected ($11.76)


PokerStars Hand #144345582163:  Hold'em Limit ($3/$6 USD) - 2015/11/24 23:31:35 ET
Table 'Laurentia' 6-max Seat #3 is the button
Seat 3: fazz420 ($494.17 in chips)
Seat 4: AzureCaper ($128.34 in chips)
fazz420: posts small blind $1
AzureCaper: posts big blind $3
*** HOLE CARDS ***
fazz420: folds
Uncalled bet ($2) returned to AzureCaper
AzureCaper collected $2 from pot
AzureCaper: doesn't show hand
*** SUMMARY ***
Total pot $2 | Rake $0
Seat 3: fazz420 (button) (small blind) folded before Flop
Seat 4: AzureCaper (big blind) collected ($2)


PokerStars Hand #144345609047:  Hold'em Limit ($3/$6 USD) - 2015/11/24 23:33:11 ET
Table 'Laurentia' 6-max Seat #4 is the button
Seat 3: fazz420 ($494.81 in chips)
Seat 4: AzureCaper ($126.86 in chips)
AzureCaper: posts small blind $1
fazz420: posts big blind $3
*** HOLE CARDS ***
AzureCaper: raises $3 to $6
fazz420: calls $3
*** FLOP *** [3h Qh 5d]
fazz420: checks
AzureCaper: bets $3
fazz420: calls $3
*** TURN *** [3h Qh 5d] [4d]
fazz420: checks
AzureCaper: checks
*** RIVER *** [3h Qh 5d 4d] [5h]
fazz420: bets $6
AzureCaper: folds
Uncalled bet ($6) returned to fazz420
fazz420 collected $17.64 from pot
fazz420: doesn't show hand
*** SUMMARY ***
Total pot $18 | Rake $0.36
Board [3h Qh 5d 4d 5h]
Seat 3: fazz420 (big blind) collected ($17.64)
Seat 4: AzureCaper (button) (small blind) folded on the River


PokerStars Hand #144345606592:  Hold'em Limit ($3/$6 USD) - 2015/11/24 23:33:02 ET
Table 'Laurentia' 6-max Seat #3 is the button
Seat 3: fazz420 ($491.81 in chips)
Seat 4: AzureCaper ($129.86 in chips)
fazz420: posts small blind $1
AzureCaper: posts big blind $3
*** HOLE CARDS ***
fazz420: raises $3 to $6
AzureCaper: folds
Uncalled bet ($3) returned to fazz420
fazz420 collected $6 from pot
fazz420: doesn't show hand
*** SUMMARY ***
Total pot $6 | Rake $0
Seat 3: fazz420 (button) (small blind) collected ($6)
Seat 4: AzureCaper (big blind) folded before Flop


PokerStars Hand #144345605044:  Hold'em Limit ($3/$6 USD) - 2015/11/24 23:32:57 ET
Table 'Laurentia' 6-max Seat #4 is the button
Seat 3: fazz420 ($490.81 in chips)
Seat 4: AzureCaper ($130.86 in chips)
AzureCaper: posts small blind $1
fazz420: posts big blind $3
*** HOLE CARDS ***
AzureCaper: folds
Uncalled bet ($2) returned to fazz420
fazz420 collected $2 from pot
fazz420: doesn't show hand
*** SUMMARY ***
Total pot $2 | Rake $0
Seat 3: fazz420 (big blind) collected ($2)
Seat 4: AzureCaper (button) (small blind) folded before Flop


PokerStars Hand #144345603639:  Hold'em Limit ($3/$6 USD) - 2015/11/24 23:32:52 ET
Table 'Laurentia' 6-max Seat #3 is the button
Seat 3: fazz420 ($487.81 in chips)
Seat 4: AzureCaper ($133.86 in chips)
fazz420: posts small blind $1
AzureCaper: posts big blind $3
*** HOLE CARDS ***
fazz420: raises $3 to $6
AzureCaper: folds
Uncalled bet ($3) returned to fazz420
fazz420 collected $6 from pot
fazz420: doesn't show hand
*** SUMMARY ***
Total pot $6 | Rake $0
Seat 3: fazz420 (button) (small blind) collected ($6)
Seat 4: AzureCaper (big blind) folded before Flop


PokerStars Hand #144345602313:  Hold'em Limit ($3/$6 USD) - 2015/11/24 23:32:47 ET
Table 'Laurentia' 6-max Seat #4 is the button
Seat 3: fazz420 ($486.81 in chips)
Seat 4: AzureCaper ($134.86 in chips)
AzureCaper: posts small blind $1
fazz420: posts big blind $3
*** HOLE CARDS ***
AzureCaper: folds
Uncalled bet ($2) returned to fazz420
fazz420 collected $2 from pot
fazz420: doesn't show hand
*** SUMMARY ***
Total pot $2 | Rake $0
Seat 3: fazz420 (big blind) collected ($2)
Seat 4: AzureCaper (button) (small blind) folded before Flop


PokerStars Hand #144345600995:  Hold'em Limit ($3/$6 USD) - 2015/11/24 23:32:42 ET
Table 'Laurentia' 6-max Seat #3 is the button
Seat 3: fazz420 ($487.81 in chips)
Seat 4: AzureCaper ($133.86 in chips)
fazz420: posts small blind $1
AzureCaper: posts big blind $3
*** HOLE CARDS ***
fazz420: folds
Uncalled bet ($2) returned to AzureCaper
AzureCaper collected $2 from pot
AzureCaper: doesn't show hand
*** SUMMARY ***
Total pot $2 | Rake $0
Seat 3: fazz420 (button) (small blind) folded before Flop
Seat 4: AzureCaper (big blind) collected ($2)


PokerStars Hand #144345596374:  Hold'em Limit ($3/$6 USD) - 2015/11/24 23:32:25 ET
Table 'Laurentia' 6-max Seat #4 is the button
Seat 3: fazz420 ($479.17 in chips)
Seat 4: AzureCaper ($142.86 in chips)
AzureCaper: posts small blind $1
fazz420: posts big blind $3
*** HOLE CARDS ***
AzureCaper: raises $3 to $6
fazz420: calls $3
*** FLOP *** [Ac 6s 5c]
fazz420: checks
AzureCaper: bets $3
fazz420: calls $3
*** TURN *** [Ac 6s 5c] [8d]
fazz420: checks
AzureCaper: checks
*** RIVER *** [Ac 6s 5c 8d] [Js]
fazz420: bets $6
AzureCaper: folds
Uncalled bet ($6) returned to fazz420
fazz420 collected $17.64 from pot
fazz420: doesn't show hand
*** SUMMARY ***
Total pot $18 | Rake $0.36
Board [Ac 6s 5c 8d Js]
Seat 3: fazz420 (big blind) collected ($17.64)
Seat 4: AzureCaper (button) (small blind) folded on the River


PokerStars Hand #144345627737:  Hold'em Limit ($3/$6 USD) - 2015/11/24 23:34:19 ET
Table 'Laurentia' 6-max Seat #3 is the button
Seat 3: fazz420 ($489.21 in chips)
Seat 4: AzureCaper ($131.36 in chips)
fazz420: posts small blind $1
AzureCaper: posts big blind $3
*** HOLE CARDS ***
fazz420: raises $3 to $6
AzureCaper: calls $3
*** FLOP *** [Jc 6c Kh]
AzureCaper: checks
fazz420: bets $3
AzureCaper: raises $3 to $6
fazz420: calls $3
*** TURN *** [Jc 6c Kh] [2c]
AzureCaper: bets $6
fazz420: raises $6 to $12
AzureCaper: calls $6
*** RIVER *** [Jc 6c Kh 2c] [2s]
AzureCaper: checks
fazz420: bets $6
AzureCaper: calls $6
*** SHOW DOWN ***
fazz420: shows [Ks 6h] (two pair, Kings and Sixes)
AzureCaper: mucks hand
fazz420 collected $59.50 from pot
*** SUMMARY ***
Total pot $60 | Rake $0.50
Board [Jc 6c Kh 2c 2s]
Seat 3: fazz420 (button) (small blind) showed [Ks 6h] and won ($59.50) with two pair, Kings and Sixes
Seat 4: AzureCaper (big blind) mucked


PokerStars Hand #144345626383:  Hold'em Limit ($3/$6 USD) - 2015/11/24 23:34:14 ET
Table 'Laurentia' 6-max Seat #4 is the button
Seat 3: fazz420 ($488.21 in chips)
Seat 4: AzureCaper ($132.36 in chips)
AzureCaper: posts small blind $1
fazz420: posts big blind $3
*** HOLE CARDS ***
AzureCaper: folds
Uncalled bet ($2) returned to fazz420
fazz420 collected $2 from pot
fazz420: doesn't show hand
*** SUMMARY ***
Total pot $2 | Rake $0
Seat 3: fazz420 (big blind) collected ($2)
Seat 4: AzureCaper (button) (small blind) folded before Flop


PokerStars Hand #144345624742:  Hold'em Limit ($3/$6 USD) - 2015/11/24 23:34:09 ET
Table 'Laurentia' 6-max Seat #3 is the button
Seat 3: fazz420 ($485.21 in chips)
Seat 4: AzureCaper ($135.36 in chips)
fazz420: posts small blind $1
AzureCaper: posts big blind $3
*** HOLE CARDS ***
fazz420: raises $3 to $6
AzureCaper: folds
Uncalled bet ($3) returned to fazz420
fazz420 collected $6 from pot
fazz420: doesn't show hand
*** SUMMARY ***
Total pot $6 | Rake $0
Seat 3: fazz420 (button) (small blind) collected ($6)
Seat 4: AzureCaper (big blind) folded before Flop


PokerStars Hand #144345620094:  Hold'em Limit ($3/$6 USD) - 2015/11/24 23:33:52 ET
Table 'Laurentia' 6-max Seat #4 is the button
Seat 3: fazz420 ($509.21 in chips)
Seat 4: AzureCaper ($111.86 in chips)
AzureCaper: posts small blind $1
fazz420: posts big blind $3
*** HOLE CARDS ***
AzureCaper: raises $3 to $6
fazz420: calls $3
*** FLOP *** [8s 5c 2d]
fazz420: checks
AzureCaper: bets $3
fazz420: raises $3 to $6
AzureCaper: calls $3
*** TURN *** [8s 5c 2d] [As]
fazz420: checks
AzureCaper: bets $6
fazz420: calls $6
*** RIVER *** [8s 5c 2d As] [Qc]
fazz420: checks
AzureCaper: bets $6
fazz420: calls $6
*** SHOW DOWN ***
AzureCaper: shows [Ad 5h] (two pair, Aces and Fives)
fazz420: mucks hand
AzureCaper collected $47.50 from pot
*** SUMMARY ***
Total pot $48 | Rake $0.50
Board [8s 5c 2d As Qc]
Seat 3: fazz420 (big blind) mucked
Seat 4: AzureCaper (button) (small blind) showed [Ad 5h] and won ($47.50) with two pair, Aces and Fives


PokerStars Hand #144345612535:  Hold'em Limit ($3/$6 USD) - 2015/11/24 23:33:24 ET
Table 'Laurentia' 6-max Seat #3 is the button
Seat 3: fazz420 ($503.45 in chips)
Seat 4: AzureCaper ($117.86 in chips)
fazz420: posts small blind $1
AzureCaper: posts big blind $3
*** HOLE CARDS ***
fazz420: raises $3 to $6
AzureCaper: calls $3
*** FLOP *** [Kh 2d 3d]
AzureCaper: checks
fazz420: bets $3
AzureCaper: folds
Uncalled bet ($3) returned to fazz420
fazz420 collected $11.76 from pot
fazz420: doesn't show hand
*** SUMMARY ***
Total pot $12 | Rake $0.24
Board [Kh 2d 3d]
Seat 3: fazz420 (button) (small blind) collected ($11.76)
Seat 4: AzureCaper (big blind) folded on the Flop


PokerStars Hand #144345645217:  Hold'em Limit ($3/$6 USD) - 2015/11/24 23:35:24 ET
Table 'Laurentia' 6-max Seat #4 is the button
Seat 3: fazz420 ($524.21 in chips)
Seat 4: AzureCaper ($95 in chips)
AzureCaper: posts small blind $1
fazz420: posts big blind $3
*** HOLE CARDS ***
AzureCaper: folds
Uncalled bet ($2) returned to fazz420
fazz420 collected $2 from pot
fazz420: doesn't show hand
*** SUMMARY ***
Total pot $2 | Rake $0
Seat 3: fazz420 (big blind) collected ($2)
Seat 4: AzureCaper (button) (small blind) folded before Flop


PokerStars Hand #144345643831:  Hold'em Limit ($3/$6 USD) - 2015/11/24 23:35:18 ET
Table 'Laurentia' 6-max Seat #3 is the button
Seat 3: fazz420 ($525.21 in chips)
Seat 4: AzureCaper ($94 in chips)
fazz420: posts small blind $1
AzureCaper: posts big blind $3
*** HOLE CARDS ***
fazz420: folds
Uncalled bet ($2) returned to AzureCaper
AzureCaper collected $2 from pot
AzureCaper: doesn't show hand
*** SUMMARY ***
Total pot $2 | Rake $0
Seat 3: fazz420 (button) (small blind) folded before Flop
Seat 4: AzureCaper (big blind) collected ($2)


PokerStars Hand #144345641606:  Hold'em Limit ($3/$6 USD) - 2015/11/24 23:35:10 ET
Table 'Laurentia' 6-max Seat #4 is the button
Seat 3: fazz420 ($524.21 in chips)
Seat 4: AzureCaper ($95 in chips)
AzureCaper: posts small blind $1
fazz420: posts big blind $3
*** HOLE CARDS ***
AzureCaper: folds
Uncalled bet ($2) returned to fazz420
fazz420 collected $2 from pot
fazz420: doesn't show hand
*** SUMMARY ***
Total pot $2 | Rake $0
Seat 3: fazz420 (big blind) collected ($2)
Seat 4: AzureCaper (button) (small blind) folded before Flop


PokerStars Hand #144345636914:  Hold'em Limit ($3/$6 USD) - 2015/11/24 23:34:53 ET
Table 'Laurentia' 6-max Seat #3 is the button
Seat 3: fazz420 ($533.21 in chips)
Seat 4: AzureCaper ($86.36 in chips)
fazz420: posts small blind $1
AzureCaper: posts big blind $3
*** HOLE CARDS ***
fazz420: raises $3 to $6
AzureCaper: calls $3
*** FLOP *** [Qd 7s 7c]
AzureCaper: checks
fazz420: bets $3
AzureCaper: raises $3 to $6
fazz420: folds
Uncalled bet ($3) returned to AzureCaper
AzureCaper collected $17.64 from pot
AzureCaper: doesn't show hand
*** SUMMARY ***
Total pot $18 | Rake $0.36
Board [Qd 7s 7c]
Seat 3: fazz420 (button) (small blind) folded on the Flop
Seat 4: AzureCaper (big blind) collected ($17.64)


PokerStars Hand #144345632298:  Hold'em Limit ($3/$6 USD) - 2015/11/24 23:34:36 ET
Table 'Laurentia' 6-max Seat #4 is the button
Seat 3: fazz420 ($518.71 in chips)
Seat 4: AzureCaper ($101.36 in chips)
AzureCaper: posts small blind $1
fazz420: posts big blind $3
*** HOLE CARDS ***
AzureCaper: raises $3 to $6
fazz420: calls $3
*** FLOP *** [Kh 3d Jh]
fazz420: checks
AzureCaper: bets $3
fazz420: calls $3
*** TURN *** [Kh 3d Jh] [2c]
fazz420: checks
AzureCaper: checks
*** RIVER *** [Kh 3d Jh 2c] [8s]
fazz420: bets $6
AzureCaper: calls $6
*** SHOW DOWN ***
fazz420: shows [Jc 9c] (a pair of Jacks)
AzureCaper: mucks hand
fazz420 collected $29.50 from pot
*** SUMMARY ***
Total pot $30 | Rake $0.50
Board [Kh 3d Jh 2c 8s]
Seat 3: fazz420 (big blind) showed [Jc 9c] and won ($29.50) with a pair of Jacks
Seat 4: AzureCaper (button) (small blind) mucked


PokerStars Hand #144345646465:  Hold'em Limit ($3/$6 USD) - 2015/11/24 23:35:28 ET
Table 'Laurentia' 6-max Seat #3 is the button
Seat 3: fazz420 ($525.21 in chips)
Seat 4: AzureCaper ($94 in chips)
fazz420: posts small blind $1
AzureCaper: posts big blind $3
*** HOLE CARDS ***
fazz420: raises $3 to $6
AzureCaper: raises $3 to $9
fazz420: calls $3
*** FLOP *** [7s Kd Th]
AzureCaper: bets $3
fazz420: folds
Uncalled bet ($3) returned to AzureCaper
AzureCaper collected $17.64 from pot
AzureCaper: doesn't show hand
*** SUMMARY ***
Total pot $18 | Rake $0.36
Board [7s Kd Th]
Seat 3: fazz420 (button) (small blind) folded on the Flop
Seat 4: AzureCaper (big blind) collected ($17.64)


PokerStars Hand #144345658960:  Hold'em Limit ($3/$6 USD) - 2015/11/24 23:36:14 ET
Table 'Laurentia' 6-max Seat #4 is the button
Seat 3: fazz420 ($456.21 in chips)
Seat 4: AzureCaper ($161.90 in chips)
AzureCaper: posts small blind $1
fazz420: posts big blind $3
*** HOLE CARDS ***
AzureCaper: raises $3 to $6
fazz420: calls $3
*** FLOP *** [8h As 7c]
fazz420: checks
AzureCaper: bets $3
fazz420: calls $3
*** TURN *** [8h As 7c] [6d]
fazz420: checks
AzureCaper: checks
*** RIVER *** [8h As 7c 6d] [6c]
fazz420: bets $6
AzureCaper: calls $6
*** SHOW DOWN ***
fazz420: shows [8d Ts] (two pair, Eights and Sixes)
AzureCaper: shows [9s 8c] (two pair, Eights and Sixes)
fazz420 collected $14.75 from pot
AzureCaper collected $14.75 from pot
*** SUMMARY ***
Total pot $30 | Rake $0.50
Board [8h As 7c 6d 6c]
Seat 3: fazz420 (big blind) showed [8d Ts] and won ($14.75) with two pair, Eights and Sixes
Seat 4: AzureCaper (button) (small blind) showed [9s 8c] and won ($14.75) with two pair, Eights and Sixes


PokerStars Hand #144345654231:  Hold'em Limit ($3/$6 USD) - 2015/11/24 23:35:57 ET
Table 'Laurentia' 6-max Seat #3 is the button
Seat 3: fazz420 ($510.21 in chips)
Seat 4: AzureCaper ($108.40 in chips)
fazz420: posts small blind $1
AzureCaper: posts big blind $3
*** HOLE CARDS ***
fazz420: raises $3 to $6
AzureCaper: raises $3 to $9
fazz420: calls $3
*** FLOP *** [8d Ad 2d]
AzureCaper: bets $3
fazz420: calls $3
*** TURN *** [8d Ad 2d] [9h]
AzureCaper: bets $6
fazz420: raises $6 to $12
AzureCaper: raises $6 to $18
fazz420: calls $6
*** RIVER *** [8d Ad 2d 9h] [As]
AzureCaper: bets $6
fazz420: raises $6 to $12
AzureCaper: raises $6 to $18
fazz420: raises $6 to $24
Betting is capped
AzureCaper: calls $6
*** SHOW DOWN ***
fazz420: shows [2s 2h] (a full house, Deuces full of Aces)
AzureCaper: shows [8c Ac] (a full house, Aces full of Eights)
AzureCaper collected $107.50 from pot
*** SUMMARY ***
Total pot $108 | Rake $0.50
Board [8d Ad 2d 9h As]
Seat 3: fazz420 (button) (small blind) showed [2s 2h] and lost with a full house, Deuces full of Aces
Seat 4: AzureCaper (big blind) showed [8c Ac] and won ($107.50) with a full house, Aces full of Eights


PokerStars Hand #144345651898:  Hold'em Limit ($3/$6 USD) - 2015/11/24 23:35:48 ET
Table 'Laurentia' 6-max Seat #4 is the button
Seat 3: fazz420 ($516.21 in chips)
Seat 4: AzureCaper ($102.64 in chips)
AzureCaper: posts small blind $1
fazz420: posts big blind $3
*** HOLE CARDS ***
AzureCaper: raises $3 to $6
fazz420: calls $3
*** FLOP *** [4d 9s Kh]
fazz420: checks
AzureCaper: bets $3
fazz420: folds
Uncalled bet ($3) returned to AzureCaper
AzureCaper collected $11.76 from pot
AzureCaper: doesn't show hand
*** SUMMARY ***
Total pot $12 | Rake $0.24
Board [4d 9s Kh]
Seat 3: fazz420 (big blind) folded on the Flop
Seat 4: AzureCaper (button) (small blind) collected ($11.76)


PokerStars Hand #144345680623:  Hold'em Limit ($3/$6 USD) - 2015/11/24 23:37:35 ET
Table 'Laurentia' 6-max Seat #3 is the button
Seat 3: fazz420 ($452.36 in chips)
Seat 4: AzureCaper ($163.93 in chips)
fazz420: posts small blind $1
AzureCaper: posts big blind $3
*** HOLE CARDS ***
fazz420: raises $3 to $6
AzureCaper: folds
Uncalled bet ($3) returned to fazz420
fazz420 collected $6 from pot
fazz420: doesn't show hand
*** SUMMARY ***
Total pot $6 | Rake $0
Seat 3: fazz420 (button) (small blind) collected ($6)
Seat 4: AzureCaper (big blind) folded before Flop


PokerStars Hand #144345679518:  Hold'em Limit ($3/$6 USD) - 2015/11/24 23:37:31 ET
Table 'Laurentia' 6-max Seat #4 is the button
Seat 3: fazz420 ($451.36 in chips)
Seat 4: AzureCaper ($164.93 in chips)
AzureCaper: posts small blind $1
fazz420: posts big blind $3
*** HOLE CARDS ***
AzureCaper: folds
Uncalled bet ($2) returned to fazz420
fazz420 collected $2 from pot
fazz420: doesn't show hand
*** SUMMARY ***
Total pot $2 | Rake $0
Seat 3: fazz420 (big blind) collected ($2)
Seat 4: AzureCaper (button) (small blind) folded before Flop


PokerStars Hand #144345678123:  Hold'em Limit ($3/$6 USD) - 2015/11/24 23:37:26 ET
Table 'Laurentia' 6-max Seat #3 is the button
Seat 3: fazz420 ($452.36 in chips)
Seat 4: AzureCaper ($163.93 in chips)
fazz420: posts small blind $1
AzureCaper: posts big blind $3
*** HOLE CARDS ***
fazz420: folds
Uncalled bet ($2) returned to AzureCaper
AzureCaper collected $2 from pot
AzureCaper: doesn't show hand
*** SUMMARY ***
Total pot $2 | Rake $0
Seat 3: fazz420 (button) (small blind) folded before Flop
Seat 4: AzureCaper (big blind) collected ($2)


PokerStars Hand #144345675469:  Hold'em Limit ($3/$6 USD) - 2015/11/24 23:37:16 ET
Table 'Laurentia' 6-max Seat #4 is the button
Seat 3: fazz420 ($458.36 in chips)
Seat 4: AzureCaper ($158.17 in chips)
AzureCaper: posts small blind $1
fazz420: posts big blind $3
*** HOLE CARDS ***
AzureCaper: raises $3 to $6
fazz420: calls $3
*** FLOP *** [9s Qd Kh]
fazz420: checks
AzureCaper: bets $3
fazz420: folds
Uncalled bet ($3) returned to AzureCaper
AzureCaper collected $11.76 from pot
AzureCaper: doesn't show hand
*** SUMMARY ***
Total pot $12 | Rake $0.24
Board [9s Qd Kh]
Seat 3: fazz420 (big blind) folded on the Flop
Seat 4: AzureCaper (button) (small blind) collected ($11.76)


PokerStars Hand #144345673061:  Hold'em Limit ($3/$6 USD) - 2015/11/24 23:37:07 ET
Table 'Laurentia' 6-max Seat #3 is the button
Seat 3: fazz420 ($452.60 in chips)
Seat 4: AzureCaper ($164.17 in chips)
fazz420: posts small blind $1
AzureCaper: posts big blind $3
*** HOLE CARDS ***
fazz420: raises $3 to $6
AzureCaper: calls $3
*** FLOP *** [7d Js 9c]
AzureCaper: checks
fazz420: bets $3
AzureCaper: folds
Uncalled bet ($3) returned to fazz420
fazz420 collected $11.76 from pot
fazz420: doesn't show hand
*** SUMMARY ***
Total pot $12 | Rake $0.24
Board [7d Js 9c]
Seat 3: fazz420 (button) (small blind) collected ($11.76)
Seat 4: AzureCaper (big blind) folded on the Flop


PokerStars Hand #144345670565:  Hold'em Limit ($3/$6 USD) - 2015/11/24 23:36:58 ET
Table 'Laurentia' 6-max Seat #4 is the button
Seat 3: fazz420 ($443.96 in chips)
Seat 4: AzureCaper ($173.17 in chips)
AzureCaper: posts small blind $1
fazz420: posts big blind $3
*** HOLE CARDS ***
AzureCaper: raises $3 to $6
fazz420: raises $3 to $9
AzureCaper: calls $3
*** FLOP *** [7h Kd 5h]
fazz420: bets $3
AzureCaper: folds
Uncalled bet ($3) returned to fazz420
fazz420 collected $17.64 from pot
fazz420: doesn't show hand
*** SUMMARY ***
Total pot $18 | Rake $0.36
Board [7h Kd 5h]
Seat 3: fazz420 (big blind) collected ($17.64)
Seat 4: AzureCaper (button) (small blind) folded on the Flop


PokerStars Hand #144345664839:  Hold'em Limit ($3/$6 USD) - 2015/11/24 23:36:37 ET
Table 'Laurentia' 6-max Seat #3 is the button
Seat 3: fazz420 ($455.96 in chips)
Seat 4: AzureCaper ($161.65 in chips)
fazz420: posts small blind $1
AzureCaper: posts big blind $3
*** HOLE CARDS ***
fazz420: raises $3 to $6
AzureCaper: calls $3
*** FLOP *** [3c 9c 5h]
AzureCaper: checks
fazz420: checks
*** TURN *** [3c 9c 5h] [7s]
AzureCaper: bets $6
fazz420: calls $6
*** RIVER *** [3c 9c 5h 7s] [Qh]
AzureCaper: bets $6
fazz420: folds
Uncalled bet ($6) returned to AzureCaper
AzureCaper collected $23.52 from pot
AzureCaper: doesn't show hand
*** SUMMARY ***
Total pot $24 | Rake $0.48
Board [3c 9c 5h 7s Qh]
Seat 3: fazz420 (button) (small blind) folded on the River
Seat 4: AzureCaper (big blind) collected ($23.52)


PokerStars Hand #144345696700:  Hold'em Limit ($3/$6 USD) - 2015/11/24 23:38:34 ET
Table 'Laurentia' 6-max Seat #3 is the button
Seat 3: fazz420 ($443.36 in chips)
Seat 4: AzureCaper ($172.33 in chips)
fazz420: posts small blind $1
AzureCaper: posts big blind $3
*** HOLE CARDS ***
fazz420: raises $3 to $6
AzureCaper: folds
Uncalled bet ($3) returned to fazz420
fazz420 collected $6 from pot
fazz420: doesn't show hand
*** SUMMARY ***
Total pot $6 | Rake $0
Seat 3: fazz420 (button) (small blind) collected ($6)
Seat 4: AzureCaper (big blind) folded before Flop


PokerStars Hand #144345695027:  Hold'em Limit ($3/$6 USD) - 2015/11/24 23:38:28 ET
Table 'Laurentia' 6-max Seat #4 is the button
Seat 3: fazz420 ($442.36 in chips)
Seat 4: AzureCaper ($173.33 in chips)
AzureCaper: posts small blind $1
fazz420: posts big blind $3
*** HOLE CARDS ***
AzureCaper: folds
Uncalled bet ($2) returned to fazz420
fazz420 collected $2 from pot
fazz420: doesn't show hand
*** SUMMARY ***
Total pot $2 | Rake $0
Seat 3: fazz420 (big blind) collected ($2)
Seat 4: AzureCaper (button) (small blind) folded before Flop


PokerStars Hand #144345693811:  Hold'em Limit ($3/$6 USD) - 2015/11/24 23:38:23 ET
Table 'Laurentia' 6-max Seat #3 is the button
Seat 3: fazz420 ($443.36 in chips)
Seat 4: AzureCaper ($172.33 in chips)
fazz420: posts small blind $1
AzureCaper: posts big blind $3
*** HOLE CARDS ***
fazz420: folds
Uncalled bet ($2) returned to AzureCaper
AzureCaper collected $2 from pot
AzureCaper: doesn't show hand
*** SUMMARY ***
Total pot $2 | Rake $0
Seat 3: fazz420 (button) (small blind) folded before Flop
Seat 4: AzureCaper (big blind) collected ($2)


PokerStars Hand #144345692685:  Hold'em Limit ($3/$6 USD) - 2015/11/24 23:38:19 ET
Table 'Laurentia' 6-max Seat #4 is the button
Seat 3: fazz420 ($442.36 in chips)
Seat 4: AzureCaper ($173.33 in chips)
AzureCaper: posts small blind $1
fazz420: posts big blind $3
*** HOLE CARDS ***
AzureCaper: folds
Uncalled bet ($2) returned to fazz420
fazz420 collected $2 from pot
fazz420: doesn't show hand
*** SUMMARY ***
Total pot $2 | Rake $0
Seat 3: fazz420 (big blind) collected ($2)
Seat 4: AzureCaper (button) (small blind) folded before Flop


PokerStars Hand #144345682488:  Hold'em Limit ($3/$6 USD) - 2015/11/24 23:37:42 ET
Table 'Laurentia' 6-max Seat #4 is the button
Seat 3: fazz420 ($455.36 in chips)
Seat 4: AzureCaper ($160.93 in chips)
AzureCaper: posts small blind $1
fazz420: posts big blind $3
*** HOLE CARDS ***
AzureCaper: folds
Uncalled bet ($2) returned to fazz420
fazz420 collected $2 from pot
fazz420: doesn't show hand
*** SUMMARY ***
Total pot $2 | Rake $0
Seat 3: fazz420 (big blind) collected ($2)
Seat 4: AzureCaper (button) (small blind) folded before Flop


PokerStars Hand #144345689395:  Hold'em Limit ($3/$6 USD) - 2015/11/24 23:38:07 ET
Table 'Laurentia' 6-max Seat #3 is the button
Seat 3: fazz420 ($448.36 in chips)
Seat 4: AzureCaper ($167.57 in chips)
fazz420: posts small blind $1
AzureCaper: posts big blind $3
*** HOLE CARDS ***
fazz420: raises $3 to $6
AzureCaper: calls $3
*** FLOP *** [3c 4d 6c]
AzureCaper: checks
fazz420: checks
*** TURN *** [3c 4d 6c] [Ts]
AzureCaper: bets $6
fazz420: folds
Uncalled bet ($6) returned to AzureCaper
AzureCaper collected $11.76 from pot
AzureCaper: doesn't show hand
*** SUMMARY ***
Total pot $12 | Rake $0.24
Board [3c 4d 6c Ts]
Seat 3: fazz420 (button) (small blind) folded on the Turn
Seat 4: AzureCaper (big blind) collected ($11.76)


PokerStars Hand #144345687993:  Hold'em Limit ($3/$6 USD) - 2015/11/24 23:38:02 ET
Table 'Laurentia' 6-max Seat #4 is the button
Seat 3: fazz420 ($447.36 in chips)
Seat 4: AzureCaper ($168.57 in chips)
AzureCaper: posts small blind $1
fazz420: posts big blind $3
*** HOLE CARDS ***
AzureCaper: folds
Uncalled bet ($2) returned to fazz420
fazz420 collected $2 from pot
fazz420: doesn't show hand
*** SUMMARY ***
Total pot $2 | Rake $0
Seat 3: fazz420 (big blind) collected ($2)
Seat 4: AzureCaper (button) (small blind) folded before Flop


PokerStars Hand #144345683750:  Hold'em Limit ($3/$6 USD) - 2015/11/24 23:37:46 ET
Table 'Laurentia' 6-max Seat #3 is the button
Seat 3: fazz420 ($456.36 in chips)
Seat 4: AzureCaper ($159.93 in chips)
fazz420: posts small blind $1
AzureCaper: posts big blind $3
*** HOLE CARDS ***
fazz420: raises $3 to $6
AzureCaper: calls $3
*** FLOP *** [5d 3d Tc]
AzureCaper: checks
fazz420: bets $3
AzureCaper: raises $3 to $6
fazz420: folds
Uncalled bet ($3) returned to AzureCaper
AzureCaper collected $17.64 from pot
AzureCaper: doesn't show hand
*** SUMMARY ***
Total pot $18 | Rake $0.36
Board [5d 3d Tc]
Seat 3: fazz420 (button) (small blind) folded on the Flop
Seat 4: AzureCaper (big blind) collected ($17.64)


PokerStars Hand #144345710066:  Hold'em Limit ($3/$6 USD) - 2015/11/24 23:39:24 ET
Table 'Laurentia' 6-max Seat #4 is the button
Seat 3: fazz420 ($450 in chips)
Seat 4: AzureCaper ($164.97 in chips)
AzureCaper: posts small blind $1
fazz420: posts big blind $3
*** HOLE CARDS ***
AzureCaper: folds
Uncalled bet ($2) returned to fazz420
fazz420 collected $2 from pot
fazz420: doesn't show hand
*** SUMMARY ***
Total pot $2 | Rake $0
Seat 3: fazz420 (big blind) collected ($2)
Seat 4: AzureCaper (button) (small blind) folded before Flop


PokerStars Hand #144345708862:  Hold'em Limit ($3/$6 USD) - 2015/11/24 23:39:19 ET
Table 'Laurentia' 6-max Seat #3 is the button
Seat 3: fazz420 ($447 in chips)
Seat 4: AzureCaper ($167.97 in chips)
fazz420: posts small blind $1
AzureCaper: posts big blind $3
*** HOLE CARDS ***
fazz420: raises $3 to $6
AzureCaper: folds
Uncalled bet ($3) returned to fazz420
fazz420 collected $6 from pot
fazz420: doesn't show hand
*** SUMMARY ***
Total pot $6 | Rake $0
Seat 3: fazz420 (button) (small blind) collected ($6)
Seat 4: AzureCaper (big blind) folded before Flop


PokerStars Hand #144345707470:  Hold'em Limit ($3/$6 USD) - 2015/11/24 23:39:14 ET
Table 'Laurentia' 6-max Seat #4 is the button
Seat 3: fazz420 ($446 in chips)
Seat 4: AzureCaper ($168.97 in chips)
AzureCaper: posts small blind $1
fazz420: posts big blind $3
*** HOLE CARDS ***
AzureCaper: folds
Uncalled bet ($2) returned to fazz420
fazz420 collected $2 from pot
fazz420: doesn't show hand
*** SUMMARY ***
Total pot $2 | Rake $0
Seat 3: fazz420 (big blind) collected ($2)
Seat 4: AzureCaper (button) (small blind) folded before Flop


PokerStars Hand #144345705008:  Hold'em Limit ($3/$6 USD) - 2015/11/24 23:39:05 ET
Table 'Laurentia' 6-max Seat #3 is the button
Seat 3: fazz420 ($455 in chips)
Seat 4: AzureCaper ($160.33 in chips)
fazz420: posts small blind $1
AzureCaper: posts big blind $3
*** HOLE CARDS ***
fazz420: raises $3 to $6
AzureCaper: raises $3 to $9
fazz420: calls $3
*** FLOP *** [9h Ad 2h]
AzureCaper: bets $3
fazz420: folds
Uncalled bet ($3) returned to AzureCaper
AzureCaper collected $17.64 from pot
AzureCaper: doesn't show hand
*** SUMMARY ***
Total pot $18 | Rake $0.36
Board [9h Ad 2h]
Seat 3: fazz420 (button) (small blind) folded on the Flop
Seat 4: AzureCaper (big blind) collected ($17.64)


PokerStars Hand #144345701515:  Hold'em Limit ($3/$6 USD) - 2015/11/24 23:38:52 ET
Table 'Laurentia' 6-max Seat #3 is the button
Seat 3: fazz420 ($455 in chips)
Seat 4: AzureCaper ($160.33 in chips)
fazz420: posts small blind $1
AzureCaper: posts big blind $3
*** HOLE CARDS ***
fazz420: folds
Uncalled bet ($2) returned to AzureCaper
AzureCaper collected $2 from pot
AzureCaper: doesn't show hand
*** SUMMARY ***
Total pot $2 | Rake $0
Seat 3: fazz420 (button) (small blind) folded before Flop
Seat 4: AzureCaper (big blind) collected ($2)


PokerStars Hand #144345703894:  Hold'em Limit ($3/$6 USD) - 2015/11/24 23:39:01 ET
Table 'Laurentia' 6-max Seat #4 is the button
Seat 3: fazz420 ($454 in chips)
Seat 4: AzureCaper ($161.33 in chips)
AzureCaper: posts small blind $1
fazz420: posts big blind $3
*** HOLE CARDS ***
AzureCaper: folds
Uncalled bet ($2) returned to fazz420
fazz420 collected $2 from pot
fazz420: doesn't show hand
*** SUMMARY ***
Total pot $2 | Rake $0
Seat 3: fazz420 (big blind) collected ($2)
Seat 4: AzureCaper (button) (small blind) folded before Flop


PokerStars Hand #144345698423:  Hold'em Limit ($3/$6 USD) - 2015/11/24 23:38:40 ET
Table 'Laurentia' 6-max Seat #4 is the button
Seat 3: fazz420 ($446.36 in chips)
Seat 4: AzureCaper ($169.33 in chips)
AzureCaper: posts small blind $1
fazz420: posts big blind $3
*** HOLE CARDS ***
AzureCaper: raises $3 to $6
fazz420: calls $3
*** FLOP *** [6s Qh Jd]
fazz420: checks
AzureCaper: bets $3
fazz420: calls $3
*** TURN *** [6s Qh Jd] [4c]
fazz420: checks
AzureCaper: checks
*** RIVER *** [6s Qh Jd 4c] [9c]
fazz420: bets $6
AzureCaper: folds
Uncalled bet ($6) returned to fazz420
fazz420 collected $17.64 from pot
fazz420: doesn't show hand
*** SUMMARY ***
Total pot $18 | Rake $0.36
Board [6s Qh Jd 4c 9c]
Seat 3: fazz420 (big blind) collected ($17.64)
Seat 4: AzureCaper (button) (small blind) folded on the River


PokerStars Hand #144345717675:  Hold'em Limit ($3/$6 USD) - 2015/11/24 23:39:52 ET
Table 'Laurentia' 6-max Seat #4 is the button
Seat 3: fazz420 ($430 in chips)
Seat 4: AzureCaper ($184.47 in chips)
AzureCaper: posts small blind $1
fazz420: posts big blind $3
*** HOLE CARDS ***
AzureCaper: folds
Uncalled bet ($2) returned to fazz420
fazz420 collected $2 from pot
fazz420: doesn't show hand
*** SUMMARY ***
Total pot $2 | Rake $0
Seat 3: fazz420 (big blind) collected ($2)
Seat 4: AzureCaper (button) (small blind) folded before Flop


PokerStars Hand #144345718791:  Hold'em Limit ($3/$6 USD) - 2015/11/24 23:39:56 ET
Table 'Laurentia' 6-max Seat #3 is the button
Seat 3: fazz420 ($431 in chips)
Seat 4: AzureCaper ($183.47 in chips)
fazz420: posts small blind $1
AzureCaper: posts big blind $3
*** HOLE CARDS ***
fazz420: raises $3 to $6
AzureCaper: calls $3
*** FLOP *** [5s Jh 6h]
AzureCaper: checks
fazz420: bets $3
AzureCaper: folds
Uncalled bet ($3) returned to fazz420
fazz420 collected $11.76 from pot
fazz420: doesn't show hand
*** SUMMARY ***
Total pot $12 | Rake $0.24
Board [5s Jh 6h]
Seat 3: fazz420 (button) (small blind) collected ($11.76)
Seat 4: AzureCaper (big blind) folded on the Flop


PokerStars Hand #144345721046:  Hold'em Limit ($3/$6 USD) - 2015/11/24 23:40:05 ET
Table 'Laurentia' 6-max Seat #4 is the button
Seat 3: fazz420 ($436.76 in chips)
Seat 4: AzureCaper ($177.47 in chips)
AzureCaper: posts small blind $1
fazz420: posts big blind $3
*** HOLE CARDS ***
AzureCaper: raises $3 to $6
fazz420: calls $3
*** FLOP *** [2d Ks Th]
fazz420: checks
AzureCaper: bets $3
fazz420: calls $3
*** TURN *** [2d Ks Th] [Qc]
fazz420: checks
AzureCaper: bets $6
fazz420: folds
Uncalled bet ($6) returned to AzureCaper
AzureCaper collected $17.64 from pot
AzureCaper: doesn't show hand
*** SUMMARY ***
Total pot $18 | Rake $0.36
Board [2d Ks Th Qc]
Seat 3: fazz420 (big blind) folded on the Turn
Seat 4: AzureCaper (button) (small blind) collected ($17.64)


PokerStars Hand #144345728520:  Hold'em Limit ($3/$6 USD) - 2015/11/24 23:40:33 ET
Table 'Laurentia' 6-max Seat #4 is the button
Seat 3: fazz420 ($418.76 in chips)
Seat 4: AzureCaper ($194.75 in chips)
AzureCaper: posts small blind $1
fazz420: posts big blind $3
*** HOLE CARDS ***
AzureCaper: folds
Uncalled bet ($2) returned to fazz420
fazz420 collected $2 from pot
fazz420: doesn't show hand
*** SUMMARY ***
Total pot $2 | Rake $0
Seat 3: fazz420 (big blind) collected ($2)
Seat 4: AzureCaper (button) (small blind) folded before Flop


PokerStars Hand #144345711419:  Hold'em Limit ($3/$6 USD) - 2015/11/24 23:39:29 ET
Table 'Laurentia' 6-max Seat #3 is the button
Seat 3: fazz420 ($451 in chips)
Seat 4: AzureCaper ($163.97 in chips)
fazz420: posts small blind $1
AzureCaper: posts big blind $3
*** HOLE CARDS ***
fazz420: raises $3 to $6
AzureCaper: calls $3
*** FLOP *** [5c 4h 2h]
AzureCaper: bets $3
fazz420: calls $3
*** TURN *** [5c 4h 2h] [4d]
AzureCaper: bets $6
fazz420: calls $6
*** RIVER *** [5c 4h 2h 4d] [Ad]
AzureCaper: checks
fazz420: bets $6
AzureCaper: calls $6
*** SHOW DOWN ***
fazz420: shows [Jh 8h] (a pair of Fours)
AzureCaper: shows [5d Kh] (two pair, Fives and Fours)
AzureCaper collected $41.50 from pot
*** SUMMARY ***
Total pot $42 | Rake $0.50
Board [5c 4h 2h 4d Ad]
Seat 3: fazz420 (button) (small blind) showed [Jh 8h] and lost with a pair of Fours
Seat 4: AzureCaper (big blind) showed [5d Kh] and won ($41.50) with two pair, Fives and Fours


PokerStars Hand #144345737677:  Hold'em Limit ($3/$6 USD) - 2015/11/24 23:41:07 ET
Table 'Laurentia' 6-max Seat #4 is the button
Seat 3: fazz420 ($410.76 in chips)
Seat 4: AzureCaper ($202.39 in chips)
AzureCaper: posts small blind $1
fazz420: posts big blind $3
*** HOLE CARDS ***
AzureCaper: folds
Uncalled bet ($2) returned to fazz420
fazz420 collected $2 from pot
fazz420: doesn't show hand
*** SUMMARY ***
Total pot $2 | Rake $0
Seat 3: fazz420 (big blind) collected ($2)
Seat 4: AzureCaper (button) (small blind) folded before Flop


PokerStars Hand #144345729691:  Hold'em Limit ($3/$6 USD) - 2015/11/24 23:40:38 ET
Table 'Laurentia' 6-max Seat #3 is the button
Seat 3: fazz420 ($419.76 in chips)
Seat 4: AzureCaper ($193.75 in chips)
fazz420: posts small blind $1
AzureCaper: posts big blind $3
*** HOLE CARDS ***
fazz420: raises $3 to $6
AzureCaper: raises $3 to $9
fazz420: calls $3
*** FLOP *** [Kh 4s Ah]
AzureCaper: bets $3
fazz420: folds
Uncalled bet ($3) returned to AzureCaper
AzureCaper collected $17.64 from pot
AzureCaper: doesn't show hand
*** SUMMARY ***
Total pot $18 | Rake $0.36
Board [Kh 4s Ah]
Seat 3: fazz420 (button) (small blind) folded on the Flop
Seat 4: AzureCaper (big blind) collected ($17.64)


PokerStars Hand #144345738771:  Hold'em Limit ($3/$6 USD) - 2015/11/24 23:41:12 ET
Table 'Laurentia' 6-max Seat #3 is the button
Seat 3: fazz420 ($411.76 in chips)
Seat 4: AzureCaper ($201.39 in chips)
fazz420: posts small blind $1
AzureCaper: posts big blind $3
*** HOLE CARDS ***
fazz420: folds
Uncalled bet ($2) returned to AzureCaper
AzureCaper collected $2 from pot
AzureCaper: doesn't show hand
*** SUMMARY ***
Total pot $2 | Rake $0
Seat 3: fazz420 (button) (small blind) folded before Flop
Seat 4: AzureCaper (big blind) collected ($2)


PokerStars Hand #144345743835:  Hold'em Limit ($3/$6 USD) - 2015/11/24 23:41:30 ET
Table 'Laurentia' 6-max Seat #3 is the button
Seat 3: fazz420 ($404.76 in chips)
Seat 4: AzureCaper ($208.15 in chips)
fazz420: posts small blind $1
AzureCaper: posts big blind $3
*** HOLE CARDS ***
fazz420: raises $3 to $6
AzureCaper: calls $3
*** FLOP *** [Td 5h Ks]
AzureCaper: checks
fazz420: bets $3
AzureCaper: folds
Uncalled bet ($3) returned to fazz420
fazz420 collected $11.76 from pot
fazz420: doesn't show hand
*** SUMMARY ***
Total pot $12 | Rake $0.24
Board [Td 5h Ks]
Seat 3: fazz420 (button) (small blind) collected ($11.76)
Seat 4: AzureCaper (big blind) folded on the Flop


PokerStars Hand #144345748950:  Hold'em Limit ($3/$6 USD) - 2015/11/24 23:41:49 ET
Table 'Laurentia' 6-max Seat #3 is the button
Seat 3: fazz420 ($404.52 in chips)
Seat 4: AzureCaper ($207.91 in chips)
fazz420: posts small blind $1
AzureCaper: posts big blind $3
*** HOLE CARDS ***
fazz420: raises $3 to $6
AzureCaper: calls $3
*** FLOP *** [4c Jc Kc]
AzureCaper: checks
fazz420: bets $3
AzureCaper: raises $3 to $6
fazz420: calls $3
*** TURN *** [4c Jc Kc] [4d]
AzureCaper: checks
fazz420: checks
*** RIVER *** [4c Jc Kc 4d] [Qh]
AzureCaper: checks
fazz420: checks
*** SHOW DOWN ***
AzureCaper: shows [6d 8c] (a pair of Fours)
fazz420: shows [2d Ac] (a pair of Fours - Ace kicker)
fazz420 collected $23.52 from pot
*** SUMMARY ***
Total pot $24 | Rake $0.48
Board [4c Jc Kc 4d Qh]
Seat 3: fazz420 (button) (small blind) showed [2d Ac] and won ($23.52) with a pair of Fours
Seat 4: AzureCaper (big blind) showed [6d 8c] and lost with a pair of Fours


PokerStars Hand #144345752563:  Hold'em Limit ($3/$6 USD) - 2015/11/24 23:42:03 ET
Table 'Laurentia' 6-max Seat #4 is the button
Seat 3: fazz420 ($416.04 in chips)
Seat 4: AzureCaper ($195.91 in chips)
AzureCaper: posts small blind $1
fazz420: posts big blind $3
*** HOLE CARDS ***
AzureCaper: folds
Uncalled bet ($2) returned to fazz420
fazz420 collected $2 from pot
fazz420: doesn't show hand
*** SUMMARY ***
Total pot $2 | Rake $0
Seat 3: fazz420 (big blind) collected ($2)
Seat 4: AzureCaper (button) (small blind) folded before Flop


PokerStars Hand #144345754768:  Hold'em Limit ($3/$6 USD) - 2015/11/24 23:42:11 ET
Table 'Laurentia' 6-max Seat #3 is the button
Seat 3: fazz420 ($417.04 in chips)
Seat 4: AzureCaper ($194.91 in chips)
fazz420: posts small blind $1
AzureCaper: posts big blind $3
*** HOLE CARDS ***
fazz420: raises $3 to $6
AzureCaper: raises $3 to $9
fazz420: calls $3
*** FLOP *** [3s Ks 3d]
AzureCaper: bets $3
fazz420: calls $3
*** TURN *** [3s Ks 3d] [2s]
AzureCaper: checks
fazz420: checks
*** RIVER *** [3s Ks 3d 2s] [Kh]
AzureCaper: checks
fazz420: checks
*** SHOW DOWN ***
AzureCaper: shows [Ac 4c] (two pair, Kings and Threes)
fazz420: shows [Ad Jc] (two pair, Kings and Threes)
AzureCaper collected $11.76 from pot
fazz420 collected $11.76 from pot
*** SUMMARY ***
Total pot $24 | Rake $0.48
Board [3s Ks 3d 2s Kh]
Seat 3: fazz420 (button) (small blind) showed [Ad Jc] and won ($11.76) with two pair, Kings and Threes
Seat 4: AzureCaper (big blind) showed [Ac 4c] and won ($11.76) with two pair, Kings and Threes


PokerStars Hand #144345759121:  Hold'em Limit ($3/$6 USD) - 2015/11/24 23:42:27 ET
Table 'Laurentia' 6-max Seat #4 is the button
Seat 3: fazz420 ($416.80 in chips)
Seat 4: AzureCaper ($194.67 in chips)
AzureCaper: posts small blind $1
fazz420: posts big blind $3
*** HOLE CARDS ***
AzureCaper: raises $3 to $6
fazz420: calls $3
*** FLOP *** [9s Qd 8h]
fazz420: checks
AzureCaper: bets $3
fazz420: calls $3
*** TURN *** [9s Qd 8h] [5s]
fazz420: checks
AzureCaper: checks
*** RIVER *** [9s Qd 8h 5s] [4h]
fazz420: checks
AzureCaper: bets $6
fazz420: calls $6
*** SHOW DOWN ***
AzureCaper: shows [5c 6s] (a pair of Fives)
fazz420: shows [8c Jd] (a pair of Eights)
fazz420 collected $29.50 from pot
*** SUMMARY ***
Total pot $30 | Rake $0.50
Board [9s Qd 8h 5s 4h]
Seat 3: fazz420 (big blind) showed [8c Jd] and won ($29.50) with a pair of Eights
Seat 4: AzureCaper (button) (small blind) showed [5c 6s] and lost with a pair of Fives


PokerStars Hand #144345746795:  Hold'em Limit ($3/$6 USD) - 2015/11/24 23:41:41 ET
Table 'Laurentia' 6-max Seat #4 is the button
Seat 3: fazz420 ($410.52 in chips)
Seat 4: AzureCaper ($202.15 in chips)
AzureCaper: posts small blind $1
fazz420: posts big blind $3
*** HOLE CARDS ***
AzureCaper: raises $3 to $6
fazz420: calls $3
*** FLOP *** [8d Jc 3d]
fazz420: checks
AzureCaper: bets $3
fazz420: folds
Uncalled bet ($3) returned to AzureCaper
AzureCaper collected $11.76 from pot
AzureCaper: doesn't show hand
*** SUMMARY ***
Total pot $12 | Rake $0.24
Board [8d Jc 3d]
Seat 3: fazz420 (big blind) folded on the Flop
Seat 4: AzureCaper (button) (small blind) collected ($11.76)


PokerStars Hand #144345766948:  Hold'em Limit ($3/$6 USD) - 2015/11/24 23:42:56 ET
Table 'Laurentia' 6-max Seat #3 is the button
Seat 3: fazz420 ($423.30 in chips)
Seat 4: AzureCaper ($187.31 in chips)
fazz420: posts small blind $1
AzureCaper: posts big blind $3
*** HOLE CARDS ***
fazz420: folds
Uncalled bet ($2) returned to AzureCaper
AzureCaper collected $2 from pot
AzureCaper: doesn't show hand
*** SUMMARY ***
Total pot $2 | Rake $0
Seat 3: fazz420 (button) (small blind) folded before Flop
Seat 4: AzureCaper (big blind) collected ($2)


PokerStars Hand #144345765641:  Hold'em Limit ($3/$6 USD) - 2015/11/24 23:42:51 ET
Table 'Laurentia' 6-max Seat #4 is the button
Seat 3: fazz420 ($422.30 in chips)
Seat 4: AzureCaper ($188.31 in chips)
AzureCaper: posts small blind $1
fazz420: posts big blind $3
*** HOLE CARDS ***
AzureCaper: folds
Uncalled bet ($2) returned to fazz420
fazz420 collected $2 from pot
fazz420: doesn't show hand
*** SUMMARY ***
Total pot $2 | Rake $0
Seat 3: fazz420 (big blind) collected ($2)
Seat 4: AzureCaper (button) (small blind) folded before Flop


PokerStars Hand #144345769667:  Hold'em Limit ($3/$6 USD) - 2015/11/24 23:43:07 ET
Table 'Laurentia' 6-max Seat #3 is the button
Seat 3: fazz420 ($423.30 in chips)
Seat 4: AzureCaper ($187.31 in chips)
fazz420: posts small blind $1
AzureCaper: posts big blind $3
*** HOLE CARDS ***
fazz420: raises $3 to $6
AzureCaper: calls $3
*** FLOP *** [Jc Kh 3d]
AzureCaper: bets $3
fazz420: folds
Uncalled bet ($3) returned to AzureCaper
AzureCaper collected $11.76 from pot
AzureCaper: doesn't show hand
*** SUMMARY ***
Total pot $12 | Rake $0.24
Board [Jc Kh 3d]
Seat 3: fazz420 (button) (small blind) folded on the Flop
Seat 4: AzureCaper (big blind) collected ($11.76)


PokerStars Hand #144345774007:  Hold'em Limit ($3/$6 USD) - 2015/11/24 23:43:23 ET
Table 'Laurentia' 6-max Seat #4 is the button
Seat 3: fazz420 ($417.30 in chips)
Seat 4: AzureCaper ($193.07 in chips)
AzureCaper: posts small blind $1
fazz420: posts big blind $3
*** HOLE CARDS ***
AzureCaper: folds
Uncalled bet ($2) returned to fazz420
fazz420 collected $2 from pot
fazz420: doesn't show hand
*** SUMMARY ***
Total pot $2 | Rake $0
Seat 3: fazz420 (big blind) collected ($2)
Seat 4: AzureCaper (button) (small blind) folded before Flop


PokerStars Hand #144345783258:  Hold'em Limit ($3/$6 USD) - 2015/11/24 23:43:57 ET
Table 'Laurentia' 6-max Seat #4 is the button
Seat 3: fazz420 ($426.94 in chips)
Seat 4: AzureCaper ($183.07 in chips)
AzureCaper: posts small blind $1
fazz420: posts big blind $3
*** HOLE CARDS ***
AzureCaper: folds
Uncalled bet ($2) returned to fazz420
fazz420 collected $2 from pot
fazz420: doesn't show hand
*** SUMMARY ***
Total pot $2 | Rake $0
Seat 3: fazz420 (big blind) collected ($2)
Seat 4: AzureCaper (button) (small blind) folded before Flop


PokerStars Hand #144345782053:  Hold'em Limit ($3/$6 USD) - 2015/11/24 23:43:53 ET
Table 'Laurentia' 6-max Seat #3 is the button
Seat 3: fazz420 ($427.94 in chips)
Seat 4: AzureCaper ($182.07 in chips)
fazz420: posts small blind $1
AzureCaper: posts big blind $3
*** HOLE CARDS ***
fazz420: folds
Uncalled bet ($2) returned to AzureCaper
AzureCaper collected $2 from pot
AzureCaper: doesn't show hand
*** SUMMARY ***
Total pot $2 | Rake $0
Seat 3: fazz420 (button) (small blind) folded before Flop
Seat 4: AzureCaper (big blind) collected ($2)


PokerStars Hand #144345784486:  Hold'em Limit ($3/$6 USD) - 2015/11/24 23:44:02 ET
Table 'Laurentia' 6-max Seat #3 is the button
Seat 3: fazz420 ($427.94 in chips)
Seat 4: AzureCaper ($182.07 in chips)
fazz420: posts small blind $1
AzureCaper: posts big blind $3
*** HOLE CARDS ***
fazz420: folds
Uncalled bet ($2) returned to AzureCaper
AzureCaper collected $2 from pot
AzureCaper: doesn't show hand
*** SUMMARY ***
Total pot $2 | Rake $0
Seat 3: fazz420 (button) (small blind) folded before Flop
Seat 4: AzureCaper (big blind) collected ($2)


PokerStars Hand #144345785785:  Hold'em Limit ($3/$6 USD) - 2015/11/24 23:44:07 ET
Table 'Laurentia' 6-max Seat #4 is the button
Seat 3: fazz420 ($426.94 in chips)
Seat 4: AzureCaper ($183.07 in chips)
AzureCaper: posts small blind $1
fazz420: posts big blind $3
*** HOLE CARDS ***
AzureCaper: raises $3 to $6
fazz420: calls $3
*** FLOP *** [5d 6s Ks]
fazz420: checks
AzureCaper: bets $3
fazz420: calls $3
*** TURN *** [5d 6s Ks] [9h]
fazz420: checks
AzureCaper: checks
*** RIVER *** [5d 6s Ks 9h] [Ad]
fazz420: checks
AzureCaper: bets $6
fazz420: calls $6
*** SHOW DOWN ***
AzureCaper: shows [7s As] (a pair of Aces)
fazz420: mucks hand
AzureCaper collected $29.50 from pot
*** SUMMARY ***
Total pot $30 | Rake $0.50
Board [5d 6s Ks 9h Ad]
Seat 3: fazz420 (big blind) mucked
Seat 4: AzureCaper (button) (small blind) showed [7s As] and won ($29.50) with a pair of Aces


PokerStars Hand #144345790245:  Hold'em Limit ($3/$6 USD) - 2015/11/24 23:44:24 ET
Table 'Laurentia' 6-max Seat #3 is the button
Seat 3: fazz420 ($411.94 in chips)
Seat 4: AzureCaper ($197.57 in chips)
fazz420: posts small blind $1
AzureCaper: posts big blind $3
*** HOLE CARDS ***
fazz420: folds
Uncalled bet ($2) returned to AzureCaper
AzureCaper collected $2 from pot
*** SUMMARY ***
Total pot $2 | Rake $0
Seat 3: fazz420 (button) (small blind) folded before Flop
Seat 4: AzureCaper (big blind) collected ($2)


PokerStars Hand #144345793170:  Hold'em Limit ($3/$6 USD) - 2015/11/24 23:44:34 ET
Table 'Laurentia' 6-max Seat #3 is the button
Seat 3: fazz420 ($411.94 in chips)
Seat 4: AzureCaper ($197.57 in chips)
fazz420: posts small blind $1
AzureCaper: posts big blind $3
*** HOLE CARDS ***
fazz420: folds
Uncalled bet ($2) returned to AzureCaper
AzureCaper collected $2 from pot
AzureCaper: doesn't show hand
*** SUMMARY ***
Total pot $2 | Rake $0
Seat 3: fazz420 (button) (small blind) folded before Flop
Seat 4: AzureCaper (big blind) collected ($2)


PokerStars Hand #144345791592:  Hold'em Limit ($3/$6 USD) - 2015/11/24 23:44:29 ET
Table 'Laurentia' 6-max Seat #4 is the button
Seat 3: fazz420 ($410.94 in chips)
Seat 4: AzureCaper ($198.57 in chips)
AzureCaper: posts small blind $1
fazz420: posts big blind $3
*** HOLE CARDS ***
AzureCaper: folds
Uncalled bet ($2) returned to fazz420
fazz420 collected $2 from pot
fazz420: doesn't show hand
*** SUMMARY ***
Total pot $2 | Rake $0
Seat 3: fazz420 (big blind) collected ($2)
Seat 4: AzureCaper (button) (small blind) folded before Flop


PokerStars Hand #144345780872:  Hold'em Limit ($3/$6 USD) - 2015/11/24 23:43:48 ET
Table 'Laurentia' 6-max Seat #4 is the button
Seat 3: fazz420 ($426.94 in chips)
Seat 4: AzureCaper ($183.07 in chips)
AzureCaper: posts small blind $1
fazz420: posts big blind $3
*** HOLE CARDS ***
AzureCaper: folds
Uncalled bet ($2) returned to fazz420
fazz420 collected $2 from pot
fazz420: doesn't show hand
*** SUMMARY ***
Total pot $2 | Rake $0
Seat 3: fazz420 (big blind) collected ($2)
Seat 4: AzureCaper (button) (small blind) folded before Flop


PokerStars Hand #144345775255:  Hold'em Limit ($3/$6 USD) - 2015/11/24 23:43:27 ET
Table 'Laurentia' 6-max Seat #3 is the button
Seat 3: fazz420 ($418.30 in chips)
Seat 4: AzureCaper ($192.07 in chips)
fazz420: posts small blind $1
AzureCaper: posts big blind $3
*** HOLE CARDS ***
fazz420: raises $3 to $6
AzureCaper: calls $3
*** FLOP *** [9h 6h 8d]
AzureCaper: checks
fazz420: bets $3
AzureCaper: calls $3
*** TURN *** [9h 6h 8d] [Kc]
AzureCaper: checks
fazz420: bets $6
AzureCaper: folds
Uncalled bet ($6) returned to fazz420
fazz420 collected $17.64 from pot
fazz420: doesn't show hand
*** SUMMARY ***
Total pot $18 | Rake $0.36
Board [9h 6h 8d Kc]
Seat 3: fazz420 (button) (small blind) collected ($17.64)
Seat 4: AzureCaper (big blind) folded on the Turn


PokerStars Hand #144345799578:  Hold'em Limit ($3/$6 USD) - 2015/11/24 23:44:58 ET
Table 'Laurentia' 6-max Seat #4 is the button
Seat 3: fazz420 ($398.94 in chips)
Seat 4: AzureCaper ($210.07 in chips)
AzureCaper: posts small blind $1
fazz420: posts big blind $3
*** HOLE CARDS ***
AzureCaper: folds
Uncalled bet ($2) returned to fazz420
fazz420 collected $2 from pot
fazz420: doesn't show hand
*** SUMMARY ***
Total pot $2 | Rake $0
Seat 3: fazz420 (big blind) collected ($2)
Seat 4: AzureCaper (button) (small blind) folded before Flop


PokerStars Hand #144345797998:  Hold'em Limit ($3/$6 USD) - 2015/11/24 23:44:53 ET
Table 'Laurentia' 6-max Seat #3 is the button
Seat 3: fazz420 ($395.94 in chips)
Seat 4: AzureCaper ($213.07 in chips)
fazz420: posts small blind $1
AzureCaper: posts big blind $3
*** HOLE CARDS ***
fazz420: raises $3 to $6
AzureCaper: folds
Uncalled bet ($3) returned to fazz420
fazz420 collected $6 from pot
fazz420: doesn't show hand
*** SUMMARY ***
Total pot $6 | Rake $0
Seat 3: fazz420 (button) (small blind) collected ($6)
Seat 4: AzureCaper (big blind) folded before Flop


PokerStars Hand #144345802398:  Hold'em Limit ($3/$6 USD) - 2015/11/24 23:45:09 ET
Table 'Laurentia' 6-max Seat #4 is the button
Seat 3: fazz420 ($402.94 in chips)
Seat 4: AzureCaper ($206.07 in chips)
AzureCaper: posts small blind $1
fazz420: posts big blind $3
*** HOLE CARDS ***
AzureCaper: folds
Uncalled bet ($2) returned to fazz420
fazz420 collected $2 from pot
fazz420: doesn't show hand
*** SUMMARY ***
Total pot $2 | Rake $0
Seat 3: fazz420 (big blind) collected ($2)
Seat 4: AzureCaper (button) (small blind) folded before Flop


PokerStars Hand #144345800808:  Hold'em Limit ($3/$6 USD) - 2015/11/24 23:45:03 ET
Table 'Laurentia' 6-max Seat #3 is the button
Seat 3: fazz420 ($399.94 in chips)
Seat 4: AzureCaper ($209.07 in chips)
fazz420: posts small blind $1
AzureCaper: posts big blind $3
*** HOLE CARDS ***
fazz420: raises $3 to $6
AzureCaper: folds
Uncalled bet ($3) returned to fazz420
fazz420 collected $6 from pot
fazz420: doesn't show hand
*** SUMMARY ***
Total pot $6 | Rake $0
Seat 3: fazz420 (button) (small blind) collected ($6)
Seat 4: AzureCaper (big blind) folded before Flop


PokerStars Hand #144345803698:  Hold'em Limit ($3/$6 USD) - 2015/11/24 23:45:13 ET
Table 'Laurentia' 6-max Seat #3 is the button
Seat 3: fazz420 ($403.94 in chips)
Seat 4: AzureCaper ($205.07 in chips)
fazz420: posts small blind $1
AzureCaper: posts big blind $3
*** HOLE CARDS ***
fazz420: raises $3 to $6
AzureCaper: folds
Uncalled bet ($3) returned to fazz420
fazz420 collected $6 from pot
fazz420: doesn't show hand
*** SUMMARY ***
Total pot $6 | Rake $0
Seat 3: fazz420 (button) (small blind) collected ($6)
Seat 4: AzureCaper (big blind) folded before Flop


PokerStars Hand #144345805257:  Hold'em Limit ($3/$6 USD) - 2015/11/24 23:45:19 ET
Table 'Laurentia' 6-max Seat #4 is the button
Seat 3: fazz420 ($406.94 in chips)
Seat 4: AzureCaper ($202.07 in chips)
AzureCaper: posts small blind $1
fazz420: posts big blind $3
*** HOLE CARDS ***
AzureCaper: raises $3 to $6
fazz420: raises $3 to $9
AzureCaper: calls $3
*** FLOP *** [Kd 2d 4h]
fazz420: bets $3
AzureCaper: calls $3
*** TURN *** [Kd 2d 4h] [2c]
fazz420: bets $6
AzureCaper: calls $6
*** RIVER *** [Kd 2d 4h 2c] [4c]
fazz420: bets $6
AzureCaper: raises $6 to $12
fazz420: folds
Uncalled bet ($6) returned to AzureCaper
AzureCaper collected $47.50 from pot
AzureCaper: doesn't show hand
*** SUMMARY ***
Total pot $48 | Rake $0.50
Board [Kd 2d 4h 2c 4c]
Seat 3: fazz420 (big blind) folded on the River
Seat 4: AzureCaper (button) (small blind) collected ($47.50)


PokerStars Hand #144345808996:  Hold'em Limit ($3/$6 USD) - 2015/11/24 23:45:33 ET
Table 'Laurentia' 6-max Seat #3 is the button
Seat 3: fazz420 ($382.94 in chips)
Seat 4: AzureCaper ($225.57 in chips)
fazz420: posts small blind $1
AzureCaper: posts big blind $3
*** HOLE CARDS ***
fazz420: folds
Uncalled bet ($2) returned to AzureCaper
AzureCaper collected $2 from pot
AzureCaper: doesn't show hand
*** SUMMARY ***
Total pot $2 | Rake $0
Seat 3: fazz420 (button) (small blind) folded before Flop
Seat 4: AzureCaper (big blind) collected ($2)


PokerStars Hand #144345794550:  Hold'em Limit ($3/$6 USD) - 2015/11/24 23:44:40 ET
Table 'Laurentia' 6-max Seat #4 is the button
Seat 3: fazz420 ($410.94 in chips)
Seat 4: AzureCaper ($198.57 in chips)
AzureCaper: posts small blind $1
fazz420: posts big blind $3
*** HOLE CARDS ***
AzureCaper: raises $3 to $6
fazz420: calls $3
*** FLOP *** [9h 3c 2h]
fazz420: checks
AzureCaper: bets $3
fazz420: calls $3
*** TURN *** [9h 3c 2h] [7d]
fazz420: checks
AzureCaper: checks
*** RIVER *** [9h 3c 2h 7d] [6s]
fazz420: bets $6
AzureCaper: calls $6
*** SHOW DOWN ***
fazz420: shows [5h Ac] (high card Ace)
AzureCaper: shows [Ad Qh] (high card Ace - Queen kicker)
AzureCaper collected $29.50 from pot
*** SUMMARY ***
Total pot $30 | Rake $0.50
Board [9h 3c 2h 7d 6s]
Seat 3: fazz420 (big blind) showed [5h Ac] and lost with high card Ace
Seat 4: AzureCaper (button) (small blind) showed [Ad Qh] and won ($29.50) with high card Ace


PokerStars Hand #144345812468:  Hold'em Limit ($3/$6 USD) - 2015/11/24 23:45:46 ET
Table 'Laurentia' 6-max Seat #3 is the button
Seat 3: fazz420 ($378.94 in chips)
Seat 4: AzureCaper ($229.57 in chips)
fazz420: posts small blind $1
AzureCaper: posts big blind $3
*** HOLE CARDS ***
fazz420: raises $3 to $6
AzureCaper: folds
Uncalled bet ($3) returned to fazz420
fazz420 collected $6 from pot
fazz420: doesn't show hand
*** SUMMARY ***
Total pot $6 | Rake $0
Seat 3: fazz420 (button) (small blind) collected ($6)
Seat 4: AzureCaper (big blind) folded before Flop


PokerStars Hand #144345810566:  Hold'em Limit ($3/$6 USD) - 2015/11/24 23:45:39 ET
Table 'Laurentia' 6-max Seat #4 is the button
Seat 3: fazz420 ($381.94 in chips)
Seat 4: AzureCaper ($226.57 in chips)
AzureCaper: posts small blind $1
fazz420: posts big blind $3
*** HOLE CARDS ***
AzureCaper: raises $3 to $6
fazz420: folds
Uncalled bet ($3) returned to AzureCaper
AzureCaper collected $6 from pot
AzureCaper: doesn't show hand
*** SUMMARY ***
Total pot $6 | Rake $0
Seat 3: fazz420 (big blind) folded before Flop
Seat 4: AzureCaper (button) (small blind) collected ($6)


PokerStars Hand #144345818892:  Hold'em Limit ($3/$6 USD) - 2015/11/24 23:46:10 ET
Table 'Laurentia' 6-max Seat #3 is the button
Seat 3: fazz420 ($351.94 in chips)
Seat 4: AzureCaper ($256.07 in chips)
fazz420: posts small blind $1
AzureCaper: posts big blind $3
*** HOLE CARDS ***
fazz420: raises $3 to $6
AzureCaper: calls $3
*** FLOP *** [3h 3d 5s]
AzureCaper: checks
fazz420: bets $3
AzureCaper: raises $3 to $6
fazz420: calls $3
*** TURN *** [3h 3d 5s] [9c]
AzureCaper: bets $6
fazz420: calls $6
*** RIVER *** [3h 3d 5s 9c] [8c]
AzureCaper: bets $6
fazz420: calls $6
*** SHOW DOWN ***
AzureCaper: shows [Ac 5c] (two pair, Fives and Threes)
fazz420: shows [8d 5d] (two pair, Eights and Fives)
fazz420 collected $47.50 from pot
*** SUMMARY ***
Total pot $48 | Rake $0.50
Board [3h 3d 5s 9c 8c]
Seat 3: fazz420 (button) (small blind) showed [8d 5d] and won ($47.50) with two pair, Eights and Fives
Seat 4: AzureCaper (big blind) showed [Ac 5c] and lost with two pair, Fives and Threes


PokerStars Hand #144345822536:  Hold'em Limit ($3/$6 USD) - 2015/11/24 23:46:24 ET
Table 'Laurentia' 6-max Seat #4 is the button
Seat 3: fazz420 ($375.44 in chips)
Seat 4: AzureCaper ($232.07 in chips)
AzureCaper: posts small blind $1
fazz420: posts big blind $3
*** HOLE CARDS ***
AzureCaper: folds
Uncalled bet ($2) returned to fazz420
fazz420 collected $2 from pot
fazz420: doesn't show hand
*** SUMMARY ***
Total pot $2 | Rake $0
Seat 3: fazz420 (big blind) collected ($2)
Seat 4: AzureCaper (button) (small blind) folded before Flop


PokerStars Hand #144345824586:  Hold'em Limit ($3/$6 USD) - 2015/11/24 23:46:31 ET
Table 'Laurentia' 6-max Seat #3 is the button
Seat 3: fazz420 ($376.44 in chips)
Seat 4: AzureCaper ($231.07 in chips)
fazz420: posts small blind $1
AzureCaper: posts big blind $3
*** HOLE CARDS ***
fazz420: raises $3 to $6
AzureCaper: calls $3
*** FLOP *** [6c 4s Qs]
AzureCaper: checks
fazz420: bets $3
AzureCaper: folds
Uncalled bet ($3) returned to fazz420
bugsquisher joins the table at seat #2
fazz420 collected $11.76 from pot
fazz420: doesn't show hand
*** SUMMARY ***
Total pot $12 | Rake $0.24
Board [6c 4s Qs]
Seat 3: fazz420 (button) (small blind) collected ($11.76)
Seat 4: AzureCaper (big blind) folded on the Flop


PokerStars Hand #144347622751:  Hold'em Limit ($3/$6 USD) - 2015/11/25 0:46:34 ET
Table 'Laurentia' 6-max Seat #4 is the button
Seat 4: trucker7475 ($118.82 in chips)
Seat 5: HAL9QQQ ($120 in chips)
trucker7475: posts small blind $1
HAL9QQQ: posts big blind $3
*** HOLE CARDS ***
trucker7475: folds
Uncalled bet ($2) returned to HAL9QQQ
HAL9QQQ collected $2 from pot
HAL9QQQ: doesn't show hand
*** SUMMARY ***
Total pot $2 | Rake $0
Seat 4: trucker7475 (button) (small blind) folded before Flop
Seat 5: HAL9QQQ (big blind) collected ($2)


PokerStars Hand #144347618047:  Hold'em Limit ($3/$6 USD) - 2015/11/25 0:46:15 ET
Table 'Laurentia' 6-max Seat #5 is the button
Seat 4: trucker7475 ($95.32 in chips)
Seat 5: HAL9QQQ ($121 in chips)
HAL9QQQ: posts small blind $1
trucker7475: posts big blind $3
*** HOLE CARDS ***
HAL9QQQ: raises $3 to $6
trucker7475: raises $3 to $9
HAL9QQQ: calls $3
*** FLOP *** [Th 6d 2s]
trucker7475: bets $3
HAL9QQQ: calls $3
*** TURN *** [Th 6d 2s] [Qc]
trucker7475: bets $6
HAL9QQQ: calls $6
*** RIVER *** [Th 6d 2s Qc] [Qs]
trucker7475: bets $6
HAL9QQQ: calls $6
*** SHOW DOWN ***
trucker7475: shows [Kh Kd] (two pair, Kings and Queens)
HAL9QQQ: mucks hand
trucker7475 collected $47.50 from pot
*** SUMMARY ***
Total pot $48 | Rake $0.50
Board [Th 6d 2s Qc Qs]
Seat 4: trucker7475 (big blind) showed [Kh Kd] and won ($47.50) with two pair, Kings and Queens
Seat 5: HAL9QQQ (button) (small blind) mucked


PokerStars Hand #144347630546:  Hold'em Limit ($3/$6 USD) - 2015/11/25 0:47:04 ET
Table 'Laurentia' 6-max Seat #4 is the button
Seat 4: trucker7475 ($102.82 in chips)
Seat 5: HAL9QQQ ($135.50 in chips)
trucker7475: posts small blind $1
HAL9QQQ: posts big blind $3
*** HOLE CARDS ***
trucker7475: folds
Uncalled bet ($2) returned to HAL9QQQ
HAL9QQQ collected $2 from pot
HAL9QQQ: doesn't show hand
*** SUMMARY ***
Total pot $2 | Rake $0
Seat 4: trucker7475 (button) (small blind) folded before Flop
Seat 5: HAL9QQQ (big blind) collected ($2)


PokerStars Hand #144347624060:  Hold'em Limit ($3/$6 USD) - 2015/11/25 0:46:39 ET
Table 'Laurentia' 6-max Seat #5 is the button
Seat 4: trucker7475 ($117.82 in chips)
Seat 5: HAL9QQQ ($121 in chips)
HAL9QQQ: posts small blind $1
trucker7475: posts big blind $3
*** HOLE CARDS ***
HAL9QQQ: raises $3 to $6
trucker7475: calls $3
*** FLOP *** [Ts 8s 5c]
trucker7475: checks
HAL9QQQ: bets $3
trucker7475: calls $3
*** TURN *** [Ts 8s 5c] [6s]
trucker7475: checks
HAL9QQQ: bets $6
trucker7475: calls $6
*** RIVER *** [Ts 8s 5c 6s] [9d]
trucker7475: checks
HAL9QQQ: checks
*** SHOW DOWN ***
trucker7475: shows [Ad 4s] (high card Ace)
HAL9QQQ: shows [Js Th] (a pair of Tens)
HAL9QQQ collected $29.50 from pot
*** SUMMARY ***
Total pot $30 | Rake $0.50
Board [Ts 8s 5c 6s 9d]
Seat 4: trucker7475 (big blind) showed [Ad 4s] and lost with high card Ace
Seat 5: HAL9QQQ (button) (small blind) showed [Js Th] and won ($29.50) with a pair of Tens


PokerStars Hand #144347631938:  Hold'em Limit ($3/$6 USD) - 2015/11/25 0:47:09 ET
Table 'Laurentia' 6-max Seat #5 is the button
Seat 4: trucker7475 ($101.82 in chips)
Seat 5: HAL9QQQ ($136.50 in chips)
HAL9QQQ: posts small blind $1
trucker7475: posts big blind $3
*** HOLE CARDS ***
HAL9QQQ: raises $3 to $6
trucker7475: raises $3 to $9
HAL9QQQ: calls $3
*** FLOP *** [3s 2h Kh]
trucker7475: bets $3
HAL9QQQ: calls $3
*** TURN *** [3s 2h Kh] [4c]
trucker7475: checks
HAL9QQQ: bets $6
trucker7475: calls $6
*** RIVER *** [3s 2h Kh 4c] [4s]
trucker7475: checks
HAL9QQQ: bets $6
trucker7475: calls $6
*** SHOW DOWN ***
HAL9QQQ: shows [Kc 8s] (two pair, Kings and Fours)
trucker7475: mucks hand
HAL9QQQ collected $47.50 from pot
*** SUMMARY ***
Total pot $48 | Rake $0.50
Board [3s 2h Kh 4c 4s]
Seat 4: trucker7475 (big blind) mucked
Seat 5: HAL9QQQ (button) (small blind) showed [Kc 8s] and won ($47.50) with two pair, Kings and Fours


PokerStars Hand #144347637162:  Hold'em Limit ($3/$6 USD) - 2015/11/25 0:47:29 ET
Table 'Laurentia' 6-max Seat #4 is the button
Seat 4: trucker7475 ($77.82 in chips)
Seat 5: HAL9QQQ ($160 in chips)
trucker7475: posts small blind $1
HAL9QQQ: posts big blind $3
*** HOLE CARDS ***
trucker7475: calls $2
HAL9QQQ: checks
*** FLOP *** [Td Ah 8d]
HAL9QQQ: bets $3
trucker7475: calls $3
*** TURN *** [Td Ah 8d] [8h]
HAL9QQQ: checks
trucker7475: bets $6
HAL9QQQ: folds
Uncalled bet ($6) returned to trucker7475
trucker7475 collected $11.76 from pot
trucker7475: doesn't show hand
*** SUMMARY ***
Total pot $12 | Rake $0.24
Board [Td Ah 8d 8h]
Seat 4: trucker7475 (button) (small blind) collected ($11.76)
Seat 5: HAL9QQQ (big blind) folded on the Turn


PokerStars Hand #144347647556:  Hold'em Limit ($3/$6 USD) - 2015/11/25 0:48:10 ET
Table 'Laurentia' 6-max Seat #4 is the button
Seat 4: trucker7475 ($77.58 in chips)
Seat 5: HAL9QQQ ($159.76 in chips)
trucker7475: posts small blind $1
HAL9QQQ: posts big blind $3
*** HOLE CARDS ***
trucker7475: folds
Uncalled bet ($2) returned to HAL9QQQ
HAL9QQQ collected $2 from pot
HAL9QQQ: doesn't show hand
*** SUMMARY ***
Total pot $2 | Rake $0
Seat 4: trucker7475 (button) (small blind) folded before Flop
Seat 5: HAL9QQQ (big blind) collected ($2)


PokerStars Hand #144347649021:  Hold'em Limit ($3/$6 USD) - 2015/11/25 0:48:16 ET
Table 'Laurentia' 6-max Seat #5 is the button
Seat 4: trucker7475 ($76.58 in chips)
Seat 5: HAL9QQQ ($160.76 in chips)
HAL9QQQ: posts small blind $1
trucker7475: posts big blind $3
*** HOLE CARDS ***
HAL9QQQ: folds
Uncalled bet ($2) returned to trucker7475
trucker7475 collected $2 from pot
trucker7475: doesn't show hand
*** SUMMARY ***
Total pot $2 | Rake $0
Seat 4: trucker7475 (big blind) collected ($2)
Seat 5: HAL9QQQ (button) (small blind) folded before Flop


PokerStars Hand #144347655600:  Hold'em Limit ($3/$6 USD) - 2015/11/25 0:48:41 ET
Table 'Laurentia' 6-max Seat #5 is the button
Seat 4: trucker7475 ($65.58 in chips)
Seat 5: HAL9QQQ ($171.28 in chips)
HAL9QQQ: posts small blind $1
trucker7475: posts big blind $3
*** HOLE CARDS ***
HAL9QQQ: folds
Uncalled bet ($2) returned to trucker7475
trucker7475 collected $2 from pot
trucker7475: doesn't show hand
*** SUMMARY ***
Total pot $2 | Rake $0
Seat 4: trucker7475 (big blind) collected ($2)
Seat 5: HAL9QQQ (button) (small blind) folded before Flop


PokerStars Hand #144347650300:  Hold'em Limit ($3/$6 USD) - 2015/11/25 0:48:21 ET
Table 'Laurentia' 6-max Seat #4 is the button
Seat 4: trucker7475 ($77.58 in chips)
Seat 5: HAL9QQQ ($159.76 in chips)
trucker7475: posts small blind $1
HAL9QQQ: posts big blind $3
*** HOLE CARDS ***
trucker7475: raises $3 to $6
HAL9QQQ: calls $3
*** FLOP *** [7d 3h 9h]
HAL9QQQ: checks
trucker7475: checks
*** TURN *** [7d 3h 9h] [6h]
HAL9QQQ: bets $6
trucker7475: calls $6
*** RIVER *** [7d 3h 9h 6h] [Kd]
HAL9QQQ: bets $6
trucker7475: folds
Uncalled bet ($6) returned to HAL9QQQ
HAL9QQQ collected $23.52 from pot
HAL9QQQ: doesn't show hand
*** SUMMARY ***
Total pot $24 | Rake $0.48
Board [7d 3h 9h 6h Kd]
Seat 4: trucker7475 (button) (small blind) folded on the River
Seat 5: HAL9QQQ (big blind) collected ($23.52)


PokerStars Hand #144347659947:  Hold'em Limit ($3/$6 USD) - 2015/11/25 0:48:58 ET
Table 'Laurentia' 6-max Seat #4 is the button
Seat 4: trucker7475 ($62.58 in chips)
Seat 5: HAL9QQQ ($174.28 in chips)
trucker7475: posts small blind $1
HAL9QQQ: posts big blind $3
*** HOLE CARDS ***
trucker7475: folds
Uncalled bet ($2) returned to HAL9QQQ
trucker7475 leaves the table
HAL9QQQ collected $2 from pot
HAL9QQQ: doesn't show hand
*** SUMMARY ***
Total pot $2 | Rake $0
Seat 4: trucker7475 (button) (small blind) folded before Flop
Seat 5: HAL9QQQ (big blind) collected ($2)


PokerStars Hand #144347658430:  Hold'em Limit ($3/$6 USD) - 2015/11/25 0:48:52 ET
Table 'Laurentia' 6-max Seat #5 is the button
Seat 4: trucker7475 ($65.58 in chips)
Seat 5: HAL9QQQ ($171.28 in chips)
HAL9QQQ: posts small blind $1
trucker7475: posts big blind $3
*** HOLE CARDS ***
HAL9QQQ: raises $3 to $6
trucker7475: folds
Uncalled bet ($3) returned to HAL9QQQ
HAL9QQQ collected $6 from pot
HAL9QQQ: doesn't show hand
*** SUMMARY ***
Total pot $6 | Rake $0
Seat 4: trucker7475 (big blind) folded before Flop
Seat 5: HAL9QQQ (button) (small blind) collected ($6)


PokerStars Hand #144347656988:  Hold'em Limit ($3/$6 USD) - 2015/11/25 0:48:47 ET
Table 'Laurentia' 6-max Seat #4 is the button
Seat 4: trucker7475 ($66.58 in chips)
Seat 5: HAL9QQQ ($170.28 in chips)
trucker7475: posts small blind $1
HAL9QQQ: posts big blind $3
*** HOLE CARDS ***
trucker7475: folds
Uncalled bet ($2) returned to HAL9QQQ
HAL9QQQ collected $2 from pot
HAL9QQQ: doesn't show hand
*** SUMMARY ***
Total pot $2 | Rake $0
Seat 4: trucker7475 (button) (small blind) folded before Flop
Seat 5: HAL9QQQ (big blind) collected ($2)


PokerStars Hand #144348473904:  Hold'em Limit ($3/$6 USD) - 2015/11/25 1:44:10 ET
Table 'Laurentia' 6-max Seat #1 is the button
Seat 1: Adic80 ($70.35 in chips)
Seat 3: Agrotait ($86.40 in chips)
Adic80: posts small blind $1
Agrotait: posts big blind $3
*** HOLE CARDS ***
Adic80: folds
Uncalled bet ($2) returned to Agrotait
Agrotait collected $2 from pot
Agrotait: doesn't show hand
*** SUMMARY ***
Total pot $2 | Rake $0
Seat 1: Adic80 (button) (small blind) folded before Flop
Seat 3: Agrotait (big blind) collected ($2)


PokerStars Hand #144348470364:  Hold'em Limit ($3/$6 USD) - 2015/11/25 1:43:56 ET
Table 'Laurentia' 6-max Seat #3 is the button
Seat 1: Adic80 ($76.35 in chips)
Seat 3: Agrotait ($80.64 in chips)
Agrotait: posts small blind $1
Adic80: posts big blind $3
*** HOLE CARDS ***
Agrotait: raises $3 to $6
Adic80: calls $3
*** FLOP *** [3c Ac Qc]
Adic80: checks
Agrotait: bets $3
Adic80: folds
Uncalled bet ($3) returned to Agrotait
Agrotait collected $11.76 from pot
Agrotait: doesn't show hand
*** SUMMARY ***
Total pot $12 | Rake $0.24
Board [3c Ac Qc]
Seat 1: Adic80 (big blind) folded on the Flop
Seat 3: Agrotait (button) (small blind) collected ($11.76)


PokerStars Hand #144348464236:  Hold'em Limit ($3/$6 USD) - 2015/11/25 1:43:30 ET
Table 'Laurentia' 6-max Seat #1 is the button
Seat 1: Adic80 ($85.35 in chips)
Seat 3: Agrotait ($72 in chips)
Adic80: posts small blind $1
Agrotait: posts big blind $3
*** HOLE CARDS ***
Adic80: raises $3 to $6
Agrotait: calls $3
*** FLOP *** [2h 3s 7h]
Agrotait: checks
Adic80: bets $3
Agrotait: calls $3
*** TURN *** [2h 3s 7h] [4h]
Agrotait: checks
Adic80: checks
*** RIVER *** [2h 3s 7h 4h] [Jc]
Agrotait: checks
Adic80: checks
*** SHOW DOWN ***
Agrotait: shows [2d Kh] (a pair of Deuces)
Adic80: mucks hand
Agrotait collected $17.64 from pot
*** SUMMARY ***
Total pot $18 | Rake $0.36
Board [2h 3s 7h 4h Jc]
Seat 1: Adic80 (button) (small blind) mucked
Seat 3: Agrotait (big blind) showed [2d Kh] and won ($17.64) with a pair of Deuces


PokerStars Hand #144348483490:  Hold'em Limit ($3/$6 USD) - 2015/11/25 1:44:51 ET
Table 'Laurentia' 6-max Seat #3 is the button
Seat 1: Adic80 ($68.17 in chips)
Seat 3: Agrotait ($88.22 in chips)
Agrotait: posts small blind $1
Adic80: posts big blind $3
*** HOLE CARDS ***
Agrotait: folds
Uncalled bet ($2) returned to Adic80
Adic80 collected $2 from pot
Adic80: doesn't show hand
*** SUMMARY ***
Total pot $2 | Rake $0
Seat 1: Adic80 (big blind) collected ($2)
Seat 3: Agrotait (button) (small blind) folded before Flop


PokerStars Hand #144348482367:  Hold'em Limit ($3/$6 USD) - 2015/11/25 1:44:46 ET
Table 'Laurentia' 6-max Seat #1 is the button
Seat 1: Adic80 ($69.17 in chips)
Seat 3: Agrotait ($87.22 in chips)
Adic80: posts small blind $1
Agrotait: posts big blind $3
*** HOLE CARDS ***
Adic80: folds
Uncalled bet ($2) returned to Agrotait
Agrotait collected $2 from pot
Agrotait: doesn't show hand
*** SUMMARY ***
Total pot $2 | Rake $0
Seat 1: Adic80 (button) (small blind) folded before Flop
Seat 3: Agrotait (big blind) collected ($2)


PokerStars Hand #144348475020:  Hold'em Limit ($3/$6 USD) - 2015/11/25 1:44:15 ET
Table 'Laurentia' 6-max Seat #3 is the button
Seat 1: Adic80 ($69.35 in chips)
Seat 3: Agrotait ($87.40 in chips)
Agrotait: posts small blind $1
Adic80: posts big blind $3
*** HOLE CARDS ***
Agrotait: raises $3 to $6
Adic80: calls $3
*** FLOP *** [Td Jh As]
Adic80: checks
Agrotait: bets $3
Adic80: calls $3
*** TURN *** [Td Jh As] [2h]
Adic80: checks
Agrotait: checks
*** RIVER *** [Td Jh As 2h] [Th]
Adic80: checks
Agrotait: checks
*** SHOW DOWN ***
Adic80: shows [8d Kc] (a pair of Tens)
Agrotait: shows [Kd 3s] (a pair of Tens)
Adic80 collected $8.82 from pot
Agrotait collected $8.82 from pot
*** SUMMARY ***
Total pot $18 | Rake $0.36
Board [Td Jh As 2h Th]
Seat 1: Adic80 (big blind) showed [8d Kc] and won ($8.82) with a pair of Tens
Seat 3: Agrotait (button) (small blind) showed [Kd 3s] and won ($8.82) with a pair of Tens


PokerStars Hand #144348503787:  Hold'em Limit ($3/$6 USD) - 2015/11/25 1:46:14 ET
Table 'Laurentia' 6-max Seat #1 is the button
Seat 1: Adic80 ($77.67 in chips)
Seat 3: Agrotait ($77.98 in chips)
Adic80: posts small blind $1
Agrotait: posts big blind $3
*** HOLE CARDS ***
Adic80: folds
Uncalled bet ($2) returned to Agrotait
Agrotait collected $2 from pot
Agrotait: doesn't show hand
*** SUMMARY ***
Total pot $2 | Rake $0
Seat 1: Adic80 (button) (small blind) folded before Flop
Seat 3: Agrotait (big blind) collected ($2)


PokerStars Hand #144348499241:  Hold'em Limit ($3/$6 USD) - 2015/11/25 1:45:55 ET
Table 'Laurentia' 6-max Seat #3 is the button
Seat 1: Adic80 ($83.67 in chips)
Seat 3: Agrotait ($72.22 in chips)
Agrotait: posts small blind $1
Adic80: posts big blind $3
*** HOLE CARDS ***
Agrotait: raises $3 to $6
Adic80: calls $3
*** FLOP *** [8h 3h 5h]
Adic80: checks
Agrotait: bets $3
Adic80: folds
Uncalled bet ($3) returned to Agrotait
Agrotait collected $11.76 from pot
Agrotait: doesn't show hand
*** SUMMARY ***
Total pot $12 | Rake $0.24
Board [8h 3h 5h]
Seat 1: Adic80 (big blind) folded on the Flop
Seat 3: Agrotait (button) (small blind) collected ($11.76)


PokerStars Hand #144348486769:  Hold'em Limit ($3/$6 USD) - 2015/11/25 1:45:04 ET
Table 'Laurentia' 6-max Seat #1 is the button
Seat 1: Adic80 ($69.17 in chips)
Seat 3: Agrotait ($87.22 in chips)
Adic80: posts small blind $1
Agrotait: posts big blind $3
*** HOLE CARDS ***
Adic80: raises $3 to $6
Agrotait: calls $3
*** FLOP *** [3h 8h Qh]
Agrotait: checks
Adic80: bets $3
Agrotait: calls $3
*** TURN *** [3h 8h Qh] [2d]
Agrotait: checks
Adic80: bets $6
Agrotait: calls $6
*** RIVER *** [3h 8h Qh 2d] [6d]
Agrotait: checks
Adic80: checks
*** SHOW DOWN ***
Agrotait: shows [5d Kh] (high card King)
Adic80: shows [8d 5s] (a pair of Eights)
Adic80 collected $29.50 from pot
*** SUMMARY ***
Total pot $30 | Rake $0.50
Board [3h 8h Qh 2d 6d]
Seat 1: Adic80 (button) (small blind) showed [8d 5s] and won ($29.50) with a pair of Eights
Seat 3: Agrotait (big blind) showed [5d Kh] and lost with high card King


PokerStars Hand #144348509154:  Hold'em Limit ($3/$6 USD) - 2015/11/25 1:46:36 ET
Table 'Laurentia' 6-max Seat #1 is the button
Seat 1: Adic80 ($85.31 in chips)
Seat 3: Agrotait ($69.98 in chips)
Adic80: posts small blind $1
Agrotait: posts big blind $3
*** HOLE CARDS ***
Adic80: folds
Uncalled bet ($2) returned to Agrotait
Agrotait collected $2 from pot
Agrotait: doesn't show hand
*** SUMMARY ***
Total pot $2 | Rake $0
Seat 1: Adic80 (button) (small blind) folded before Flop
Seat 3: Agrotait (big blind) collected ($2)


PokerStars Hand #144348504950:  Hold'em Limit ($3/$6 USD) - 2015/11/25 1:46:19 ET
Table 'Laurentia' 6-max Seat #3 is the button
Seat 1: Adic80 ($76.67 in chips)
Seat 3: Agrotait ($78.98 in chips)
Agrotait: posts small blind $1
Adic80: posts big blind $3
*** HOLE CARDS ***
Agrotait: raises $3 to $6
Adic80: calls $3
*** FLOP *** [Kd 2h 5c]
Adic80: checks
Agrotait: bets $3
Adic80: raises $3 to $6
Agrotait: folds
Uncalled bet ($3) returned to Adic80
Adic80 collected $17.64 from pot
Adic80: doesn't show hand
*** SUMMARY ***
Total pot $18 | Rake $0.36
Board [Kd 2h 5c]
Seat 1: Adic80 (big blind) collected ($17.64)
Seat 3: Agrotait (button) (small blind) folded on the Flop


PokerStars Hand #144348516196:  Hold'em Limit ($3/$6 USD) - 2015/11/25 1:47:05 ET
Table 'Laurentia' 6-max Seat #3 is the button
Seat 1: Adic80 ($106.81 in chips)
Seat 3: Agrotait ($73 in chips)
Agrotait: posts small blind $1
Adic80: posts big blind $3
*** HOLE CARDS ***
Agrotait: raises $3 to $6
Adic80: raises $3 to $9
Agrotait: calls $3
*** FLOP *** [Qd 6h Ts]
Adic80: bets $3
Agrotait: calls $3
*** TURN *** [Qd 6h Ts] [Jd]
Adic80: bets $6
Agrotait: calls $6
*** RIVER *** [Qd 6h Ts Jd] [8c]
Adic80: bets $6
Agrotait: calls $6
*** SHOW DOWN ***
Adic80: shows [Ac 9d] (a straight, Eight to Queen)
Agrotait: mucks hand
Adic80 collected $47.50 from pot
*** SUMMARY ***
Total pot $48 | Rake $0.50
Board [Qd 6h Ts Jd 8c]
Seat 1: Adic80 (big blind) showed [Ac 9d] and won ($47.50) with a straight, Eight to Queen
Seat 3: Agrotait (button) (small blind) mucked


PokerStars Hand #144348515047:  Hold'em Limit ($3/$6 USD) - 2015/11/25 1:47:00 ET
Table 'Laurentia' 6-max Seat #1 is the button
Seat 1: Adic80 ($107.81 in chips)
Seat 3: Agrotait ($72 in chips)
Adic80: posts small blind $1
Agrotait: posts big blind $3
*** HOLE CARDS ***
Adic80: folds
Uncalled bet ($2) returned to Agrotait
Agrotait collected $2 from pot
Agrotait: doesn't show hand
*** SUMMARY ***
Total pot $2 | Rake $0
Seat 1: Adic80 (button) (small blind) folded before Flop
Seat 3: Agrotait (big blind) collected ($2)


PokerStars Hand #144348510301:  Hold'em Limit ($3/$6 USD) - 2015/11/25 1:46:40 ET
Table 'Laurentia' 6-max Seat #3 is the button
Seat 1: Adic80 ($84.31 in chips)
Seat 3: Agrotait ($70.98 in chips)
Agrotait: posts small blind $1
Adic80: posts big blind $3
*** HOLE CARDS ***
Agrotait: raises $3 to $6
Adic80: calls $3
*** FLOP *** [7s 6c Qc]
Adic80: checks
Agrotait: bets $3
Adic80: raises $3 to $6
Agrotait: calls $3
*** TURN *** [7s 6c Qc] [3s]
Adic80: bets $6
Agrotait: calls $6
*** RIVER *** [7s 6c Qc 3s] [Kd]
Adic80: bets $6
Agrotait: calls $6
*** SHOW DOWN ***
Adic80: shows [6h 7d] (two pair, Sevens and Sixes)
Agrotait: mucks hand
Adic80 collected $47.50 from pot
*** SUMMARY ***
Total pot $48 | Rake $0.50
Board [7s 6c Qc 3s Kd]
Seat 1: Adic80 (big blind) showed [6h 7d] and won ($47.50) with two pair, Sevens and Sixes
Seat 3: Agrotait (button) (small blind) mucked


PokerStars Hand #144348533612:  Hold'em Limit ($3/$6 USD) - 2015/11/25 1:48:16 ET
Table 'Laurentia' 6-max Seat #1 is the button
Seat 1: Adic80 ($153.45 in chips)
Seat 3: Agrotait ($72 in chips)
Adic80: posts small blind $1
Agrotait: posts big blind $3
*** HOLE CARDS ***
Adic80: raises $3 to $6
Agrotait: calls $3
*** FLOP *** [5h Qh 9c]
Agrotait: checks
Adic80: bets $3
Agrotait: raises $3 to $6
Adic80: calls $3
*** TURN *** [5h Qh 9c] [Td]
Agrotait: bets $6
Adic80: folds
Uncalled bet ($6) returned to Agrotait
Agrotait collected $23.52 from pot
Agrotait: doesn't show hand
*** SUMMARY ***
Total pot $24 | Rake $0.48
Board [5h Qh 9c Td]
Seat 1: Adic80 (button) (small blind) folded on the Turn
Seat 3: Agrotait (big blind) collected ($23.52)


PokerStars Hand #144348520239:  Hold'em Limit ($3/$6 USD) - 2015/11/25 1:47:22 ET
Table 'Laurentia' 6-max Seat #1 is the button
Seat 1: Adic80 ($130.31 in chips)
Seat 3: Agrotait ($72 in chips)
Adic80: posts small blind $1
Agrotait: posts big blind $3
*** HOLE CARDS ***
Adic80: raises $3 to $6
Agrotait: calls $3
*** FLOP *** [3d Js 6h]
Agrotait: checks
Adic80: bets $3
Agrotait: calls $3
*** TURN *** [3d Js 6h] [4s]
Agrotait: checks
Adic80: bets $6
Agrotait: folds
Uncalled bet ($6) returned to Adic80
Adic80 collected $17.64 from pot
Adic80: doesn't show hand
*** SUMMARY ***
Total pot $18 | Rake $0.36
Board [3d Js 6h 4s]
Seat 1: Adic80 (button) (small blind) collected ($17.64)
Seat 3: Agrotait (big blind) folded on the Turn


PokerStars Hand #144348527273:  Hold'em Limit ($3/$6 USD) - 2015/11/25 1:47:50 ET
Table 'Laurentia' 6-max Seat #3 is the button
Seat 1: Adic80 ($138.95 in chips)
Seat 3: Agrotait ($63 in chips)
Agrotait: posts small blind $1
Adic80: posts big blind $3
*** HOLE CARDS ***
Agrotait: raises $3 to $6
Adic80: calls $3
*** FLOP *** [Th 3d 4s]
Adic80: checks
Agrotait: bets $3
Adic80: calls $3
*** TURN *** [Th 3d 4s] [7h]
Adic80: checks
Agrotait: bets $6
Adic80: calls $6
*** RIVER *** [Th 3d 4s 7h] [Js]
Adic80: bets $6
Agrotait: folds
Uncalled bet ($6) returned to Adic80
Adic80 collected $29.50 from pot
Adic80: doesn't show hand
*** SUMMARY ***
Total pot $30 | Rake $0.50
Board [Th 3d 4s 7h Js]
Seat 1: Adic80 (big blind) collected ($29.50)
Seat 3: Agrotait (button) (small blind) folded on the River


PokerStars Hand #144348545794:  Hold'em Limit ($3/$6 USD) - 2015/11/25 1:49:06 ET
Table 'Laurentia' 6-max Seat #1 is the button
Seat 1: Adic80 ($150.09 in chips)
Seat 3: Agrotait ($74.52 in chips)
Adic80: posts small blind $1
Agrotait: posts big blind $3
*** HOLE CARDS ***
Adic80: raises $3 to $6
Agrotait: calls $3
*** FLOP *** [4c 3d 5h]
Agrotait: checks
Adic80: bets $3
Agrotait: raises $3 to $6
Adic80: raises $3 to $9
Agrotait: calls $3
*** TURN *** [4c 3d 5h] [4s]
Agrotait: checks
Adic80: bets $6
Agrotait: calls $6
*** RIVER *** [4c 3d 5h 4s] [7d]
Agrotait: checks
Adic80: bets $6
Agrotait: folds
Uncalled bet ($6) returned to Adic80
Adic80 collected $41.50 from pot
Adic80: doesn't show hand
*** SUMMARY ***
Total pot $42 | Rake $0.50
Board [4c 3d 5h 4s 7d]
Seat 1: Adic80 (button) (small blind) collected ($41.50)
Seat 3: Agrotait (big blind) folded on the River


PokerStars Hand #144348537999:  Hold'em Limit ($3/$6 USD) - 2015/11/25 1:48:34 ET
Table 'Laurentia' 6-max Seat #3 is the button
Seat 1: Adic80 ($141.45 in chips)
Seat 3: Agrotait ($83.52 in chips)
Agrotait: posts small blind $1
Adic80: posts big blind $3
*** HOLE CARDS ***
Agrotait: raises $3 to $6
Adic80: calls $3
*** FLOP *** [3s 7h 6d]
Adic80: checks
Agrotait: bets $3
Adic80: calls $3
*** TURN *** [3s 7h 6d] [8c]
Adic80: checks
Agrotait: checks
*** RIVER *** [3s 7h 6d 8c] [Kc]
Adic80: bets $6
Agrotait: folds
Uncalled bet ($6) returned to Adic80
Adic80 collected $17.64 from pot
Adic80: doesn't show hand
*** SUMMARY ***
Total pot $18 | Rake $0.36
Board [3s 7h 6d 8c Kc]
Seat 1: Adic80 (big blind) collected ($17.64)
Seat 3: Agrotait (button) (small blind) folded on the River


PokerStars Hand #144348558373:  Hold'em Limit ($3/$6 USD) - 2015/11/25 1:49:57 ET
Table 'Laurentia' 6-max Seat #1 is the button
Seat 1: Adic80 ($191.09 in chips)
Seat 3: Agrotait ($72 in chips)
Adic80: posts small blind $1
Agrotait: posts big blind $3
*** HOLE CARDS ***
Adic80: raises $3 to $6
Agrotait: calls $3
*** FLOP *** [9h Jc 4s]
Agrotait: checks
Adic80: bets $3
Agrotait: raises $3 to $6
Adic80: calls $3
*** TURN *** [9h Jc 4s] [7h]
Agrotait: bets $6
Adic80: calls $6
*** RIVER *** [9h Jc 4s 7h] [7d]
Agrotait: bets $6
Adic80: folds
Uncalled bet ($6) returned to Agrotait
Agrotait collected $35.50 from pot
Agrotait: doesn't show hand
*** SUMMARY ***
Total pot $36 | Rake $0.50
Board [9h Jc 4s 7h 7d]
Seat 1: Adic80 (button) (small blind) folded on the River
Seat 3: Agrotait (big blind) collected ($35.50)


PokerStars Hand #144348554117:  Hold'em Limit ($3/$6 USD) - 2015/11/25 1:49:39 ET
Table 'Laurentia' 6-max Seat #3 is the button
Seat 1: Adic80 ($170.59 in chips)
Seat 3: Agrotait ($72 in chips)
Agrotait: posts small blind $1
Adic80: posts big blind $3
*** HOLE CARDS ***
Agrotait: raises $3 to $6
Adic80: calls $3
*** FLOP *** [4s 7d 6c]
Adic80: checks
Agrotait: bets $3
Adic80: calls $3
*** TURN *** [4s 7d 6c] [7c]
Adic80: checks
Agrotait: bets $6
Adic80: calls $6
*** RIVER *** [4s 7d 6c 7c] [8h]
Adic80: bets $6
Agrotait: calls $6
*** SHOW DOWN ***
Adic80: shows [5c 9s] (a straight, Five to Nine)
Agrotait: mucks hand
Adic80 collected $41.50 from pot
*** SUMMARY ***
Total pot $42 | Rake $0.50
Board [4s 7d 6c 7c 8h]
Seat 1: Adic80 (big blind) showed [5c 9s] and won ($41.50) with a straight, Five to Nine
Seat 3: Agrotait (button) (small blind) mucked


PokerStars Hand #144348572606:  Hold'em Limit ($3/$6 USD) - 2015/11/25 1:50:55 ET
Table 'Laurentia' 6-max Seat #1 is the button
Seat 1: Adic80 ($152.09 in chips)
Seat 3: Agrotait ($110 in chips)
Adic80: posts small blind $1
Agrotait: posts big blind $3
*** HOLE CARDS ***
Adic80: raises $3 to $6
Agrotait: calls $3
*** FLOP *** [5c Ks Ah]
Agrotait: checks
Adic80: bets $3
Agrotait: folds
Uncalled bet ($3) returned to Adic80
Adic80 collected $11.76 from pot
Adic80: doesn't show hand
*** SUMMARY ***
Total pot $12 | Rake $0.24
Board [5c Ks Ah]
Seat 1: Adic80 (button) (small blind) collected ($11.76)
Seat 3: Agrotait (big blind) folded on the Flop


PokerStars Hand #144348563861:  Hold'em Limit ($3/$6 USD) - 2015/11/25 1:50:20 ET
Table 'Laurentia' 6-max Seat #3 is the button
Seat 1: Adic80 ($173.09 in chips)
Seat 3: Agrotait ($89.50 in chips)
Agrotait: posts small blind $1
Adic80: posts big blind $3
*** HOLE CARDS ***
Agrotait: raises $3 to $6
Adic80: calls $3
*** FLOP *** [Th 7s 3c]
Adic80: checks
Agrotait: bets $3
Adic80: calls $3
*** TURN *** [Th 7s 3c] [9c]
Adic80: checks
Agrotait: bets $6
Adic80: calls $6
*** RIVER *** [Th 7s 3c 9c] [5d]
Adic80: checks
Agrotait: bets $6
Adic80: calls $6
*** SHOW DOWN ***
Agrotait: shows [9s 8c] (a pair of Nines)
Adic80: mucks hand
Agrotait collected $41.50 from pot
*** SUMMARY ***
Total pot $42 | Rake $0.50
Board [Th 7s 3c 9c 5d]
Seat 1: Adic80 (big blind) mucked
Seat 3: Agrotait (button) (small blind) showed [9s 8c] and won ($41.50) with a pair of Nines


PokerStars Hand #144348580758:  Hold'em Limit ($3/$6 USD) - 2015/11/25 1:51:28 ET
Table 'Laurentia' 6-max Seat #1 is the button
Seat 1: Adic80 ($163.61 in chips)
Seat 3: Agrotait ($98 in chips)
Adic80: posts small blind $1
Agrotait: posts big blind $3
*** HOLE CARDS ***
Adic80: raises $3 to $6
Agrotait: raises $3 to $9
Adic80: calls $3
*** FLOP *** [3h 7s Th]
Agrotait: bets $3
Adic80: calls $3
*** TURN *** [3h 7s Th] [9d]
Agrotait: bets $6
Adic80: calls $6
*** RIVER *** [3h 7s Th 9d] [5h]
Agrotait: checks
Adic80: checks
*** SHOW DOWN ***
Agrotait: shows [3d Qd] (a pair of Threes)
Adic80: mucks hand
Agrotait collected $35.50 from pot
*** SUMMARY ***
Total pot $36 | Rake $0.50
Board [3h 7s Th 9d 5h]
Seat 1: Adic80 (button) (small blind) mucked
Seat 3: Agrotait (big blind) showed [3d Qd] and won ($35.50) with a pair of Threes


PokerStars Hand #144348588157:  Hold'em Limit ($3/$6 USD) - 2015/11/25 1:51:58 ET
Table 'Laurentia' 6-max Seat #3 is the button
Seat 1: Adic80 ($141.61 in chips)
Seat 3: Agrotait ($119.50 in chips)
Agrotait: posts small blind $1
Adic80: posts big blind $3
*** HOLE CARDS ***
Agrotait: raises $3 to $6
Adic80: calls $3
*** FLOP *** [7c Tc 8h]
Adic80: checks
Agrotait: bets $3
Adic80: calls $3
*** TURN *** [7c Tc 8h] [3h]
Adic80: checks
Agrotait: bets $6
Adic80: calls $6
*** RIVER *** [7c Tc 8h 3h] [Ac]
Adic80: checks
Agrotait: checks
*** SHOW DOWN ***
Adic80: shows [Qh 3c] (a pair of Threes)
Agrotait: mucks hand
Adic80 collected $29.50 from pot
*** SUMMARY ***
Total pot $30 | Rake $0.50
Board [7c Tc 8h 3h Ac]
Seat 1: Adic80 (big blind) showed [Qh 3c] and won ($29.50) with a pair of Threes
Seat 3: Agrotait (button) (small blind) mucked


PokerStars Hand #144348586915:  Hold'em Limit ($3/$6 USD) - 2015/11/25 1:51:53 ET
Table 'Laurentia' 6-max Seat #1 is the button
Seat 1: Adic80 ($142.61 in chips)
Seat 3: Agrotait ($118.50 in chips)
Adic80: posts small blind $1
Agrotait: posts big blind $3
*** HOLE CARDS ***
Adic80: folds
Uncalled bet ($2) returned to Agrotait
Agrotait collected $2 from pot
Agrotait: doesn't show hand
*** SUMMARY ***
Total pot $2 | Rake $0
Seat 1: Adic80 (button) (small blind) folded before Flop
Seat 3: Agrotait (big blind) collected ($2)


PokerStars Hand #144348585289:  Hold'em Limit ($3/$6 USD) - 2015/11/25 1:51:46 ET
Table 'Laurentia' 6-max Seat #3 is the button
Seat 1: Adic80 ($145.61 in chips)
Seat 3: Agrotait ($115.50 in chips)
Agrotait: posts small blind $1
Adic80: posts big blind $3
*** HOLE CARDS ***
Agrotait: raises $3 to $6
Adic80: folds
Uncalled bet ($3) returned to Agrotait
Agrotait collected $6 from pot
Agrotait: doesn't show hand
*** SUMMARY ***
Total pot $6 | Rake $0
Seat 1: Adic80 (big blind) folded before Flop
Seat 3: Agrotait (button) (small blind) collected ($6)


PokerStars Hand #144348592941:  Hold'em Limit ($3/$6 USD) - 2015/11/25 1:52:17 ET
Table 'Laurentia' 6-max Seat #1 is the button
Seat 1: Adic80 ($156.11 in chips)
Seat 3: Agrotait ($104.50 in chips)
Adic80: posts small blind $1
Agrotait: posts big blind $3
*** HOLE CARDS ***
Adic80: raises $3 to $6
Agrotait: raises $3 to $9
Adic80: raises $3 to $12
Betting is capped
Agrotait: calls $3
*** FLOP *** [8h Ts Ah]
Agrotait: checks
Adic80: bets $3
Agrotait: calls $3
*** TURN *** [8h Ts Ah] [3h]
Agrotait: checks
Adic80: bets $6
Agrotait: calls $6
*** RIVER *** [8h Ts Ah 3h] [5d]
Agrotait: bets $6
Adic80: calls $6
*** SHOW DOWN ***
Agrotait: shows [7d As] (a pair of Aces)
Adic80: mucks hand
Agrotait collected $53.50 from pot
*** SUMMARY ***
Total pot $54 | Rake $0.50
Board [8h Ts Ah 3h 5d]
Seat 1: Adic80 (button) (small blind) mucked
Seat 3: Agrotait (big blind) showed [7d As] and won ($53.50) with a pair of Aces


PokerStars Hand #144348603130:  Hold'em Limit ($3/$6 USD) - 2015/11/25 1:53:00 ET
Table 'Laurentia' 6-max Seat #3 is the button
Seat 1: Adic80 ($125.11 in chips)
Seat 3: Agrotait ($135 in chips)
Agrotait: posts small blind $1
Adic80: posts big blind $3
*** HOLE CARDS ***
Agrotait: raises $3 to $6
Adic80: raises $3 to $9
Agrotait: calls $3
*** FLOP *** [Qs 2c 5c]
Adic80: bets $3
Agrotait: calls $3
*** TURN *** [Qs 2c 5c] [Qh]
Adic80: bets $6
Agrotait: raises $6 to $12
Adic80: raises $6 to $18
Agrotait: folds
Uncalled bet ($6) returned to Adic80
Adic80 collected $47.50 from pot
Adic80: doesn't show hand
*** SUMMARY ***
Total pot $48 | Rake $0.50
Board [Qs 2c 5c Qh]
Seat 1: Adic80 (big blind) collected ($47.50)
Seat 3: Agrotait (button) (small blind) folded on the Turn


PokerStars Hand #144348601998:  Hold'em Limit ($3/$6 USD) - 2015/11/25 1:52:55 ET
Table 'Laurentia' 6-max Seat #1 is the button
Seat 1: Adic80 ($126.11 in chips)
Seat 3: Agrotait ($134 in chips)
Adic80: posts small blind $1
Agrotait: posts big blind $3
*** HOLE CARDS ***
Adic80: folds
Uncalled bet ($2) returned to Agrotait
Agrotait collected $2 from pot
Agrotait: doesn't show hand
*** SUMMARY ***
Total pot $2 | Rake $0
Seat 1: Adic80 (button) (small blind) folded before Flop
Seat 3: Agrotait (big blind) collected ($2)


PokerStars Hand #144348599573:  Hold'em Limit ($3/$6 USD) - 2015/11/25 1:52:45 ET
Table 'Laurentia' 6-max Seat #3 is the button
Seat 1: Adic80 ($129.11 in chips)
Seat 3: Agrotait ($131 in chips)
Agrotait: posts small blind $1
Adic80: posts big blind $3
*** HOLE CARDS ***
Agrotait: raises $3 to $6
Adic80: folds
Uncalled bet ($3) returned to Agrotait
Agrotait collected $6 from pot
Agrotait: doesn't show hand
*** SUMMARY ***
Total pot $6 | Rake $0
Seat 1: Adic80 (big blind) folded before Flop
Seat 3: Agrotait (button) (small blind) collected ($6)


PokerStars Hand #144348612218:  Hold'em Limit ($3/$6 USD) - 2015/11/25 1:53:37 ET
Table 'Laurentia' 6-max Seat #3 is the button
Seat 1: Adic80 ($157.25 in chips)
Seat 3: Agrotait ($102 in chips)
Agrotait: posts small blind $1
Adic80: posts big blind $3
*** HOLE CARDS ***
Agrotait: raises $3 to $6
Adic80: raises $3 to $9
Agrotait: calls $3
*** FLOP *** [Kc Td 3d]
Adic80: bets $3
Agrotait: raises $3 to $6
Adic80: calls $3
*** TURN *** [Kc Td 3d] [3h]
Adic80: checks
Agrotait: checks
*** RIVER *** [Kc Td 3d 3h] [9h]
Adic80: bets $6
Agrotait: folds
Uncalled bet ($6) returned to Adic80
Adic80 collected $29.50 from pot
Adic80: doesn't show hand
*** SUMMARY ***
Total pot $30 | Rake $0.50
Board [Kc Td 3d 3h 9h]
Seat 1: Adic80 (big blind) collected ($29.50)
Seat 3: Agrotait (button) (small blind) folded on the River


PokerStars Hand #144348616898:  Hold'em Limit ($3/$6 USD) - 2015/11/25 1:53:57 ET
Table 'Laurentia' 6-max Seat #1 is the button
Seat 1: Adic80 ($171.75 in chips)
Seat 3: Agrotait ($87 in chips)
Adic80: posts small blind $1
Agrotait: posts big blind $3
*** HOLE CARDS ***
Adic80: raises $3 to $6
Agrotait: calls $3
*** FLOP *** [9c Jd 3h]
Agrotait: checks
Adic80: bets $3
Agrotait: folds
Uncalled bet ($3) returned to Adic80
Adic80 collected $11.76 from pot
Adic80: doesn't show hand
*** SUMMARY ***
Total pot $12 | Rake $0.24
Board [9c Jd 3h]
Seat 1: Adic80 (button) (small blind) collected ($11.76)
Seat 3: Agrotait (big blind) folded on the Flop


PokerStars Hand #144348608454:  Hold'em Limit ($3/$6 USD) - 2015/11/25 1:53:22 ET
Table 'Laurentia' 6-max Seat #1 is the button
Seat 1: Adic80 ($148.61 in chips)
Seat 3: Agrotait ($111 in chips)
Adic80: posts small blind $1
Agrotait: posts big blind $3
*** HOLE CARDS ***
Adic80: raises $3 to $6
Agrotait: calls $3
*** FLOP *** [2s 2h 7c]
Agrotait: checks
Adic80: bets $3
Agrotait: calls $3
*** TURN *** [2s 2h 7c] [5h]
Agrotait: checks
Adic80: bets $6
Agrotait: folds
Uncalled bet ($6) returned to Adic80
Adic80 collected $17.64 from pot
Adic80: doesn't show hand
*** SUMMARY ***
Total pot $18 | Rake $0.36
Board [2s 2h 7c 5h]
Seat 1: Adic80 (button) (small blind) collected ($17.64)
Seat 3: Agrotait (big blind) folded on the Turn


PokerStars Hand #144348631589:  Hold'em Limit ($3/$6 USD) - 2015/11/25 1:54:59 ET
Table 'Laurentia' 6-max Seat #1 is the button
Seat 1: Adic80 ($176.15 in chips)
Seat 3: Agrotait ($81.64 in chips)
Adic80: posts small blind $1
Agrotait: posts big blind $3
*** HOLE CARDS ***
Adic80: raises $3 to $6
Agrotait: raises $3 to $9
Adic80: calls $3
*** FLOP *** [4d 3d 9s]
Agrotait: checks
Adic80: checks
*** TURN *** [4d 3d 9s] [Qs]
Agrotait: bets $6
Adic80: folds
Uncalled bet ($6) returned to Agrotait
Agrotait collected $17.64 from pot
Agrotait: doesn't show hand
*** SUMMARY ***
Total pot $18 | Rake $0.36
Board [4d 3d 9s Qs]
Seat 1: Adic80 (button) (small blind) folded on the Turn
Seat 3: Agrotait (big blind) collected ($17.64)


PokerStars Hand #144348634484:  Hold'em Limit ($3/$6 USD) - 2015/11/25 1:55:12 ET
Table 'Laurentia' 6-max Seat #3 is the button
Seat 1: Adic80 ($167.15 in chips)
Seat 3: Agrotait ($90.28 in chips)
Agrotait: posts small blind $1
Adic80: posts big blind $3
*** HOLE CARDS ***
Agrotait: raises $3 to $6
Adic80: calls $3
*** FLOP *** [4c Tc As]
Adic80: checks
Agrotait: bets $3
Adic80: folds
Uncalled bet ($3) returned to Agrotait
Agrotait collected $11.76 from pot
Agrotait: doesn't show hand
*** SUMMARY ***
Total pot $12 | Rake $0.24
Board [4c Tc As]
Seat 1: Adic80 (big blind) folded on the Flop
Seat 3: Agrotait (button) (small blind) collected ($11.76)


PokerStars Hand #144348627617:  Hold'em Limit ($3/$6 USD) - 2015/11/25 1:54:42 ET
Table 'Laurentia' 6-max Seat #1 is the button
Seat 1: Adic80 ($168.51 in chips)
Seat 3: Agrotait ($89.64 in chips)
Adic80: posts small blind $1
Agrotait: posts big blind $3
*** HOLE CARDS ***
Adic80: folds
Uncalled bet ($2) returned to Agrotait
Agrotait collected $2 from pot
Agrotait: doesn't show hand
*** SUMMARY ***
Total pot $2 | Rake $0
Seat 1: Adic80 (button) (small blind) folded before Flop
Seat 3: Agrotait (big blind) collected ($2)


PokerStars Hand #144348628718:  Hold'em Limit ($3/$6 USD) - 2015/11/25 1:54:46 ET
Table 'Laurentia' 6-max Seat #3 is the button
Seat 1: Adic80 ($167.51 in chips)
Seat 3: Agrotait ($90.64 in chips)
Agrotait: posts small blind $1
Adic80: posts big blind $3
*** HOLE CARDS ***
Agrotait: raises $3 to $6
Adic80: calls $3
*** FLOP *** [4h 9c Kh]
Adic80: checks
Agrotait: bets $3
Adic80: raises $3 to $6
Agrotait: folds
Uncalled bet ($3) returned to Adic80
Adic80 collected $17.64 from pot
Adic80: doesn't show hand
*** SUMMARY ***
Total pot $18 | Rake $0.36
Board [4h 9c Kh]
Seat 1: Adic80 (big blind) collected ($17.64)
Seat 3: Agrotait (button) (small blind) folded on the Flop


PokerStars Hand #144348622310:  Hold'em Limit ($3/$6 USD) - 2015/11/25 1:54:20 ET
Table 'Laurentia' 6-max Seat #3 is the button
Seat 1: Adic80 ($177.51 in chips)
Seat 3: Agrotait ($81 in chips)
Agrotait: posts small blind $1
Adic80: posts big blind $3
*** HOLE CARDS ***
Agrotait: raises $3 to $6
Adic80: calls $3
*** FLOP *** [Ac 9h 4s]
Adic80: checks
Agrotait: bets $3
Adic80: calls $3
*** TURN *** [Ac 9h 4s] [Js]
Adic80: checks
Agrotait: bets $6
Adic80: folds
Uncalled bet ($6) returned to Agrotait
Agrotait collected $17.64 from pot
Agrotait: doesn't show hand
*** SUMMARY ***
Total pot $18 | Rake $0.36
Board [Ac 9h 4s Js]
Seat 1: Adic80 (big blind) folded on the Turn
Seat 3: Agrotait (button) (small blind) collected ($17.64)


PokerStars Hand #144348636582:  Hold'em Limit ($3/$6 USD) - 2015/11/25 1:55:22 ET
Table 'Laurentia' 6-max Seat #1 is the button
Seat 1: Adic80 ($161.15 in chips)
Seat 3: Agrotait ($96.04 in chips)
Adic80: posts small blind $1
Agrotait: posts big blind $3
*** HOLE CARDS ***
Adic80: raises $3 to $6
7 Huligan 7 joins the table at seat #4
Agrotait: calls $3
*** FLOP *** [Kd 4c Jd]
Agrotait: checks
Adic80: bets $3
Agrotait: calls $3
*** TURN *** [Kd 4c Jd] [Js]
Agrotait: checks
Adic80: bets $6
Agrotait: calls $6
*** RIVER *** [Kd 4c Jd Js] [Jc]
Agrotait: bets $6
Adic80: folds
Uncalled bet ($6) returned to Agrotait
Agrotait collected $29.50 from pot
Agrotait: doesn't show hand
*** SUMMARY ***
Total pot $30 | Rake $0.50
Board [Kd 4c Jd Js Jc]
Seat 1: Adic80 (button) (small blind) folded on the River
Seat 3: Agrotait (big blind) collected ($29.50)


PokerStars Hand #144348719191:  Hold'em Limit ($3/$6 USD) - 2015/11/25 2:01:45 ET
Table 'Laurentia' 6-max Seat #5 is the button
Seat 1: Adic80 ($65.18 in chips)
Seat 5: Actionni13 ($180.10 in chips)
Actionni13: posts small blind $1
Adic80: posts big blind $3
*** HOLE CARDS ***
Actionni13: raises $3 to $6
Adic80: raises $3 to $9
Actionni13: calls $3
*** FLOP *** [2c 4h Qs]
Adic80: bets $3
Actionni13: calls $3
*** TURN *** [2c 4h Qs] [6d]
Adic80: bets $6
Actionni13: calls $6
*** RIVER *** [2c 4h Qs 6d] [6s]
Adic80: bets $6
Actionni13: raises $6 to $12
Adic80: calls $6
*** SHOW DOWN ***
Actionni13: shows [6c 5s] (three of a kind, Sixes)
Adic80: mucks hand
Actionni13 collected $59.50 from pot
*** SUMMARY ***
Total pot $60 | Rake $0.50
Board [2c 4h Qs 6d 6s]
Seat 1: Adic80 (big blind) mucked
Seat 5: Actionni13 (button) (small blind) showed [6c 5s] and won ($59.50) with three of a kind, Sixes


