PokerStars Hand #144475718835:  Hold'em Limit ($3/$6 USD) - 2015/11/27 16:16:25 ET
Table 'Laverna' 6-max Seat #6 is the button
Seat 5: AA_ILI ($91.32 in chips)
Seat 6: oliwan ($200.85 in chips)
oliwan: posts small blind $1
AA_ILI: posts big blind $3
*** HOLE CARDS ***
oliwan: raises $3 to $6
Fess7791 joins the table at seat #1
AA_ILI: calls $3
*** FLOP *** [8d Kd 4s]
AA_ILI: checks
oliwan: bets $3
AA_ILI: folds
Uncalled bet ($3) returned to oliwan
oliwan collected $11.76 from pot
*** SUMMARY ***
Total pot $12 | Rake $0.24
Board [8d Kd 4s]
Seat 5: AA_ILI (big blind) folded on the Flop
Seat 6: oliwan (button) (small blind) collected ($11.76)


PokerStars Hand #144475742663:  Hold'em Limit ($3/$6 USD) - 2015/11/27 16:16:50 ET
Table 'Laverna' 6-max Seat #5 is the button
Seat 5: AA_ILI ($85.32 in chips)
Seat 6: oliwan ($206.61 in chips)
AA_ILI: posts small blind $1
oliwan: posts big blind $3
*** HOLE CARDS ***
AA_ILI: folds
Uncalled bet ($2) returned to oliwan
oliwan collected $2 from pot
*** SUMMARY ***
Total pot $2 | Rake $0
Seat 5: AA_ILI (button) (small blind) folded before Flop
Seat 6: oliwan (big blind) collected ($2)


PokerStars Hand #144482790569:  Hold'em Limit ($3/$6 USD) - 2015/11/27 18:36:45 ET
Table 'Laverna' 6-max Seat #3 is the button
Seat 2: TinaTurner72 ($112.41 in chips)
Seat 3: scorpio04 ($72 in chips)
scorpio04: posts small blind $1
oliwan: is sitting out
TinaTurner72: posts big blind $3
*** HOLE CARDS ***
scorpio04: raises $3 to $6
oliwan leaves the table
TinaTurner72: calls $3
*** FLOP *** [7s Ac 8s]
TinaTurner72: checks
scorpio04: bets $3
TinaTurner72: raises $3 to $6
scorpio04: calls $3
*** TURN *** [7s Ac 8s] [Ks]
Fess7791 leaves the table
TinaTurner72: bets $6
scorpio04: folds
Uncalled bet ($6) returned to TinaTurner72
TinaTurner72 collected $23.52 from pot
TinaTurner72: doesn't show hand
*** SUMMARY ***
Total pot $24 | Rake $0.48
Board [7s Ac 8s Ks]
Seat 2: TinaTurner72 (big blind) collected ($23.52)
Seat 3: scorpio04 (button) (small blind) folded on the Turn


