PokerStars Hand #158080508329:  Hold'em Limit ($3/$6 USD) - 2016/09/02 18:47:01 ET
Table 'Leda' 6-max Seat #4 is the button
Seat 3: simper11 ($128.64 in chips)
Seat 4: Actionni13 ($150 in chips)
Actionni13: posts small blind $1
simper11: posts big blind $3
*** HOLE CARDS ***
Actionni13: raises $3 to $6
simper11: calls $3
*** FLOP *** [5c Ah 3d]
simper11: checks
Actionni13: bets $3
simper11: calls $3
*** TURN *** [5c Ah 3d] [2s]
simper11: checks
Actionni13: checks
*** RIVER *** [5c Ah 3d 2s] [7h]
simper11: bets $6
Actionni13: calls $6
*** SHOW DOWN ***
simper11: shows [8s 6d] (high card Ace)
Actionni13: shows [7d Jh] (a pair of Sevens)
Actionni13 collected $29.50 from pot
*** SUMMARY ***
Total pot $30 | Rake $0.50
Board [5c Ah 3d 2s 7h]
Seat 3: simper11 (big blind) showed [8s 6d] and lost with high card Ace
Seat 4: Actionni13 (button) (small blind) showed [7d Jh] and won ($29.50) with a pair of Sevens


PokerStars Hand #158080477345:  Hold'em Limit ($3/$6 USD) - 2016/09/02 18:46:15 ET
Table 'Leda' 6-max Seat #3 is the button
Seat 3: simper11 ($120 in chips)
Seat 4: Actionni13 ($150 in chips)
simper11: posts small blind $1
Actionni13: posts big blind $3
*** HOLE CARDS ***
simper11: raises $3 to $6
Actionni13: calls $3
*** FLOP *** [4h 2h 2s]
Actionni13: checks
simper11: bets $3
Actionni13: calls $3
*** TURN *** [4h 2h 2s] [Ks]
Actionni13: checks
simper11: bets $6
Actionni13: folds
Uncalled bet ($6) returned to simper11
simper11 collected $17.64 from pot
simper11: doesn't show hand
*** SUMMARY ***
Total pot $18 | Rake $0.36
Board [4h 2h 2s Ks]
Seat 3: simper11 (button) (small blind) collected ($17.64)
Seat 4: Actionni13 (big blind) folded on the Turn


PokerStars Hand #158080540264:  Hold'em Limit ($3/$6 USD) - 2016/09/02 18:47:49 ET
Table 'Leda' 6-max Seat #3 is the button
Seat 3: simper11 ($120 in chips)
Seat 4: Actionni13 ($164.50 in chips)
simper11: posts small blind $1
Actionni13: posts big blind $3
*** HOLE CARDS ***
simper11: raises $3 to $6
Actionni13: raises $3 to $9
simper11: calls $3
*** FLOP *** [Qd 7d Js]
Actionni13: bets $3
simper11: raises $3 to $6
Actionni13: calls $3
*** TURN *** [Qd 7d Js] [3h]
Actionni13: checks
simper11: bets $6
Actionni13: calls $6
*** RIVER *** [Qd 7d Js 3h] [8s]
Actionni13: checks
simper11: bets $6
Actionni13: folds
Uncalled bet ($6) returned to simper11
simper11 collected $41.50 from pot
simper11: doesn't show hand
*** SUMMARY ***
Total pot $42 | Rake $0.50
Board [Qd 7d Js 3h 8s]
Seat 3: simper11 (button) (small blind) collected ($41.50)
Seat 4: Actionni13 (big blind) folded on the River


PokerStars Hand #158080614127:  Hold'em Limit ($3/$6 USD) - 2016/09/02 18:49:41 ET
Table 'Leda' 6-max Seat #3 is the button
Seat 3: simper11 ($144.26 in chips)
Seat 4: Actionni13 ($153 in chips)
simper11: posts small blind $1
Actionni13: posts big blind $3
*** HOLE CARDS ***
simper11: raises $3 to $6
Actionni13: folds
Uncalled bet ($3) returned to simper11
simper11 collected $6 from pot
simper11: doesn't show hand
*** SUMMARY ***
Total pot $6 | Rake $0
Seat 3: simper11 (button) (small blind) collected ($6)
Seat 4: Actionni13 (big blind) folded before Flop


PokerStars Hand #158080607086:  Hold'em Limit ($3/$6 USD) - 2016/09/02 18:49:31 ET
Table 'Leda' 6-max Seat #4 is the button
Seat 3: simper11 ($147.26 in chips)
Seat 4: Actionni13 ($150 in chips)
Actionni13: posts small blind $1
simper11: posts big blind $3
*** HOLE CARDS ***
Actionni13: raises $3 to $6
simper11: folds
Uncalled bet ($3) returned to Actionni13
Actionni13 collected $6 from pot
Actionni13: doesn't show hand
*** SUMMARY ***
Total pot $6 | Rake $0
Seat 3: simper11 (big blind) folded before Flop
Seat 4: Actionni13 (button) (small blind) collected ($6)


PokerStars Hand #158080583783:  Hold'em Limit ($3/$6 USD) - 2016/09/02 18:48:55 ET
Table 'Leda' 6-max Seat #3 is the button
Seat 3: simper11 ($141.50 in chips)
Seat 4: Actionni13 ($150 in chips)
simper11: posts small blind $1
Actionni13: posts big blind $3
*** HOLE CARDS ***
simper11: raises $3 to $6
Actionni13: calls $3
*** FLOP *** [Jd Ks 9c]
Actionni13: checks
simper11: bets $3
Actionni13: folds
Uncalled bet ($3) returned to simper11
simper11 collected $11.76 from pot
simper11: doesn't show hand
*** SUMMARY ***
Total pot $12 | Rake $0.24
Board [Jd Ks 9c]
Seat 3: simper11 (button) (small blind) collected ($11.76)
Seat 4: Actionni13 (big blind) folded on the Flop


PokerStars Hand #158080579954:  Hold'em Limit ($3/$6 USD) - 2016/09/02 18:48:49 ET
Table 'Leda' 6-max Seat #4 is the button
Seat 3: simper11 ($140.50 in chips)
Seat 4: Actionni13 ($150 in chips)
Actionni13: posts small blind $1
simper11: posts big blind $3
*** HOLE CARDS ***
Actionni13: folds
Uncalled bet ($2) returned to simper11
simper11 collected $2 from pot
simper11: doesn't show hand
*** SUMMARY ***
Total pot $2 | Rake $0
Seat 3: simper11 (big blind) collected ($2)
Seat 4: Actionni13 (button) (small blind) folded before Flop


PokerStars Hand #158080633954:  Hold'em Limit ($3/$6 USD) - 2016/09/02 18:50:12 ET
Table 'Leda' 6-max Seat #3 is the button
Seat 3: simper11 ($141.26 in chips)
Seat 4: Actionni13 ($155.76 in chips)
simper11: posts small blind $1
Actionni13: posts big blind $3
*** HOLE CARDS ***
simper11: folds
Uncalled bet ($2) returned to Actionni13
Actionni13 collected $2 from pot
Actionni13: doesn't show hand
*** SUMMARY ***
Total pot $2 | Rake $0
Seat 3: simper11 (button) (small blind) folded before Flop
Seat 4: Actionni13 (big blind) collected ($2)


PokerStars Hand #158080618707:  Hold'em Limit ($3/$6 USD) - 2016/09/02 18:49:48 ET
Table 'Leda' 6-max Seat #4 is the button
Seat 3: simper11 ($147.26 in chips)
Seat 4: Actionni13 ($150 in chips)
Actionni13: posts small blind $1
simper11: posts big blind $3
*** HOLE CARDS ***
Actionni13: raises $3 to $6
simper11: calls $3
*** FLOP *** [Tc 6h 3h]
simper11: checks
vas.vas23 joins the table at seat #5
Actionni13: bets $3
simper11: folds
Uncalled bet ($3) returned to Actionni13
Actionni13 collected $11.76 from pot
Actionni13: doesn't show hand
*** SUMMARY ***
Total pot $12 | Rake $0.24
Board [Tc 6h 3h]
Seat 3: simper11 (big blind) folded on the Flop
Seat 4: Actionni13 (button) (small blind) collected ($11.76)


PokerStars Hand #158080686003:  Hold'em Limit ($3/$6 USD) - 2016/09/02 18:51:33 ET
Table 'Leda' 6-max Seat #3 is the button
Seat 3: simper11 ($140.26 in chips)
Seat 4: Actionni13 ($191.13 in chips)
vestimokrec will be allowed to play after the button
simper11: posts small blind $1
Actionni13: posts big blind $3
*** HOLE CARDS ***
simper11: raises $3 to $6
Actionni13: calls $3
*** FLOP *** [Ac Kd 4h]
vas.vas23 leaves the table
Actionni13: checks
simper11: bets $3
Actionni13: folds
Uncalled bet ($3) returned to simper11
simper11 collected $11.76 from pot
simper11: doesn't show hand
*** SUMMARY ***
Total pot $12 | Rake $0.24
Board [Ac Kd 4h]
Seat 3: simper11 (button) (small blind) collected ($11.76)
Seat 4: Actionni13 (big blind) folded on the Flop


PokerStars Hand #158080764826:  Hold'em Limit ($3/$6 USD) - 2016/09/02 18:53:37 ET
Table 'Leda' 6-max Seat #3 is the button
Seat 3: simper11 ($121 in chips)
Seat 5: WesleyBeatsu ($120 in chips)
simper11: posts small blind $1
WesleyBeatsu: posts big blind $3
*** HOLE CARDS ***
simper11: raises $3 to $6
WesleyBeatsu: folds
Uncalled bet ($3) returned to simper11
simper11 collected $6 from pot
simper11: doesn't show hand
*** SUMMARY ***
Total pot $6 | Rake $0
Seat 3: simper11 (button) (small blind) collected ($6)
Seat 5: WesleyBeatsu (big blind) folded before Flop


PokerStars Hand #158080761414:  Hold'em Limit ($3/$6 USD) - 2016/09/02 18:53:32 ET
Table 'Leda' 6-max Seat #5 is the button
Seat 3: simper11 ($120 in chips)
Seat 5: WesleyBeatsu ($121 in chips)
WesleyBeatsu: posts small blind $1
simper11: posts big blind $3
*** HOLE CARDS ***
WesleyBeatsu: folds
Uncalled bet ($2) returned to simper11
simper11 collected $2 from pot
simper11: doesn't show hand
*** SUMMARY ***
Total pot $2 | Rake $0
Seat 3: simper11 (big blind) collected ($2)
Seat 5: WesleyBeatsu (button) (small blind) folded before Flop


PokerStars Hand #158080757706:  Hold'em Limit ($3/$6 USD) - 2016/09/02 18:53:26 ET
Table 'Leda' 6-max Seat #3 is the button
Seat 3: simper11 ($120 in chips)
Seat 5: WesleyBeatsu ($120 in chips)
simper11: posts small blind $1
WesleyBeatsu: posts big blind $3
*** HOLE CARDS ***
simper11: folds
Uncalled bet ($2) returned to WesleyBeatsu
WesleyBeatsu collected $2 from pot
WesleyBeatsu: doesn't show hand
*** SUMMARY ***
Total pot $2 | Rake $0
Seat 3: simper11 (button) (small blind) folded before Flop
Seat 5: WesleyBeatsu (big blind) collected ($2)


PokerStars Hand #158080810513:  Hold'em Limit ($3/$6 USD) - 2016/09/02 18:54:37 ET
Table 'Leda' 6-max Seat #3 is the button
Seat 3: simper11 ($156.50 in chips)
Seat 5: WesleyBeatsu ($83.50 in chips)
simper11: posts small blind $1
WesleyBeatsu: posts big blind $3
*** HOLE CARDS ***
simper11: raises $3 to $6
WesleyBeatsu: calls $3
*** FLOP *** [4h Tc 7d]
WesleyBeatsu: checks
simper11: bets $3
WesleyBeatsu: raises $3 to $6
simper11: folds
Uncalled bet ($3) returned to WesleyBeatsu
WesleyBeatsu collected $17.64 from pot
WesleyBeatsu: doesn't show hand
*** SUMMARY ***
Total pot $18 | Rake $0.36
Board [4h Tc 7d]
Seat 3: simper11 (button) (small blind) folded on the Flop
Seat 5: WesleyBeatsu (big blind) collected ($17.64)


PokerStars Hand #158080789916:  Hold'em Limit ($3/$6 USD) - 2016/09/02 18:54:17 ET
Table 'Leda' 6-max Seat #5 is the button
Seat 3: simper11 ($171.50 in chips)
Seat 5: WesleyBeatsu ($69 in chips)
WesleyBeatsu: posts small blind $1
simper11: posts big blind $3
*** HOLE CARDS ***
WesleyBeatsu: raises $3 to $6
simper11: calls $3
*** FLOP *** [7s 3d 4d]
simper11: checks
WesleyBeatsu: bets $3
simper11: calls $3
*** TURN *** [7s 3d 4d] [Qc]
simper11: checks
WesleyBeatsu: bets $6
ToDaFelt joins the table at seat #6
simper11: calls $6
*** RIVER *** [7s 3d 4d Qc] [2c]
simper11: checks
WesleyBeatsu: bets $6
simper11: folds
Uncalled bet ($6) returned to WesleyBeatsu
WesleyBeatsu collected $29.50 from pot
WesleyBeatsu: doesn't show hand
*** SUMMARY ***
Total pot $30 | Rake $0.50
Board [7s 3d 4d Qc 2c]
Seat 3: simper11 (big blind) folded on the River
Seat 5: WesleyBeatsu (button) (small blind) collected ($29.50)


PokerStars Hand #158080776528:  Hold'em Limit ($3/$6 USD) - 2016/09/02 18:53:56 ET
Table 'Leda' 6-max Seat #3 is the button
Seat 3: simper11 ($121 in chips)
Seat 5: WesleyBeatsu ($120 in chips)
simper11: posts small blind $1
WesleyBeatsu: posts big blind $3
*** HOLE CARDS ***
simper11: raises $3 to $6
WesleyBeatsu: calls $3
*** FLOP *** [3s 4c 2c]
WesleyBeatsu: checks
simper11: bets $3
WesleyBeatsu: calls $3
*** TURN *** [3s 4c 2c] [Qs]
WesleyBeatsu: checks
simper11: bets $6
WesleyBeatsu: raises $6 to $12
simper11: raises $6 to $18
WesleyBeatsu: raises $6 to $24
Betting is capped
simper11: calls $6
*** RIVER *** [3s 4c 2c Qs] [3c]
WesleyBeatsu: bets $6
simper11: raises $6 to $12
WesleyBeatsu: raises $6 to $18
simper11: calls $6
*** SHOW DOWN ***
WesleyBeatsu: shows [6h 5s] (a straight, Deuce to Six)
simper11: shows [Jc 6c] (a flush, Jack high)
simper11 collected $101.50 from pot
*** SUMMARY ***
Total pot $102 | Rake $0.50
Board [3s 4c 2c Qs 3c]
Seat 3: simper11 (button) (small blind) showed [Jc 6c] and won ($101.50) with a flush, Jack high
Seat 5: WesleyBeatsu (big blind) showed [6h 5s] and lost with a straight, Deuce to Six


PokerStars Hand #158080771242:  Hold'em Limit ($3/$6 USD) - 2016/09/02 18:53:47 ET
Table 'Leda' 6-max Seat #5 is the button
Seat 3: simper11 ($124 in chips)
Seat 5: WesleyBeatsu ($117 in chips)
WesleyBeatsu: posts small blind $1
simper11: posts big blind $3
*** HOLE CARDS ***
WesleyBeatsu: raises $3 to $6
simper11: folds
Uncalled bet ($3) returned to WesleyBeatsu
WesleyBeatsu collected $6 from pot
WesleyBeatsu: doesn't show hand
*** SUMMARY ***
Total pot $6 | Rake $0
Seat 3: simper11 (big blind) folded before Flop
Seat 5: WesleyBeatsu (button) (small blind) collected ($6)


