PokerStars Hand #175613534483:  Hold'em Limit ($3/$6 USD) - 2017/09/13 20:32:12 ET
Table 'Leda' 6-max Seat #1 is the button
Seat 1: LifeisagameX ($84 in chips)
Seat 2: Chrisgalo33 ($56 in chips)
LifeisagameX: posts small blind $1
Chrisgalo33: posts big blind $3
*** HOLE CARDS ***
LifeisagameX: raises $3 to $6
Chrisgalo33: calls $3
*** FLOP *** [3h 9c Jh]
Chrisgalo33: checks
LifeisagameX: bets $3
Chrisgalo33: calls $3
*** TURN *** [3h 9c Jh] [As]
Chrisgalo33: checks
LifeisagameX: checks
*** RIVER *** [3h 9c Jh As] [Js]
Chrisgalo33: checks
LifeisagameX: checks
*** SHOW DOWN ***
Chrisgalo33: shows [Qh 4c] (a pair of Jacks)
LifeisagameX: shows [7c Kc] (a pair of Jacks - Ace+King kicker)
LifeisagameX collected $17.64 from pot
*** SUMMARY ***
Total pot $18 | Rake $0.36
Board [3h 9c Jh As Js]
Seat 1: LifeisagameX (button) (small blind) showed [7c Kc] and won ($17.64) with a pair of Jacks
Seat 2: Chrisgalo33 (big blind) showed [Qh 4c] and lost with a pair of Jacks


PokerStars Hand #175613580555:  Hold'em Limit ($3/$6 USD) - 2017/09/13 20:33:56 ET
Table 'Leda' 6-max Seat #1 is the button
Seat 1: LifeisagameX ($89.64 in chips)
Seat 2: Chrisgalo33 ($50 in chips)
LifeisagameX: posts small blind $1
Chrisgalo33: posts big blind $3
*** HOLE CARDS ***
LifeisagameX: folds
Uncalled bet ($2) returned to Chrisgalo33
Chrisgalo33 collected $2 from pot
Chrisgalo33: doesn't show hand
*** SUMMARY ***
Total pot $2 | Rake $0
Seat 1: LifeisagameX (button) (small blind) folded before Flop
Seat 2: Chrisgalo33 (big blind) collected ($2)


PokerStars Hand #175613569620:  Hold'em Limit ($3/$6 USD) - 2017/09/13 20:33:31 ET
Table 'Leda' 6-max Seat #2 is the button
Seat 1: LifeisagameX ($92.64 in chips)
Seat 2: Chrisgalo33 ($47 in chips)
Chrisgalo33: posts small blind $1
LifeisagameX: posts big blind $3
*** HOLE CARDS ***
Chrisgalo33: raises $3 to $6
LifeisagameX: folds
Uncalled bet ($3) returned to Chrisgalo33
Chrisgalo33 collected $6 from pot
Chrisgalo33: doesn't show hand
*** SUMMARY ***
Total pot $6 | Rake $0
Seat 1: LifeisagameX (big blind) folded before Flop
Seat 2: Chrisgalo33 (button) (small blind) collected ($6)


PokerStars Hand #175613586708:  Hold'em Limit ($3/$6 USD) - 2017/09/13 20:34:10 ET
Table 'Leda' 6-max Seat #2 is the button
Seat 1: LifeisagameX ($88.64 in chips)
Seat 2: Chrisgalo33 ($51 in chips)
Chrisgalo33: posts small blind $1
LifeisagameX: posts big blind $3
*** HOLE CARDS ***
Chrisgalo33: calls $2
LifeisagameX: raises $3 to $6
Chrisgalo33: calls $3
*** FLOP *** [9s Ah 4s]
LifeisagameX: bets $3
Chrisgalo33: folds
Uncalled bet ($3) returned to LifeisagameX
LifeisagameX collected $11.76 from pot
LifeisagameX: doesn't show hand
*** SUMMARY ***
Total pot $12 | Rake $0.24
Board [9s Ah 4s]
Seat 1: LifeisagameX (big blind) collected ($11.76)
Seat 2: Chrisgalo33 (button) (small blind) folded on the Flop


PokerStars Hand #175613597737:  Hold'em Limit ($3/$6 USD) - 2017/09/13 20:34:35 ET
Table 'Leda' 6-max Seat #1 is the button
Seat 1: LifeisagameX ($94.40 in chips)
Seat 2: Chrisgalo33 ($45 in chips)
LifeisagameX: posts small blind $1
Chrisgalo33: posts big blind $3
*** HOLE CARDS ***
LifeisagameX: folds
Uncalled bet ($2) returned to Chrisgalo33
Chrisgalo33 collected $2 from pot
Chrisgalo33: doesn't show hand
*** SUMMARY ***
Total pot $2 | Rake $0
Seat 1: LifeisagameX (button) (small blind) folded before Flop
Seat 2: Chrisgalo33 (big blind) collected ($2)


PokerStars Hand #175613603348:  Hold'em Limit ($3/$6 USD) - 2017/09/13 20:34:48 ET
Table 'Leda' 6-max Seat #2 is the button
Seat 1: LifeisagameX ($93.40 in chips)
Seat 2: Chrisgalo33 ($46 in chips)
Chrisgalo33: posts small blind $1
LifeisagameX: posts big blind $3
*** HOLE CARDS ***
Chrisgalo33: raises $3 to $6
LifeisagameX: calls $3
*** FLOP *** [3d Jd 5d]
LifeisagameX: checks
Chrisgalo33: bets $3
LifeisagameX: raises $3 to $6
Chrisgalo33: calls $3
*** TURN *** [3d Jd 5d] [Qd]
LifeisagameX: bets $6
Chrisgalo33: raises $6 to $12
LifeisagameX: calls $6
*** RIVER *** [3d Jd 5d Qd] [Js]
LifeisagameX: checks
Chrisgalo33: bets $6
LifeisagameX: calls $6
*** SHOW DOWN ***
Chrisgalo33: shows [Ad Th] (a flush, Ace high)
LifeisagameX: mucks hand
Chrisgalo33 collected $59.50 from pot
*** SUMMARY ***
Total pot $60 | Rake $0.50
Board [3d Jd 5d Qd Js]
Seat 1: LifeisagameX (big blind) mucked
Seat 2: Chrisgalo33 (button) (small blind) showed [Ad Th] and won ($59.50) with a flush, Ace high


PokerStars Hand #175613630514:  Hold'em Limit ($3/$6 USD) - 2017/09/13 20:35:49 ET
Table 'Leda' 6-max Seat #1 is the button
Seat 1: LifeisagameX ($84 in chips)
Seat 2: Chrisgalo33 ($75.50 in chips)
LifeisagameX: posts small blind $1
Chrisgalo33: posts big blind $3
*** HOLE CARDS ***
LifeisagameX: raises $3 to $6
Chrisgalo33: calls $3
*** FLOP *** [4s Qd 3d]
Chrisgalo33: checks
LifeisagameX: bets $3
Chrisgalo33: calls $3
*** TURN *** [4s Qd 3d] [Ad]
Chrisgalo33: checks
LifeisagameX: bets $6
Chrisgalo33: folds
Uncalled bet ($6) returned to LifeisagameX
LifeisagameX collected $17.64 from pot
*** SUMMARY ***
Total pot $18 | Rake $0.36
Board [4s Qd 3d Ad]
Seat 1: LifeisagameX (button) (small blind) collected ($17.64)
Seat 2: Chrisgalo33 (big blind) folded on the Turn


PokerStars Hand #175613650732:  Hold'em Limit ($3/$6 USD) - 2017/09/13 20:36:16 ET
Table 'Leda' 6-max Seat #2 is the button
Seat 1: LifeisagameX ($92.64 in chips)
Seat 2: Chrisgalo33 ($66.50 in chips)
Chrisgalo33: posts small blind $1
LifeisagameX: posts big blind $3
*** HOLE CARDS ***
Chrisgalo33: raises $3 to $6
LifeisagameX: calls $3
*** FLOP *** [Tc Th 4h]
LifeisagameX: checks
Chrisgalo33: checks
*** TURN *** [Tc Th 4h] [5h]
LifeisagameX: checks
Chrisgalo33: bets $6
LifeisagameX: folds
Uncalled bet ($6) returned to Chrisgalo33
Chrisgalo33 collected $11.76 from pot
Chrisgalo33: doesn't show hand
*** SUMMARY ***
Total pot $12 | Rake $0.24
Board [Tc Th 4h 5h]
Seat 1: LifeisagameX (big blind) folded on the Turn
Seat 2: Chrisgalo33 (button) (small blind) collected ($11.76)


PokerStars Hand #175613684136:  Hold'em Limit ($3/$6 USD) - 2017/09/13 20:37:33 ET
Table 'Leda' 6-max Seat #2 is the button
Seat 1: LifeisagameX ($84 in chips)
Seat 2: Chrisgalo33 ($89.76 in chips)
Chrisgalo33: posts small blind $1
LifeisagameX: posts big blind $3
*** HOLE CARDS ***
Chrisgalo33: raises $3 to $6
LifeisagameX: raises $3 to $9
Chrisgalo33: calls $3
*** FLOP *** [2c 6c Qc]
LifeisagameX: bets $3
Chrisgalo33: calls $3
*** TURN *** [2c 6c Qc] [9d]
LifeisagameX: bets $6
ANIN1337 joins the table at seat #3
Chrisgalo33: folds
Uncalled bet ($6) returned to LifeisagameX
LifeisagameX collected $23.52 from pot
LifeisagameX: doesn't show hand
*** SUMMARY ***
Total pot $24 | Rake $0.48
Board [2c 6c Qc 9d]
Seat 1: LifeisagameX (big blind) collected ($23.52)
Seat 2: Chrisgalo33 (button) (small blind) folded on the Turn


PokerStars Hand #175613664493:  Hold'em Limit ($3/$6 USD) - 2017/09/13 20:36:48 ET
Table 'Leda' 6-max Seat #1 is the button
Seat 1: LifeisagameX ($86.64 in chips)
Seat 2: Chrisgalo33 ($72.26 in chips)
LifeisagameX: posts small blind $1
Chrisgalo33: posts big blind $3
*** HOLE CARDS ***
LifeisagameX: raises $3 to $6
Chrisgalo33: calls $3
*** FLOP *** [6c 7d 8c]
Chrisgalo33: checks
LifeisagameX: checks
*** TURN *** [6c 7d 8c] [2c]
Chrisgalo33: checks
LifeisagameX: bets $6
Chrisgalo33: calls $6
*** RIVER *** [6c 7d 8c 2c] [7h]
Chrisgalo33: checks
LifeisagameX: bets $6
Chrisgalo33: calls $6
*** SHOW DOWN ***
LifeisagameX: shows [9h Jc] (a pair of Sevens)
Chrisgalo33: shows [4s 2s] (two pair, Sevens and Deuces)
Chrisgalo33 collected $35.50 from pot
*** SUMMARY ***
Total pot $36 | Rake $0.50
Board [6c 7d 8c 2c 7h]
Seat 1: LifeisagameX (button) (small blind) showed [9h Jc] and lost with a pair of Sevens
Seat 2: Chrisgalo33 (big blind) showed [4s 2s] and won ($35.50) with two pair, Sevens and Deuces


PokerStars Hand #175613699961:  Hold'em Limit ($3/$6 USD) - 2017/09/13 20:38:09 ET
Table 'Leda' 6-max Seat #1 is the button
Seat 1: LifeisagameX ($95.52 in chips)
Seat 2: Chrisgalo33 ($77.76 in chips)
LifeisagameX: posts small blind $1
Chrisgalo33: posts big blind $3
*** HOLE CARDS ***
LifeisagameX: raises $3 to $6
Chrisgalo33: calls $3
*** FLOP *** [8c 8h Kh]
Chrisgalo33: bets $3
LifeisagameX: calls $3
*** TURN *** [8c 8h Kh] [4h]
Chrisgalo33: bets $6
LifeisagameX: calls $6
*** RIVER *** [8c 8h Kh 4h] [Jd]
Chrisgalo33: bets $6
LifeisagameX: raises $6 to $12
Chrisgalo33: raises $6 to $18
LifeisagameX: calls $6
*** SHOW DOWN ***
Chrisgalo33: shows [3c 5h] (a pair of Eights)
LifeisagameX: shows [Jc Kd] (two pair, Kings and Jacks)
LifeisagameX collected $65.50 from pot
*** SUMMARY ***
Total pot $66 | Rake $0.50
Board [8c 8h Kh 4h Jd]
Seat 1: LifeisagameX (button) (small blind) showed [Jc Kd] and won ($65.50) with two pair, Kings and Jacks
Seat 2: Chrisgalo33 (big blind) showed [3c 5h] and lost with a pair of Eights


