PokerStars Hand #166579047455:  Hold'em Limit ($3/$6 USD) - 2017/02/21 19:13:40 ET
Table 'Leda' 10-max Seat #1 is the button
Seat 1: Zubasa07 ($300 in chips)
Seat 6: GAMBIT XMAN ($113.63 in chips)
Zubasa07: posts small blind $1
GAMBIT XMAN: posts big blind $3
*** HOLE CARDS ***
Zubasa07: raises $3 to $6
GAMBIT XMAN: calls $3
*** FLOP *** [4h 9d Qc]
GAMBIT XMAN: checks
Zubasa07: bets $3
GAMBIT XMAN: folds
Uncalled bet ($3) returned to Zubasa07
Zubasa07 collected $11.76 from pot
Zubasa07: doesn't show hand
*** SUMMARY ***
Total pot $12 | Rake $0.24
Board [4h 9d Qc]
Seat 1: Zubasa07 (button) (small blind) collected ($11.76)
Seat 6: GAMBIT XMAN (big blind) folded on the Flop


PokerStars Hand #166579066320:  Hold'em Limit ($3/$6 USD) - 2017/02/21 19:14:10 ET
Table 'Leda' 10-max Seat #6 is the button
Seat 1: Zubasa07 ($305.76 in chips)
Seat 6: GAMBIT XMAN ($107.63 in chips)
GAMBIT XMAN: posts small blind $1
Zubasa07: posts big blind $3
*** HOLE CARDS ***
GAMBIT XMAN: raises $3 to $6
Zubasa07: calls $3
*** FLOP *** [2h 8s Qs]
Zubasa07: checks
GAMBIT XMAN: bets $3
Zubasa07: folds
Uncalled bet ($3) returned to GAMBIT XMAN
GAMBIT XMAN collected $11.76 from pot
*** SUMMARY ***
Total pot $12 | Rake $0.24
Board [2h 8s Qs]
Seat 1: Zubasa07 (big blind) folded on the Flop
Seat 6: GAMBIT XMAN (button) (small blind) collected ($11.76)


PokerStars Hand #166579081811:  Hold'em Limit ($3/$6 USD) - 2017/02/21 19:14:34 ET
Table 'Leda' 10-max Seat #1 is the button
Seat 1: Zubasa07 ($299.76 in chips)
Seat 6: GAMBIT XMAN ($113.39 in chips)
Zubasa07: posts small blind $1
GAMBIT XMAN: posts big blind $3
*** HOLE CARDS ***
Zubasa07: raises $3 to $6
GAMBIT XMAN: calls $3
*** FLOP *** [2c 5h 9s]
GAMBIT XMAN: checks
Zubasa07: bets $3
GAMBIT XMAN: raises $3 to $6
Zubasa07: calls $3
*** TURN *** [2c 5h 9s] [Tc]
GAMBIT XMAN: bets $6
Zubasa07: calls $6
*** RIVER *** [2c 5h 9s Tc] [7h]
GAMBIT XMAN: bets $6
Zubasa07: calls $6
*** SHOW DOWN ***
GAMBIT XMAN: shows [5d Ac] (a pair of Fives)
Zubasa07: mucks hand
GAMBIT XMAN collected $47.50 from pot
*** SUMMARY ***
Total pot $48 | Rake $0.50
Board [2c 5h 9s Tc 7h]
Seat 1: Zubasa07 (button) (small blind) mucked
Seat 6: GAMBIT XMAN (big blind) showed [5d Ac] and won ($47.50) with a pair of Fives


PokerStars Hand #166579112564:  Hold'em Limit ($3/$6 USD) - 2017/02/21 19:15:22 ET
Table 'Leda' 10-max Seat #6 is the button
Seat 1: Zubasa07 ($275.76 in chips)
Seat 6: GAMBIT XMAN ($136.89 in chips)
GAMBIT XMAN: posts small blind $1
Zubasa07: posts big blind $3
*** HOLE CARDS ***
GAMBIT XMAN: raises $3 to $6
Zubasa07: calls $3
*** FLOP *** [Td As 3s]
Zubasa07: checks
GAMBIT XMAN: bets $3
Zubasa07: calls $3
*** TURN *** [Td As 3s] [7d]
Zubasa07: checks
GAMBIT XMAN: bets $6
Zubasa07: calls $6
*** RIVER *** [Td As 3s 7d] [5s]
Zubasa07: checks
GAMBIT XMAN: bets $6
Zubasa07: folds
Uncalled bet ($6) returned to GAMBIT XMAN
GAMBIT XMAN collected $29.50 from pot
GAMBIT XMAN: doesn't show hand
*** SUMMARY ***
Total pot $30 | Rake $0.50
Board [Td As 3s 7d 5s]
Seat 1: Zubasa07 (big blind) folded on the River
Seat 6: GAMBIT XMAN (button) (small blind) collected ($29.50)


PokerStars Hand #166579138433:  Hold'em Limit ($3/$6 USD) - 2017/02/21 19:16:03 ET
Table 'Leda' 10-max Seat #1 is the button
Seat 1: Zubasa07 ($260.76 in chips)
Seat 6: GAMBIT XMAN ($151.39 in chips)
Zubasa07: posts small blind $1
GAMBIT XMAN: posts big blind $3
*** HOLE CARDS ***
Zubasa07: raises $3 to $6
GAMBIT XMAN: calls $3
*** FLOP *** [6c 6d 3c]
GAMBIT XMAN: checks
Zubasa07: bets $3
GAMBIT XMAN: calls $3
*** TURN *** [6c 6d 3c] [2c]
GAMBIT XMAN: checks
Zubasa07: bets $6
GAMBIT XMAN: raises $6 to $12
Zubasa07: calls $6
*** RIVER *** [6c 6d 3c 2c] [2d]
GAMBIT XMAN: checks
Zubasa07: checks
*** SHOW DOWN ***
GAMBIT XMAN: shows [9c 5c] (a flush, Nine high)
Zubasa07: mucks hand
GAMBIT XMAN collected $41.50 from pot
*** SUMMARY ***
Total pot $42 | Rake $0.50
Board [6c 6d 3c 2c 2d]
Seat 1: Zubasa07 (button) (small blind) mucked
Seat 6: GAMBIT XMAN (big blind) showed [9c 5c] and won ($41.50) with a flush, Nine high


