PokerStars Hand #157900105827:  Hold'em Limit ($3/$6 USD) - 2016/08/29 14:52:43 ET
Table 'Leda III' 6-max Seat #3 is the button
Seat 3: simper11 ($120 in chips)
Seat 5: pukuotukxx89 ($116.93 in chips)
simper11: posts small blind $1
pukuotukxx89: posts big blind $3
*** HOLE CARDS ***
simper11: raises $3 to $6
pukuotukxx89: calls $3
*** FLOP *** [Ac 3d Kd]
pukuotukxx89: checks
simper11: bets $3
pukuotukxx89: calls $3
*** TURN *** [Ac 3d Kd] [Qs]
pukuotukxx89: checks
simper11: bets $6
pukuotukxx89: calls $6
*** RIVER *** [Ac 3d Kd Qs] [As]
pukuotukxx89: bets $6
simper11: calls $6
*** SHOW DOWN ***
pukuotukxx89: shows [9d 9s] (two pair, Aces and Nines)
simper11: mucks hand
pukuotukxx89 collected $41.50 from pot
*** SUMMARY ***
Total pot $42 | Rake $0.50
Board [Ac 3d Kd Qs As]
Seat 3: simper11 (button) (small blind) mucked
Seat 5: pukuotukxx89 (big blind) showed [9d 9s] and won ($41.50) with two pair, Aces and Nines


PokerStars Hand #157900138874:  Hold'em Limit ($3/$6 USD) - 2016/08/29 14:53:25 ET
Table 'Leda III' 6-max Seat #5 is the button
Seat 3: simper11 ($120 in chips)
Seat 5: pukuotukxx89 ($137.43 in chips)
pukuotukxx89: posts small blind $1
simper11: posts big blind $3
*** HOLE CARDS ***
pukuotukxx89: raises $3 to $6
simper11: calls $3
*** FLOP *** [3c Qh Kd]
simper11: checks
pukuotukxx89: bets $3
simper11: folds
Uncalled bet ($3) returned to pukuotukxx89
pukuotukxx89 collected $11.76 from pot
pukuotukxx89: doesn't show hand
*** SUMMARY ***
Total pot $12 | Rake $0.24
Board [3c Qh Kd]
Seat 3: simper11 (big blind) folded on the Flop
Seat 5: pukuotukxx89 (button) (small blind) collected ($11.76)


PokerStars Hand #157900154656:  Hold'em Limit ($3/$6 USD) - 2016/08/29 14:53:44 ET
Table 'Leda III' 6-max Seat #3 is the button
Seat 3: simper11 ($120 in chips)
Seat 5: pukuotukxx89 ($143.19 in chips)
simper11: posts small blind $1
pukuotukxx89: posts big blind $3
*** HOLE CARDS ***
simper11: raises $3 to $6
pukuotukxx89: calls $3
*** FLOP *** [7d 9h Td]
pukuotukxx89: checks
simper11: bets $3
pukuotukxx89: calls $3
*** TURN *** [7d 9h Td] [3d]
pukuotukxx89: checks
simper11: bets $6
ValeryRon joins the table at seat #6
pukuotukxx89: calls $6
*** RIVER *** [7d 9h Td 3d] [2s]
pukuotukxx89: checks
simper11: bets $6
pukuotukxx89: folds
Uncalled bet ($6) returned to simper11
simper11 collected $29.50 from pot
simper11: doesn't show hand
*** SUMMARY ***
Total pot $30 | Rake $0.50
Board [7d 9h Td 3d 2s]
Seat 3: simper11 (button) (small blind) collected ($29.50)
Seat 5: pukuotukxx89 (big blind) folded on the River


PokerStars Hand #157901346571:  Hold'em Limit ($3/$6 USD) - 2016/08/29 15:18:28 ET
Table 'Leda III' 6-max Seat #1 is the button
Seat 1: mazael ($115.69 in chips)
Seat 2: Luanto 14 ($130.28 in chips)
mazael: posts small blind $1
Luanto 14: posts big blind $3
*** HOLE CARDS ***
mazael: folds
Uncalled bet ($2) returned to Luanto 14
Luanto 14 collected $2 from pot
Luanto 14: doesn't show hand
*** SUMMARY ***
Total pot $2 | Rake $0
Seat 1: mazael (button) (small blind) folded before Flop
Seat 2: Luanto 14 (big blind) collected ($2)


PokerStars Hand #157901335324:  Hold'em Limit ($3/$6 USD) - 2016/08/29 15:18:15 ET
Table 'Leda III' 6-max Seat #2 is the button
Seat 1: mazael ($121.69 in chips)
Seat 2: Luanto 14 ($124.52 in chips)
Luanto 14: posts small blind $1
Wurst2000: is sitting out
mazael: posts big blind $3
*** HOLE CARDS ***
Luanto 14: raises $3 to $6
mazael: calls $3
*** FLOP *** [2s 2d 5d]
mazael: checks
Luanto 14: bets $3
mazael: folds
Uncalled bet ($3) returned to Luanto 14
Wurst2000 leaves the table
Luanto 14 collected $11.76 from pot
Luanto 14: doesn't show hand
*** SUMMARY ***
Total pot $12 | Rake $0.24
Board [2s 2d 5d]
Seat 1: mazael (big blind) folded on the Flop
Seat 2: Luanto 14 (button) (small blind) collected ($11.76)


PokerStars Hand #157901373741:  Hold'em Limit ($3/$6 USD) - 2016/08/29 15:19:00 ET
Table 'Leda III' 6-max Seat #1 is the button
Seat 1: mazael ($99.69 in chips)
Seat 2: Luanto 14 ($145.78 in chips)
mazael: posts small blind $1
Luanto 14: posts big blind $3
*** HOLE CARDS ***
mazael: raises $3 to $6
Luanto 14: calls $3
*** FLOP *** [7h 5c 8s]
Luanto 14: checks
mazael: bets $3
Luanto 14: calls $3
*** TURN *** [7h 5c 8s] [3s]
Luanto 14: checks
mazael: bets $6
Luanto 14: calls $6
*** RIVER *** [7h 5c 8s 3s] [4s]
Luanto 14: checks
mazael: bets $6
Luanto 14: calls $6
*** SHOW DOWN ***
mazael: shows [5d 7d] (two pair, Sevens and Fives)
Luanto 14: mucks hand
mazael collected $41.50 from pot
*** SUMMARY ***
Total pot $42 | Rake $0.50
Board [7h 5c 8s 3s 4s]
Seat 1: mazael (button) (small blind) showed [5d 7d] and won ($41.50) with two pair, Sevens and Fives
Seat 2: Luanto 14 (big blind) mucked


PokerStars Hand #157901397638:  Hold'em Limit ($3/$6 USD) - 2016/08/29 15:19:28 ET
Table 'Leda III' 6-max Seat #1 is the button
Seat 1: mazael ($114.19 in chips)
Seat 2: Luanto 14 ($130.54 in chips)
mazael: posts small blind $1
Luanto 14: posts big blind $3
*** HOLE CARDS ***
mazael: folds
Uncalled bet ($2) returned to Luanto 14
Luanto 14 collected $2 from pot
Luanto 14: doesn't show hand
*** SUMMARY ***
Total pot $2 | Rake $0
Seat 1: mazael (button) (small blind) folded before Flop
Seat 2: Luanto 14 (big blind) collected ($2)


PokerStars Hand #157901389330:  Hold'em Limit ($3/$6 USD) - 2016/08/29 15:19:18 ET
Table 'Leda III' 6-max Seat #2 is the button
Seat 1: mazael ($120.19 in chips)
Seat 2: Luanto 14 ($124.78 in chips)
Luanto 14: posts small blind $1
mazael: posts big blind $3
*** HOLE CARDS ***
Luanto 14: raises $3 to $6
mazael: calls $3
*** FLOP *** [Ac Tc 2c]
mazael: checks
Luanto 14: bets $3
mazael: folds
Uncalled bet ($3) returned to Luanto 14
Luanto 14 collected $11.76 from pot
Luanto 14: doesn't show hand
*** SUMMARY ***
Total pot $12 | Rake $0.24
Board [Ac Tc 2c]
Seat 1: mazael (big blind) folded on the Flop
Seat 2: Luanto 14 (button) (small blind) collected ($11.76)


PokerStars Hand #157901350637:  Hold'em Limit ($3/$6 USD) - 2016/08/29 15:18:33 ET
Table 'Leda III' 6-max Seat #2 is the button
Seat 1: mazael ($114.69 in chips)
Seat 2: Luanto 14 ($131.28 in chips)
Luanto 14: posts small blind $1
mazael: posts big blind $3
*** HOLE CARDS ***
Luanto 14: raises $3 to $6
mazael: calls $3
*** FLOP *** [7d 4c 8h]
mazael: bets $3
Luanto 14: calls $3
*** TURN *** [7d 4c 8h] [2s]
mazael: checks
Luanto 14: checks
*** RIVER *** [7d 4c 8h 2s] [8s]
mazael: bets $6
Luanto 14: calls $6
*** SHOW DOWN ***
mazael: shows [Th 5s] (a pair of Eights)
Luanto 14: shows [Kh 2h] (two pair, Eights and Deuces)
Luanto 14 collected $29.50 from pot
*** SUMMARY ***
Total pot $30 | Rake $0.50
Board [7d 4c 8h 2s 8s]
Seat 1: mazael (big blind) showed [Th 5s] and lost with a pair of Eights
Seat 2: Luanto 14 (button) (small blind) showed [Kh 2h] and won ($29.50) with two pair, Eights and Deuces


PokerStars Hand #157901421057:  Hold'em Limit ($3/$6 USD) - 2016/08/29 15:19:55 ET
Table 'Leda III' 6-max Seat #1 is the button
Seat 1: mazael ($104.19 in chips)
Seat 2: Luanto 14 ($140.18 in chips)
mazael: posts small blind $1
Luanto 14: posts big blind $3
*** HOLE CARDS ***
mazael: raises $3 to $6
Luanto 14: calls $3
*** FLOP *** [8h 7s Qc]
Luanto 14: checks
mazael: bets $3
Luanto 14: calls $3
*** TURN *** [8h 7s Qc] [9c]
Luanto 14: checks
mazael: bets $6
Wurst2000 joins the table at seat #4
Luanto 14: calls $6
*** RIVER *** [8h 7s Qc 9c] [3s]
Luanto 14: checks
mazael: bets $6
Luanto 14: calls $6
*** SHOW DOWN ***
mazael: shows [As Ac] (a pair of Aces)
Luanto 14: mucks hand
mazael collected $41.50 from pot
*** SUMMARY ***
Total pot $42 | Rake $0.50
Board [8h 7s Qc 9c 3s]
Seat 1: mazael (button) (small blind) showed [As Ac] and won ($41.50) with a pair of Aces
Seat 2: Luanto 14 (big blind) mucked


PokerStars Hand #157901402232:  Hold'em Limit ($3/$6 USD) - 2016/08/29 15:19:33 ET
Table 'Leda III' 6-max Seat #2 is the button
Seat 1: mazael ($113.19 in chips)
Seat 2: Luanto 14 ($131.54 in chips)
Luanto 14: posts small blind $1
mazael: posts big blind $3
*** HOLE CARDS ***
Luanto 14: raises $3 to $6
mazael: calls $3
*** FLOP *** [Kc 6d Kd]
mazael: bets $3
Luanto 14: calls $3
*** TURN *** [Kc 6d Kd] [7d]
mazael: checks
Luanto 14: checks
*** RIVER *** [Kc 6d Kd 7d] [Td]
mazael: checks
Luanto 14: bets $6
mazael: folds
Uncalled bet ($6) returned to Luanto 14
Luanto 14 collected $17.64 from pot
Luanto 14: doesn't show hand
HasThaHustle joins the table at seat #3
*** SUMMARY ***
Total pot $18 | Rake $0.36
Board [Kc 6d Kd 7d Td]
Seat 1: mazael (big blind) folded on the River
Seat 2: Luanto 14 (button) (small blind) collected ($17.64)


PokerStars Hand #157903109143:  Hold'em Limit ($3/$6 USD) - 2016/08/29 15:52:53 ET
Table 'Leda III' 6-max Seat #3 is the button
Seat 2: Luanto 14 ($215.56 in chips)
Seat 3: McMang ($40.02 in chips)
McMang: posts small blind $1
Luanto 14: posts big blind $3
*** HOLE CARDS ***
McMang: raises $3 to $6
Luanto 14: calls $3
*** FLOP *** [Js Qh 6h]
Luanto 14: checks
McMang: bets $3
Luanto 14: calls $3
*** TURN *** [Js Qh 6h] [8h]
Luanto 14: checks
McMang: bets $6
Luanto 14: calls $6
*** RIVER *** [Js Qh 6h 8h] [Ts]
Luanto 14: checks
McMang: bets $6
Luanto 14: folds
Uncalled bet ($6) returned to McMang
McMang collected $29.50 from pot
McMang: doesn't show hand
*** SUMMARY ***
Total pot $30 | Rake $0.50
Board [Js Qh 6h 8h Ts]
Seat 2: Luanto 14 (big blind) folded on the River
Seat 3: McMang (button) (small blind) collected ($29.50)


