PokerStars Hand #172862129819:  Hold'em Limit ($3/$6 USD) - 2017/07/10 15:50:07 ET
Table 'Leda' 6-max Seat #3 is the button
Seat 3: SHOOTER1118 ($120 in chips)
Seat 4: MTails ($120 in chips)
SHOOTER1118: posts small blind $1
MTails: posts big blind $3
*** HOLE CARDS ***
SHOOTER1118: raises $3 to $6
MTails: calls $3
*** FLOP *** [Ad Js 8c]
MTails: checks
SHOOTER1118: bets $3
MTails: raises $3 to $6
SHOOTER1118: calls $3
*** TURN *** [Ad Js 8c] [Qs]
MTails: bets $6
SHOOTER1118: calls $6
*** RIVER *** [Ad Js 8c Qs] [Jh]
MTails: checks
SHOOTER1118: bets $6
MTails: calls $6
*** SHOW DOWN ***
SHOOTER1118: shows [Qh Ac] (two pair, Aces and Queens)
MTails: mucks hand
SHOOTER1118 collected $47.50 from pot
*** SUMMARY ***
Total pot $48 | Rake $0.50
Board [Ad Js 8c Qs Jh]
Seat 3: SHOOTER1118 (button) (small blind) showed [Qh Ac] and won ($47.50) with two pair, Aces and Queens
Seat 4: MTails (big blind) mucked


PokerStars Hand #172862179840:  Hold'em Limit ($3/$6 USD) - 2017/07/10 15:51:04 ET
Table 'Leda' 6-max Seat #3 is the button
Seat 3: SHOOTER1118 ($122.50 in chips)
Seat 4: MTails ($116.50 in chips)
SHOOTER1118: posts small blind $1
MTails: posts big blind $3
*** HOLE CARDS ***
SHOOTER1118: folds
Uncalled bet ($2) returned to MTails
MTails collected $2 from pot
*** SUMMARY ***
Total pot $2 | Rake $0
Seat 3: SHOOTER1118 (button) (small blind) folded before Flop
Seat 4: MTails (big blind) collected ($2)


PokerStars Hand #172862156652:  Hold'em Limit ($3/$6 USD) - 2017/07/10 15:50:37 ET
Table 'Leda' 6-max Seat #4 is the button
Seat 3: SHOOTER1118 ($143.50 in chips)
Seat 4: MTails ($96 in chips)
MTails: posts small blind $1
SHOOTER1118: posts big blind $3
*** HOLE CARDS ***
MTails: raises $3 to $6
SHOOTER1118: calls $3
*** FLOP *** [4c 2c Kd]
SHOOTER1118: checks
MTails: bets $3
GoliafUa joins the table at seat #5
SHOOTER1118: calls $3
*** TURN *** [4c 2c Kd] [8d]
SHOOTER1118: checks
MTails: bets $6
SHOOTER1118: calls $6
*** RIVER *** [4c 2c Kd 8d] [Tc]
SHOOTER1118: checks
MTails: bets $6
SHOOTER1118: calls $6
*** SHOW DOWN ***
MTails: shows [Ks 3c] (a pair of Kings)
SHOOTER1118: mucks hand
MTails collected $41.50 from pot
*** SUMMARY ***
Total pot $42 | Rake $0.50
Board [4c 2c Kd 8d Tc]
Seat 3: SHOOTER1118 (big blind) mucked
Seat 4: MTails (button) (small blind) showed [Ks 3c] and won ($41.50) with a pair of Kings


PokerStars Hand #172862189519:  Hold'em Limit ($3/$6 USD) - 2017/07/10 15:51:15 ET
Table 'Leda' 6-max Seat #3 is the button
Seat 3: SHOOTER1118 ($118.50 in chips)
Seat 4: MTails ($120.50 in chips)
SHOOTER1118: posts small blind $1
MTails: posts big blind $3
*** HOLE CARDS ***
SHOOTER1118: raises $3 to $6
MTails: raises $3 to $9
SHOOTER1118: calls $3
*** FLOP *** [5c 8s 2h]
MTails: bets $3
SHOOTER1118: calls $3
*** TURN *** [5c 8s 2h] [Qd]
faxe93 joins the table at seat #2
MTails: bets $6
SHOOTER1118: folds
Uncalled bet ($6) returned to MTails
MTails collected $23.52 from pot
*** SUMMARY ***
Total pot $24 | Rake $0.48
Board [5c 8s 2h Qd]
Seat 3: SHOOTER1118 (button) (small blind) folded on the Turn
Seat 4: MTails (big blind) collected ($23.52)


PokerStars Hand #172862183973:  Hold'em Limit ($3/$6 USD) - 2017/07/10 15:51:09 ET
Table 'Leda' 6-max Seat #4 is the button
Seat 3: SHOOTER1118 ($121.50 in chips)
Seat 4: MTails ($117.50 in chips)
MTails: posts small blind $1
SHOOTER1118: posts big blind $3
*** HOLE CARDS ***
MTails: raises $3 to $6
SHOOTER1118: folds
Uncalled bet ($3) returned to MTails
MTails collected $6 from pot
*** SUMMARY ***
Total pot $6 | Rake $0
Seat 3: SHOOTER1118 (big blind) folded before Flop
Seat 4: MTails (button) (small blind) collected ($6)


