PokerStars Hand #152604515827:  Hold'em Limit ($3/$6 USD) - 2016/04/29 8:10:38 ET
Table 'Leda II' 6-max Seat #1 is the button
Seat 1: asf5550 ($74.26 in chips)
Seat 2: Ale4o ($120 in chips)
asf5550: posts small blind $1
Ale4o: posts big blind $3
*** HOLE CARDS ***
asf5550: raises $3 to $6
Ale4o: calls $3
*** FLOP *** [8d Ad 2d]
Ale4o: checks
asf5550: bets $3
Ale4o: raises $3 to $6
asf5550: raises $3 to $9
Ale4o: calls $3
*** TURN *** [8d Ad 2d] [4h]
Ale4o: checks
asf5550: bets $6
Ale4o: calls $6
*** RIVER *** [8d Ad 2d 4h] [3h]
Ale4o: checks
asf5550: bets $6
Ale4o: calls $6
*** SHOW DOWN ***
asf5550: shows [7d 6d] (a flush, Ace high)
Ale4o: mucks hand
asf5550 collected $53.50 from pot
*** SUMMARY ***
Total pot $54 | Rake $0.50
Board [8d Ad 2d 4h 3h]
Seat 1: asf5550 (button) (small blind) showed [7d 6d] and won ($53.50) with a flush, Ace high
Seat 2: Ale4o (big blind) mucked


PokerStars Hand #152604529658:  Hold'em Limit ($3/$6 USD) - 2016/04/29 8:11:05 ET
Table 'Leda II' 6-max Seat #2 is the button
Seat 1: asf5550 ($100.76 in chips)
Seat 2: Ale4o ($93 in chips)
Ale4o: posts small blind $1
asf5550: posts big blind $3
*** HOLE CARDS ***
Ale4o: raises $3 to $6
asf5550: calls $3
*** FLOP *** [8d 6s Kh]
asf5550: checks
Ale4o: bets $3
asf5550: folds
Uncalled bet ($3) returned to Ale4o
Ale4o collected $11.76 from pot
Ale4o: doesn't show hand
*** SUMMARY ***
Total pot $12 | Rake $0.24
Board [8d 6s Kh]
Seat 1: asf5550 (big blind) folded on the Flop
Seat 2: Ale4o (button) (small blind) collected ($11.76)


PokerStars Hand #152604536496:  Hold'em Limit ($3/$6 USD) - 2016/04/29 8:11:18 ET
Table 'Leda II' 6-max Seat #1 is the button
Seat 1: asf5550 ($94.76 in chips)
Seat 2: Ale4o ($98.76 in chips)
asf5550: posts small blind $1
Ale4o: posts big blind $3
*** HOLE CARDS ***
asf5550: folds
Uncalled bet ($2) returned to Ale4o
Ale4o collected $2 from pot
Ale4o: doesn't show hand
*** SUMMARY ***
Total pot $2 | Rake $0
Seat 1: asf5550 (button) (small blind) folded before Flop
Seat 2: Ale4o (big blind) collected ($2)


PokerStars Hand #152604539748:  Hold'em Limit ($3/$6 USD) - 2016/04/29 8:11:24 ET
Table 'Leda II' 6-max Seat #2 is the button
Seat 1: asf5550 ($93.76 in chips)
Seat 2: Ale4o ($99.76 in chips)
Ale4o: posts small blind $1
asf5550: posts big blind $3
*** HOLE CARDS ***
Ale4o: raises $3 to $6
asf5550: calls $3
*** FLOP *** [6h 3c Ah]
asf5550: checks
Ale4o: bets $3
asf5550: calls $3
*** TURN *** [6h 3c Ah] [4c]
asf5550: checks
Ale4o: bets $6
asf5550: calls $6
*** RIVER *** [6h 3c Ah 4c] [5h]
asf5550: checks
Ale4o: checks
*** SHOW DOWN ***
asf5550: shows [Jh 6s] (a pair of Sixes)
Ale4o: shows [6c Kd] (a pair of Sixes - Ace+King kicker)
Ale4o collected $29.50 from pot
*** SUMMARY ***
Total pot $30 | Rake $0.50
Board [6h 3c Ah 4c 5h]
Seat 1: asf5550 (big blind) showed [Jh 6s] and lost with a pair of Sixes
Seat 2: Ale4o (button) (small blind) showed [6c Kd] and won ($29.50) with a pair of Sixes


PokerStars Hand #152604552053:  Hold'em Limit ($3/$6 USD) - 2016/04/29 8:11:49 ET
Table 'Leda II' 6-max Seat #1 is the button
Seat 1: asf5550 ($78.76 in chips)
Seat 2: Ale4o ($114.26 in chips)
asf5550: posts small blind $1
Ale4o: posts big blind $3
*** HOLE CARDS ***
asf5550: calls $2
Ale4o: checks
*** FLOP *** [7s 7h Qh]
Ale4o: checks
asf5550: checks
*** TURN *** [7s 7h Qh] [3h]
Ale4o: checks
asf5550: bets $6
Ale4o: calls $6
*** RIVER *** [7s 7h Qh 3h] [Ac]
Ale4o: checks
asf5550: bets $6
Ale4o: folds
Uncalled bet ($6) returned to asf5550
asf5550 collected $17.64 from pot
asf5550: doesn't show hand
*** SUMMARY ***
Total pot $18 | Rake $0.36
Board [7s 7h Qh 3h Ac]
Seat 1: asf5550 (button) (small blind) collected ($17.64)
Seat 2: Ale4o (big blind) folded on the River


PokerStars Hand #152604563991:  Hold'em Limit ($3/$6 USD) - 2016/04/29 8:12:12 ET
Table 'Leda II' 6-max Seat #2 is the button
Seat 1: asf5550 ($87.40 in chips)
Seat 2: Ale4o ($105.26 in chips)
Ale4o: posts small blind $1
asf5550: posts big blind $3
*** HOLE CARDS ***
Ale4o: raises $3 to $6
asf5550: calls $3
*** FLOP *** [5c Jh 9d]
asf5550: checks
Ale4o: checks
*** TURN *** [5c Jh 9d] [Jd]
asf5550: checks
Ale4o: checks
*** RIVER *** [5c Jh 9d Jd] [5h]
asf5550: checks
Ale4o: checks
*** SHOW DOWN ***
asf5550: shows [Ts 8h] (two pair, Jacks and Fives)
Ale4o: mucks hand
asf5550 collected $11.76 from pot
*** SUMMARY ***
Total pot $12 | Rake $0.24
Board [5c Jh 9d Jd 5h]
Seat 1: asf5550 (big blind) showed [Ts 8h] and won ($11.76) with two pair, Jacks and Fives
Seat 2: Ale4o (button) (small blind) mucked


PokerStars Hand #152604577916:  Hold'em Limit ($3/$6 USD) - 2016/04/29 8:12:38 ET
Table 'Leda II' 6-max Seat #1 is the button
Seat 1: asf5550 ($93.16 in chips)
Seat 2: Ale4o ($99.26 in chips)
asf5550: posts small blind $1
Ale4o: posts big blind $3
*** HOLE CARDS ***
asf5550: calls $2
Ale4o: checks
*** FLOP *** [Ts 6s Tc]
Ale4o: checks
asf5550: checks
*** TURN *** [Ts 6s Tc] [2d]
Ale4o: checks
asf5550: checks
*** RIVER *** [Ts 6s Tc 2d] [Qs]
Ale4o: checks
asf5550: checks
*** SHOW DOWN ***
Ale4o: shows [9h Qc] (two pair, Queens and Tens)
asf5550: mucks hand
Ale4o collected $5.88 from pot
$polu4atel*$ joins the table at seat #5
*** SUMMARY ***
Total pot $6 | Rake $0.12
Board [Ts 6s Tc 2d Qs]
Seat 1: asf5550 (button) (small blind) mucked
Seat 2: Ale4o (big blind) showed [9h Qc] and won ($5.88) with two pair, Queens and Tens


PokerStars Hand #152604819086:  Hold'em Limit ($3/$6 USD) - 2016/04/29 8:20:24 ET
Table 'Leda II' 6-max Seat #2 is the button
Seat 1: asf5550 ($138.30 in chips)
Seat 2: Ale4o ($132.72 in chips)
Ale4o: posts small blind $1
asf5550: posts big blind $3
*** HOLE CARDS ***
Ale4o: raises $3 to $6
Volondemort leaves the table
asf5550: calls $3
*** FLOP *** [3s Tc 2s]
asf5550: checks
Ale4o: bets $3
asf5550: folds
Uncalled bet ($3) returned to Ale4o
Ale4o collected $11.76 from pot
Ale4o: doesn't show hand
*** SUMMARY ***
Total pot $12 | Rake $0.24
Board [3s Tc 2s]
Seat 1: asf5550 (big blind) folded on the Flop
Seat 2: Ale4o (button) (small blind) collected ($11.76)


PokerStars Hand #152604838932:  Hold'em Limit ($3/$6 USD) - 2016/04/29 8:21:02 ET
Table 'Leda II' 6-max Seat #2 is the button
Seat 1: asf5550 ($140.06 in chips)
Seat 2: Ale4o ($130.48 in chips)
Ale4o: posts small blind $1
asf5550: posts big blind $3
*** HOLE CARDS ***
Ale4o: raises $3 to $6
asf5550: raises $3 to $9
Ale4o: calls $3
*** FLOP *** [5h 8h 3s]
asf5550: bets $3
Ale4o: calls $3
*** TURN *** [5h 8h 3s] [Qs]
asf5550: bets $6
Ale4o: calls $6
*** RIVER *** [5h 8h 3s Qs] [9s]
asf5550: bets $6
Ale4o: calls $6
*** SHOW DOWN ***
asf5550: shows [Jc Js] (a pair of Jacks)
Ale4o: mucks hand
asf5550 collected $47.50 from pot
*** SUMMARY ***
Total pot $48 | Rake $0.50
Board [5h 8h 3s Qs 9s]
Seat 1: asf5550 (big blind) showed [Jc Js] and won ($47.50) with a pair of Jacks
Seat 2: Ale4o (button) (small blind) mucked


PokerStars Hand #152604835832:  Hold'em Limit ($3/$6 USD) - 2016/04/29 8:20:56 ET
Table 'Leda II' 6-max Seat #1 is the button
Seat 1: asf5550 ($141.06 in chips)
Seat 2: Ale4o ($129.48 in chips)
asf5550: posts small blind $1
Ale4o: posts big blind $3
*** HOLE CARDS ***
asf5550: folds
Uncalled bet ($2) returned to Ale4o
Ale4o collected $2 from pot
Ale4o: doesn't show hand
*** SUMMARY ***
Total pot $2 | Rake $0
Seat 1: asf5550 (button) (small blind) folded before Flop
Seat 2: Ale4o (big blind) collected ($2)


PokerStars Hand #152604828313:  Hold'em Limit ($3/$6 USD) - 2016/04/29 8:20:41 ET
Table 'Leda II' 6-max Seat #2 is the button
Seat 1: asf5550 ($135.30 in chips)
Seat 2: Ale4o ($135.48 in chips)
Ale4o: posts small blind $1
asf5550: posts big blind $3
*** HOLE CARDS ***
Ale4o: raises $3 to $6
asf5550: calls $3
*** FLOP *** [8s 4d Ts]
asf5550: checks
Ale4o: checks
*** TURN *** [8s 4d Ts] [2s]
asf5550: bets $6
Ale4o: folds
Uncalled bet ($6) returned to asf5550
asf5550 collected $11.76 from pot
asf5550: doesn't show hand
*** SUMMARY ***
Total pot $12 | Rake $0.24
Board [8s 4d Ts 2s]
Seat 1: asf5550 (big blind) collected ($11.76)
Seat 2: Ale4o (button) (small blind) folded on the Turn


PokerStars Hand #152604825247:  Hold'em Limit ($3/$6 USD) - 2016/04/29 8:20:36 ET
Table 'Leda II' 6-max Seat #1 is the button
Seat 1: asf5550 ($132.30 in chips)
Seat 2: Ale4o ($138.48 in chips)
asf5550: posts small blind $1
Ale4o: posts big blind $3
*** HOLE CARDS ***
asf5550: raises $3 to $6
Ale4o: folds
Uncalled bet ($3) returned to asf5550
asf5550 collected $6 from pot
asf5550: doesn't show hand
*** SUMMARY ***
Total pot $6 | Rake $0
Seat 1: asf5550 (button) (small blind) collected ($6)
Seat 2: Ale4o (big blind) folded before Flop


PokerStars Hand #152604847660:  Hold'em Limit ($3/$6 USD) - 2016/04/29 8:21:18 ET
Table 'Leda II' 6-max Seat #1 is the button
Seat 1: asf5550 ($163.56 in chips)
Seat 2: Ale4o ($106.48 in chips)
asf5550: posts small blind $1
Ale4o: posts big blind $3
*** HOLE CARDS ***
asf5550: calls $2
Ale4o: checks
*** FLOP *** [7c Qh Ts]
Ale4o: checks
asf5550: checks
*** TURN *** [7c Qh Ts] [8h]
Ale4o: checks
asf5550: bets $6
Ale4o: folds
Uncalled bet ($6) returned to asf5550
asf5550 collected $5.88 from pot
asf5550: doesn't show hand
*** SUMMARY ***
Total pot $6 | Rake $0.12
Board [7c Qh Ts 8h]
Seat 1: asf5550 (button) (small blind) collected ($5.88)
Seat 2: Ale4o (big blind) folded on the Turn


PokerStars Hand #152607271130:  Hold'em Limit ($3/$6 USD) - 2016/04/29 9:33:44 ET
Table 'Leda II' 6-max Seat #2 is the button
Seat 2: HAL9QQQ ($130.06 in chips)
Seat 3: Krazy90 ($204.16 in chips)
HAL9QQQ: posts small blind $1
Krazy90: posts big blind $3
*** HOLE CARDS ***
HAL9QQQ: raises $3 to $6
Krazy90: folds
Uncalled bet ($3) returned to HAL9QQQ
HAL9QQQ collected $6 from pot
HAL9QQQ: doesn't show hand
*** SUMMARY ***
Total pot $6 | Rake $0
Seat 2: HAL9QQQ (button) (small blind) collected ($6)
Seat 3: Krazy90 (big blind) folded before Flop


PokerStars Hand #152607278526:  Hold'em Limit ($3/$6 USD) - 2016/04/29 9:33:57 ET
Table 'Leda II' 6-max Seat #1 is the button
Seat 1: syriapoker ($110.92 in chips)
Seat 3: Krazy90 ($200.16 in chips)
syriapoker: posts small blind $1
HAL9QQQ: is sitting out
Krazy90: posts big blind $3
*** HOLE CARDS ***
syriapoker: raises $3 to $6
Krazy90: folds
Uncalled bet ($3) returned to syriapoker
syriapoker collected $6 from pot
syriapoker: doesn't show hand
*** SUMMARY ***
Total pot $6 | Rake $0
Seat 1: syriapoker (button) (small blind) collected ($6)
Seat 3: Krazy90 (big blind) folded before Flop


PokerStars Hand #152607282584:  Hold'em Limit ($3/$6 USD) - 2016/04/29 9:34:03 ET
Table 'Leda II' 6-max Seat #3 is the button
Seat 1: syriapoker ($113.92 in chips)
Seat 3: Krazy90 ($197.16 in chips)
Krazy90: posts small blind $1
syriapoker: posts big blind $3
*** HOLE CARDS ***
Krazy90: folds
Uncalled bet ($2) returned to syriapoker
Krazy90 leaves the table
syriapoker collected $2 from pot
syriapoker: doesn't show hand
*** SUMMARY ***
Total pot $2 | Rake $0
Seat 1: syriapoker (big blind) collected ($2)
Seat 3: Krazy90 (button) (small blind) folded before Flop


PokerStars Hand #152607239083:  Hold'em Limit ($3/$6 USD) - 2016/04/29 9:32:49 ET
Table 'Leda II' 6-max Seat #3 is the button
Seat 2: HAL9QQQ ($145.06 in chips)
Seat 3: Krazy90 ($189.66 in chips)
Krazy90: posts small blind $1
bentinck113: is sitting out
HAL9QQQ: posts big blind $3
*** HOLE CARDS ***
Krazy90: raises $3 to $6
HAL9QQQ: calls $3
*** FLOP *** [5c 8c Jc]
bentinck113 leaves the table
HAL9QQQ: checks
Krazy90: bets $3
HAL9QQQ: calls $3
*** TURN *** [5c 8c Jc] [8h]
HAL9QQQ: checks
Krazy90: checks
*** RIVER *** [5c 8c Jc 8h] [9d]
HAL9QQQ: checks
Krazy90: bets $6
HAL9QQQ: calls $6
*** SHOW DOWN ***
Krazy90: shows [6c 7h] (a straight, Five to Nine)
HAL9QQQ: mucks hand
Krazy90 collected $29.50 from pot
*** SUMMARY ***
Total pot $30 | Rake $0.50
Board [5c 8c Jc 8h 9d]
Seat 2: HAL9QQQ (big blind) mucked
Seat 3: Krazy90 (button) (small blind) showed [6c 7h] and won ($29.50) with a straight, Five to Nine


