PokerStars Hand #158849013797:  Hold'em Limit ($3/$6 USD) - 2016/09/20 7:17:16 ET
Table 'Leda II' 6-max Seat #5 is the button
Seat 3: bekness ($63 in chips)
Seat 5: GoliafUa ($117 in chips)
GoliafUa: posts small blind $1
bekness: posts big blind $3
*** HOLE CARDS ***
GoliafUa: raises $3 to $6
bekness: calls $3
*** FLOP *** [3s 5s Qc]
bekness: checks
GoliafUa: bets $3
bekness: folds
Uncalled bet ($3) returned to GoliafUa
GoliafUa collected $11.76 from pot
GoliafUa: doesn't show hand
*** SUMMARY ***
Total pot $12 | Rake $0.24
Board [3s 5s Qc]
Seat 3: bekness (big blind) folded on the Flop
Seat 5: GoliafUa (button) (small blind) collected ($11.76)


PokerStars Hand #158849007474:  Hold'em Limit ($3/$6 USD) - 2016/09/20 7:17:02 ET
Table 'Leda II' 6-max Seat #3 is the button
Seat 3: bekness ($60 in chips)
Seat 5: GoliafUa ($120 in chips)
VolkovDmitri: is sitting out
bekness: posts small blind $1
GoliafUa: posts big blind $3
*** HOLE CARDS ***
bekness: raises $3 to $6
GoliafUa: folds
Uncalled bet ($3) returned to bekness
bekness collected $6 from pot
bekness: doesn't show hand
*** SUMMARY ***
Total pot $6 | Rake $0
Seat 3: bekness (button) (small blind) collected ($6)
Seat 5: GoliafUa (big blind) folded before Flop


PokerStars Hand #158849037391:  Hold'em Limit ($3/$6 USD) - 2016/09/20 7:18:11 ET
Table 'Leda II' 6-max Seat #5 is the button
Seat 3: bekness ($56.75 in chips)
Seat 5: GoliafUa ($122.51 in chips)
GoliafUa: posts small blind $1
bekness: posts big blind $3
*** HOLE CARDS ***
GoliafUa: raises $3 to $6
bekness: folds
Uncalled bet ($3) returned to GoliafUa
GoliafUa collected $6 from pot
GoliafUa: doesn't show hand
*** SUMMARY ***
Total pot $6 | Rake $0
Seat 3: bekness (big blind) folded before Flop
Seat 5: GoliafUa (button) (small blind) collected ($6)


PokerStars Hand #158849029772:  Hold'em Limit ($3/$6 USD) - 2016/09/20 7:17:53 ET
Table 'Leda II' 6-max Seat #3 is the button
Seat 3: bekness ($57 in chips)
Seat 5: GoliafUa ($122.76 in chips)
bekness: posts small blind $1
GoliafUa: posts big blind $3
*** HOLE CARDS ***
bekness: calls $2
GoliafUa: checks
*** FLOP *** [8h 6d 4s]
GoliafUa: bets $3
bekness: calls $3
*** TURN *** [8h 6d 4s] [5s]
GoliafUa: bets $6
bekness: calls $6
*** RIVER *** [8h 6d 4s 5s] [7s]
GoliafUa: bets $6
bekness: calls $6
*** SHOW DOWN ***
GoliafUa: shows [8c 7d] (a straight, Four to Eight)
bekness: shows [4d 5c] (a straight, Four to Eight)
GoliafUa collected $17.75 from pot
bekness collected $17.75 from pot
*** SUMMARY ***
Total pot $36 | Rake $0.50
Board [8h 6d 4s 5s 7s]
Seat 3: bekness (button) (small blind) showed [4d 5c] and won ($17.75) with a straight, Four to Eight
Seat 5: GoliafUa (big blind) showed [8c 7d] and won ($17.75) with a straight, Four to Eight


PokerStars Hand #158849081833:  Hold'em Limit ($3/$6 USD) - 2016/09/20 7:19:53 ET
Table 'Leda II' 6-max Seat #3 is the button
Seat 3: blake_mr ($65.73 in chips)
Seat 4: VolkovDmitri ($137.50 in chips)
blake_mr: posts small blind $1
VolkovDmitri: posts big blind $3
*** HOLE CARDS ***
blake_mr: raises $3 to $6
VolkovDmitri: calls $3
*** FLOP *** [Jh 2s 6c]
VolkovDmitri: checks
blake_mr: bets $3
VolkovDmitri: calls $3
*** TURN *** [Jh 2s 6c] [2c]
VolkovDmitri: checks
blake_mr: checks
*** RIVER *** [Jh 2s 6c 2c] [As]
VolkovDmitri: checks
blake_mr: checks
*** SHOW DOWN ***
VolkovDmitri: shows [Kd 9c] (a pair of Deuces)
blake_mr: mucks hand
VolkovDmitri collected $17.64 from pot
*** SUMMARY ***
Total pot $18 | Rake $0.36
Board [Jh 2s 6c 2c As]
Seat 3: blake_mr (button) (small blind) mucked
Seat 4: VolkovDmitri (big blind) showed [Kd 9c] and won ($17.64) with a pair of Deuces


PokerStars Hand #158849079667:  Hold'em Limit ($3/$6 USD) - 2016/09/20 7:19:48 ET
Table 'Leda II' 6-max Seat #4 is the button
Seat 3: blake_mr ($68.73 in chips)
Seat 4: VolkovDmitri ($134.50 in chips)
VolkovDmitri: posts small blind $1
blake_mr: posts big blind $3
*** HOLE CARDS ***
VolkovDmitri: raises $3 to $6
blake_mr: folds
Uncalled bet ($3) returned to VolkovDmitri
VolkovDmitri collected $6 from pot
VolkovDmitri: doesn't show hand
*** SUMMARY ***
Total pot $6 | Rake $0
Seat 3: blake_mr (big blind) folded before Flop
Seat 4: VolkovDmitri (button) (small blind) collected ($6)


PokerStars Hand #158849068886:  Hold'em Limit ($3/$6 USD) - 2016/09/20 7:19:23 ET
Table 'Leda II' 6-max Seat #3 is the button
Seat 3: blake_mr ($83.73 in chips)
Seat 4: VolkovDmitri ($120 in chips)
blake_mr: posts small blind $1
VolkovDmitri: posts big blind $3
*** HOLE CARDS ***
blake_mr: calls $2
VolkovDmitri: raises $3 to $6
blake_mr: calls $3
*** FLOP *** [5h Jc Ts]
VolkovDmitri: bets $3
blake_mr: calls $3
*** TURN *** [5h Jc Ts] [Qs]
VolkovDmitri: bets $6
blake_mr: calls $6
*** RIVER *** [5h Jc Ts Qs] [9c]
VolkovDmitri: checks
blake_mr: checks
*** SHOW DOWN ***
VolkovDmitri: shows [Ac Qh] (a pair of Queens)
blake_mr: mucks hand
VolkovDmitri collected $29.50 from pot
*** SUMMARY ***
Total pot $30 | Rake $0.50
Board [5h Jc Ts Qs 9c]
Seat 3: blake_mr (button) (small blind) mucked
Seat 4: VolkovDmitri (big blind) showed [Ac Qh] and won ($29.50) with a pair of Queens


PokerStars Hand #158849092438:  Hold'em Limit ($3/$6 USD) - 2016/09/20 7:20:17 ET
Table 'Leda II' 6-max Seat #4 is the button
Seat 3: blake_mr ($56.73 in chips)
Seat 4: VolkovDmitri ($146.14 in chips)
VolkovDmitri: posts small blind $1
blake_mr: posts big blind $3
*** HOLE CARDS ***
VolkovDmitri: raises $3 to $6
blake_mr: calls $3
*** FLOP *** [7d 2c Qs]
blake_mr: checks
VolkovDmitri: bets $3
blake_mr: calls $3
*** TURN *** [7d 2c Qs] [Ks]
blake_mr: checks
VolkovDmitri: checks
*** RIVER *** [7d 2c Qs Ks] [5d]
blake_mr: bets $6
VolkovDmitri: folds
Uncalled bet ($6) returned to blake_mr
blake_mr collected $17.64 from pot
*** SUMMARY ***
Total pot $18 | Rake $0.36
Board [7d 2c Qs Ks 5d]
Seat 3: blake_mr (big blind) collected ($17.64)
Seat 4: VolkovDmitri (button) (small blind) folded on the River


PokerStars Hand #158849109419:  Hold'em Limit ($3/$6 USD) - 2016/09/20 7:20:56 ET
Table 'Leda II' 6-max Seat #4 is the button
Seat 3: blake_mr ($88.87 in chips)
Seat 4: VolkovDmitri ($120 in chips)
VolkovDmitri: posts small blind $1
blake_mr: posts big blind $3
*** HOLE CARDS ***
VolkovDmitri: raises $3 to $6
blake_mr: calls $3
*** FLOP *** [5d Jd 8c]
blake_mr: checks
VolkovDmitri: bets $3
vestimokrec joins the table at seat #5
blake_mr: folds
Uncalled bet ($3) returned to VolkovDmitri
VolkovDmitri collected $11.76 from pot
VolkovDmitri: doesn't show hand
*** SUMMARY ***
Total pot $12 | Rake $0.24
Board [5d Jd 8c]
Seat 3: blake_mr (big blind) folded on the Flop
Seat 4: VolkovDmitri (button) (small blind) collected ($11.76)


PokerStars Hand #158849099899:  Hold'em Limit ($3/$6 USD) - 2016/09/20 7:20:34 ET
Table 'Leda II' 6-max Seat #3 is the button
Seat 3: blake_mr ($65.37 in chips)
Seat 4: VolkovDmitri ($137.14 in chips)
blake_mr: posts small blind $1
VolkovDmitri: posts big blind $3
*** HOLE CARDS ***
blake_mr: raises $3 to $6
VolkovDmitri: raises $3 to $9
blake_mr: calls $3
*** FLOP *** [Td Ts 9s]
VolkovDmitri: bets $3
blake_mr: calls $3
*** TURN *** [Td Ts 9s] [Qc]
VolkovDmitri: bets $6
blake_mr: calls $6
*** RIVER *** [Td Ts 9s Qc] [8c]
VolkovDmitri: bets $6
blake_mr: raises $6 to $12
VolkovDmitri: folds
Uncalled bet ($6) returned to blake_mr
blake_mr collected $47.50 from pot
*** SUMMARY ***
Total pot $48 | Rake $0.50
Board [Td Ts 9s Qc 8c]
Seat 3: blake_mr (button) (small blind) collected ($47.50)
Seat 4: VolkovDmitri (big blind) folded on the River


PokerStars Hand #158849121961:  Hold'em Limit ($3/$6 USD) - 2016/09/20 7:21:25 ET
Table 'Leda II' 6-max Seat #3 is the button
Seat 3: blake_mr ($82.87 in chips)
Seat 4: VolkovDmitri ($125.76 in chips)
blake_mr: posts small blind $1
VolkovDmitri: posts big blind $3
*** HOLE CARDS ***
blake_mr: calls $2
VolkovDmitri: checks
*** FLOP *** [4s 7c 3s]
VolkovDmitri: bets $3
blake_mr: calls $3
*** TURN *** [4s 7c 3s] [6s]
VolkovDmitri: checks
blake_mr: bets $6
VolkovDmitri: calls $6
*** RIVER *** [4s 7c 3s 6s] [9h]
VolkovDmitri: checks
blake_mr: checks
*** SHOW DOWN ***
VolkovDmitri: shows [4c 2h] (a pair of Fours)
blake_mr: shows [6d 8c] (a pair of Sixes)
blake_mr collected $23.52 from pot
*** SUMMARY ***
Total pot $24 | Rake $0.48
Board [4s 7c 3s 6s 9h]
Seat 3: blake_mr (button) (small blind) showed [6d 8c] and won ($23.52) with a pair of Sixes
Seat 4: VolkovDmitri (big blind) showed [4c 2h] and lost with a pair of Fours


