PokerStars Hand #164986398341:  Hold'em Limit ($3/$6 USD) - 2017/01/22 10:04:30 ET
Table 'Legia' 6-max Seat #3 is the button
Seat 3: DePokeraap ($161.96 in chips)
Seat 5: LouisB ($105.49 in chips)
Fabulous108 will be allowed to play after the button
DePokeraap: posts small blind $1
helmmi: is sitting out
LouisB: posts big blind $3
*** HOLE CARDS ***
helmmi leaves the table
DePokeraap: raises $3 to $6
LouisB: folds
Uncalled bet ($3) returned to DePokeraap
DePokeraap collected $6 from pot
*** SUMMARY ***
Total pot $6 | Rake $0
Seat 3: DePokeraap (button) (small blind) collected ($6)
Seat 5: LouisB (big blind) folded before Flop


PokerStars Hand #164987241512:  Hold'em Limit ($3/$6 USD) - 2017/01/22 10:21:16 ET
Table 'Legia' 6-max Seat #5 is the button
Seat 3: DePokeraap ($182.91 in chips)
Seat 5: LouisB ($51.67 in chips)
LouisB: posts small blind $1
Fabulous108: is sitting out
DePokeraap: posts big blind $3
*** HOLE CARDS ***
Fabulous108 leaves the table
LouisB: raises $3 to $6
DePokeraap: calls $3
*** FLOP *** [Tc 6h Jc]
DePokeraap: checks
LouisB: checks
*** TURN *** [Tc 6h Jc] [3h]
DePokeraap: checks
LouisB: checks
*** RIVER *** [Tc 6h Jc 3h] [Ac]
DePokeraap: checks
LouisB: bets $6
DePokeraap: folds
Uncalled bet ($6) returned to LouisB
LouisB collected $11.76 from pot
LouisB: doesn't show hand
*** SUMMARY ***
Total pot $12 | Rake $0.24
Board [Tc 6h Jc 3h Ac]
Seat 3: DePokeraap (big blind) folded on the River
Seat 5: LouisB (button) (small blind) collected ($11.76)


