PokerStars Hand #172128396457:  Hold'em Limit ($3/$6 USD) - 2017/06/23 4:52:38 ET
Table 'Lehigh' 6-max Seat #4 is the button
Seat 4: VolkovDmitri ($120 in chips)
Seat 5: hassan67 ($120 in chips)
VolkovDmitri: posts small blind $1
hassan67: posts big blind $3
*** HOLE CARDS ***
VolkovDmitri: raises $3 to $6
hassan67: calls $3
*** FLOP *** [Js Ts Qc]
hassan67: checks
VolkovDmitri: bets $3
hassan67: calls $3
*** TURN *** [Js Ts Qc] [Td]
hassan67: checks
VolkovDmitri: checks
*** RIVER *** [Js Ts Qc Td] [5h]
hassan67: bets $6
VolkovDmitri: calls $6
*** SHOW DOWN ***
hassan67: shows [7h Tc] (three of a kind, Tens)
VolkovDmitri: mucks hand
hassan67 collected $29.50 from pot
*** SUMMARY ***
Total pot $30 | Rake $0.50
Board [Js Ts Qc Td 5h]
Seat 4: VolkovDmitri (button) (small blind) mucked
Seat 5: hassan67 (big blind) showed [7h Tc] and won ($29.50) with three of a kind, Tens


PokerStars Hand #172128406982:  Hold'em Limit ($3/$6 USD) - 2017/06/23 4:53:12 ET
Table 'Lehigh' 6-max Seat #5 is the button
Seat 4: VolkovDmitri ($120 in chips)
Seat 5: hassan67 ($134.50 in chips)
hassan67: posts small blind $1
VolkovDmitri: posts big blind $3
*** HOLE CARDS ***
hassan67: raises $3 to $6
VolkovDmitri: calls $3
*** FLOP *** [7h 7s 3c]
VolkovDmitri: checks
hassan67: bets $3
VolkovDmitri: raises $3 to $6
hassan67: calls $3
*** TURN *** [7h 7s 3c] [Jd]
VolkovDmitri: bets $6
hassan67: calls $6
*** RIVER *** [7h 7s 3c Jd] [8d]
VolkovDmitri: checks
hassan67: bets $6
VolkovDmitri: calls $6
*** SHOW DOWN ***
hassan67: shows [8c Ts] (two pair, Eights and Sevens)
VolkovDmitri: mucks hand
hassan67 collected $47.50 from pot
*** SUMMARY ***
Total pot $48 | Rake $0.50
Board [7h 7s 3c Jd 8d]
Seat 4: VolkovDmitri (big blind) mucked
Seat 5: hassan67 (button) (small blind) showed [8c Ts] and won ($47.50) with two pair, Eights and Sevens


PokerStars Hand #172128415156:  Hold'em Limit ($3/$6 USD) - 2017/06/23 4:53:39 ET
Table 'Lehigh' 6-max Seat #4 is the button
Seat 4: VolkovDmitri ($120 in chips)
Seat 5: hassan67 ($158 in chips)
VolkovDmitri: posts small blind $1
hassan67: posts big blind $3
*** HOLE CARDS ***
VolkovDmitri: raises $3 to $6
hassan67: calls $3
*** FLOP *** [2d As 2s]
hassan67: checks
VolkovDmitri: bets $3
hassan67: folds
Uncalled bet ($3) returned to VolkovDmitri
VolkovDmitri collected $11.76 from pot
VolkovDmitri: doesn't show hand
*** SUMMARY ***
Total pot $12 | Rake $0.24
Board [2d As 2s]
Seat 4: VolkovDmitri (button) (small blind) collected ($11.76)
Seat 5: hassan67 (big blind) folded on the Flop


PokerStars Hand #172128419908:  Hold'em Limit ($3/$6 USD) - 2017/06/23 4:53:54 ET
Table 'Lehigh' 6-max Seat #5 is the button
Seat 4: VolkovDmitri ($125.76 in chips)
Seat 5: hassan67 ($152 in chips)
hassan67: posts small blind $1
VolkovDmitri: posts big blind $3
*** HOLE CARDS ***
hassan67: raises $3 to $6
VolkovDmitri: calls $3
*** FLOP *** [8s Jc As]
VolkovDmitri: checks
hassan67: bets $3
VolkovDmitri: folds
Uncalled bet ($3) returned to hassan67
hassan67 collected $11.76 from pot
hassan67: doesn't show hand
*** SUMMARY ***
Total pot $12 | Rake $0.24
Board [8s Jc As]
Seat 4: VolkovDmitri (big blind) folded on the Flop
Seat 5: hassan67 (button) (small blind) collected ($11.76)


PokerStars Hand #172128433262:  Hold'em Limit ($3/$6 USD) - 2017/06/23 4:54:38 ET
Table 'Lehigh' 6-max Seat #5 is the button
Seat 4: VolkovDmitri ($123 in chips)
Seat 5: hassan67 ($154.76 in chips)
hassan67: posts small blind $1
VolkovDmitri: posts big blind $3
*** HOLE CARDS ***
hassan67: folds
Uncalled bet ($2) returned to VolkovDmitri
VolkovDmitri collected $2 from pot
VolkovDmitri: doesn't show hand
*** SUMMARY ***
Total pot $2 | Rake $0
Seat 4: VolkovDmitri (big blind) collected ($2)
Seat 5: hassan67 (button) (small blind) folded before Flop


PokerStars Hand #172128429492:  Hold'em Limit ($3/$6 USD) - 2017/06/23 4:54:25 ET
Table 'Lehigh' 6-max Seat #4 is the button
Seat 4: VolkovDmitri ($120 in chips)
Seat 5: hassan67 ($157.76 in chips)
VolkovDmitri: posts small blind $1
hassan67: posts big blind $3
*** HOLE CARDS ***
VolkovDmitri: raises $3 to $6
hassan67: folds
Uncalled bet ($3) returned to VolkovDmitri
VolkovDmitri collected $6 from pot
VolkovDmitri: doesn't show hand
*** SUMMARY ***
Total pot $6 | Rake $0
Seat 4: VolkovDmitri (button) (small blind) collected ($6)
Seat 5: hassan67 (big blind) folded before Flop


PokerStars Hand #172128435136:  Hold'em Limit ($3/$6 USD) - 2017/06/23 4:54:43 ET
Table 'Lehigh' 6-max Seat #4 is the button
Seat 4: VolkovDmitri ($124 in chips)
Seat 5: hassan67 ($153.76 in chips)
VolkovDmitri: posts small blind $1
hassan67: posts big blind $3
*** HOLE CARDS ***
VolkovDmitri: raises $3 to $6
hassan67: raises $3 to $9
VolkovDmitri: calls $3
*** FLOP *** [2d 6d 8d]
hassan67: bets $3
VolkovDmitri: calls $3
*** TURN *** [2d 6d 8d] [3c]
hassan67: bets $6
VolkovDmitri: calls $6
*** RIVER *** [2d 6d 8d 3c] [Ah]
hassan67: bets $6
VolkovDmitri: folds
Uncalled bet ($6) returned to hassan67
hassan67 collected $35.50 from pot
hassan67: doesn't show hand
*** SUMMARY ***
Total pot $36 | Rake $0.50
Board [2d 6d 8d 3c Ah]
Seat 4: VolkovDmitri (button) (small blind) folded on the River
Seat 5: hassan67 (big blind) collected ($35.50)


PokerStars Hand #172128461100:  Hold'em Limit ($3/$6 USD) - 2017/06/23 4:56:13 ET
Table 'Lehigh' 6-max Seat #6 is the button
Seat 5: hassan67 ($191.76 in chips)
Seat 6: patrikskjold ($30 in chips)
patrikskjold: posts small blind $1
hassan67: posts big blind $3
*** HOLE CARDS ***
patrikskjold: raises $3 to $6
hassan67: calls $3
*** FLOP *** [4c 7d 6c]
hassan67: checks
patrikskjold: bets $3
hassan67: folds
Uncalled bet ($3) returned to patrikskjold
patrikskjold collected $11.76 from pot
patrikskjold: doesn't show hand
*** SUMMARY ***
Total pot $12 | Rake $0.24
Board [4c 7d 6c]
Seat 5: hassan67 (big blind) folded on the Flop
Seat 6: patrikskjold (button) (small blind) collected ($11.76)


PokerStars Hand #172128447599:  Hold'em Limit ($3/$6 USD) - 2017/06/23 4:55:25 ET
Table 'Lehigh' 6-max Seat #5 is the button
Seat 4: VolkovDmitri ($120 in chips)
Seat 5: hassan67 ($171.26 in chips)
hassan67: posts small blind $1
VolkovDmitri: posts big blind $3
*** HOLE CARDS ***
hassan67: raises $3 to $6
VolkovDmitri: raises $3 to $9
hassan67: calls $3
*** FLOP *** [9d Qh 3d]
VolkovDmitri: bets $3
hassan67: raises $3 to $6
patrikskjold joins the table at seat #6
VolkovDmitri: calls $3
*** TURN *** [9d Qh 3d] [7s]
VolkovDmitri: checks
hassan67: bets $6
VolkovDmitri: calls $6
*** RIVER *** [9d Qh 3d 7s] [8s]
VolkovDmitri: checks
hassan67: bets $6
VolkovDmitri: folds
Uncalled bet ($6) returned to hassan67
hassan67 collected $41.50 from pot
hassan67: doesn't show hand
*** SUMMARY ***
Total pot $42 | Rake $0.50
Board [9d Qh 3d 7s 8s]
Seat 4: VolkovDmitri (big blind) folded on the River
Seat 5: hassan67 (button) (small blind) collected ($41.50)


PokerStars Hand #172128465931:  Hold'em Limit ($3/$6 USD) - 2017/06/23 4:56:30 ET
Table 'Lehigh' 6-max Seat #5 is the button
Seat 5: hassan67 ($185.76 in chips)
Seat 6: patrikskjold ($35.76 in chips)
hassan67: posts small blind $1
patrikskjold: posts big blind $3
*** HOLE CARDS ***
hassan67: raises $3 to $6
patrikskjold: calls $3
*** FLOP *** [6d Jh 5s]
patrikskjold: checks
hassan67: bets $3
patrikskjold: raises $3 to $6
hassan67: calls $3
*** TURN *** [6d Jh 5s] [Jd]
patrikskjold: bets $6
hassan67: raises $6 to $12
patrikskjold: folds
Uncalled bet ($6) returned to hassan67
hassan67 collected $35.50 from pot
hassan67: doesn't show hand
*** SUMMARY ***
Total pot $36 | Rake $0.50
Board [6d Jh 5s Jd]
Seat 5: hassan67 (button) (small blind) collected ($35.50)
Seat 6: patrikskjold (big blind) folded on the Turn


PokerStars Hand #172128470538:  Hold'em Limit ($3/$6 USD) - 2017/06/23 4:56:46 ET
Table 'Lehigh' 6-max Seat #6 is the button
Seat 5: hassan67 ($203.26 in chips)
Seat 6: patrikskjold ($17.76 in chips)
patrikskjold: posts small blind $1
hassan67: posts big blind $3
*** HOLE CARDS ***
patrikskjold: raises $3 to $6
hassan67: calls $3
*** FLOP *** [9c 5d Ts]
hassan67: checks
patrikskjold: bets $3
hassan67: raises $3 to $6
patrikskjold: calls $3
*** TURN *** [9c 5d Ts] [Kd]
hassan67: bets $6
patrikskjold: calls $5.76 and is all-in
Uncalled bet ($0.24) returned to hassan67
*** RIVER *** [9c 5d Ts Kd] [Jh]
*** SHOW DOWN ***
hassan67: shows [9h 2h] (a pair of Nines)
patrikskjold: shows [Kh Qs] (a straight, Nine to King)
patrikskjold collected $35.02 from pot
*** SUMMARY ***
Total pot $35.52 | Rake $0.50
Board [9c 5d Ts Kd Jh]
Seat 5: hassan67 (big blind) showed [9h 2h] and lost with a pair of Nines
Seat 6: patrikskjold (button) (small blind) showed [Kh Qs] and won ($35.02) with a straight, Nine to King


PokerStars Hand #172128482449:  Hold'em Limit ($3/$6 USD) - 2017/06/23 4:57:28 ET
Table 'Lehigh' 6-max Seat #6 is the button
Seat 5: hassan67 ($200.14 in chips)
Seat 6: patrikskjold ($20.02 in chips)
patrikskjold: posts small blind $1
hassan67: posts big blind $3
*** HOLE CARDS ***
patrikskjold: raises $3 to $6
hassan67: raises $3 to $9
patrikskjold: calls $3
*** FLOP *** [Qd 4d Ac]
hassan67: bets $3
patrikskjold: folds
Uncalled bet ($3) returned to hassan67
hassan67 collected $17.64 from pot
hassan67: doesn't show hand
*** SUMMARY ***
Total pot $18 | Rake $0.36
Board [Qd 4d Ac]
Seat 5: hassan67 (big blind) collected ($17.64)
Seat 6: patrikskjold (button) (small blind) folded on the Flop


PokerStars Hand #172128480847:  Hold'em Limit ($3/$6 USD) - 2017/06/23 4:57:22 ET
Table 'Lehigh' 6-max Seat #5 is the button
Seat 5: hassan67 ($197.14 in chips)
Seat 6: patrikskjold ($23.02 in chips)
hassan67: posts small blind $1
patrikskjold: posts big blind $3
*** HOLE CARDS ***
hassan67: raises $3 to $6
patrikskjold: folds
Uncalled bet ($3) returned to hassan67
hassan67 collected $6 from pot
hassan67: doesn't show hand
*** SUMMARY ***
Total pot $6 | Rake $0
Seat 5: hassan67 (button) (small blind) collected ($6)
Seat 6: patrikskjold (big blind) folded before Flop


PokerStars Hand #172128477656:  Hold'em Limit ($3/$6 USD) - 2017/06/23 4:57:11 ET
Table 'Lehigh' 6-max Seat #6 is the button
Seat 5: hassan67 ($188.50 in chips)
Seat 6: patrikskjold ($32.02 in chips)
patrikskjold: posts small blind $1
hassan67: posts big blind $3
*** HOLE CARDS ***
patrikskjold: raises $3 to $6
hassan67: calls $3
*** FLOP *** [Kc 9h 9d]
hassan67: checks
patrikskjold: bets $3
hassan67: raises $3 to $6
patrikskjold: folds
Uncalled bet ($3) returned to hassan67
hassan67 collected $17.64 from pot
hassan67: doesn't show hand
*** SUMMARY ***
Total pot $18 | Rake $0.36
Board [Kc 9h 9d]
Seat 5: hassan67 (big blind) collected ($17.64)
Seat 6: patrikskjold (button) (small blind) folded on the Flop


PokerStars Hand #172128475909:  Hold'em Limit ($3/$6 USD) - 2017/06/23 4:57:05 ET
Table 'Lehigh' 6-max Seat #5 is the button
Seat 5: hassan67 ($185.50 in chips)
Seat 6: patrikskjold ($35.02 in chips)
hassan67: posts small blind $1
patrikskjold: posts big blind $3
*** HOLE CARDS ***
hassan67: raises $3 to $6
patrikskjold: folds
Uncalled bet ($3) returned to hassan67
hassan67 collected $6 from pot
hassan67: doesn't show hand
*** SUMMARY ***
Total pot $6 | Rake $0
Seat 5: hassan67 (button) (small blind) collected ($6)
Seat 6: patrikskjold (big blind) folded before Flop


PokerStars Hand #172128485029:  Hold'em Limit ($3/$6 USD) - 2017/06/23 4:57:37 ET
Table 'Lehigh' 6-max Seat #5 is the button
Seat 5: hassan67 ($208.78 in chips)
Seat 6: patrikskjold ($11.02 in chips)
hassan67: posts small blind $1
patrikskjold: posts big blind $3
*** HOLE CARDS ***
hassan67: raises $3 to $6
patrikskjold: calls $3
*** FLOP *** [9h 5h Js]
patrikskjold: checks
hassan67: checks
*** TURN *** [9h 5h Js] [9s]
patrikskjold: bets $5.02 and is all-in
hassan67: calls $5.02
*** RIVER *** [9h 5h Js 9s] [9c]
*** SHOW DOWN ***
patrikskjold: shows [Td 6c] (three of a kind, Nines)
hassan67: shows [4h Kh] (three of a kind, Nines - King kicker)
hassan67 collected $21.60 from pot
*** SUMMARY ***
Total pot $22.04 | Rake $0.44
Board [9h 5h Js 9s 9c]
Seat 5: hassan67 (button) (small blind) showed [4h Kh] and won ($21.60) with three of a kind, Nines
Seat 6: patrikskjold (big blind) showed [Td 6c] and lost with three of a kind, Nines


PokerStars Hand #172128492342:  Hold'em Limit ($3/$6 USD) - 2017/06/23 4:58:03 ET
Table 'Lehigh' 6-max Seat #6 is the button
Seat 5: hassan67 ($219.36 in chips)
Seat 6: patrikskjold ($30 in chips)
patrikskjold: posts small blind $1
hassan67: posts big blind $3
*** HOLE CARDS ***
patrikskjold: raises $3 to $6
hassan67: calls $3
*** FLOP *** [Ks 4s 9d]
hassan67: checks
patrikskjold: bets $3
hassan67: folds
Uncalled bet ($3) returned to patrikskjold
patrikskjold collected $11.76 from pot
patrikskjold: doesn't show hand
*** SUMMARY ***
Total pot $12 | Rake $0.24
Board [Ks 4s 9d]
Seat 5: hassan67 (big blind) folded on the Flop
Seat 6: patrikskjold (button) (small blind) collected ($11.76)


PokerStars Hand #172128495570:  Hold'em Limit ($3/$6 USD) - 2017/06/23 4:58:14 ET
Table 'Lehigh' 6-max Seat #5 is the button
Seat 5: hassan67 ($213.36 in chips)
Seat 6: patrikskjold ($35.76 in chips)
hassan67: posts small blind $1
patrikskjold: posts big blind $3
*** HOLE CARDS ***
hassan67: raises $3 to $6
patrikskjold: calls $3
*** FLOP *** [Ad 8s Jc]
patrikskjold: checks
hassan67: bets $3
patrikskjold: calls $3
*** TURN *** [Ad 8s Jc] [3s]
patrikskjold: checks
hassan67: checks
*** RIVER *** [Ad 8s Jc 3s] [3c]
patrikskjold: bets $6
hassan67: folds
Uncalled bet ($6) returned to patrikskjold
patrikskjold collected $17.64 from pot
patrikskjold: doesn't show hand
*** SUMMARY ***
Total pot $18 | Rake $0.36
Board [Ad 8s Jc 3s 3c]
Seat 5: hassan67 (button) (small blind) folded on the River
Seat 6: patrikskjold (big blind) collected ($17.64)


PokerStars Hand #172128503344:  Hold'em Limit ($3/$6 USD) - 2017/06/23 4:58:41 ET
Table 'Lehigh' 6-max Seat #6 is the button
Seat 5: hassan67 ($204.36 in chips)
Seat 6: patrikskjold ($44.40 in chips)
patrikskjold: posts small blind $1
hassan67: posts big blind $3
*** HOLE CARDS ***
patrikskjold: raises $3 to $6
hassan67: calls $3
*** FLOP *** [6d 8h 7h]
hassan67: checks
patrikskjold: bets $3
hassan67: calls $3
*** TURN *** [6d 8h 7h] [7d]
hassan67: checks
patrikskjold: bets $6
hassan67: calls $6
*** RIVER *** [6d 8h 7h 7d] [5s]
hassan67: checks
patrikskjold: bets $6
hassan67: calls $6
*** SHOW DOWN ***
patrikskjold: shows [9d Ad] (a straight, Five to Nine)
hassan67: mucks hand
patrikskjold collected $41.50 from pot
*** SUMMARY ***
Total pot $42 | Rake $0.50
Board [6d 8h 7h 7d 5s]
Seat 5: hassan67 (big blind) mucked
Seat 6: patrikskjold (button) (small blind) showed [9d Ad] and won ($41.50) with a straight, Five to Nine


PokerStars Hand #172128508731:  Hold'em Limit ($3/$6 USD) - 2017/06/23 4:59:00 ET
Table 'Lehigh' 6-max Seat #5 is the button
Seat 5: hassan67 ($183.36 in chips)
Seat 6: patrikskjold ($64.90 in chips)
hassan67: posts small blind $1
patrikskjold: posts big blind $3
*** HOLE CARDS ***
hassan67: raises $3 to $6
patrikskjold: raises $3 to $9
hassan67: calls $3
*** FLOP *** [8s 3d Tc]
patrikskjold: bets $3
hassan67: calls $3
*** TURN *** [8s 3d Tc] [7h]
patrikskjold: checks
hassan67: checks
*** RIVER *** [8s 3d Tc 7h] [2s]
ToDaFelt joins the table at seat #1
patrikskjold: checks
hassan67: checks
*** SHOW DOWN ***
patrikskjold: shows [Qd Ad] (high card Ace)
hassan67: mucks hand
patrikskjold collected $23.52 from pot
*** SUMMARY ***
Total pot $24 | Rake $0.48
Board [8s 3d Tc 7h 2s]
Seat 5: hassan67 (button) (small blind) mucked
Seat 6: patrikskjold (big blind) showed [Qd Ad] and won ($23.52) with high card Ace


PokerStars Hand #172128784335:  Hold'em Limit ($3/$6 USD) - 2017/06/23 5:13:23 ET
Table 'Lehigh' 6-max Seat #1 is the button
Seat 1: ToDaFelt ($200.01 in chips)
Seat 3: AAKharitonov ($40.43 in chips)
ToDaFelt: posts small blind $1
AAKharitonov: posts big blind $3
*** HOLE CARDS ***
ToDaFelt: raises $3 to $6
AAKharitonov: raises $3 to $9
ToDaFelt: calls $3
*** FLOP *** [Qc 3d Qh]
AAKharitonov: bets $3
ToDaFelt: calls $3
*** TURN *** [Qc 3d Qh] [2d]
AAKharitonov: bets $6
ToDaFelt: folds
Uncalled bet ($6) returned to AAKharitonov
AAKharitonov collected $23.52 from pot
AAKharitonov: doesn't show hand
*** SUMMARY ***
Total pot $24 | Rake $0.48
Board [Qc 3d Qh 2d]
Seat 1: ToDaFelt (button) (small blind) folded on the Turn
Seat 3: AAKharitonov (big blind) collected ($23.52)


PokerStars Hand #172128780212:  Hold'em Limit ($3/$6 USD) - 2017/06/23 5:13:11 ET
Table 'Lehigh' 6-max Seat #3 is the button
Seat 1: ToDaFelt ($199.01 in chips)
Seat 3: AAKharitonov ($41.43 in chips)
AAKharitonov: posts small blind $1
ToDaFelt: posts big blind $3
*** HOLE CARDS ***
AAKharitonov: folds
Uncalled bet ($2) returned to ToDaFelt
ToDaFelt collected $2 from pot
ToDaFelt: doesn't show hand
*** SUMMARY ***
Total pot $2 | Rake $0
Seat 1: ToDaFelt (big blind) collected ($2)
Seat 3: AAKharitonov (button) (small blind) folded before Flop


