PokerStars Hand #147466746256:  Hold'em Limit ($3/$6 USD) - 2016/01/22 4:38:35 ET
Table 'Leloir' 2-max Seat #1 is the button
Seat 1: ct-650 ($138 in chips)
Seat 2: _fayzulllo_ ($83.52 in chips)
ct-650: posts small blind $1
_fayzulllo_: posts big blind $3
*** HOLE CARDS ***
ct-650: raises $3 to $6
_fayzulllo_: calls $3
*** FLOP *** [Kc 5s Jc]
_fayzulllo_: checks
ct-650: bets $3
_fayzulllo_: calls $3
*** TURN *** [Kc 5s Jc] [7s]
_fayzulllo_: checks
ct-650: checks
*** RIVER *** [Kc 5s Jc 7s] [6s]
_fayzulllo_: bets $6
ct-650: folds
Uncalled bet ($6) returned to _fayzulllo_
_fayzulllo_ collected $17.64 from pot
_fayzulllo_: doesn't show hand
*** SUMMARY ***
Total pot $18 | Rake $0.36
Board [Kc 5s Jc 7s 6s]
Seat 1: ct-650 (button) (small blind) folded on the River
Seat 2: _fayzulllo_ (big blind) collected ($17.64)


PokerStars Hand #147466738135:  Hold'em Limit ($3/$6 USD) - 2016/01/22 4:38:17 ET
Table 'Leloir' 2-max Seat #2 is the button
Seat 1: ct-650 ($150 in chips)
Seat 2: _fayzulllo_ ($72 in chips)
_fayzulllo_: posts small blind $1
ct-650: posts big blind $3
*** HOLE CARDS ***
_fayzulllo_: raises $3 to $6
ct-650: calls $3
*** FLOP *** [3s Jd 2s]
ct-650: checks
_fayzulllo_: checks
*** TURN *** [3s Jd 2s] [2h]
ct-650: bets $6
_fayzulllo_: calls $6
*** RIVER *** [3s Jd 2s 2h] [9s]
ct-650: checks
_fayzulllo_: checks
*** SHOW DOWN ***
ct-650: shows [4h 5h] (a pair of Deuces)
_fayzulllo_: shows [Qs Kc] (a pair of Deuces - King kicker)
_fayzulllo_ collected $23.52 from pot
*** SUMMARY ***
Total pot $24 | Rake $0.48
Board [3s Jd 2s 2h 9s]
Seat 1: ct-650 (big blind) showed [4h 5h] and lost with a pair of Deuces
Seat 2: _fayzulllo_ (button) (small blind) showed [Qs Kc] and won ($23.52) with a pair of Deuces


PokerStars Hand #147466772589:  Hold'em Limit ($3/$6 USD) - 2016/01/22 4:39:37 ET
Table 'Leloir' 2-max Seat #2 is the button
Seat 1: ct-650 ($129 in chips)
Seat 2: _fayzulllo_ ($92.04 in chips)
_fayzulllo_: posts small blind $1
ct-650: posts big blind $3
*** HOLE CARDS ***
_fayzulllo_: calls $2
ct-650: checks
*** FLOP *** [6d 3d 6s]
ct-650: bets $3
_fayzulllo_: calls $3
*** TURN *** [6d 3d 6s] [2h]
ct-650: checks
_fayzulllo_: checks
*** RIVER *** [6d 3d 6s 2h] [As]
ct-650: bets $6
_fayzulllo_: calls $6
*** SHOW DOWN ***
ct-650: shows [9d 5s] (a pair of Sixes)
_fayzulllo_: shows [Qs 3s] (two pair, Sixes and Threes)
_fayzulllo_ collected $23.52 from pot
*** SUMMARY ***
Total pot $24 | Rake $0.48
Board [6d 3d 6s 2h As]
Seat 1: ct-650 (big blind) showed [9d 5s] and lost with a pair of Sixes
Seat 2: _fayzulllo_ (button) (small blind) showed [Qs 3s] and won ($23.52) with two pair, Sixes and Threes


PokerStars Hand #147466768407:  Hold'em Limit ($3/$6 USD) - 2016/01/22 4:39:28 ET
Table 'Leloir' 2-max Seat #1 is the button
Seat 1: ct-650 ($126 in chips)
Seat 2: _fayzulllo_ ($95.04 in chips)
ct-650: posts small blind $1
_fayzulllo_: posts big blind $3
*** HOLE CARDS ***
ct-650: raises $3 to $6
_fayzulllo_: folds
Uncalled bet ($3) returned to ct-650
ct-650 collected $6 from pot
*** SUMMARY ***
Total pot $6 | Rake $0
Seat 1: ct-650 (button) (small blind) collected ($6)
Seat 2: _fayzulllo_ (big blind) folded before Flop


PokerStars Hand #147466757228:  Hold'em Limit ($3/$6 USD) - 2016/01/22 4:39:01 ET
Table 'Leloir' 2-max Seat #2 is the button
Seat 1: ct-650 ($129 in chips)
Seat 2: _fayzulllo_ ($92.16 in chips)
_fayzulllo_: posts small blind $1
ct-650: posts big blind $3
*** HOLE CARDS ***
_fayzulllo_: calls $2
ct-650: checks
*** FLOP *** [8c 7s Jd]
ct-650: checks
_fayzulllo_: checks
*** TURN *** [8c 7s Jd] [5s]
ct-650: checks
_fayzulllo_: checks
*** RIVER *** [8c 7s Jd 5s] [9s]
ct-650: checks
_fayzulllo_: bets $6
ct-650: folds
Uncalled bet ($6) returned to _fayzulllo_
_fayzulllo_ collected $5.88 from pot
_fayzulllo_: doesn't show hand
*** SUMMARY ***
Total pot $6 | Rake $0.12
Board [8c 7s Jd 5s 9s]
Seat 1: ct-650 (big blind) folded on the River
Seat 2: _fayzulllo_ (button) (small blind) collected ($5.88)


