PokerStars Hand #149763633095:  Hold'em Limit ($3/$6 USD) - 2016/03/03 7:09:19 ET
Table 'Leloir II' 6-max Seat #1 is the button
Seat 1: VolkovDmitri ($120 in chips)
Seat 2: ChicagoBull4 ($32.80 in chips)
VolkovDmitri: posts small blind $1
ChicagoBull4: posts big blind $3
*** HOLE CARDS ***
VolkovDmitri: raises $3 to $6
ChicagoBull4: folds
Uncalled bet ($3) returned to VolkovDmitri
VolkovDmitri collected $6 from pot
VolkovDmitri: doesn't show hand
*** SUMMARY ***
Total pot $6 | Rake $0
Seat 1: VolkovDmitri (button) (small blind) collected ($6)
Seat 2: ChicagoBull4 (big blind) folded before Flop


PokerStars Hand #149763638815:  Hold'em Limit ($3/$6 USD) - 2016/03/03 7:09:29 ET
Table 'Leloir II' 6-max Seat #2 is the button
Seat 1: VolkovDmitri ($123 in chips)
Seat 2: ChicagoBull4 ($29.80 in chips)
ChicagoBull4: posts small blind $1
VolkovDmitri: posts big blind $3
*** HOLE CARDS ***
ChicagoBull4: raises $3 to $6
VolkovDmitri: calls $3
*** FLOP *** [6d Tc Jc]
VolkovDmitri: checks
ChicagoBull4: bets $3
VolkovDmitri: calls $3
*** TURN *** [6d Tc Jc] [3c]
VolkovDmitri: checks
ChicagoBull4: bets $6
VolkovDmitri: calls $6
*** RIVER *** [6d Tc Jc 3c] [4d]
VolkovDmitri: checks
ChicagoBull4: bets $6
VolkovDmitri: calls $6
*** SHOW DOWN ***
ChicagoBull4: shows [Qc 2c] (a flush, Queen high)
VolkovDmitri: mucks hand
ChicagoBull4 collected $41.50 from pot
*** SUMMARY ***
Total pot $42 | Rake $0.50
Board [6d Tc Jc 3c 4d]
Seat 1: VolkovDmitri (big blind) mucked
Seat 2: ChicagoBull4 (button) (small blind) showed [Qc 2c] and won ($41.50) with a flush, Queen high


PokerStars Hand #149763683046:  Hold'em Limit ($3/$6 USD) - 2016/03/03 7:10:53 ET
Table 'Leloir II' 6-max Seat #2 is the button
Seat 1: VolkovDmitri ($143.50 in chips)
Seat 2: ChicagoBull4 ($26.30 in chips)
ChicagoBull4: posts small blind $1
VolkovDmitri: posts big blind $3
*** HOLE CARDS ***
ChicagoBull4: raises $3 to $6
VolkovDmitri: calls $3
*** FLOP *** [8s 5d 7h]
VolkovDmitri: checks
ChicagoBull4: checks
*** TURN *** [8s 5d 7h] [As]
VolkovDmitri: checks
ChicagoBull4: bets $6
VolkovDmitri: folds
Uncalled bet ($6) returned to ChicagoBull4
ChicagoBull4 collected $11.76 from pot
ChicagoBull4: doesn't show hand
*** SUMMARY ***
Total pot $12 | Rake $0.24
Board [8s 5d 7h As]
Seat 1: VolkovDmitri (big blind) folded on the Turn
Seat 2: ChicagoBull4 (button) (small blind) collected ($11.76)


PokerStars Hand #149763657708:  Hold'em Limit ($3/$6 USD) - 2016/03/03 7:10:05 ET
Table 'Leloir II' 6-max Seat #1 is the button
Seat 1: VolkovDmitri ($120 in chips)
Seat 2: ChicagoBull4 ($50.30 in chips)
VolkovDmitri: posts small blind $1
ChicagoBull4: posts big blind $3
*** HOLE CARDS ***
VolkovDmitri: raises $3 to $6
ChicagoBull4: calls $3
*** FLOP *** [Ts 3s 5d]
ChicagoBull4: bets $3
VolkovDmitri: raises $3 to $6
ChicagoBull4: calls $3
*** TURN *** [Ts 3s 5d] [Td]
ChicagoBull4: checks
VolkovDmitri: bets $6
ChicagoBull4: calls $6
*** RIVER *** [Ts 3s 5d Td] [Js]
ChicagoBull4: checks
VolkovDmitri: bets $6
ChicagoBull4: calls $6
*** SHOW DOWN ***
VolkovDmitri: shows [7h Tc] (three of a kind, Tens)
ChicagoBull4: mucks hand
VolkovDmitri collected $47.50 from pot
*** SUMMARY ***
Total pot $48 | Rake $0.50
Board [Ts 3s 5d Td Js]
Seat 1: VolkovDmitri (button) (small blind) showed [7h Tc] and won ($47.50) with three of a kind, Tens
Seat 2: ChicagoBull4 (big blind) mucked


PokerStars Hand #149763719014:  Hold'em Limit ($3/$6 USD) - 2016/03/03 7:12:02 ET
Table 'Leloir II' 6-max Seat #2 is the button
Seat 1: VolkovDmitri ($128.50 in chips)
Seat 2: ChicagoBull4 ($40.70 in chips)
ChicagoBull4: posts small blind $1
VolkovDmitri: posts big blind $3
*** HOLE CARDS ***
ChicagoBull4: raises $3 to $6
VolkovDmitri: calls $3
*** FLOP *** [8c 8h Kd]
VolkovDmitri: checks
ChicagoBull4: bets $3
VolkovDmitri: folds
Uncalled bet ($3) returned to ChicagoBull4
ChicagoBull4 collected $11.76 from pot
ChicagoBull4: doesn't show hand
*** SUMMARY ***
Total pot $12 | Rake $0.24
Board [8c 8h Kd]
Seat 1: VolkovDmitri (big blind) folded on the Flop
Seat 2: ChicagoBull4 (button) (small blind) collected ($11.76)


PokerStars Hand #149763703071:  Hold'em Limit ($3/$6 USD) - 2016/03/03 7:11:31 ET
Table 'Leloir II' 6-max Seat #1 is the button
Seat 1: VolkovDmitri ($137.50 in chips)
Seat 2: ChicagoBull4 ($32.06 in chips)
VolkovDmitri: posts small blind $1
ChicagoBull4: posts big blind $3
*** HOLE CARDS ***
VolkovDmitri: raises $3 to $6
ChicagoBull4: calls $3
*** FLOP *** [Jc 2d Td]
ChicagoBull4: checks
VolkovDmitri: bets $3
ChicagoBull4: calls $3
*** TURN *** [Jc 2d Td] [Jh]
ChicagoBull4: checks
VolkovDmitri: checks
*** RIVER *** [Jc 2d Td Jh] [Ah]
ChicagoBull4: bets $6
VolkovDmitri: folds
Uncalled bet ($6) returned to ChicagoBull4
ChicagoBull4 collected $17.64 from pot
ChicagoBull4: doesn't show hand
*** SUMMARY ***
Total pot $18 | Rake $0.36
Board [Jc 2d Td Jh Ah]
Seat 1: VolkovDmitri (button) (small blind) folded on the River
Seat 2: ChicagoBull4 (big blind) collected ($17.64)


