PokerStars Hand #161051754736:  Hold'em Limit ($3/$6 USD) - 2016/11/07 13:51:39 ET
Table 'Leloir' 6-max Seat #6 is the button
Seat 2: Ale4o ($120 in chips)
Seat 6: sda.80.16 ($120 in chips)
sda.80.16: posts small blind $1
Ale4o: posts big blind $3
*** HOLE CARDS ***
Great_Kang joins the table at seat #3
sda.80.16: calls $2
Ale4o: checks
*** FLOP *** [Qh Ts 8c]
Ale4o: checks
baur017017 joins the table at seat #4
sda.80.16: checks
*** TURN *** [Qh Ts 8c] [3d]
Ale4o: bets $6
sda.80.16: calls $6
*** RIVER *** [Qh Ts 8c 3d] [6h]
Ale4o: bets $6
sda.80.16: calls $6
*** SHOW DOWN ***
Ale4o: shows [4s Qs] (a pair of Queens)
sda.80.16: mucks hand
Ale4o collected $29.50 from pot
*** SUMMARY ***
Total pot $30 | Rake $0.50
Board [Qh Ts 8c 3d 6h]
Seat 2: Ale4o (big blind) showed [4s Qs] and won ($29.50) with a pair of Queens
Seat 6: sda.80.16 (button) (small blind) mucked


PokerStars Hand #161055877235:  Hold'em Limit ($3/$6 USD) - 2016/11/07 15:04:58 ET
Table 'Leloir' 6-max Seat #5 is the button
Seat 5: sokol-max-PS ($119.61 in chips)
Seat 6: Isenvaden ($240 in chips)
sokol-max-PS: posts small blind $1
Isenvaden: posts big blind $3
*** HOLE CARDS ***
kenuna00 leaves the table
sokol-max-PS: folds
Uncalled bet ($2) returned to Isenvaden
Isenvaden collected $2 from pot
Isenvaden: doesn't show hand
*** SUMMARY ***
Total pot $2 | Rake $0
Seat 5: sokol-max-PS (button) (small blind) folded before Flop
Seat 6: Isenvaden (big blind) collected ($2)


