PokerStars Hand #163115804097:  Hold'em Limit ($3/$6 USD) - 2016/12/17 21:11:43 ET
Table 'Leloir' 6-max Seat #1 is the button
Seat 1: LifeisagameX ($84 in chips)
Seat 2: Brama Br ($114.53 in chips)
LifeisagameX: posts small blind $1
Brama Br: posts big blind $3
*** HOLE CARDS ***
LifeisagameX: raises $3 to $6
Brama Br: raises $3 to $9
LifeisagameX: calls $3
*** FLOP *** [Js 5d Jd]
Brama Br: bets $3
phjravenswaa joins the table at seat #3
LifeisagameX: calls $3
*** TURN *** [Js 5d Jd] [2s]
Brama Br: bets $6
LifeisagameX: folds
Uncalled bet ($6) returned to Brama Br
Brama Br collected $23.52 from pot
Brama Br: doesn't show hand
*** SUMMARY ***
Total pot $24 | Rake $0.48
Board [Js 5d Jd 2s]
Seat 1: LifeisagameX (button) (small blind) folded on the Turn
Seat 2: Brama Br (big blind) collected ($23.52)


PokerStars Hand #163115889495:  Hold'em Limit ($3/$6 USD) - 2016/12/17 21:14:36 ET
Table 'Leloir' 6-max Seat #6 is the button
Seat 3: phjravenswaa ($43.76 in chips)
Seat 6: mylifeluvsol ($18 in chips)
Sebra will be allowed to play after the button
Brama Br leaves the table
mylifeluvsol: posts small blind $1
phjravenswaa: posts big blind $3
*** HOLE CARDS ***
mylifeluvsol: calls $2
phjravenswaa: checks
*** FLOP *** [4s Td Jh]
phjravenswaa: checks
mylifeluvsol: checks
*** TURN *** [4s Td Jh] [2h]
phjravenswaa: checks
mylifeluvsol: checks
*** RIVER *** [4s Td Jh 2h] [Th]
phjravenswaa: checks
mylifeluvsol: bets $6
phjravenswaa: folds
Uncalled bet ($6) returned to mylifeluvsol
mylifeluvsol collected $5.88 from pot
mylifeluvsol: doesn't show hand
*** SUMMARY ***
Total pot $6 | Rake $0.12
Board [4s Td Jh 2h Th]
Seat 3: phjravenswaa (big blind) folded on the River
Seat 6: mylifeluvsol (button) (small blind) collected ($5.88)


PokerStars Hand #163116877816:  Hold'em Limit ($3/$6 USD) - 2016/12/17 21:50:01 ET
Table 'Leloir' 6-max Seat #5 is the button
Seat 2: 69benji ($72.94 in chips)
Seat 5: ToDaFelt ($103.34 in chips)
ToDaFelt: posts small blind $1
69benji: posts big blind $3
*** HOLE CARDS ***
ToDaFelt: raises $3 to $6
69benji: folds
Uncalled bet ($3) returned to ToDaFelt
ToDaFelt collected $6 from pot
ToDaFelt: doesn't show hand
*** SUMMARY ***
Total pot $6 | Rake $0
Seat 2: 69benji (big blind) folded before Flop
Seat 5: ToDaFelt (button) (small blind) collected ($6)


