PokerStars Hand #145623908520:  Hold'em Limit ($3/$6 USD) - 2015/12/20 5:12:15 ET
Table 'Leloir' 10-max Seat #7 is the button
Seat 7: Darts ($66.07 in chips)
Seat 8: scorpio04 ($92.50 in chips)
Darts: posts small blind $1
scorpio04: posts big blind $3
*** HOLE CARDS ***
Darts: raises $3 to $6
scorpio04: raises $3 to $9
Darts: calls $3
*** FLOP *** [7s Ks 3h]
scorpio04: bets $3
Darts: raises $3 to $6
scorpio04: calls $3
*** TURN *** [7s Ks 3h] [6s]
scorpio04: checks
Darts: bets $6
scorpio04: folds
Uncalled bet ($6) returned to Darts
Darts collected $29.50 from pot
Darts: doesn't show hand
*** SUMMARY ***
Total pot $30 | Rake $0.50
Board [7s Ks 3h 6s]
Seat 7: Darts (button) (small blind) collected ($29.50)
Seat 8: scorpio04 (big blind) folded on the Turn


PokerStars Hand #145623890445:  Hold'em Limit ($3/$6 USD) - 2015/12/20 5:11:37 ET
Table 'Leloir' 10-max Seat #8 is the button
Seat 7: Darts ($87.07 in chips)
Seat 8: scorpio04 ($72 in chips)
scorpio04: posts small blind $1
VolkovDmitri: is sitting out
Darts: posts big blind $3
*** HOLE CARDS ***
scorpio04: raises $3 to $6
Darts: calls $3
*** FLOP *** [2d 8d Th]
Darts: bets $3
scorpio04: calls $3
*** TURN *** [2d 8d Th] [9h]
Darts: bets $6
scorpio04: raises $6 to $12
Darts: calls $6
*** RIVER *** [2d 8d Th 9h] [Qd]
Darts: checks
scorpio04: bets $6
Darts: folds
Uncalled bet ($6) returned to scorpio04
scorpio04 collected $41.50 from pot
scorpio04: doesn't show hand
*** SUMMARY ***
Total pot $42 | Rake $0.50
Board [2d 8d Th 9h Qd]
Seat 7: Darts (big blind) folded on the River
Seat 8: scorpio04 (button) (small blind) collected ($41.50)


PokerStars Hand #145623931810:  Hold'em Limit ($3/$6 USD) - 2015/12/20 5:13:06 ET
Table 'Leloir' 10-max Seat #7 is the button
Seat 7: Darts ($93.21 in chips)
Seat 8: scorpio04 ($72 in chips)
Darts: posts small blind $1
scorpio04: posts big blind $3
*** HOLE CARDS ***
Darts: folds
Uncalled bet ($2) returned to scorpio04
scorpio04 collected $2 from pot
scorpio04: doesn't show hand
*** SUMMARY ***
Total pot $2 | Rake $0
Seat 7: Darts (button) (small blind) folded before Flop
Seat 8: scorpio04 (big blind) collected ($2)


PokerStars Hand #145623928580:  Hold'em Limit ($3/$6 USD) - 2015/12/20 5:12:59 ET
Table 'Leloir' 10-max Seat #8 is the button
Seat 7: Darts ($92.21 in chips)
Seat 8: scorpio04 ($72 in chips)
scorpio04: posts small blind $1
Darts: posts big blind $3
*** HOLE CARDS ***
scorpio04: folds
Uncalled bet ($2) returned to Darts
Darts collected $2 from pot
Darts: doesn't show hand
*** SUMMARY ***
Total pot $2 | Rake $0
Seat 7: Darts (big blind) collected ($2)
Seat 8: scorpio04 (button) (small blind) folded before Flop


PokerStars Hand #145623926302:  Hold'em Limit ($3/$6 USD) - 2015/12/20 5:12:54 ET
Table 'Leloir' 10-max Seat #7 is the button
Seat 7: Darts ($89.21 in chips)
Seat 8: scorpio04 ($72 in chips)
Darts: posts small blind $1
scorpio04: posts big blind $3
*** HOLE CARDS ***
Darts: raises $3 to $6
scorpio04: folds
Uncalled bet ($3) returned to Darts
Darts collected $6 from pot
Darts: doesn't show hand
*** SUMMARY ***
Total pot $6 | Rake $0
Seat 7: Darts (button) (small blind) collected ($6)
Seat 8: scorpio04 (big blind) folded before Flop


PokerStars Hand #145623917820:  Hold'em Limit ($3/$6 USD) - 2015/12/20 5:12:35 ET
Table 'Leloir' 10-max Seat #8 is the button
Seat 7: Darts ($80.57 in chips)
Seat 8: scorpio04 ($77.50 in chips)
scorpio04: posts small blind $1
Darts: posts big blind $3
*** HOLE CARDS ***
scorpio04: raises $3 to $6
Darts: calls $3
*** FLOP *** [Ts Tc Kc]
Darts: checks
scorpio04: bets $3
Darts: calls $3
*** TURN *** [Ts Tc Kc] [Ac]
VolkovDmitri leaves the table
Darts: checks
scorpio04: checks
*** RIVER *** [Ts Tc Kc Ac] [Qd]
Darts: bets $6
scorpio04: folds
Uncalled bet ($6) returned to Darts
Darts collected $17.64 from pot
Darts: doesn't show hand
*** SUMMARY ***
Total pot $18 | Rake $0.36
Board [Ts Tc Kc Ac Qd]
Seat 7: Darts (big blind) collected ($17.64)
Seat 8: scorpio04 (button) (small blind) folded on the River


PokerStars Hand #145645231401:  Hold'em Limit ($3/$6 USD) - 2015/12/20 13:29:02 ET
Table 'Leloir' 10-max Seat #1 is the button
Seat 1: robinu666 ($81.64 in chips)
Seat 2: mdif ($157 in chips)
robinu666: posts small blind $1
mdif: posts big blind $3
*** HOLE CARDS ***
robinu666: folds
Uncalled bet ($2) returned to mdif
mdif collected $2 from pot
mdif: doesn't show hand
*** SUMMARY ***
Total pot $2 | Rake $0
Seat 1: robinu666 (button) (small blind) folded before Flop
Seat 2: mdif (big blind) collected ($2)


PokerStars Hand #145645208083:  Hold'em Limit ($3/$6 USD) - 2015/12/20 13:28:38 ET
Table 'Leloir' 10-max Seat #2 is the button
Seat 1: robinu666 ($108.64 in chips)
Seat 2: mdif ($130.50 in chips)
mdif: posts small blind $1
robinu666: posts big blind $3
*** HOLE CARDS ***
mdif: raises $3 to $6
robinu666: raises $3 to $9
mdif: calls $3
*** FLOP *** [Qc Tc Jd]
robinu666: bets $3
mdif: raises $3 to $6
robinu666: calls $3
*** TURN *** [Qc Tc Jd] [2c]
robinu666: checks
mdif: bets $6
robinu666: calls $6
*** RIVER *** [Qc Tc Jd 2c] [Ac]
robinu666: bets $6
mdif: raises $6 to $12
keneke51 joins the table at seat #3
robinu666: folds
Uncalled bet ($6) returned to mdif
mdif collected $53.50 from pot
mdif: doesn't show hand
*** SUMMARY ***
Total pot $54 | Rake $0.50
Board [Qc Tc Jd 2c Ac]
Seat 1: robinu666 (big blind) folded on the River
Seat 2: mdif (button) (small blind) collected ($53.50)


