PokerStars Hand #168667852687:  Hold'em Limit ($3/$6 USD) - 2017/04/06 14:44:04 ET
Table 'Lemaitre' 6-max Seat #2 is the button
Seat 1: Agniosius ($374.74 in chips)
Seat 2: vestimokrec ($120 in chips)
vestimokrec: posts small blind $1
GoliafUa: is sitting out
Agniosius: posts big blind $3
*** HOLE CARDS ***
vestimokrec: raises $3 to $6
Agniosius: calls $3
*** FLOP *** [5c As 8d]
Agniosius: checks
ToDaFelt joins the table at seat #3
vestimokrec: bets $3
Agniosius: calls $3
*** TURN *** [5c As 8d] [7s]
Agniosius: checks
vestimokrec: checks
*** RIVER *** [5c As 8d 7s] [2d]
Agniosius: checks
vestimokrec: bets $6
Agniosius: folds
Uncalled bet ($6) returned to vestimokrec
vestimokrec collected $17.64 from pot
vestimokrec: doesn't show hand
*** SUMMARY ***
Total pot $18 | Rake $0.36
Board [5c As 8d 7s 2d]
Seat 1: Agniosius (big blind) folded on the River
Seat 2: vestimokrec (button) (small blind) collected ($17.64)


PokerStars Hand #168667906970:  Hold'em Limit ($3/$6 USD) - 2017/04/06 14:45:08 ET
Table 'Lemaitre' 6-max Seat #1 is the button
Seat 1: Agniosius ($365.74 in chips)
Seat 2: vestimokrec ($128.64 in chips)
Agniosius: posts small blind $1
vestimokrec: posts big blind $3
*** HOLE CARDS ***
Agniosius: raises $3 to $6
vestimokrec: calls $3
*** FLOP *** [4h 5c 8s]
vestimokrec: checks
Agniosius: checks
*** TURN *** [4h 5c 8s] [8d]
vestimokrec: bets $6
Agniosius: folds
Uncalled bet ($6) returned to vestimokrec
vestimokrec collected $11.76 from pot
vestimokrec: doesn't show hand
*** SUMMARY ***
Total pot $12 | Rake $0.24
Board [4h 5c 8s 8d]
Seat 1: Agniosius (button) (small blind) folded on the Turn
Seat 2: vestimokrec (big blind) collected ($11.76)


