PokerStars Hand #170763476003:  Hold'em Limit ($3/$6 USD) - 2017/05/22 9:48:52 ET
Table 'Lemaitre' 6-max Seat #1 is the button
Seat 1: EZB2002 ($120 in chips)
Seat 3: sim5sim5 ($72 in chips)
EZB2002: posts small blind $1
sim5sim5: posts big blind $3
*** HOLE CARDS ***
EZB2002: raises $3 to $6
sim5sim5: folds
Uncalled bet ($3) returned to EZB2002
EZB2002 collected $6 from pot
EZB2002: doesn't show hand
*** SUMMARY ***
Total pot $6 | Rake $0
Seat 1: EZB2002 (button) (small blind) collected ($6)
Seat 3: sim5sim5 (big blind) folded before Flop


PokerStars Hand #170763481936:  Hold'em Limit ($3/$6 USD) - 2017/05/22 9:49:03 ET
Table 'Lemaitre' 6-max Seat #3 is the button
Seat 1: EZB2002 ($123 in chips)
Seat 3: sim5sim5 ($72 in chips)
sim5sim5: posts small blind $1
EZB2002: posts big blind $3
*** HOLE CARDS ***
sim5sim5: raises $3 to $6
EZB2002: calls $3
*** FLOP *** [Qc 5h 6d]
EZB2002: checks
sim5sim5: bets $3
EZB2002: calls $3
*** TURN *** [Qc 5h 6d] [Ad]
EZB2002: checks
sim5sim5: bets $6
EZB2002: calls $6
*** RIVER *** [Qc 5h 6d Ad] [3s]
EZB2002: checks
sim5sim5: bets $6
EZB2002: calls $6
*** SHOW DOWN ***
sim5sim5: shows [3d Qd] (two pair, Queens and Threes)
EZB2002: mucks hand
sim5sim5 collected $41.50 from pot
*** SUMMARY ***
Total pot $42 | Rake $0.50
Board [Qc 5h 6d Ad 3s]
Seat 1: EZB2002 (big blind) mucked
Seat 3: sim5sim5 (button) (small blind) showed [3d Qd] and won ($41.50) with two pair, Queens and Threes


PokerStars Hand #170763595327:  Hold'em Limit ($3/$6 USD) - 2017/05/22 9:52:33 ET
Table 'Lemaitre' 6-max Seat #1 is the button
Seat 1: EZB2002 ($74 in chips)
Seat 6: Ale4o ($159.48 in chips)
EZB2002: posts small blind $1
Ale4o: posts big blind $3
*** HOLE CARDS ***
EZB2002: folds
Uncalled bet ($2) returned to Ale4o
Ale4o collected $2 from pot
Ale4o: doesn't show hand
*** SUMMARY ***
Total pot $2 | Rake $0
Seat 1: EZB2002 (button) (small blind) folded before Flop
Seat 6: Ale4o (big blind) collected ($2)


PokerStars Hand #170763598139:  Hold'em Limit ($3/$6 USD) - 2017/05/22 9:52:38 ET
Table 'Lemaitre' 6-max Seat #6 is the button
Seat 1: EZB2002 ($73 in chips)
Seat 6: Ale4o ($160.48 in chips)
Ale4o: posts small blind $1
EZB2002: posts big blind $3
*** HOLE CARDS ***
Ale4o: raises $3 to $6
EZB2002: calls $3
*** FLOP *** [9s 8s As]
EZB2002: checks
Ale4o: checks
*** TURN *** [9s 8s As] [Ts]
EZB2002: checks
Ale4o: checks
*** RIVER *** [9s 8s As Ts] [3h]
EZB2002: bets $6
Ale4o: calls $6
*** SHOW DOWN ***
EZB2002: shows [Td 8c] (two pair, Tens and Eights)
Ale4o: mucks hand
EZB2002 collected $23.52 from pot
*** SUMMARY ***
Total pot $24 | Rake $0.48
Board [9s 8s As Ts 3h]
Seat 1: EZB2002 (big blind) showed [Td 8c] and won ($23.52) with two pair, Tens and Eights
Seat 6: Ale4o (button) (small blind) mucked


PokerStars Hand #170763614948:  Hold'em Limit ($3/$6 USD) - 2017/05/22 9:53:09 ET
Table 'Lemaitre' 6-max Seat #6 is the button
Seat 1: EZB2002 ($105.02 in chips)
Seat 6: Ale4o ($127.48 in chips)
Ale4o: posts small blind $1
EZB2002: posts big blind $3
*** HOLE CARDS ***
Ale4o: raises $3 to $6
EZB2002: raises $3 to $9
Ale4o: calls $3
*** FLOP *** [3c 7c 5h]
EZB2002: bets $3
Ale4o: calls $3
*** TURN *** [3c 7c 5h] [4c]
EZB2002: bets $6
Ale4o: calls $6
*** RIVER *** [3c 7c 5h 4c] [Kc]
EZB2002: checks
Ale4o: bets $6
EZB2002: calls $6
*** SHOW DOWN ***
Ale4o: shows [Kh 8d] (a pair of Kings)
EZB2002: mucks hand
Ale4o collected $47.50 from pot
*** SUMMARY ***
Total pot $48 | Rake $0.50
Board [3c 7c 5h 4c Kc]
Seat 1: EZB2002 (big blind) mucked
Seat 6: Ale4o (button) (small blind) showed [Kh 8d] and won ($47.50) with a pair of Kings


PokerStars Hand #170763606396:  Hold'em Limit ($3/$6 USD) - 2017/05/22 9:52:53 ET
Table 'Lemaitre' 6-max Seat #1 is the button
Seat 1: EZB2002 ($84.52 in chips)
Seat 6: Ale4o ($148.48 in chips)
EZB2002: posts small blind $1
Ale4o: posts big blind $3
*** HOLE CARDS ***
EZB2002: raises $3 to $6
Ale4o: calls $3
*** FLOP *** [9s 6d Ad]
Ale4o: checks
EZB2002: bets $3
Ale4o: calls $3
*** TURN *** [9s 6d Ad] [9h]
Ale4o: checks
EZB2002: bets $6
Ale4o: calls $6
*** RIVER *** [9s 6d Ad 9h] [Ac]
Ale4o: checks
EZB2002: bets $6
Ale4o: calls $6
*** SHOW DOWN ***
EZB2002: shows [Ah 6c] (a full house, Aces full of Nines)
Ale4o: mucks hand
EZB2002 collected $41.50 from pot
*** SUMMARY ***
Total pot $42 | Rake $0.50
Board [9s 6d Ad 9h Ac]
Seat 1: EZB2002 (button) (small blind) showed [Ah 6c] and won ($41.50) with a full house, Aces full of Nines
Seat 6: Ale4o (big blind) mucked


PokerStars Hand #170763625732:  Hold'em Limit ($3/$6 USD) - 2017/05/22 9:53:29 ET
Table 'Lemaitre' 6-max Seat #1 is the button
Seat 1: EZB2002 ($81.02 in chips)
Seat 6: Ale4o ($150.98 in chips)
EZB2002: posts small blind $1
Ale4o: posts big blind $3
*** HOLE CARDS ***
EZB2002: raises $3 to $6
Ale4o: calls $3
*** FLOP *** [4h Qd 4s]
Ale4o: checks
EZB2002: bets $3
Ale4o: folds
Uncalled bet ($3) returned to EZB2002
EZB2002 collected $11.76 from pot
EZB2002: doesn't show hand
*** SUMMARY ***
Total pot $12 | Rake $0.24
Board [4h Qd 4s]
Seat 1: EZB2002 (button) (small blind) collected ($11.76)
Seat 6: Ale4o (big blind) folded on the Flop


PokerStars Hand #170763641930:  Hold'em Limit ($3/$6 USD) - 2017/05/22 9:53:59 ET
Table 'Lemaitre' 6-max Seat #1 is the button
Seat 1: EZB2002 ($59.78 in chips)
Seat 6: Ale4o ($171.48 in chips)
EZB2002: posts small blind $1
Ale4o: posts big blind $3
*** HOLE CARDS ***
EZB2002: raises $3 to $6
Ale4o: folds
Uncalled bet ($3) returned to EZB2002
EZB2002 collected $6 from pot
EZB2002: doesn't show hand
*** SUMMARY ***
Total pot $6 | Rake $0
Seat 1: EZB2002 (button) (small blind) collected ($6)
Seat 6: Ale4o (big blind) folded before Flop


PokerStars Hand #170763632323:  Hold'em Limit ($3/$6 USD) - 2017/05/22 9:53:41 ET
Table 'Lemaitre' 6-max Seat #6 is the button
Seat 1: EZB2002 ($86.78 in chips)
Seat 6: Ale4o ($144.98 in chips)
Ale4o: posts small blind $1
EZB2002: posts big blind $3
*** HOLE CARDS ***
Ale4o: raises $3 to $6
EZB2002: calls $3
*** FLOP *** [Js Kc 6s]
EZB2002: checks
Ale4o: bets $3
EZB2002: calls $3
*** TURN *** [Js Kc 6s] [Jh]
EZB2002: checks
Ale4o: bets $6
EZB2002: raises $6 to $12
Ale4o: calls $6
*** RIVER *** [Js Kc 6s Jh] [2h]
EZB2002: bets $6
Ale4o: calls $6
*** SHOW DOWN ***
EZB2002: shows [6c 8s] (two pair, Jacks and Sixes)
Ale4o: shows [3c Jc] (three of a kind, Jacks)
Ale4o collected $53.50 from pot
*** SUMMARY ***
Total pot $54 | Rake $0.50
Board [Js Kc 6s Jh 2h]
Seat 1: EZB2002 (big blind) showed [6c 8s] and lost with two pair, Jacks and Sixes
Seat 6: Ale4o (button) (small blind) showed [3c Jc] and won ($53.50) with three of a kind, Jacks


PokerStars Hand #170763670587:  Hold'em Limit ($3/$6 USD) - 2017/05/22 9:54:52 ET
Table 'Lemaitre' 6-max Seat #1 is the button
Seat 1: EZB2002 ($52.54 in chips)
Seat 6: Ale4o ($178.12 in chips)
EZB2002: posts small blind $1
Ale4o: posts big blind $3
*** HOLE CARDS ***
EZB2002: folds
Uncalled bet ($2) returned to Ale4o
Ale4o collected $2 from pot
Ale4o: doesn't show hand
*** SUMMARY ***
Total pot $2 | Rake $0
Seat 1: EZB2002 (button) (small blind) folded before Flop
Seat 6: Ale4o (big blind) collected ($2)


PokerStars Hand #170763659951:  Hold'em Limit ($3/$6 USD) - 2017/05/22 9:54:32 ET
Table 'Lemaitre' 6-max Seat #6 is the button
Seat 1: EZB2002 ($61.54 in chips)
Seat 6: Ale4o ($169.48 in chips)
Ale4o: posts small blind $1
EZB2002: posts big blind $3
*** HOLE CARDS ***
Ale4o: raises $3 to $6
EZB2002: calls $3
*** FLOP *** [7c 8d Qd]
EZB2002: checks
Ale4o: bets $3
EZB2002: calls $3
*** TURN *** [7c 8d Qd] [2c]
EZB2002: checks
Ale4o: bets $6
EZB2002: folds
Uncalled bet ($6) returned to Ale4o
Ale4o collected $17.64 from pot
Ale4o: doesn't show hand
*** SUMMARY ***
Total pot $18 | Rake $0.36
Board [7c 8d Qd 2c]
Seat 1: EZB2002 (big blind) folded on the Turn
Seat 6: Ale4o (button) (small blind) collected ($17.64)


PokerStars Hand #170763657505:  Hold'em Limit ($3/$6 USD) - 2017/05/22 9:54:27 ET
Table 'Lemaitre' 6-max Seat #1 is the button
Seat 1: EZB2002 ($62.54 in chips)
Seat 6: Ale4o ($168.48 in chips)
EZB2002: posts small blind $1
Ale4o: posts big blind $3
*** HOLE CARDS ***
EZB2002: folds
Uncalled bet ($2) returned to Ale4o
Ale4o collected $2 from pot
Ale4o: doesn't show hand
*** SUMMARY ***
Total pot $2 | Rake $0
Seat 1: EZB2002 (button) (small blind) folded before Flop
Seat 6: Ale4o (big blind) collected ($2)


PokerStars Hand #170763648523:  Hold'em Limit ($3/$6 USD) - 2017/05/22 9:54:11 ET
Table 'Lemaitre' 6-max Seat #1 is the button
Seat 1: EZB2002 ($59.78 in chips)
Seat 6: Ale4o ($171.48 in chips)
EZB2002: posts small blind $1
Ale4o: posts big blind $3
*** HOLE CARDS ***
EZB2002: raises $3 to $6
Ale4o: calls $3
*** FLOP *** [Qd Jh 3c]
Ale4o: checks
EZB2002: bets $3
Ale4o: folds
Uncalled bet ($3) returned to EZB2002
EZB2002 collected $11.76 from pot
EZB2002: doesn't show hand
*** SUMMARY ***
Total pot $12 | Rake $0.24
Board [Qd Jh 3c]
Seat 1: EZB2002 (button) (small blind) collected ($11.76)
Seat 6: Ale4o (big blind) folded on the Flop


PokerStars Hand #170763692376:  Hold'em Limit ($3/$6 USD) - 2017/05/22 9:55:37 ET
Table 'Lemaitre' 6-max Seat #6 is the button
Seat 1: EZB2002 ($47.18 in chips)
Seat 6: Ale4o ($182.62 in chips)
Ale4o: posts small blind $1
EZB2002: posts big blind $3
*** HOLE CARDS ***
Ale4o: folds
Uncalled bet ($2) returned to EZB2002
EZB2002 collected $2 from pot
EZB2002: doesn't show hand
*** SUMMARY ***
Total pot $2 | Rake $0
Seat 1: EZB2002 (big blind) collected ($2)
Seat 6: Ale4o (button) (small blind) folded before Flop


PokerStars Hand #170763680043:  Hold'em Limit ($3/$6 USD) - 2017/05/22 9:55:10 ET
Table 'Lemaitre' 6-max Seat #1 is the button
Seat 1: EZB2002 ($36.54 in chips)
Seat 6: Ale4o ($193.62 in chips)
EZB2002: posts small blind $1
Ale4o: posts big blind $3
*** HOLE CARDS ***
EZB2002: folds
Uncalled bet ($2) returned to Ale4o
Ale4o collected $2 from pot
Ale4o: doesn't show hand
*** SUMMARY ***
Total pot $2 | Rake $0
Seat 1: EZB2002 (button) (small blind) folded before Flop
Seat 6: Ale4o (big blind) collected ($2)


PokerStars Hand #170763673091:  Hold'em Limit ($3/$6 USD) - 2017/05/22 9:54:56 ET
Table 'Lemaitre' 6-max Seat #6 is the button
Seat 1: EZB2002 ($51.54 in chips)
Seat 6: Ale4o ($179.12 in chips)
Ale4o: posts small blind $1
EZB2002: posts big blind $3
*** HOLE CARDS ***
Ale4o: raises $3 to $6
EZB2002: calls $3
*** FLOP *** [5c Ac 8c]
EZB2002: checks
Ale4o: bets $3
EZB2002: calls $3
*** TURN *** [5c Ac 8c] [Jc]
EZB2002: checks
Ale4o: checks
*** RIVER *** [5c Ac 8c Jc] [3d]
EZB2002: bets $6
Ale4o: calls $6
*** SHOW DOWN ***
EZB2002: shows [5h Ts] (a pair of Fives)
Ale4o: shows [Jh 8s] (two pair, Jacks and Eights)
Ale4o collected $29.50 from pot
*** SUMMARY ***
Total pot $30 | Rake $0.50
Board [5c Ac 8c Jc 3d]
Seat 1: EZB2002 (big blind) showed [5h Ts] and lost with a pair of Fives
Seat 6: Ale4o (button) (small blind) showed [Jh 8s] and won ($29.50) with two pair, Jacks and Eights


PokerStars Hand #170763682249:  Hold'em Limit ($3/$6 USD) - 2017/05/22 9:55:15 ET
Table 'Lemaitre' 6-max Seat #6 is the button
Seat 1: EZB2002 ($35.54 in chips)
Seat 6: Ale4o ($194.62 in chips)
Ale4o: posts small blind $1
EZB2002: posts big blind $3
*** HOLE CARDS ***
Ale4o: raises $3 to $6
EZB2002: raises $3 to $9
Ale4o: calls $3
*** FLOP *** [As 5c Th]
EZB2002: bets $3
Ale4o: folds
Uncalled bet ($3) returned to EZB2002
EZB2002 collected $17.64 from pot
EZB2002: doesn't show hand
*** SUMMARY ***
Total pot $18 | Rake $0.36
Board [As 5c Th]
Seat 1: EZB2002 (big blind) collected ($17.64)
Seat 6: Ale4o (button) (small blind) folded on the Flop


PokerStars Hand #170763725233:  Hold'em Limit ($3/$6 USD) - 2017/05/22 9:56:45 ET
Table 'Lemaitre' 6-max Seat #1 is the button
Seat 1: EZB2002 ($40.86 in chips)
Seat 6: Ale4o ($187.94 in chips)
EZB2002: posts small blind $1
Ale4o: posts big blind $3
*** HOLE CARDS ***
EZB2002: raises $3 to $6
Ale4o: calls $3
*** FLOP *** [Ac 2h Ah]
Ale4o: checks
EZB2002: checks
*** TURN *** [Ac 2h Ah] [6d]
Ale4o: checks
EZB2002: bets $6
Ale4o: folds
Uncalled bet ($6) returned to EZB2002
EZB2002 collected $11.76 from pot
EZB2002: doesn't show hand
*** SUMMARY ***
Total pot $12 | Rake $0.24
Board [Ac 2h Ah 6d]
Seat 1: EZB2002 (button) (small blind) collected ($11.76)
Seat 6: Ale4o (big blind) folded on the Turn


PokerStars Hand #170763713995:  Hold'em Limit ($3/$6 USD) - 2017/05/22 9:56:22 ET
Table 'Lemaitre' 6-max Seat #1 is the button
Seat 1: EZB2002 ($20.18 in chips)
Seat 6: Ale4o ($209.12 in chips)
EZB2002: posts small blind $1
Ale4o: posts big blind $3
*** HOLE CARDS ***
EZB2002: raises $3 to $6
Ale4o: calls $3
*** FLOP *** [3c 5c Kh]
Ale4o: checks
EZB2002: bets $3
Ale4o: calls $3
*** TURN *** [3c 5c Kh] [Ac]
Ale4o: checks
EZB2002: bets $6
Ale4o: raises $6 to $12
EZB2002: calls $5.18 and is all-in
Uncalled bet ($0.82) returned to Ale4o
*** RIVER *** [3c 5c Kh Ac] [3s]
*** SHOW DOWN ***
Ale4o: shows [2h 2c] (two pair, Threes and Deuces)
EZB2002: shows [8c Tc] (a flush, Ace high)
EZB2002 collected $39.86 from pot
*** SUMMARY ***
Total pot $40.36 | Rake $0.50
Board [3c 5c Kh Ac 3s]
Seat 1: EZB2002 (button) (small blind) showed [8c Tc] and won ($39.86) with a flush, Ace high
Seat 6: Ale4o (big blind) showed [2h 2c] and lost with two pair, Threes and Deuces


PokerStars Hand #170763696619:  Hold'em Limit ($3/$6 USD) - 2017/05/22 9:55:46 ET
Table 'Lemaitre' 6-max Seat #6 is the button
Seat 1: EZB2002 ($47.18 in chips)
Seat 6: Ale4o ($182.62 in chips)
Ale4o: posts small blind $1
EZB2002: posts big blind $3
*** HOLE CARDS ***
Ale4o: raises $3 to $6
EZB2002: calls $3
*** FLOP *** [7h 6c 3c]
EZB2002: checks
Ale4o: bets $3
EZB2002: raises $3 to $6
Ale4o: raises $3 to $9
EZB2002: calls $3
*** TURN *** [7h 6c 3c] [4h]
EZB2002: checks
Ale4o: bets $6
EZB2002: calls $6
*** RIVER *** [7h 6c 3c 4h] [8d]
EZB2002: checks
Ale4o: bets $6
EZB2002: calls $6
*** SHOW DOWN ***
Ale4o: shows [5c 4c] (a straight, Four to Eight)
EZB2002: mucks hand
Ale4o collected $53.50 from pot
*** SUMMARY ***
Total pot $54 | Rake $0.50
Board [7h 6c 3c 4h 8d]
Seat 1: EZB2002 (big blind) mucked
Seat 6: Ale4o (button) (small blind) showed [5c 4c] and won ($53.50) with a straight, Four to Eight


PokerStars Hand #170763734189:  Hold'em Limit ($3/$6 USD) - 2017/05/22 9:57:04 ET
Table 'Lemaitre' 6-max Seat #6 is the button
Seat 1: EZB2002 ($46.62 in chips)
Seat 6: Ale4o ($181.94 in chips)
Ale4o: posts small blind $1
EZB2002: posts big blind $3
*** HOLE CARDS ***
Ale4o: raises $3 to $6
EZB2002: raises $3 to $9
Ale4o: calls $3
*** FLOP *** [Qd Jd 8h]
EZB2002: bets $3
Ale4o: folds
Uncalled bet ($3) returned to EZB2002
EZB2002 collected $17.64 from pot
EZB2002: doesn't show hand
*** SUMMARY ***
Total pot $18 | Rake $0.36
Board [Qd Jd 8h]
Seat 1: EZB2002 (big blind) collected ($17.64)
Seat 6: Ale4o (button) (small blind) folded on the Flop


PokerStars Hand #170763761768:  Hold'em Limit ($3/$6 USD) - 2017/05/22 9:58:02 ET
Table 'Lemaitre' 6-max Seat #6 is the button
Seat 1: EZB2002 ($30.26 in chips)
Seat 6: Ale4o ($196.98 in chips)
Ale4o: posts small blind $1
EZB2002: posts big blind $3
*** HOLE CARDS ***
Ale4o: folds
Uncalled bet ($2) returned to EZB2002
EZB2002 collected $2 from pot
EZB2002: doesn't show hand
*** SUMMARY ***
Total pot $2 | Rake $0
Seat 1: EZB2002 (big blind) collected ($2)
Seat 6: Ale4o (button) (small blind) folded before Flop


PokerStars Hand #170763738801:  Hold'em Limit ($3/$6 USD) - 2017/05/22 9:57:14 ET
Table 'Lemaitre' 6-max Seat #1 is the button
Seat 1: EZB2002 ($55.26 in chips)
Seat 6: Ale4o ($172.94 in chips)
EZB2002: posts small blind $1
Ale4o: posts big blind $3
*** HOLE CARDS ***
EZB2002: raises $3 to $6
Ale4o: calls $3
*** FLOP *** [2s Ad Jd]
Ale4o: checks
EZB2002: checks
*** TURN *** [2s Ad Jd] [Qh]
Ale4o: checks
EZB2002: bets $6
Ale4o: calls $6
*** RIVER *** [2s Ad Jd Qh] [3h]
Ale4o: checks
EZB2002: checks
*** SHOW DOWN ***
Ale4o: shows [Qs 4c] (a pair of Queens)
EZB2002: mucks hand
Ale4o collected $23.52 from pot
*** SUMMARY ***
Total pot $24 | Rake $0.48
Board [2s Ad Jd Qh 3h]
Seat 1: EZB2002 (button) (small blind) mucked
Seat 6: Ale4o (big blind) showed [Qs 4c] and won ($23.52) with a pair of Queens


PokerStars Hand #170763747980:  Hold'em Limit ($3/$6 USD) - 2017/05/22 9:57:33 ET
Table 'Lemaitre' 6-max Seat #6 is the button
Seat 1: EZB2002 ($43.26 in chips)
Seat 6: Ale4o ($184.46 in chips)
Ale4o: posts small blind $1
EZB2002: posts big blind $3
*** HOLE CARDS ***
Ale4o: raises $3 to $6
EZB2002: calls $3
*** FLOP *** [5d 9c Qs]
EZB2002: checks
Ale4o: checks
*** TURN *** [5d 9c Qs] [4s]
EZB2002: bets $6
Ale4o: calls $6
*** RIVER *** [5d 9c Qs 4s] [7c]
EZB2002: checks
Ale4o: checks
*** SHOW DOWN ***
EZB2002: shows [As 3s] (high card Ace)
Ale4o: shows [Ah 4d] (a pair of Fours)
Ale4o collected $23.52 from pot
*** SUMMARY ***
Total pot $24 | Rake $0.48
Board [5d 9c Qs 4s 7c]
Seat 1: EZB2002 (big blind) showed [As 3s] and lost with high card Ace
Seat 6: Ale4o (button) (small blind) showed [Ah 4d] and won ($23.52) with a pair of Fours


PokerStars Hand #170763783868:  Hold'em Limit ($3/$6 USD) - 2017/05/22 9:58:48 ET
Table 'Lemaitre' 6-max Seat #1 is the button
Seat 1: EZB2002 ($88.78 in chips)
Seat 6: Ale4o ($197.50 in chips)
EZB2002: posts small blind $1
Ale4o: posts big blind $3
*** HOLE CARDS ***
EZB2002: calls $2
Ale4o: raises $3 to $6
EZB2002: calls $3
*** FLOP *** [5h Ah 7d]
Ale4o: bets $3
EZB2002: calls $3
*** TURN *** [5h Ah 7d] [Ac]
Ale4o: bets $6
EZB2002: folds
Uncalled bet ($6) returned to Ale4o
Ale4o collected $17.64 from pot
Ale4o: doesn't show hand
*** SUMMARY ***
Total pot $18 | Rake $0.36
Board [5h Ah 7d Ac]
Seat 1: EZB2002 (button) (small blind) folded on the Turn
Seat 6: Ale4o (big blind) collected ($17.64)


PokerStars Hand #170763777213:  Hold'em Limit ($3/$6 USD) - 2017/05/22 9:58:34 ET
Table 'Lemaitre' 6-max Seat #6 is the button
Seat 1: EZB2002 ($77.26 in chips)
Seat 6: Ale4o ($209.50 in chips)
Ale4o: posts small blind $1
EZB2002: posts big blind $3
*** HOLE CARDS ***
Ale4o: raises $3 to $6
EZB2002: calls $3
*** FLOP *** [3c 6c 9h]
EZB2002: checks
Ale4o: checks
*** TURN *** [3c 6c 9h] [4c]
EZB2002: bets $6
Ale4o: calls $6
*** RIVER *** [3c 6c 9h 4c] [2h]
EZB2002: bets $6
Ale4o: folds
Uncalled bet ($6) returned to EZB2002
EZB2002 collected $23.52 from pot
EZB2002: doesn't show hand
*** SUMMARY ***
Total pot $24 | Rake $0.48
Board [3c 6c 9h 4c 2h]
Seat 1: EZB2002 (big blind) collected ($23.52)
Seat 6: Ale4o (button) (small blind) folded on the River


PokerStars Hand #170763763632:  Hold'em Limit ($3/$6 USD) - 2017/05/22 9:58:06 ET
Table 'Lemaitre' 6-max Seat #1 is the button
Seat 1: EZB2002 ($31.26 in chips)
Seat 6: Ale4o ($195.98 in chips)
EZB2002: posts small blind $1
Ale4o: posts big blind $3
*** HOLE CARDS ***
EZB2002: folds
Uncalled bet ($2) returned to Ale4o
Ale4o collected $2 from pot
Ale4o: doesn't show hand
*** SUMMARY ***
Total pot $2 | Rake $0
Seat 1: EZB2002 (button) (small blind) folded before Flop
Seat 6: Ale4o (big blind) collected ($2)


PokerStars Hand #170763775125:  Hold'em Limit ($3/$6 USD) - 2017/05/22 9:58:30 ET
Table 'Lemaitre' 6-max Seat #1 is the button
Seat 1: EZB2002 ($78.26 in chips)
Seat 6: Ale4o ($208.50 in chips)
EZB2002: posts small blind $1
Ale4o: posts big blind $3
*** HOLE CARDS ***
EZB2002: folds
Uncalled bet ($2) returned to Ale4o
Ale4o collected $2 from pot
Ale4o: doesn't show hand
*** SUMMARY ***
Total pot $2 | Rake $0
Seat 1: EZB2002 (button) (small blind) folded before Flop
Seat 6: Ale4o (big blind) collected ($2)


PokerStars Hand #170763766808:  Hold'em Limit ($3/$6 USD) - 2017/05/22 9:58:12 ET
Table 'Lemaitre' 6-max Seat #6 is the button
Seat 1: EZB2002 ($90.26 in chips)
Seat 6: Ale4o ($196.98 in chips)
Ale4o: posts small blind $1
EZB2002: posts big blind $3
*** HOLE CARDS ***
Ale4o: raises $3 to $6
EZB2002: calls $3
*** FLOP *** [9h 3h Kh]
EZB2002: checks
Ale4o: checks
*** TURN *** [9h 3h Kh] [Qd]
EZB2002: checks
Ale4o: bets $6
EZB2002: calls $6
*** RIVER *** [9h 3h Kh Qd] [6s]
EZB2002: checks
Ale4o: bets $6
EZB2002: folds
Uncalled bet ($6) returned to Ale4o
Ale4o collected $23.52 from pot
Ale4o: doesn't show hand
*** SUMMARY ***
Total pot $24 | Rake $0.48
Board [9h 3h Kh Qd 6s]
Seat 1: EZB2002 (big blind) folded on the River
Seat 6: Ale4o (button) (small blind) collected ($23.52)


PokerStars Hand #170763810154:  Hold'em Limit ($3/$6 USD) - 2017/05/22 9:59:43 ET
Table 'Lemaitre' 6-max Seat #1 is the button
Seat 1: EZB2002 ($84.30 in chips)
Seat 6: Ale4o ($200.90 in chips)
EZB2002: posts small blind $1
Ale4o: posts big blind $3
*** HOLE CARDS ***
EZB2002: raises $3 to $6
Ale4o: calls $3
*** FLOP *** [6c 2c 7d]
Ale4o: checks
EZB2002: bets $3
Ale4o: calls $3
*** TURN *** [6c 2c 7d] [4c]
Ale4o: checks
EZB2002: bets $6
Ale4o: folds
Uncalled bet ($6) returned to EZB2002
EZB2002 collected $17.64 from pot
EZB2002: doesn't show hand
*** SUMMARY ***
Total pot $18 | Rake $0.36
Board [6c 2c 7d 4c]
Seat 1: EZB2002 (button) (small blind) collected ($17.64)
Seat 6: Ale4o (big blind) folded on the Turn


PokerStars Hand #170763803822:  Hold'em Limit ($3/$6 USD) - 2017/05/22 9:59:29 ET
Table 'Lemaitre' 6-max Seat #6 is the button
Seat 1: EZB2002 ($90.30 in chips)
Seat 6: Ale4o ($195.14 in chips)
Ale4o: posts small blind $1
EZB2002: posts big blind $3
*** HOLE CARDS ***
Ale4o: raises $3 to $6
EZB2002: calls $3
*** FLOP *** [5d Tc 2s]
EZB2002: checks
Ale4o: checks
*** TURN *** [5d Tc 2s] [Td]
EZB2002: checks
Ale4o: bets $6
EZB2002: folds
Uncalled bet ($6) returned to Ale4o
Ale4o collected $11.76 from pot
Ale4o: doesn't show hand
*** SUMMARY ***
Total pot $12 | Rake $0.24
Board [5d Tc 2s Td]
Seat 1: EZB2002 (big blind) folded on the Turn
Seat 6: Ale4o (button) (small blind) collected ($11.76)


PokerStars Hand #170763801692:  Hold'em Limit ($3/$6 USD) - 2017/05/22 9:59:25 ET
Table 'Lemaitre' 6-max Seat #1 is the button
Seat 1: EZB2002 ($91.30 in chips)
Seat 6: Ale4o ($194.14 in chips)
EZB2002: posts small blind $1
Ale4o: posts big blind $3
*** HOLE CARDS ***
EZB2002: folds
Uncalled bet ($2) returned to Ale4o
Ale4o collected $2 from pot
Ale4o: doesn't show hand
*** SUMMARY ***
Total pot $2 | Rake $0
Seat 1: EZB2002 (button) (small blind) folded before Flop
Seat 6: Ale4o (big blind) collected ($2)


PokerStars Hand #170763789800:  Hold'em Limit ($3/$6 USD) - 2017/05/22 9:59:00 ET
Table 'Lemaitre' 6-max Seat #6 is the button
Seat 1: EZB2002 ($79.78 in chips)
Seat 6: Ale4o ($206.14 in chips)
Ale4o: posts small blind $1
EZB2002: posts big blind $3
*** HOLE CARDS ***
Ale4o: raises $3 to $6
EZB2002: raises $3 to $9
Ale4o: raises $3 to $12
Betting is capped
EZB2002: calls $3
*** FLOP *** [3d 6c 6h]
EZB2002: checks
Ale4o: checks
*** TURN *** [3d 6c 6h] [2s]
EZB2002: bets $6
Ale4o: folds
Uncalled bet ($6) returned to EZB2002
EZB2002 collected $23.52 from pot
EZB2002: doesn't show hand
*** SUMMARY ***
Total pot $24 | Rake $0.48
Board [3d 6c 6h 2s]
Seat 1: EZB2002 (big blind) collected ($23.52)
Seat 6: Ale4o (button) (small blind) folded on the Turn


PokerStars Hand #170763816386:  Hold'em Limit ($3/$6 USD) - 2017/05/22 9:59:56 ET
Table 'Lemaitre' 6-max Seat #6 is the button
Seat 1: EZB2002 ($92.94 in chips)
Seat 6: Ale4o ($191.90 in chips)
Ale4o: posts small blind $1
EZB2002: posts big blind $3
*** HOLE CARDS ***
Ale4o: raises $3 to $6
EZB2002: folds
Uncalled bet ($3) returned to Ale4o
Ale4o collected $6 from pot
Ale4o: doesn't show hand
*** SUMMARY ***
Total pot $6 | Rake $0
Seat 1: EZB2002 (big blind) folded before Flop
Seat 6: Ale4o (button) (small blind) collected ($6)


PokerStars Hand #170763830696:  Hold'em Limit ($3/$6 USD) - 2017/05/22 10:00:24 ET
Table 'Lemaitre' 6-max Seat #1 is the button
Seat 1: EZB2002 ($62.94 in chips)
Seat 6: Ale4o ($221.40 in chips)
EZB2002: posts small blind $1
Ale4o: posts big blind $3
*** HOLE CARDS ***
EZB2002: folds
Uncalled bet ($2) returned to Ale4o
Ale4o collected $2 from pot
Ale4o: doesn't show hand
*** SUMMARY ***
Total pot $2 | Rake $0
Seat 1: EZB2002 (button) (small blind) folded before Flop
Seat 6: Ale4o (big blind) collected ($2)


PokerStars Hand #170763827519:  Hold'em Limit ($3/$6 USD) - 2017/05/22 10:00:18 ET
Table 'Lemaitre' 6-max Seat #6 is the button
Seat 1: EZB2002 ($65.94 in chips)
Seat 6: Ale4o ($218.40 in chips)
Ale4o: posts small blind $1
EZB2002: posts big blind $3
*** HOLE CARDS ***
Ale4o: raises $3 to $6
EZB2002: folds
Uncalled bet ($3) returned to Ale4o
Ale4o collected $6 from pot
Ale4o: doesn't show hand
*** SUMMARY ***
Total pot $6 | Rake $0
Seat 1: EZB2002 (big blind) folded before Flop
Seat 6: Ale4o (button) (small blind) collected ($6)


PokerStars Hand #170763841130:  Hold'em Limit ($3/$6 USD) - 2017/05/22 10:00:45 ET
Table 'Lemaitre' 6-max Seat #1 is the button
Seat 1: EZB2002 ($70.58 in chips)
Seat 6: Ale4o ($213.40 in chips)
EZB2002: posts small blind $1
Ale4o: posts big blind $3
*** HOLE CARDS ***
EZB2002: folds
Uncalled bet ($2) returned to Ale4o
Ale4o collected $2 from pot
Ale4o: doesn't show hand
*** SUMMARY ***
Total pot $2 | Rake $0
Seat 1: EZB2002 (button) (small blind) folded before Flop
Seat 6: Ale4o (big blind) collected ($2)


PokerStars Hand #170763833176:  Hold'em Limit ($3/$6 USD) - 2017/05/22 10:00:29 ET
Table 'Lemaitre' 6-max Seat #6 is the button
Seat 1: EZB2002 ($61.94 in chips)
Seat 6: Ale4o ($222.40 in chips)
Ale4o: posts small blind $1
EZB2002: posts big blind $3
*** HOLE CARDS ***
Ale4o: raises $3 to $6
EZB2002: calls $3
*** FLOP *** [5d As Ks]
EZB2002: checks
Ale4o: bets $3
EZB2002: calls $3
*** TURN *** [5d As Ks] [Qc]
EZB2002: checks
Ale4o: checks
*** RIVER *** [5d As Ks Qc] [4h]
EZB2002: bets $6
Ale4o: folds
Uncalled bet ($6) returned to EZB2002
EZB2002 collected $17.64 from pot
EZB2002: doesn't show hand
*** SUMMARY ***
Total pot $18 | Rake $0.36
Board [5d As Ks Qc 4h]
Seat 1: EZB2002 (big blind) collected ($17.64)
Seat 6: Ale4o (button) (small blind) folded on the River


PokerStars Hand #170763818949:  Hold'em Limit ($3/$6 USD) - 2017/05/22 10:00:01 ET
Table 'Lemaitre' 6-max Seat #1 is the button
Seat 1: EZB2002 ($89.94 in chips)
Seat 6: Ale4o ($194.90 in chips)
EZB2002: posts small blind $1
Ale4o: posts big blind $3
*** HOLE CARDS ***
EZB2002: raises $3 to $6
Ale4o: calls $3
*** FLOP *** [6d Ks 9c]
Ale4o: checks
EZB2002: bets $3
Ale4o: raises $3 to $6
EZB2002: calls $3
*** TURN *** [6d Ks 9c] [6c]
Ale4o: bets $6
EZB2002: calls $6
*** RIVER *** [6d Ks 9c 6c] [Js]
Ale4o: bets $6
EZB2002: calls $6
*** SHOW DOWN ***
Ale4o: shows [Qh Ts] (a straight, Nine to King)
EZB2002: mucks hand
Ale4o collected $47.50 from pot
*** SUMMARY ***
Total pot $48 | Rake $0.50
Board [6d Ks 9c 6c Js]
Seat 1: EZB2002 (button) (small blind) mucked
Seat 6: Ale4o (big blind) showed [Qh Ts] and won ($47.50) with a straight, Nine to King


PokerStars Hand #170763843668:  Hold'em Limit ($3/$6 USD) - 2017/05/22 10:00:50 ET
Table 'Lemaitre' 6-max Seat #6 is the button
Seat 1: EZB2002 ($69.58 in chips)
Seat 6: Ale4o ($214.40 in chips)
Ale4o: posts small blind $1
EZB2002: posts big blind $3
*** HOLE CARDS ***
Ale4o: raises $3 to $6
EZB2002: raises $3 to $9
Ale4o: calls $3
*** FLOP *** [4c 4d 7s]
EZB2002: bets $3
Ale4o: calls $3
*** TURN *** [4c 4d 7s] [2h]
EZB2002: bets $6
Ale4o: calls $6
*** RIVER *** [4c 4d 7s 2h] [3c]
EZB2002: bets $6
Ale4o: calls $6
*** SHOW DOWN ***
EZB2002: shows [Qh Th] (a pair of Fours)
Ale4o: shows [2s Qs] (two pair, Fours and Deuces)
Ale4o collected $47.50 from pot
*** SUMMARY ***
Total pot $48 | Rake $0.50
Board [4c 4d 7s 2h 3c]
Seat 1: EZB2002 (big blind) showed [Qh Th] and lost with a pair of Fours
Seat 6: Ale4o (button) (small blind) showed [2s Qs] and won ($47.50) with two pair, Fours and Deuces


PokerStars Hand #170763872023:  Hold'em Limit ($3/$6 USD) - 2017/05/22 10:01:43 ET
Table 'Lemaitre' 6-max Seat #6 is the button
Seat 1: EZB2002 ($82.84 in chips)
Seat 6: Ale4o ($199.90 in chips)
Ale4o: posts small blind $1
EZB2002: posts big blind $3
*** HOLE CARDS ***
Ale4o: raises $3 to $6
EZB2002: calls $3
*** FLOP *** [9d 4h 3s]
EZB2002: checks
Ale4o: checks
*** TURN *** [9d 4h 3s] [7c]
EZB2002: bets $6
Ale4o: calls $6
*** RIVER *** [9d 4h 3s 7c] [2c]
EZB2002: checks
Ale4o: bets $6
EZB2002: calls $6
*** SHOW DOWN ***
Ale4o: shows [8s Jd] (high card Jack)
EZB2002: shows [6c 4d] (a pair of Fours)
EZB2002 collected $35.50 from pot
*** SUMMARY ***
Total pot $36 | Rake $0.50
Board [9d 4h 3s 7c 2c]
Seat 1: EZB2002 (big blind) showed [6c 4d] and won ($35.50) with a pair of Fours
Seat 6: Ale4o (button) (small blind) showed [8s Jd] and lost with high card Jack


PokerStars Hand #170763850788:  Hold'em Limit ($3/$6 USD) - 2017/05/22 10:01:03 ET
Table 'Lemaitre' 6-max Seat #1 is the button
Seat 1: EZB2002 ($45.58 in chips)
Seat 6: Ale4o ($237.90 in chips)
EZB2002: posts small blind $1
Ale4o: posts big blind $3
*** HOLE CARDS ***
EZB2002: raises $3 to $6
Ale4o said, "UT"
Ale4o: raises $3 to $9
EZB2002: raises $3 to $12
Betting is capped
Ale4o: calls $3
*** FLOP *** [5h 3d 4c]
Ale4o: bets $3
EZB2002: calls $3
*** TURN *** [5h 3d 4c] [Ts]
Ale4o: bets $6
EZB2002: calls $6
*** RIVER *** [5h 3d 4c Ts] [6d]
Ale4o: bets $6
EZB2002: raises $6 to $12
Ale4o: calls $6
*** SHOW DOWN ***
EZB2002: shows [Ks Kd] (a pair of Kings)
Ale4o: mucks hand
EZB2002 collected $65.50 from pot
*** SUMMARY ***
Total pot $66 | Rake $0.50
Board [5h 3d 4c Ts 6d]
Seat 1: EZB2002 (button) (small blind) showed [Ks Kd] and won ($65.50) with a pair of Kings
Seat 6: Ale4o (big blind) mucked


PokerStars Hand #170763869159:  Hold'em Limit ($3/$6 USD) - 2017/05/22 10:01:38 ET
Table 'Lemaitre' 6-max Seat #1 is the button
Seat 1: EZB2002 ($83.84 in chips)
Seat 6: Ale4o ($198.90 in chips)
EZB2002: posts small blind $1
Ale4o: posts big blind $3
*** HOLE CARDS ***
EZB2002: folds
Uncalled bet ($2) returned to Ale4o
Ale4o collected $2 from pot
Ale4o: doesn't show hand
*** SUMMARY ***
Total pot $2 | Rake $0
Seat 1: EZB2002 (button) (small blind) folded before Flop
Seat 6: Ale4o (big blind) collected ($2)


PokerStars Hand #170763861362:  Hold'em Limit ($3/$6 USD) - 2017/05/22 10:01:23 ET
Table 'Lemaitre' 6-max Seat #6 is the button
Seat 1: EZB2002 ($78.08 in chips)
Seat 6: Ale4o ($204.90 in chips)
Ale4o: posts small blind $1
EZB2002: posts big blind $3
*** HOLE CARDS ***
Ale4o: raises $3 to $6
EZB2002: calls $3
*** FLOP *** [6s 7d 6h]
EZB2002: checks
Ale4o: checks
*** TURN *** [6s 7d 6h] [Jd]
EZB2002: bets $6
Ale4o: folds
Uncalled bet ($6) returned to EZB2002
EZB2002 collected $11.76 from pot
EZB2002: doesn't show hand
*** SUMMARY ***
Total pot $12 | Rake $0.24
Board [6s 7d 6h Jd]
Seat 1: EZB2002 (big blind) collected ($11.76)
Seat 6: Ale4o (button) (small blind) folded on the Turn


PokerStars Hand #170763904036:  Hold'em Limit ($3/$6 USD) - 2017/05/22 10:02:43 ET
Table 'Lemaitre' 6-max Seat #1 is the button
Seat 1: EZB2002 ($124.60 in chips)
Seat 6: Ale4o ($156.90 in chips)
EZB2002: posts small blind $1
Ale4o: posts big blind $3
*** HOLE CARDS ***
EZB2002: raises $3 to $6
Ale4o: folds
Uncalled bet ($3) returned to EZB2002
EZB2002 collected $6 from pot
EZB2002: doesn't show hand
*** SUMMARY ***
Total pot $6 | Rake $0
Seat 1: EZB2002 (button) (small blind) collected ($6)
Seat 6: Ale4o (big blind) folded before Flop


PokerStars Hand #170763901553:  Hold'em Limit ($3/$6 USD) - 2017/05/22 10:02:38 ET
Table 'Lemaitre' 6-max Seat #6 is the button
Seat 1: EZB2002 ($127.60 in chips)
Seat 6: Ale4o ($153.90 in chips)
Ale4o: posts small blind $1
EZB2002: posts big blind $3
*** HOLE CARDS ***
Ale4o: raises $3 to $6
EZB2002: folds
Uncalled bet ($3) returned to Ale4o
Ale4o collected $6 from pot
Ale4o: doesn't show hand
*** SUMMARY ***
Total pot $6 | Rake $0
Seat 1: EZB2002 (big blind) folded before Flop
Seat 6: Ale4o (button) (small blind) collected ($6)


PokerStars Hand #170763906511:  Hold'em Limit ($3/$6 USD) - 2017/05/22 10:02:47 ET
Table 'Lemaitre' 6-max Seat #6 is the button
Seat 1: EZB2002 ($127.60 in chips)
Seat 6: Ale4o ($153.90 in chips)
Ale4o: posts small blind $1
EZB2002: posts big blind $3
*** HOLE CARDS ***
Ale4o: raises $3 to $6
EZB2002: raises $3 to $9
Ale4o: calls $3
*** FLOP *** [2c Qh 6h]
EZB2002: bets $3
Ale4o: calls $3
*** TURN *** [2c Qh 6h] [2d]
EZB2002: bets $6
Ale4o: calls $6
*** RIVER *** [2c Qh 6h 2d] [Th]
EZB2002: bets $6
Ale4o: calls $6
*** SHOW DOWN ***
EZB2002: shows [Qc 9c] (two pair, Queens and Deuces)
Ale4o: mucks hand
EZB2002 collected $47.50 from pot
*** SUMMARY ***
Total pot $48 | Rake $0.50
Board [2c Qh 6h 2d Th]
Seat 1: EZB2002 (big blind) showed [Qc 9c] and won ($47.50) with two pair, Queens and Deuces
Seat 6: Ale4o (button) (small blind) mucked


PokerStars Hand #170763896842:  Hold'em Limit ($3/$6 USD) - 2017/05/22 10:02:29 ET
Table 'Lemaitre' 6-max Seat #1 is the button
Seat 1: EZB2002 ($121.84 in chips)
Seat 6: Ale4o ($159.90 in chips)
EZB2002: posts small blind $1
Ale4o: posts big blind $3
*** HOLE CARDS ***
EZB2002: raises $3 to $6
Ale4o: calls $3
*** FLOP *** [3d 6d Ah]
Ale4o: checks
EZB2002: bets $3
Ale4o: folds
Uncalled bet ($3) returned to EZB2002
EZB2002 collected $11.76 from pot
EZB2002: doesn't show hand
*** SUMMARY ***
Total pot $12 | Rake $0.24
Board [3d 6d Ah]
Seat 1: EZB2002 (button) (small blind) collected ($11.76)
Seat 6: Ale4o (big blind) folded on the Flop


PokerStars Hand #170763894557:  Hold'em Limit ($3/$6 USD) - 2017/05/22 10:02:25 ET
Table 'Lemaitre' 6-max Seat #6 is the button
Seat 1: EZB2002 ($120.84 in chips)
Seat 6: Ale4o ($160.90 in chips)
Ale4o: posts small blind $1
EZB2002: posts big blind $3
*** HOLE CARDS ***
Ale4o: folds
Uncalled bet ($2) returned to EZB2002
EZB2002 collected $2 from pot
EZB2002: doesn't show hand
*** SUMMARY ***
Total pot $2 | Rake $0
Seat 1: EZB2002 (big blind) collected ($2)
Seat 6: Ale4o (button) (small blind) folded before Flop


PokerStars Hand #170763882219:  Hold'em Limit ($3/$6 USD) - 2017/05/22 10:02:02 ET
Table 'Lemaitre' 6-max Seat #1 is the button
Seat 1: EZB2002 ($100.34 in chips)
Seat 6: Ale4o ($181.90 in chips)
EZB2002: posts small blind $1
Ale4o: posts big blind $3
*** HOLE CARDS ***
EZB2002: raises $3 to $6
Ale4o: calls $3
*** FLOP *** [9c 7c Kc]
Ale4o: checks
EZB2002: bets $3
Ale4o: calls $3
*** TURN *** [9c 7c Kc] [8h]
Ale4o: checks
EZB2002: bets $6
Ale4o: calls $6
*** RIVER *** [9c 7c Kc 8h] [7h]
Ale4o: checks
EZB2002: bets $6
Ale4o: calls $6
*** SHOW DOWN ***
EZB2002: shows [5d 6d] (a straight, Five to Nine)
Ale4o: mucks hand
EZB2002 collected $41.50 from pot
*** SUMMARY ***
Total pot $42 | Rake $0.50
Board [9c 7c Kc 8h 7h]
Seat 1: EZB2002 (button) (small blind) showed [5d 6d] and won ($41.50) with a straight, Five to Nine
Seat 6: Ale4o (big blind) mucked


PokerStars Hand #170763937468:  Hold'em Limit ($3/$6 USD) - 2017/05/22 10:03:43 ET
Table 'Lemaitre' 6-max Seat #1 is the button
Seat 1: EZB2002 ($146.74 in chips)
Seat 6: Ale4o ($133.40 in chips)
EZB2002: posts small blind $1
Ale4o: posts big blind $3
*** HOLE CARDS ***
EZB2002: folds
Uncalled bet ($2) returned to Ale4o
Ale4o collected $2 from pot
Ale4o: doesn't show hand
*** SUMMARY ***
Total pot $2 | Rake $0
Seat 1: EZB2002 (button) (small blind) folded before Flop
Seat 6: Ale4o (big blind) collected ($2)


PokerStars Hand #170763925426:  Hold'em Limit ($3/$6 USD) - 2017/05/22 10:03:22 ET
Table 'Lemaitre' 6-max Seat #6 is the button
Seat 1: EZB2002 ($136.10 in chips)
Seat 6: Ale4o ($144.40 in chips)
Ale4o: posts small blind $1
EZB2002: posts big blind $3
*** HOLE CARDS ***
Ale4o: folds
Uncalled bet ($2) returned to EZB2002
EZB2002 collected $2 from pot
EZB2002: doesn't show hand
*** SUMMARY ***
Total pot $2 | Rake $0
Seat 1: EZB2002 (big blind) collected ($2)
Seat 6: Ale4o (button) (small blind) folded before Flop


PokerStars Hand #170763915096:  Hold'em Limit ($3/$6 USD) - 2017/05/22 10:03:03 ET
Table 'Lemaitre' 6-max Seat #1 is the button
Seat 1: EZB2002 ($151.10 in chips)
Seat 6: Ale4o ($129.90 in chips)
EZB2002: posts small blind $1
Ale4o: posts big blind $3
*** HOLE CARDS ***
EZB2002: raises $3 to $6
Ale4o: calls $3
*** FLOP *** [4h 7h 4s]
Ale4o: bets $3
EZB2002: calls $3
*** TURN *** [4h 7h 4s] [5c]
Ale4o: bets $6
EZB2002: calls $6
*** RIVER *** [4h 7h 4s 5c] [2s]
Ale4o: bets $6
EZB2002: folds
Uncalled bet ($6) returned to Ale4o
Ale4o collected $29.50 from pot
Ale4o: doesn't show hand
*** SUMMARY ***
Total pot $30 | Rake $0.50
Board [4h 7h 4s 5c 2s]
Seat 1: EZB2002 (button) (small blind) folded on the River
Seat 6: Ale4o (big blind) collected ($29.50)


PokerStars Hand #170763940172:  Hold'em Limit ($3/$6 USD) - 2017/05/22 10:03:48 ET
Table 'Lemaitre' 6-max Seat #6 is the button
Seat 1: EZB2002 ($145.74 in chips)
Seat 6: Ale4o ($134.40 in chips)
Ale4o: posts small blind $1
EZB2002: posts big blind $3
*** HOLE CARDS ***
Ale4o: raises $3 to $6
EZB2002: calls $3
*** FLOP *** [4s 5d Th]
EZB2002: checks
Ale4o: checks
*** TURN *** [4s 5d Th] [4d]
EZB2002: checks
Ale4o: bets $6
EZB2002: calls $6
*** RIVER *** [4s 5d Th 4d] [Jd]
EZB2002: checks
Ale4o: checks
*** SHOW DOWN ***
EZB2002: shows [8s Kh] (a pair of Fours)
Ale4o: shows [9d Ac] (a pair of Fours - Ace kicker)
Ale4o collected $23.52 from pot
*** SUMMARY ***
Total pot $24 | Rake $0.48
Board [4s 5d Th 4d Jd]
Seat 1: EZB2002 (big blind) showed [8s Kh] and lost with a pair of Fours
Seat 6: Ale4o (button) (small blind) showed [9d Ac] and won ($23.52) with a pair of Fours


PokerStars Hand #170763965868:  Hold'em Limit ($3/$6 USD) - 2017/05/22 10:04:34 ET
Table 'Lemaitre' 6-max Seat #1 is the button
Seat 1: EZB2002 ($109.74 in chips)
Seat 6: Ale4o ($169.18 in chips)
EZB2002: posts small blind $1
Ale4o: posts big blind $3
*** HOLE CARDS ***
EZB2002: raises $3 to $6
Ale4o: calls $3
*** FLOP *** [7s 7d Kc]
Ale4o: checks
EZB2002: bets $3
Ale4o: calls $3
*** TURN *** [7s 7d Kc] [9c]
Ale4o: checks
EZB2002: bets $6
Krazy90 joins the table at seat #2
Ale4o: raises $6 to $12
EZB2002: folds
Uncalled bet ($6) returned to Ale4o
Ale4o collected $29.50 from pot
Ale4o: doesn't show hand
*** SUMMARY ***
Total pot $30 | Rake $0.50
Board [7s 7d Kc 9c]
Seat 1: EZB2002 (button) (small blind) folded on the Turn
Seat 6: Ale4o (big blind) collected ($29.50)


PokerStars Hand #170763974082:  Hold'em Limit ($3/$6 USD) - 2017/05/22 10:04:49 ET
Table 'Lemaitre' 6-max Seat #6 is the button
Seat 1: EZB2002 ($94.74 in chips)
Seat 6: Ale4o ($183.68 in chips)
Ale4o: posts small blind $1
EZB2002: posts big blind $3
*** HOLE CARDS ***
Ale4o: raises $3 to $6
EZB2002: calls $3
*** FLOP *** [Th 7h Jc]
EZB2002: checks
Ale4o: checks
*** TURN *** [Th 7h Jc] [7d]
EZB2002: checks
Ale4o: checks
*** RIVER *** [Th 7h Jc 7d] [6c]
EZB2002: bets $6
Ale4o: folds
Uncalled bet ($6) returned to EZB2002
EZB2002 collected $11.76 from pot
EZB2002: doesn't show hand
*** SUMMARY ***
Total pot $12 | Rake $0.24
Board [Th 7h Jc 7d 6c]
Seat 1: EZB2002 (big blind) collected ($11.76)
Seat 6: Ale4o (button) (small blind) folded on the River


PokerStars Hand #170763956584:  Hold'em Limit ($3/$6 USD) - 2017/05/22 10:04:18 ET
Table 'Lemaitre' 6-max Seat #6 is the button
Seat 1: EZB2002 ($127.74 in chips)
Seat 6: Ale4o ($151.68 in chips)
Ale4o: posts small blind $1
EZB2002: posts big blind $3
*** HOLE CARDS ***
Ale4o: raises $3 to $6
EZB2002: calls $3
*** FLOP *** [3c 4h Qc]
EZB2002: checks
Ale4o: checks
*** TURN *** [3c 4h Qc] [6d]
EZB2002: bets $6
Ale4o: calls $6
*** RIVER *** [3c 4h Qc 6d] [Kc]
EZB2002: checks
Ale4o: bets $6
EZB2002: calls $6
*** SHOW DOWN ***
Ale4o: shows [2c Ks] (a pair of Kings)
EZB2002: mucks hand
Ale4o collected $35.50 from pot
*** SUMMARY ***
Total pot $36 | Rake $0.50
Board [3c 4h Qc 6d Kc]
Seat 1: EZB2002 (big blind) mucked
Seat 6: Ale4o (button) (small blind) showed [2c Ks] and won ($35.50) with a pair of Kings


PokerStars Hand #170763948876:  Hold'em Limit ($3/$6 USD) - 2017/05/22 10:04:04 ET
Table 'Lemaitre' 6-max Seat #1 is the button
Seat 1: EZB2002 ($133.74 in chips)
Seat 6: Ale4o ($145.92 in chips)
EZB2002: posts small blind $1
Ale4o: posts big blind $3
*** HOLE CARDS ***
EZB2002: raises $3 to $6
Ale4o: calls $3
*** FLOP *** [8s 9h 6h]
Ale4o: checks
EZB2002: checks
*** TURN *** [8s 9h 6h] [Td]
Ale4o: checks
EZB2002: checks
*** RIVER *** [8s 9h 6h Td] [2c]
Ale4o: bets $6
EZB2002: folds
Uncalled bet ($6) returned to Ale4o
Ale4o collected $11.76 from pot
Ale4o: doesn't show hand
*** SUMMARY ***
Total pot $12 | Rake $0.24
Board [8s 9h 6h Td 2c]
Seat 1: EZB2002 (button) (small blind) folded on the River
Seat 6: Ale4o (big blind) collected ($11.76)


PokerStars Hand #170764069930:  Hold'em Limit ($3/$6 USD) - 2017/05/22 10:07:42 ET
Table 'Lemaitre' 6-max Seat #5 is the button
Seat 2: Krazy90 ($120 in chips)
Seat 5: Hadart ($117 in chips)
Hadart: posts small blind $1
Ale4o: is sitting out
EZB2002: is sitting out
Krazy90: posts big blind $3
*** HOLE CARDS ***
Ale4o leaves the table
Hadart: raises $3 to $6
Krazy90: calls $3
*** FLOP *** [9d 7c Td]
Krazy90: checks
Hadart: bets $3
EZB2002 leaves the table
Krazy90: raises $3 to $6
Hadart: calls $3
*** TURN *** [9d 7c Td] [2s]
Krazy90: bets $6
Hadart: calls $6
*** RIVER *** [9d 7c Td 2s] [6h]
Krazy90: bets $6
Hadart: calls $6
*** SHOW DOWN ***
Krazy90: shows [3d 5d] (high card Ten)
Hadart: shows [Ts 6s] (two pair, Tens and Sixes)
Hadart collected $47.50 from pot
*** SUMMARY ***
Total pot $48 | Rake $0.50
Board [9d 7c Td 2s 6h]
Seat 2: Krazy90 (big blind) showed [3d 5d] and lost with high card Ten
Seat 5: Hadart (button) (small blind) showed [Ts 6s] and won ($47.50) with two pair, Tens and Sixes


PokerStars Hand #170765977967:  Hold'em Limit ($3/$6 USD) - 2017/05/22 11:03:45 ET
Table 'Lemaitre' 6-max Seat #5 is the button
Seat 4: VolkovDmitri ($190.59 in chips)
Seat 5: Hadart ($28.01 in chips)
Hadart: posts small blind $1
VolkovDmitri: posts big blind $3
*** HOLE CARDS ***
Hadart: raises $3 to $6
VolkovDmitri: calls $3
*** FLOP *** [Ks Kd Tc]
VolkovDmitri: checks
Hadart: bets $3
19woody58 leaves the table
VolkovDmitri: calls $3
*** TURN *** [Ks Kd Tc] [Kh]
VolkovDmitri: checks
Hadart: checks
*** RIVER *** [Ks Kd Tc Kh] [8d]
VolkovDmitri: checks
Hadart: checks
*** SHOW DOWN ***
VolkovDmitri: shows [6c 9c] (three of a kind, Kings)
Hadart: shows [3h Ah] (three of a kind, Kings - Ace kicker)
Hadart collected $17.64 from pot
*** SUMMARY ***
Total pot $18 | Rake $0.36
Board [Ks Kd Tc Kh 8d]
Seat 4: VolkovDmitri (big blind) showed [6c 9c] and lost with three of a kind, Kings
Seat 5: Hadart (button) (small blind) showed [3h Ah] and won ($17.64) with three of a kind, Kings


PokerStars Hand #170766003729:  Hold'em Limit ($3/$6 USD) - 2017/05/22 11:04:12 ET
Table 'Lemaitre' 6-max Seat #4 is the button
Seat 4: VolkovDmitri ($181.59 in chips)
Seat 5: Hadart ($36.65 in chips)
VolkovDmitri: posts small blind $1
Hadart: posts big blind $3
*** HOLE CARDS ***
VolkovDmitri: raises $3 to $6
Hadart: folds
Uncalled bet ($3) returned to VolkovDmitri
VolkovDmitri collected $6 from pot
VolkovDmitri: doesn't show hand
*** SUMMARY ***
Total pot $6 | Rake $0
Seat 4: VolkovDmitri (button) (small blind) collected ($6)
Seat 5: Hadart (big blind) folded before Flop


