PokerStars Hand #163073377855:  Hold'em Limit ($3/$6 USD) - 2016/12/17 5:36:40 ET
Table 'Lena' 6-max Seat #4 is the button
Seat 4: Agrotait ($76 in chips)
Seat 5: MTails ($116 in chips)
Agrotait: posts small blind $1
MTails: posts big blind $3
*** HOLE CARDS ***
Agrotait: raises $3 to $6
MTails: calls $3
*** FLOP *** [Jd Th Ac]
MTails: checks
Agrotait: bets $3
MTails: raises $3 to $6
Agrotait: folds
Uncalled bet ($3) returned to MTails
MTails collected $17.64 from pot
*** SUMMARY ***
Total pot $18 | Rake $0.36
Board [Jd Th Ac]
Seat 4: Agrotait (button) (small blind) folded on the Flop
Seat 5: MTails (big blind) collected ($17.64)


PokerStars Hand #163073394730:  Hold'em Limit ($3/$6 USD) - 2016/12/17 5:37:15 ET
Table 'Lena' 6-max Seat #5 is the button
Seat 4: Agrotait ($63 in chips)
Seat 5: MTails ($128.64 in chips)
MTails: posts small blind $1
Agrotait: posts big blind $3
*** HOLE CARDS ***
MTails: raises $3 to $6
Agrotait: raises $3 to $9
MTails: calls $3
*** FLOP *** [As Td Kh]
Agrotait: bets $3
MTails: calls $3
*** TURN *** [As Td Kh] [Qs]
Agrotait: checks
MTails: bets $6
Agrotait: calls $6
*** RIVER *** [As Td Kh Qs] [8c]
Agrotait: checks
MTails: bets $6
Agrotait: calls $6
*** SHOW DOWN ***
MTails: shows [Kd 8h] (two pair, Kings and Eights)
Agrotait: shows [Ks 8s] (two pair, Kings and Eights)
Agrotait collected $23.75 from pot
MTails collected $23.75 from pot
*** SUMMARY ***
Total pot $48 | Rake $0.50
Board [As Td Kh Qs 8c]
Seat 4: Agrotait (big blind) showed [Ks 8s] and won ($23.75) with two pair, Kings and Eights
Seat 5: MTails (button) (small blind) showed [Kd 8h] and won ($23.75) with two pair, Kings and Eights


PokerStars Hand #163073391661:  Hold'em Limit ($3/$6 USD) - 2016/12/17 5:37:09 ET
Table 'Lena' 6-max Seat #4 is the button
Seat 4: Agrotait ($64 in chips)
Seat 5: MTails ($127.64 in chips)
Agrotait: posts small blind $1
MTails: posts big blind $3
*** HOLE CARDS ***
Agrotait: folds
Uncalled bet ($2) returned to MTails
MTails collected $2 from pot
*** SUMMARY ***
Total pot $2 | Rake $0
Seat 4: Agrotait (button) (small blind) folded before Flop
Seat 5: MTails (big blind) collected ($2)


PokerStars Hand #163073386703:  Hold'em Limit ($3/$6 USD) - 2016/12/17 5:36:58 ET
Table 'Lena' 6-max Seat #5 is the button
Seat 4: Agrotait ($67 in chips)
Seat 5: MTails ($124.64 in chips)
MTails: posts small blind $1
Agrotait: posts big blind $3
*** HOLE CARDS ***
MTails: raises $3 to $6
Agrotait: folds
Uncalled bet ($3) returned to MTails
MTails collected $6 from pot
*** SUMMARY ***
Total pot $6 | Rake $0
Seat 4: Agrotait (big blind) folded before Flop
Seat 5: MTails (button) (small blind) collected ($6)


PokerStars Hand #163073426616:  Hold'em Limit ($3/$6 USD) - 2016/12/17 5:38:21 ET
Table 'Lena' 6-max Seat #5 is the button
Seat 4: Agrotait ($83.25 in chips)
Seat 5: MTails ($107.39 in chips)
MTails: posts small blind $1
Agrotait: posts big blind $3
*** HOLE CARDS ***
MTails: raises $3 to $6
Agrotait: calls $3
*** FLOP *** [Jh 8s Tc]
Agrotait: checks
MTails: bets $3
Agrotait: raises $3 to $6
MTails: calls $3
*** TURN *** [Jh 8s Tc] [Qs]
Agrotait: bets $6
MTails: raises $6 to $12
knas4 joins the table at seat #6
Agrotait: raises $6 to $18
MTails: calls $6
*** RIVER *** [Jh 8s Tc Qs] [6h]
Agrotait: bets $6
MTails: calls $6
*** SHOW DOWN ***
Agrotait: shows [Kh 9h] (a straight, Nine to King)
MTails: mucks hand
Agrotait collected $71.50 from pot
*** SUMMARY ***
Total pot $72 | Rake $0.50
Board [Jh 8s Tc Qs 6h]
Seat 4: Agrotait (big blind) showed [Kh 9h] and won ($71.50) with a straight, Nine to King
Seat 5: MTails (button) (small blind) mucked


PokerStars Hand #163073409009:  Hold'em Limit ($3/$6 USD) - 2016/12/17 5:37:45 ET
Table 'Lena' 6-max Seat #4 is the button
Seat 4: Agrotait ($62.75 in chips)
Seat 5: MTails ($128.39 in chips)
Agrotait: posts small blind $1
MTails: posts big blind $3
*** HOLE CARDS ***
Agrotait: raises $3 to $6
MTails: calls $3
*** FLOP *** [2c Jd 3c]
MTails: checks
Agrotait: bets $3
MTails: calls $3
*** TURN *** [2c Jd 3c] [8c]
MTails: checks
Agrotait: bets $6
MTails: calls $6
*** RIVER *** [2c Jd 3c 8c] [5d]
MTails: checks
Agrotait: bets $6
MTails: calls $6
*** SHOW DOWN ***
Agrotait: shows [Ks Js] (a pair of Jacks)
MTails: mucks hand
Agrotait collected $41.50 from pot
*** SUMMARY ***
Total pot $42 | Rake $0.50
Board [2c Jd 3c 8c 5d]
Seat 4: Agrotait (button) (small blind) showed [Ks Js] and won ($41.50) with a pair of Jacks
Seat 5: MTails (big blind) mucked


PokerStars Hand #163073441504:  Hold'em Limit ($3/$6 USD) - 2016/12/17 5:38:52 ET
Table 'Lena' 6-max Seat #4 is the button
Seat 4: Agrotait ($118.75 in chips)
Seat 5: MTails ($71.39 in chips)
Agrotait: posts small blind $1
MTails: posts big blind $3
*** HOLE CARDS ***
Agrotait: raises $3 to $6
MTails: calls $3
*** FLOP *** [Ad Kd Qh]
MTails: checks
Agrotait: checks
*** TURN *** [Ad Kd Qh] [3h]
MTails: checks
Agrotait: checks
*** RIVER *** [Ad Kd Qh 3h] [7h]
MTails: checks
Agrotait: bets $6
Chessnok joins the table at seat #1
MTails: folds
Uncalled bet ($6) returned to Agrotait
Agrotait collected $11.76 from pot
Agrotait: doesn't show hand
*** SUMMARY ***
Total pot $12 | Rake $0.24
Board [Ad Kd Qh 3h 7h]
Seat 4: Agrotait (button) (small blind) collected ($11.76)
Seat 5: MTails (big blind) folded on the River


PokerStars Hand #163073466421:  Hold'em Limit ($3/$6 USD) - 2016/12/17 5:39:43 ET
Table 'Lena' 6-max Seat #1 is the button
Seat 1: Chessnok ($121 in chips)
Seat 5: MTails ($128.39 in chips)
Chessnok: posts small blind $1
MTails: posts big blind $3
*** HOLE CARDS ***
Chessnok: folds
Uncalled bet ($2) returned to MTails
MTails collected $2 from pot
*** SUMMARY ***
Total pot $2 | Rake $0
Seat 1: Chessnok (button) (small blind) folded before Flop
Seat 5: MTails (big blind) collected ($2)


