PokerStars Hand #145132216828:  Hold'em Limit ($3/$6 USD) - 2015/12/10 13:22:32 ET
Table 'Lena III' 2-max Seat #1 is the button
Seat 1: missbleuf ($71.85 in chips)
Seat 2: Great_Kang ($157.40 in chips)
missbleuf: posts small blind $1
Great_Kang: posts big blind $3
*** HOLE CARDS ***
missbleuf: folds
Uncalled bet ($2) returned to Great_Kang
Great_Kang collected $2 from pot
Great_Kang: doesn't show hand
*** SUMMARY ***
Total pot $2 | Rake $0
Seat 1: missbleuf (button) (small blind) folded before Flop
Seat 2: Great_Kang (big blind) collected ($2)


PokerStars Hand #145132207832:  Hold'em Limit ($3/$6 USD) - 2015/12/10 13:22:23 ET
Table 'Lena III' 2-max Seat #2 is the button
Seat 1: missbleuf ($77.85 in chips)
Seat 2: Great_Kang ($151.64 in chips)
Great_Kang: posts small blind $1
missbleuf: posts big blind $3
*** HOLE CARDS ***
Great_Kang: raises $3 to $6
missbleuf: calls $3
*** FLOP *** [Kc 7s Ts]
missbleuf: checks
Great_Kang: bets $3
missbleuf: folds
Uncalled bet ($3) returned to Great_Kang
Great_Kang collected $11.76 from pot
Great_Kang: doesn't show hand
*** SUMMARY ***
Total pot $12 | Rake $0.24
Board [Kc 7s Ts]
Seat 1: missbleuf (big blind) folded on the Flop
Seat 2: Great_Kang (button) (small blind) collected ($11.76)


PokerStars Hand #145132203639:  Hold'em Limit ($3/$6 USD) - 2015/12/10 13:22:18 ET
Table 'Lena III' 2-max Seat #1 is the button
Seat 1: missbleuf ($78.85 in chips)
Seat 2: Great_Kang ($150.64 in chips)
missbleuf: posts small blind $1
Great_Kang: posts big blind $3
*** HOLE CARDS ***
missbleuf: folds
Uncalled bet ($2) returned to Great_Kang
Great_Kang collected $2 from pot
Great_Kang: doesn't show hand
*** SUMMARY ***
Total pot $2 | Rake $0
Seat 1: missbleuf (button) (small blind) folded before Flop
Seat 2: Great_Kang (big blind) collected ($2)


PokerStars Hand #145132187123:  Hold'em Limit ($3/$6 USD) - 2015/12/10 13:22:00 ET
Table 'Lena III' 2-max Seat #2 is the button
Seat 1: missbleuf ($87.85 in chips)
Seat 2: Great_Kang ($142 in chips)
Great_Kang: posts small blind $1
missbleuf: posts big blind $3
*** HOLE CARDS ***
Great_Kang: raises $3 to $6
missbleuf: calls $3
*** FLOP *** [Qs Kc 3s]
missbleuf: checks
Great_Kang: bets $3
missbleuf: calls $3
*** TURN *** [Qs Kc 3s] [8s]
missbleuf: checks
Great_Kang: bets $6
missbleuf: folds
Uncalled bet ($6) returned to Great_Kang
Great_Kang collected $17.64 from pot
Great_Kang: doesn't show hand
*** SUMMARY ***
Total pot $18 | Rake $0.36
Board [Qs Kc 3s 8s]
Seat 1: missbleuf (big blind) folded on the Turn
Seat 2: Great_Kang (button) (small blind) collected ($17.64)


PokerStars Hand #145132181532:  Hold'em Limit ($3/$6 USD) - 2015/12/10 13:21:54 ET
Table 'Lena III' 2-max Seat #1 is the button
Seat 1: missbleuf ($88.85 in chips)
Seat 2: Great_Kang ($141 in chips)
missbleuf: posts small blind $1
Great_Kang: posts big blind $3
*** HOLE CARDS ***
missbleuf: folds
Uncalled bet ($2) returned to Great_Kang
Great_Kang collected $2 from pot
Great_Kang: doesn't show hand
*** SUMMARY ***
Total pot $2 | Rake $0
Seat 1: missbleuf (button) (small blind) folded before Flop
Seat 2: Great_Kang (big blind) collected ($2)


PokerStars Hand #145132257201:  Hold'em Limit ($3/$6 USD) - 2015/12/10 13:23:16 ET
Table 'Lena III' 2-max Seat #1 is the button
Seat 1: missbleuf ($48.49 in chips)
Seat 2: Great_Kang ($179.90 in chips)
missbleuf: posts small blind $1
Great_Kang: posts big blind $3
*** HOLE CARDS ***
missbleuf: folds
Uncalled bet ($2) returned to Great_Kang
Great_Kang collected $2 from pot
Great_Kang: doesn't show hand
*** SUMMARY ***
Total pot $2 | Rake $0
Seat 1: missbleuf (button) (small blind) folded before Flop
Seat 2: Great_Kang (big blind) collected ($2)


PokerStars Hand #145132235358:  Hold'em Limit ($3/$6 USD) - 2015/12/10 13:22:52 ET
Table 'Lena III' 2-max Seat #2 is the button
Seat 1: missbleuf ($78.49 in chips)
Seat 2: Great_Kang ($150.40 in chips)
Great_Kang: posts small blind $1
missbleuf: posts big blind $3
*** HOLE CARDS ***
Great_Kang: raises $3 to $6
missbleuf: raises $3 to $9
Great_Kang: calls $3
*** FLOP *** [9s 8s Qs]
missbleuf: bets $3
Great_Kang: calls $3
*** TURN *** [9s 8s Qs] [2s]
missbleuf: checks
Great_Kang: bets $6
missbleuf: raises $6 to $12
Great_Kang: calls $6
*** RIVER *** [9s 8s Qs 2s] [Ad]
missbleuf: checks
Great_Kang: bets $6
missbleuf: calls $6
*** SHOW DOWN ***
Great_Kang: shows [As 6d] (a flush, Ace high)
missbleuf: mucks hand
Great_Kang collected $59.50 from pot
*** SUMMARY ***
Total pot $60 | Rake $0.50
Board [9s 8s Qs 2s Ad]
Seat 1: missbleuf (big blind) mucked
Seat 2: Great_Kang (button) (small blind) showed [As 6d] and won ($59.50) with a flush, Ace high


PokerStars Hand #145132230907:  Hold'em Limit ($3/$6 USD) - 2015/12/10 13:22:48 ET
Table 'Lena III' 2-max Seat #1 is the button
Seat 1: missbleuf ($79.49 in chips)
Seat 2: Great_Kang ($149.40 in chips)
missbleuf: posts small blind $1
Great_Kang: posts big blind $3
*** HOLE CARDS ***
missbleuf: folds
Uncalled bet ($2) returned to Great_Kang
Great_Kang collected $2 from pot
Great_Kang: doesn't show hand
*** SUMMARY ***
Total pot $2 | Rake $0
Seat 1: missbleuf (button) (small blind) folded before Flop
Seat 2: Great_Kang (big blind) collected ($2)


PokerStars Hand #145132221194:  Hold'em Limit ($3/$6 USD) - 2015/12/10 13:22:37 ET
Table 'Lena III' 2-max Seat #2 is the button
Seat 1: missbleuf ($70.85 in chips)
Seat 2: Great_Kang ($158.40 in chips)
Great_Kang: posts small blind $1
missbleuf: posts big blind $3
*** HOLE CARDS ***
Great_Kang: raises $3 to $6
missbleuf: raises $3 to $9
Great_Kang: calls $3
*** FLOP *** [7d 2d 3s]
missbleuf: bets $3
Great_Kang: folds
Uncalled bet ($3) returned to missbleuf
missbleuf collected $17.64 from pot
*** SUMMARY ***
Total pot $18 | Rake $0.36
Board [7d 2d 3s]
Seat 1: missbleuf (big blind) collected ($17.64)
Seat 2: Great_Kang (button) (small blind) folded on the Flop


PokerStars Hand #145132285950:  Hold'em Limit ($3/$6 USD) - 2015/12/10 13:23:47 ET
Table 'Lena III' 2-max Seat #2 is the button
Seat 1: missbleuf ($55.13 in chips)
Seat 2: Great_Kang ($172.90 in chips)
Great_Kang: posts small blind $1
missbleuf: posts big blind $3
*** HOLE CARDS ***
Great_Kang: raises $3 to $6
missbleuf: raises $3 to $9
Great_Kang: raises $3 to $12
Betting is capped
missbleuf: calls $3
*** FLOP *** [6c 5d 5h]
missbleuf: checks
Great_Kang: bets $3
missbleuf: calls $3
*** TURN *** [6c 5d 5h] [Js]
missbleuf: checks
Great_Kang: bets $6
missbleuf: folds
Uncalled bet ($6) returned to Great_Kang
Great_Kang collected $29.50 from pot
Great_Kang: doesn't show hand
*** SUMMARY ***
Total pot $30 | Rake $0.50
Board [6c 5d 5h Js]
Seat 1: missbleuf (big blind) folded on the Turn
Seat 2: Great_Kang (button) (small blind) collected ($29.50)


PokerStars Hand #145132281388:  Hold'em Limit ($3/$6 USD) - 2015/12/10 13:23:43 ET
Table 'Lena III' 2-max Seat #1 is the button
Seat 1: missbleuf ($56.13 in chips)
Seat 2: Great_Kang ($171.90 in chips)
missbleuf: posts small blind $1
Great_Kang: posts big blind $3
*** HOLE CARDS ***
missbleuf: folds
Uncalled bet ($2) returned to Great_Kang
Great_Kang collected $2 from pot
Great_Kang: doesn't show hand
*** SUMMARY ***
Total pot $2 | Rake $0
Seat 1: missbleuf (button) (small blind) folded before Flop
Seat 2: Great_Kang (big blind) collected ($2)


PokerStars Hand #145132261569:  Hold'em Limit ($3/$6 USD) - 2015/12/10 13:23:21 ET
Table 'Lena III' 2-max Seat #2 is the button
Seat 1: missbleuf ($47.49 in chips)
Seat 2: Great_Kang ($180.90 in chips)
Great_Kang: posts small blind $1
missbleuf: posts big blind $3
*** HOLE CARDS ***
Great_Kang: raises $3 to $6
missbleuf: calls $3
*** FLOP *** [Tc Jd Th]
missbleuf: checks
Great_Kang: bets $3
missbleuf: calls $3
*** TURN *** [Tc Jd Th] [Kh]
missbleuf: checks
Great_Kang: checks
*** RIVER *** [Tc Jd Th Kh] [Js]
missbleuf: bets $6
Great_Kang: folds
Uncalled bet ($6) returned to missbleuf
missbleuf collected $17.64 from pot
*** SUMMARY ***
Total pot $18 | Rake $0.36
Board [Tc Jd Th Kh Js]
Seat 1: missbleuf (big blind) collected ($17.64)
Seat 2: Great_Kang (button) (small blind) folded on the River


PokerStars Hand #145132357541:  Hold'em Limit ($3/$6 USD) - 2015/12/10 13:25:05 ET
Table 'Lena III' 2-max Seat #1 is the button
Seat 1: missbleuf ($58.63 in chips)
Seat 2: Great_Kang ($168.40 in chips)
missbleuf: posts small blind $1
Great_Kang: posts big blind $3
*** HOLE CARDS ***
missbleuf: raises $3 to $6
Great_Kang: raises $3 to $9
missbleuf: calls $3
*** FLOP *** [7h 7c 9d]
Great_Kang: bets $3
missbleuf: raises $3 to $6
Great_Kang: calls $3
*** TURN *** [7h 7c 9d] [9c]
Great_Kang: checks
missbleuf: bets $6
Great_Kang: calls $6
*** RIVER *** [7h 7c 9d 9c] [3c]
Great_Kang: checks
missbleuf: checks
*** SHOW DOWN ***
Great_Kang: shows [Kc Jc] (a flush, King high)
missbleuf: mucks hand
Great_Kang collected $41.50 from pot
*** SUMMARY ***
Total pot $42 | Rake $0.50
Board [7h 7c 9d 9c 3c]
Seat 1: missbleuf (button) (small blind) mucked
Seat 2: Great_Kang (big blind) showed [Kc Jc] and won ($41.50) with a flush, King high


PokerStars Hand #145132352613:  Hold'em Limit ($3/$6 USD) - 2015/12/10 13:25:00 ET
Table 'Lena III' 2-max Seat #2 is the button
Seat 1: missbleuf ($57.63 in chips)
Seat 2: Great_Kang ($169.40 in chips)
Great_Kang: posts small blind $1
missbleuf: posts big blind $3
*** HOLE CARDS ***
Great_Kang: folds
Uncalled bet ($2) returned to missbleuf
missbleuf collected $2 from pot
*** SUMMARY ***
Total pot $2 | Rake $0
Seat 1: missbleuf (big blind) collected ($2)
Seat 2: Great_Kang (button) (small blind) folded before Flop


PokerStars Hand #145132348183:  Hold'em Limit ($3/$6 USD) - 2015/12/10 13:24:55 ET
Table 'Lena III' 2-max Seat #1 is the button
Seat 1: missbleuf ($58.63 in chips)
Seat 2: Great_Kang ($168.40 in chips)
missbleuf: posts small blind $1
Great_Kang: posts big blind $3
*** HOLE CARDS ***
missbleuf: folds
Uncalled bet ($2) returned to Great_Kang
Great_Kang collected $2 from pot
Great_Kang: doesn't show hand
*** SUMMARY ***
Total pot $2 | Rake $0
Seat 1: missbleuf (button) (small blind) folded before Flop
Seat 2: Great_Kang (big blind) collected ($2)


PokerStars Hand #145132343827:  Hold'em Limit ($3/$6 USD) - 2015/12/10 13:24:50 ET
Table 'Lena III' 2-max Seat #2 is the button
Seat 1: missbleuf ($57.63 in chips)
Seat 2: Great_Kang ($169.40 in chips)
Great_Kang: posts small blind $1
missbleuf: posts big blind $3
*** HOLE CARDS ***
Great_Kang: folds
Uncalled bet ($2) returned to missbleuf
missbleuf collected $2 from pot
*** SUMMARY ***
Total pot $2 | Rake $0
Seat 1: missbleuf (big blind) collected ($2)
Seat 2: Great_Kang (button) (small blind) folded before Flop


PokerStars Hand #145132307162:  Hold'em Limit ($3/$6 USD) - 2015/12/10 13:24:11 ET
Table 'Lena III' 2-max Seat #1 is the button
Seat 1: missbleuf ($40.13 in chips)
Seat 2: Great_Kang ($187.40 in chips)
missbleuf: posts small blind $1
Great_Kang: posts big blind $3
*** HOLE CARDS ***
missbleuf: raises $3 to $6
Great_Kang: calls $3
*** FLOP *** [Td 5s 6c]
Great_Kang: checks
missbleuf: checks
*** TURN *** [Td 5s 6c] [Qd]
Great_Kang: checks
missbleuf: bets $6
Great_Kang: calls $6
*** RIVER *** [Td 5s 6c Qd] [3h]
Great_Kang: checks
missbleuf: bets $6
Great_Kang: calls $6
*** SHOW DOWN ***
missbleuf: shows [Qc 8s] (a pair of Queens)
Great_Kang: mucks hand
missbleuf collected $35.50 from pot
*** SUMMARY ***
Total pot $36 | Rake $0.50
Board [Td 5s 6c Qd 3h]
Seat 1: missbleuf (button) (small blind) showed [Qc 8s] and won ($35.50) with a pair of Queens
Seat 2: Great_Kang (big blind) mucked


PokerStars Hand #145132434207:  Hold'em Limit ($3/$6 USD) - 2015/12/10 13:26:30 ET
Table 'Lena III' 2-max Seat #2 is the button
Seat 1: missbleuf ($36.13 in chips)
Seat 2: Great_Kang ($189.40 in chips)
Great_Kang: posts small blind $1
missbleuf: posts big blind $3
*** HOLE CARDS ***
Great_Kang: folds
Uncalled bet ($2) returned to missbleuf
missbleuf collected $2 from pot
*** SUMMARY ***
Total pot $2 | Rake $0
Seat 1: missbleuf (big blind) collected ($2)
Seat 2: Great_Kang (button) (small blind) folded before Flop


PokerStars Hand #145132429470:  Hold'em Limit ($3/$6 USD) - 2015/12/10 13:26:24 ET
Table 'Lena III' 2-max Seat #1 is the button
Seat 1: missbleuf ($37.13 in chips)
Seat 2: Great_Kang ($188.40 in chips)
missbleuf: posts small blind $1
Great_Kang: posts big blind $3
*** HOLE CARDS ***
missbleuf: folds
Uncalled bet ($2) returned to Great_Kang
Great_Kang collected $2 from pot
Great_Kang: doesn't show hand
*** SUMMARY ***
Total pot $2 | Rake $0
Seat 1: missbleuf (button) (small blind) folded before Flop
Seat 2: Great_Kang (big blind) collected ($2)


PokerStars Hand #145132425101:  Hold'em Limit ($3/$6 USD) - 2015/12/10 13:26:20 ET
Table 'Lena III' 2-max Seat #2 is the button
Seat 1: missbleuf ($40.13 in chips)
Seat 2: Great_Kang ($185.40 in chips)
Great_Kang: posts small blind $1
missbleuf: posts big blind $3
*** HOLE CARDS ***
Great_Kang: raises $3 to $6
missbleuf: folds
Uncalled bet ($3) returned to Great_Kang
Great_Kang collected $6 from pot
Great_Kang: doesn't show hand
*** SUMMARY ***
Total pot $6 | Rake $0
Seat 1: missbleuf (big blind) folded before Flop
Seat 2: Great_Kang (button) (small blind) collected ($6)


PokerStars Hand #145132404323:  Hold'em Limit ($3/$6 USD) - 2015/12/10 13:25:57 ET
Table 'Lena III' 2-max Seat #1 is the button
Seat 1: missbleuf ($55.13 in chips)
Seat 2: Great_Kang ($170.90 in chips)
missbleuf: posts small blind $1
Great_Kang: posts big blind $3
*** HOLE CARDS ***
missbleuf: calls $2
Great_Kang: raises $3 to $6
missbleuf: calls $3
*** FLOP *** [5d Jc 2c]
Great_Kang: bets $3
missbleuf: calls $3
*** TURN *** [5d Jc 2c] [8s]
Great_Kang: bets $6
missbleuf: calls $6
*** RIVER *** [5d Jc 2c 8s] [3d]
Great_Kang: bets $6
missbleuf: folds
Uncalled bet ($6) returned to Great_Kang
Great_Kang collected $29.50 from pot
Great_Kang: doesn't show hand
*** SUMMARY ***
Total pot $30 | Rake $0.50
Board [5d Jc 2c 8s 3d]
Seat 1: missbleuf (button) (small blind) folded on the River
Seat 2: Great_Kang (big blind) collected ($29.50)


PokerStars Hand #145132385927:  Hold'em Limit ($3/$6 USD) - 2015/12/10 13:25:37 ET
Table 'Lena III' 2-max Seat #2 is the button
Seat 1: missbleuf ($37.63 in chips)
Seat 2: Great_Kang ($188.90 in chips)
Great_Kang: posts small blind $1
missbleuf: posts big blind $3
*** HOLE CARDS ***
Great_Kang: raises $3 to $6
missbleuf: calls $3
*** FLOP *** [Td Js Jd]
missbleuf: checks
Great_Kang: checks
*** TURN *** [Td Js Jd] [Kd]
missbleuf: bets $6
Great_Kang: raises $6 to $12
missbleuf: calls $6
*** RIVER *** [Td Js Jd Kd] [6s]
missbleuf: checks
Great_Kang: checks
*** SHOW DOWN ***
missbleuf: shows [4d Kc] (two pair, Kings and Jacks)
Great_Kang: mucks hand
missbleuf collected $35.50 from pot
*** SUMMARY ***
Total pot $36 | Rake $0.50
Board [Td Js Jd Kd 6s]
Seat 1: missbleuf (big blind) showed [4d Kc] and won ($35.50) with two pair, Kings and Jacks
Seat 2: Great_Kang (button) (small blind) mucked


PokerStars Hand #145132493380:  Hold'em Limit ($3/$6 USD) - 2015/12/10 13:27:35 ET
Table 'Lena III' 2-max Seat #2 is the button
Seat 1: missbleuf ($61.05 in chips)
Seat 2: Great_Kang ($163.40 in chips)
Great_Kang: posts small blind $1
missbleuf: posts big blind $3
*** HOLE CARDS ***
Great_Kang: raises $3 to $6
missbleuf: folds
Uncalled bet ($3) returned to Great_Kang
Great_Kang collected $6 from pot
Great_Kang: doesn't show hand
*** SUMMARY ***
Total pot $6 | Rake $0
Seat 1: missbleuf (big blind) folded before Flop
Seat 2: Great_Kang (button) (small blind) collected ($6)


PokerStars Hand #145132475120:  Hold'em Limit ($3/$6 USD) - 2015/12/10 13:27:15 ET
Table 'Lena III' 2-max Seat #2 is the button
Seat 1: missbleuf ($53.41 in chips)
Seat 2: Great_Kang ($171.40 in chips)
Great_Kang: posts small blind $1
missbleuf: posts big blind $3
*** HOLE CARDS ***
Great_Kang: raises $3 to $6
missbleuf: raises $3 to $9
Great_Kang: calls $3
*** FLOP *** [4d 8s 6s]
missbleuf: bets $3
Great_Kang: folds
Uncalled bet ($3) returned to missbleuf
missbleuf collected $17.64 from pot
*** SUMMARY ***
Total pot $18 | Rake $0.36
Board [4d 8s 6s]
Seat 1: missbleuf (big blind) collected ($17.64)
Seat 2: Great_Kang (button) (small blind) folded on the Flop


PokerStars Hand #145132470844:  Hold'em Limit ($3/$6 USD) - 2015/12/10 13:27:10 ET
Table 'Lena III' 2-max Seat #1 is the button
Seat 1: missbleuf ($54.41 in chips)
Seat 2: Great_Kang ($170.40 in chips)
missbleuf: posts small blind $1
Great_Kang: posts big blind $3
*** HOLE CARDS ***
missbleuf: folds
Uncalled bet ($2) returned to Great_Kang
Great_Kang collected $2 from pot
Great_Kang: doesn't show hand
*** SUMMARY ***
Total pot $2 | Rake $0
Seat 1: missbleuf (button) (small blind) folded before Flop
Seat 2: Great_Kang (big blind) collected ($2)


PokerStars Hand #145132450749:  Hold'em Limit ($3/$6 USD) - 2015/12/10 13:26:48 ET
Table 'Lena III' 2-max Seat #2 is the button
Seat 1: missbleuf ($42.89 in chips)
Seat 2: Great_Kang ($182.40 in chips)
Great_Kang: posts small blind $1
missbleuf: posts big blind $3
*** HOLE CARDS ***
Great_Kang: raises $3 to $6
missbleuf: calls $3
*** FLOP *** [5c 6h 9d]
missbleuf: checks
Great_Kang: bets $3
missbleuf: raises $3 to $6
Great_Kang: calls $3
*** TURN *** [5c 6h 9d] [8d]
missbleuf: bets $6
Great_Kang: folds
Uncalled bet ($6) returned to missbleuf
missbleuf collected $23.52 from pot
*** SUMMARY ***
Total pot $24 | Rake $0.48
Board [5c 6h 9d 8d]
Seat 1: missbleuf (big blind) collected ($23.52)
Seat 2: Great_Kang (button) (small blind) folded on the Turn


PokerStars Hand #145132438808:  Hold'em Limit ($3/$6 USD) - 2015/12/10 13:26:35 ET
Table 'Lena III' 2-max Seat #1 is the button
Seat 1: missbleuf ($37.13 in chips)
Seat 2: Great_Kang ($188.40 in chips)
missbleuf: posts small blind $1
Great_Kang: posts big blind $3
*** HOLE CARDS ***
missbleuf: raises $3 to $6
Great_Kang: calls $3
*** FLOP *** [Th Ad 3d]
Great_Kang: checks
missbleuf: bets $3
Great_Kang: folds
Uncalled bet ($3) returned to missbleuf
missbleuf collected $11.76 from pot
*** SUMMARY ***
Total pot $12 | Rake $0.24
Board [Th Ad 3d]
Seat 1: missbleuf (button) (small blind) collected ($11.76)
Seat 2: Great_Kang (big blind) folded on the Flop


PokerStars Hand #145132541114:  Hold'em Limit ($3/$6 USD) - 2015/12/10 13:28:27 ET
Table 'Lena III' 2-max Seat #2 is the button
Seat 1: missbleuf ($30.81 in chips)
Seat 2: Great_Kang ($192.54 in chips)
Great_Kang: posts small blind $1
missbleuf: posts big blind $3
*** HOLE CARDS ***
Great_Kang: raises $3 to $6
missbleuf: folds
Uncalled bet ($3) returned to Great_Kang
Great_Kang collected $6 from pot
Great_Kang: doesn't show hand
*** SUMMARY ***
Total pot $6 | Rake $0
Seat 1: missbleuf (big blind) folded before Flop
Seat 2: Great_Kang (button) (small blind) collected ($6)


PokerStars Hand #145132529725:  Hold'em Limit ($3/$6 USD) - 2015/12/10 13:28:15 ET
Table 'Lena III' 2-max Seat #1 is the button
Seat 1: missbleuf ($39.81 in chips)
Seat 2: Great_Kang ($183.90 in chips)
missbleuf: posts small blind $1
Great_Kang: posts big blind $3
*** HOLE CARDS ***
missbleuf: raises $3 to $6
Great_Kang: raises $3 to $9
missbleuf: calls $3
*** FLOP *** [Js 6s Qc]
Great_Kang: bets $3
missbleuf: folds
Uncalled bet ($3) returned to Great_Kang
Great_Kang collected $17.64 from pot
Great_Kang: doesn't show hand
*** SUMMARY ***
Total pot $18 | Rake $0.36
Board [Js 6s Qc]
Seat 1: missbleuf (button) (small blind) folded on the Flop
Seat 2: Great_Kang (big blind) collected ($17.64)


PokerStars Hand #145132516752:  Hold'em Limit ($3/$6 USD) - 2015/12/10 13:28:00 ET
Table 'Lena III' 2-max Seat #2 is the button
Seat 1: missbleuf ($34.05 in chips)
Seat 2: Great_Kang ($189.90 in chips)
Great_Kang: posts small blind $1
missbleuf: posts big blind $3
*** HOLE CARDS ***
Great_Kang: raises $3 to $6
missbleuf: calls $3
*** FLOP *** [Ad 2c 9c]
missbleuf: checks
Great_Kang: checks
*** TURN *** [Ad 2c 9c] [Th]
missbleuf: bets $6
Great_Kang: folds
Uncalled bet ($6) returned to missbleuf
missbleuf collected $11.76 from pot
*** SUMMARY ***
Total pot $12 | Rake $0.24
Board [Ad 2c 9c Th]
Seat 1: missbleuf (big blind) collected ($11.76)
Seat 2: Great_Kang (button) (small blind) folded on the Turn


PokerStars Hand #145132497907:  Hold'em Limit ($3/$6 USD) - 2015/12/10 13:27:40 ET
Table 'Lena III' 2-max Seat #1 is the button
Seat 1: missbleuf ($58.05 in chips)
Seat 2: Great_Kang ($166.40 in chips)
missbleuf: posts small blind $1
Great_Kang: posts big blind $3
*** HOLE CARDS ***
missbleuf: raises $3 to $6
Great_Kang: calls $3
*** FLOP *** [2h Qd Qs]
Great_Kang: checks
missbleuf: checks
*** TURN *** [2h Qd Qs] [5d]
Great_Kang: checks
missbleuf: bets $6
Great_Kang: raises $6 to $12
missbleuf: calls $6
*** RIVER *** [2h Qd Qs 5d] [Kc]
Great_Kang: bets $6
missbleuf: calls $6
*** SHOW DOWN ***
Great_Kang: shows [Qh 5s] (a full house, Queens full of Fives)
missbleuf: mucks hand
Great_Kang collected $47.50 from pot
*** SUMMARY ***
Total pot $48 | Rake $0.50
Board [2h Qd Qs 5d Kc]
Seat 1: missbleuf (button) (small blind) mucked
Seat 2: Great_Kang (big blind) showed [Qh 5s] and won ($47.50) with a full house, Queens full of Fives


PokerStars Hand #145132593611:  Hold'em Limit ($3/$6 USD) - 2015/12/10 13:29:25 ET
Table 'Lena III' 2-max Seat #1 is the button
Seat 1: missbleuf ($38.12 in chips)
Seat 2: Great_Kang ($184.49 in chips)
missbleuf: posts small blind $1
Great_Kang: posts big blind $3
*** HOLE CARDS ***
missbleuf: raises $3 to $6
Great_Kang: folds
Uncalled bet ($3) returned to missbleuf
missbleuf collected $6 from pot
*** SUMMARY ***
Total pot $6 | Rake $0
Seat 1: missbleuf (button) (small blind) collected ($6)
Seat 2: Great_Kang (big blind) folded before Flop


PokerStars Hand #145132588082:  Hold'em Limit ($3/$6 USD) - 2015/12/10 13:29:19 ET
Table 'Lena III' 2-max Seat #2 is the button
Seat 1: missbleuf ($37.12 in chips)
Seat 2: Great_Kang ($185.49 in chips)
Great_Kang: posts small blind $1
missbleuf: posts big blind $3
*** HOLE CARDS ***
Great_Kang: folds
Uncalled bet ($2) returned to missbleuf
missbleuf collected $2 from pot
*** SUMMARY ***
Total pot $2 | Rake $0
Seat 1: missbleuf (big blind) collected ($2)
Seat 2: Great_Kang (button) (small blind) folded before Flop


PokerStars Hand #145132572720:  Hold'em Limit ($3/$6 USD) - 2015/12/10 13:29:02 ET
Table 'Lena III' 2-max Seat #1 is the button
Seat 1: missbleuf ($18.81 in chips)
Seat 2: Great_Kang ($204.30 in chips)
missbleuf: posts small blind $1
Great_Kang: posts big blind $3
*** HOLE CARDS ***
missbleuf: raises $3 to $6
Great_Kang: raises $3 to $9
missbleuf: calls $3
*** FLOP *** [4s Ac Th]
Great_Kang: bets $3
missbleuf: raises $3 to $6
Great_Kang: calls $3
*** TURN *** [4s Ac Th] [3d]
Great_Kang: checks
missbleuf: bets $3.81 and is all-in
Great_Kang: calls $3.81
*** RIVER *** [4s Ac Th 3d] [7c]
*** SHOW DOWN ***
Great_Kang: shows [Kc 8c] (high card Ace)
missbleuf: shows [Jc 4h] (a pair of Fours)
missbleuf collected $37.12 from pot
*** SUMMARY ***
Total pot $37.62 | Rake $0.50
Board [4s Ac Th 3d 7c]
Seat 1: missbleuf (button) (small blind) showed [Jc 4h] and won ($37.12) with a pair of Fours
Seat 2: Great_Kang (big blind) showed [Kc 8c] and lost with high card Ace


PokerStars Hand #145132568441:  Hold'em Limit ($3/$6 USD) - 2015/12/10 13:28:57 ET
Table 'Lena III' 2-max Seat #2 is the button
Seat 1: missbleuf ($17.81 in chips)
Seat 2: Great_Kang ($205.30 in chips)
Great_Kang: posts small blind $1
missbleuf: posts big blind $3
*** HOLE CARDS ***
Great_Kang: folds
Uncalled bet ($2) returned to missbleuf
missbleuf collected $2 from pot
*** SUMMARY ***
Total pot $2 | Rake $0
Seat 1: missbleuf (big blind) collected ($2)
Seat 2: Great_Kang (button) (small blind) folded before Flop


PokerStars Hand #145132563790:  Hold'em Limit ($3/$6 USD) - 2015/12/10 13:28:52 ET
Table 'Lena III' 2-max Seat #1 is the button
Seat 1: missbleuf ($18.81 in chips)
Seat 2: Great_Kang ($204.30 in chips)
missbleuf: posts small blind $1
Great_Kang: posts big blind $3
*** HOLE CARDS ***
missbleuf: folds
Uncalled bet ($2) returned to Great_Kang
Great_Kang collected $2 from pot
Great_Kang: doesn't show hand
*** SUMMARY ***
Total pot $2 | Rake $0
Seat 1: missbleuf (button) (small blind) folded before Flop
Seat 2: Great_Kang (big blind) collected ($2)


PokerStars Hand #145132557451:  Hold'em Limit ($3/$6 USD) - 2015/12/10 13:28:45 ET
Table 'Lena III' 2-max Seat #2 is the button
Seat 1: missbleuf ($21.81 in chips)
Seat 2: Great_Kang ($201.30 in chips)
Great_Kang: posts small blind $1
missbleuf: posts big blind $3
*** HOLE CARDS ***
Great_Kang: raises $3 to $6
missbleuf: folds
Uncalled bet ($3) returned to Great_Kang
Great_Kang collected $6 from pot
Great_Kang: doesn't show hand
*** SUMMARY ***
Total pot $6 | Rake $0
Seat 1: missbleuf (big blind) folded before Flop
Seat 2: Great_Kang (button) (small blind) collected ($6)


PokerStars Hand #145132545972:  Hold'em Limit ($3/$6 USD) - 2015/12/10 13:28:32 ET
Table 'Lena III' 2-max Seat #1 is the button
Seat 1: missbleuf ($27.81 in chips)
Seat 2: Great_Kang ($195.54 in chips)
missbleuf: posts small blind $1
Great_Kang: posts big blind $3
*** HOLE CARDS ***
missbleuf: raises $3 to $6
Great_Kang: calls $3
*** FLOP *** [5h 4s Ks]
Great_Kang: checks
missbleuf: checks
*** TURN *** [5h 4s Ks] [5d]
Great_Kang: bets $6
missbleuf: folds
Uncalled bet ($6) returned to Great_Kang
Great_Kang collected $11.76 from pot
Great_Kang: doesn't show hand
*** SUMMARY ***
Total pot $12 | Rake $0.24
Board [5h 4s Ks 5d]
Seat 1: missbleuf (button) (small blind) folded on the Turn
Seat 2: Great_Kang (big blind) collected ($11.76)


PokerStars Hand #145132634416:  Hold'em Limit ($3/$6 USD) - 2015/12/10 13:30:10 ET
Table 'Lena III' 2-max Seat #2 is the button
Seat 1: missbleuf ($31.12 in chips)
Seat 2: Great_Kang ($191.13 in chips)
Great_Kang: posts small blind $1
missbleuf: posts big blind $3
*** HOLE CARDS ***
Great_Kang: raises $3 to $6
missbleuf: raises $3 to $9
Great_Kang: raises $3 to $12
Betting is capped
missbleuf: calls $3
*** FLOP *** [3h Qd Jc]
missbleuf: checks
Great_Kang: checks
*** TURN *** [3h Qd Jc] [Jd]
missbleuf: checks
Great_Kang: bets $6
missbleuf: folds
Uncalled bet ($6) returned to Great_Kang
Great_Kang collected $23.52 from pot
Great_Kang: doesn't show hand
*** SUMMARY ***
Total pot $24 | Rake $0.48
Board [3h Qd Jc Jd]
Seat 1: missbleuf (big blind) folded on the Turn
Seat 2: Great_Kang (button) (small blind) collected ($23.52)


PokerStars Hand #145132629753:  Hold'em Limit ($3/$6 USD) - 2015/12/10 13:30:05 ET
Table 'Lena III' 2-max Seat #1 is the button
Seat 1: missbleuf ($32.12 in chips)
Seat 2: Great_Kang ($190.13 in chips)
missbleuf: posts small blind $1
Great_Kang: posts big blind $3
*** HOLE CARDS ***
missbleuf: folds
Uncalled bet ($2) returned to Great_Kang
Great_Kang collected $2 from pot
Great_Kang: doesn't show hand
*** SUMMARY ***
Total pot $2 | Rake $0
Seat 1: missbleuf (button) (small blind) folded before Flop
Seat 2: Great_Kang (big blind) collected ($2)


PokerStars Hand #145132600436:  Hold'em Limit ($3/$6 USD) - 2015/12/10 13:29:32 ET
Table 'Lena III' 2-max Seat #2 is the button
Seat 1: missbleuf ($41.12 in chips)
Seat 2: Great_Kang ($181.49 in chips)
Great_Kang: posts small blind $1
missbleuf: posts big blind $3
*** HOLE CARDS ***
Great_Kang: raises $3 to $6
missbleuf: calls $3
*** FLOP *** [Jc 6c 6s]
missbleuf: checks
Great_Kang: bets $3
missbleuf: calls $3
*** TURN *** [Jc 6c 6s] [Td]
missbleuf: checks
Great_Kang: checks
*** RIVER *** [Jc 6c 6s Td] [9h]
missbleuf: checks
Great_Kang: checks
*** SHOW DOWN ***
missbleuf: shows [2d Ks] (a pair of Sixes)
Great_Kang: shows [7h 9s] (two pair, Nines and Sixes)
Great_Kang collected $17.64 from pot
*** SUMMARY ***
Total pot $18 | Rake $0.36
Board [Jc 6c 6s Td 9h]
Seat 1: missbleuf (big blind) showed [2d Ks] and lost with a pair of Sixes
Seat 2: Great_Kang (button) (small blind) showed [7h 9s] and won ($17.64) with two pair, Nines and Sixes


PokerStars Hand #145132701953:  Hold'em Limit ($3/$6 USD) - 2015/12/10 13:31:23 ET
Table 'Lena III' 2-max Seat #1 is the button
Seat 1: missbleuf ($18.88 in chips)
Seat 2: Great_Kang ($202.41 in chips)
missbleuf: posts small blind $1
Great_Kang: posts big blind $3
*** HOLE CARDS ***
missbleuf: folds
Uncalled bet ($2) returned to Great_Kang
Great_Kang collected $2 from pot
Great_Kang: doesn't show hand
*** SUMMARY ***
Total pot $2 | Rake $0
Seat 1: missbleuf (button) (small blind) folded before Flop
Seat 2: Great_Kang (big blind) collected ($2)


PokerStars Hand #145132695891:  Hold'em Limit ($3/$6 USD) - 2015/12/10 13:31:17 ET
Table 'Lena III' 2-max Seat #2 is the button
Seat 1: missbleuf ($17.88 in chips)
Seat 2: Great_Kang ($203.41 in chips)
Great_Kang: posts small blind $1
missbleuf: posts big blind $3
*** HOLE CARDS ***
Great_Kang: folds
Uncalled bet ($2) returned to missbleuf
missbleuf collected $2 from pot
*** SUMMARY ***
Total pot $2 | Rake $0
Seat 1: missbleuf (big blind) collected ($2)
Seat 2: Great_Kang (button) (small blind) folded before Flop


PokerStars Hand #145132691596:  Hold'em Limit ($3/$6 USD) - 2015/12/10 13:31:12 ET
Table 'Lena III' 2-max Seat #1 is the button
Seat 1: missbleuf ($18.88 in chips)
Seat 2: Great_Kang ($202.41 in chips)
missbleuf: posts small blind $1
Great_Kang: posts big blind $3
*** HOLE CARDS ***
missbleuf: folds
Uncalled bet ($2) returned to Great_Kang
Great_Kang collected $2 from pot
*** SUMMARY ***
Total pot $2 | Rake $0
Seat 1: missbleuf (button) (small blind) folded before Flop
Seat 2: Great_Kang (big blind) collected ($2)


PokerStars Hand #145132673026:  Hold'em Limit ($3/$6 USD) - 2015/12/10 13:30:52 ET
Table 'Lena III' 2-max Seat #2 is the button
Seat 1: missbleuf ($24.88 in chips)
Seat 2: Great_Kang ($196.65 in chips)
Great_Kang: posts small blind $1
missbleuf: posts big blind $3
*** HOLE CARDS ***
Great_Kang: raises $3 to $6
missbleuf: calls $3
*** FLOP *** [2c Ac 4h]
missbleuf: checks
Great_Kang: bets $3
missbleuf: folds
Uncalled bet ($3) returned to Great_Kang
Great_Kang collected $11.76 from pot
Great_Kang: doesn't show hand
*** SUMMARY ***
Total pot $12 | Rake $0.24
Board [2c Ac 4h]
Seat 1: missbleuf (big blind) folded on the Flop
Seat 2: Great_Kang (button) (small blind) collected ($11.76)


PokerStars Hand #145132658316:  Hold'em Limit ($3/$6 USD) - 2015/12/10 13:30:35 ET
Table 'Lena III' 2-max Seat #1 is the button
Seat 1: missbleuf ($19.12 in chips)
Seat 2: Great_Kang ($202.65 in chips)
missbleuf: posts small blind $1
Great_Kang: posts big blind $3
*** HOLE CARDS ***
missbleuf: raises $3 to $6
Great_Kang: calls $3
*** FLOP *** [Ts 3c Ad]
Great_Kang: checks
missbleuf: bets $3
Great_Kang: folds
Uncalled bet ($3) returned to missbleuf
missbleuf collected $11.76 from pot
*** SUMMARY ***
Total pot $12 | Rake $0.24
Board [Ts 3c Ad]
Seat 1: missbleuf (button) (small blind) collected ($11.76)
Seat 2: Great_Kang (big blind) folded on the Flop


PokerStars Hand #145132706714:  Hold'em Limit ($3/$6 USD) - 2015/12/10 13:31:28 ET
Table 'Lena III' 2-max Seat #2 is the button
Seat 1: missbleuf ($17.88 in chips)
Seat 2: Great_Kang ($203.41 in chips)
Great_Kang: posts small blind $1
missbleuf: posts big blind $3
*** HOLE CARDS ***
Great_Kang: raises $3 to $6
missbleuf: calls $3
*** FLOP *** [2h 9d 9c]
missbleuf: bets $3
Great_Kang: calls $3
*** TURN *** [2h 9d 9c] [Ks]
missbleuf: bets $6
Great_Kang: calls $6
*** RIVER *** [2h 9d 9c Ks] [3c]
missbleuf: bets $2.88 and is all-in
Great_Kang: calls $2.88
*** SHOW DOWN ***
missbleuf: shows [5d 2d] (two pair, Nines and Deuces)
Great_Kang: shows [As 3d] (two pair, Nines and Threes)
Great_Kang collected $35.26 from pot
*** SUMMARY ***
Total pot $35.76 | Rake $0.50
Board [2h 9d 9c Ks 3c]
Seat 1: missbleuf (big blind) showed [5d 2d] and lost with two pair, Nines and Deuces
Seat 2: Great_Kang (button) (small blind) showed [As 3d] and won ($35.26) with two pair, Nines and Threes


