PokerStars Hand #144334165113:  Hold'em Limit ($3/$6 USD) - 2015/11/24 17:25:22 ET
Table 'Leo Minor II' 10-max Seat #2 is the button
Seat 2: LukaSteel ($120 in chips)
Seat 9: dechuz ($60.65 in chips)
LukaSteel: posts small blind $1
dechuz: posts big blind $3
*** HOLE CARDS ***
LukaSteel: raises $3 to $6
dechuz: raises $3 to $9
LukaSteel: calls $3
*** FLOP *** [Jd Jh 7c]
dechuz: bets $3
LukaSteel: raises $3 to $6
dechuz: calls $3
*** TURN *** [Jd Jh 7c] [5c]
dechuz: checks
LukaSteel: bets $6
dechuz: folds
Uncalled bet ($6) returned to LukaSteel
LukaSteel collected $29.50 from pot
LukaSteel: doesn't show hand
*** SUMMARY ***
Total pot $30 | Rake $0.50
Board [Jd Jh 7c 5c]
Seat 2: LukaSteel (button) (small blind) collected ($29.50)
Seat 9: dechuz (big blind) folded on the Turn


PokerStars Hand #144334231402:  Hold'em Limit ($3/$6 USD) - 2015/11/24 17:26:38 ET
Table 'Leo Minor II' 10-max Seat #9 is the button
Seat 2: LukaSteel ($120 in chips)
Seat 9: dechuz ($60.15 in chips)
dechuz: posts small blind $1
LukaSteel: posts big blind $3
*** HOLE CARDS ***
dechuz: raises $3 to $6
LukaSteel: folds
Uncalled bet ($3) returned to dechuz
dechuz collected $6 from pot
dechuz: doesn't show hand
*** SUMMARY ***
Total pot $6 | Rake $0
Seat 2: LukaSteel (big blind) folded before Flop
Seat 9: dechuz (button) (small blind) collected ($6)


PokerStars Hand #144334202831:  Hold'em Limit ($3/$6 USD) - 2015/11/24 17:26:06 ET
Table 'Leo Minor II' 10-max Seat #2 is the button
Seat 2: LukaSteel ($143.14 in chips)
Seat 9: dechuz ($36.65 in chips)
LukaSteel: posts small blind $1
dechuz: posts big blind $3
*** HOLE CARDS ***
LukaSteel: raises $3 to $6
dechuz: calls $3
*** FLOP *** [Th 6d 2d]
dechuz: checks
LukaSteel: bets $3
dechuz: raises $3 to $6
LukaSteel: calls $3
*** TURN *** [Th 6d 2d] [Tc]
dechuz: bets $6
LukaSteel: calls $6
*** RIVER *** [Th 6d 2d Tc] [3c]
dechuz: bets $6
LukaSteel: calls $6
*** SHOW DOWN ***
dechuz: shows [8h Ts] (three of a kind, Tens)
LukaSteel: mucks hand
dechuz collected $47.50 from pot
*** SUMMARY ***
Total pot $48 | Rake $0.50
Board [Th 6d 2d Tc 3c]
Seat 2: LukaSteel (button) (small blind) mucked
Seat 9: dechuz (big blind) showed [8h Ts] and won ($47.50) with three of a kind, Tens


PokerStars Hand #144334190429:  Hold'em Limit ($3/$6 USD) - 2015/11/24 17:25:51 ET
Table 'Leo Minor II' 10-max Seat #9 is the button
Seat 2: LukaSteel ($134.50 in chips)
Seat 9: dechuz ($45.65 in chips)
dechuz: posts small blind $1
LukaSteel: posts big blind $3
*** HOLE CARDS ***
dechuz: raises $3 to $6
LukaSteel: raises $3 to $9
dechuz: calls $3
*** FLOP *** [9s 4c 9c]
LukaSteel: bets $3
dechuz: folds
Uncalled bet ($3) returned to LukaSteel
LukaSteel collected $17.64 from pot
LukaSteel: doesn't show hand
*** SUMMARY ***
Total pot $18 | Rake $0.36
Board [9s 4c 9c]
Seat 2: LukaSteel (big blind) collected ($17.64)
Seat 9: dechuz (button) (small blind) folded on the Flop


PokerStars Hand #144334280451:  Hold'em Limit ($3/$6 USD) - 2015/11/24 17:27:35 ET
Table 'Leo Minor II' 10-max Seat #2 is the button
Seat 2: LukaSteel ($131.50 in chips)
Seat 9: dechuz ($50.65 in chips)
LukaSteel: posts small blind $1
dechuz: posts big blind $3
*** HOLE CARDS ***
LukaSteel: raises $3 to $6
dechuz: raises $3 to $9
LukaSteel: calls $3
*** FLOP *** [Kh 3d 5s]
dechuz: bets $3
LukaSteel: raises $3 to $6
dechuz: calls $3
*** TURN *** [Kh 3d 5s] [9s]
dechuz: bets $6
LukaSteel: raises $6 to $12
dechuz: calls $6
*** RIVER *** [Kh 3d 5s 9s] [8h]
dechuz: checks
LukaSteel: checks
*** SHOW DOWN ***
dechuz: shows [6s Kd] (a pair of Kings)
LukaSteel: mucks hand
dechuz collected $53.50 from pot
*** SUMMARY ***
Total pot $54 | Rake $0.50
Board [Kh 3d 5s 9s 8h]
Seat 2: LukaSteel (button) (small blind) mucked
Seat 9: dechuz (big blind) showed [6s Kd] and won ($53.50) with a pair of Kings


PokerStars Hand #144334262799:  Hold'em Limit ($3/$6 USD) - 2015/11/24 17:27:15 ET
Table 'Leo Minor II' 10-max Seat #9 is the button
Seat 2: LukaSteel ($149.50 in chips)
Seat 9: dechuz ($33.15 in chips)
dechuz: posts small blind $1
LukaSteel: posts big blind $3
*** HOLE CARDS ***
dechuz: raises $3 to $6
LukaSteel: calls $3
*** FLOP *** [8s 4d 5c]
LukaSteel: checks
dechuz: bets $3
LukaSteel: raises $3 to $6
dechuz: calls $3
*** TURN *** [8s 4d 5c] [7h]
LukaSteel: bets $6
dechuz: calls $6
*** RIVER *** [8s 4d 5c 7h] [Js]
LukaSteel: checks
dechuz: checks
*** SHOW DOWN ***
LukaSteel: shows [5d 2d] (a pair of Fives)
dechuz: shows [7d Kh] (a pair of Sevens)
dechuz collected $35.50 from pot
*** SUMMARY ***
Total pot $36 | Rake $0.50
Board [8s 4d 5c 7h Js]
Seat 2: LukaSteel (big blind) showed [5d 2d] and lost with a pair of Fives
Seat 9: dechuz (button) (small blind) showed [7d Kh] and won ($35.50) with a pair of Sevens


PokerStars Hand #144334238745:  Hold'em Limit ($3/$6 USD) - 2015/11/24 17:26:47 ET
Table 'Leo Minor II' 10-max Seat #2 is the button
Seat 2: LukaSteel ($120 in chips)
Seat 9: dechuz ($63.15 in chips)
LukaSteel: posts small blind $1
dechuz: posts big blind $3
*** HOLE CARDS ***
LukaSteel: raises $3 to $6
dechuz: raises $3 to $9
LukaSteel: calls $3
*** FLOP *** [Qh 3d Qc]
dechuz: bets $3
LukaSteel: raises $3 to $6
dechuz: raises $3 to $9
LukaSteel: calls $3
*** TURN *** [Qh 3d Qc] [Kh]
dechuz: bets $6
LukaSteel: calls $6
*** RIVER *** [Qh 3d Qc Kh] [2d]
dechuz: bets $6
LukaSteel: calls $6
*** SHOW DOWN ***
dechuz: shows [2c Ah] (two pair, Queens and Deuces)
LukaSteel: shows [4s 4h] (two pair, Queens and Fours)
LukaSteel collected $59.50 from pot
*** SUMMARY ***
Total pot $60 | Rake $0.50
Board [Qh 3d Qc Kh 2d]
Seat 2: LukaSteel (button) (small blind) showed [4s 4h] and won ($59.50) with two pair, Queens and Fours
Seat 9: dechuz (big blind) showed [2c Ah] and lost with two pair, Queens and Deuces


PokerStars Hand #144334324446:  Hold'em Limit ($3/$6 USD) - 2015/11/24 17:28:26 ET
Table 'Leo Minor II' 10-max Seat #2 is the button
Seat 2: LukaSteel ($146.50 in chips)
Seat 9: dechuz ($50.15 in chips)
LukaSteel: posts small blind $1
dechuz: posts big blind $3
*** HOLE CARDS ***
LukaSteel: raises $3 to $6
dechuz: calls $3
*** FLOP *** [Jh 8s 5h]
dechuz: checks
LukaSteel: bets $3
dechuz: folds
Uncalled bet ($3) returned to LukaSteel
LukaSteel collected $11.76 from pot
LukaSteel: doesn't show hand
*** SUMMARY ***
Total pot $12 | Rake $0.24
Board [Jh 8s 5h]
Seat 2: LukaSteel (button) (small blind) collected ($11.76)
Seat 9: dechuz (big blind) folded on the Flop


PokerStars Hand #144334300028:  Hold'em Limit ($3/$6 USD) - 2015/11/24 17:27:58 ET
Table 'Leo Minor II' 10-max Seat #9 is the button
Seat 2: LukaSteel ($120 in chips)
Seat 9: dechuz ($77.15 in chips)
dechuz: posts small blind $1
LukaSteel: posts big blind $3
*** HOLE CARDS ***
dechuz: raises $3 to $6
LukaSteel: calls $3
*** FLOP *** [Qs 8c 5c]
LukaSteel: checks
dechuz: bets $3
LukaSteel: calls $3
*** TURN *** [Qs 8c 5c] [3h]
LukaSteel: checks
dechuz: checks
*** RIVER *** [Qs 8c 5c 3h] [Ts]
LukaSteel: bets $6
dechuz: raises $6 to $12
LukaSteel: raises $6 to $18
dechuz: calls $6
*** SHOW DOWN ***
LukaSteel: shows [8s Qd] (two pair, Queens and Eights)
dechuz: mucks hand
LukaSteel collected $53.50 from pot
*** SUMMARY ***
Total pot $54 | Rake $0.50
Board [Qs 8c 5c 3h Ts]
Seat 2: LukaSteel (big blind) showed [8s Qd] and won ($53.50) with two pair, Queens and Eights
Seat 9: dechuz (button) (small blind) mucked


