PokerStars Hand #145712486674:  Hold'em Limit ($3/$6 USD) - 2015/12/21 18:09:06 ET
Table 'Leo Minor III' 2-max Seat #2 is the button
Seat 1: cepzorr ($60 in chips)
Seat 2: ChrisTuff ($120 in chips)
ChrisTuff: posts small blind $1
cepzorr: posts big blind $3
*** HOLE CARDS ***
ChrisTuff: raises $3 to $6
cepzorr: raises $3 to $9
ChrisTuff: calls $3
*** FLOP *** [7h 8d 6d]
cepzorr: bets $3
ChrisTuff: calls $3
*** TURN *** [7h 8d 6d] [2h]
cepzorr: checks
ChrisTuff: bets $6
cepzorr: folds
Uncalled bet ($6) returned to ChrisTuff
ChrisTuff collected $23.52 from pot
ChrisTuff: doesn't show hand
*** SUMMARY ***
Total pot $24 | Rake $0.48
Board [7h 8d 6d 2h]
Seat 1: cepzorr (big blind) folded on the Turn
Seat 2: ChrisTuff (button) (small blind) collected ($23.52)


PokerStars Hand #145712513132:  Hold'em Limit ($3/$6 USD) - 2015/12/21 18:09:37 ET
Table 'Leo Minor III' 2-max Seat #1 is the button
Seat 1: cepzorr ($48 in chips)
Seat 2: ChrisTuff ($131.52 in chips)
cepzorr: posts small blind $1
ChrisTuff: posts big blind $3
*** HOLE CARDS ***
cepzorr: raises $3 to $6
ChrisTuff: calls $3
*** FLOP *** [3d 2c 8s]
ChrisTuff: checks
cepzorr: bets $3
ChrisTuff: calls $3
*** TURN *** [3d 2c 8s] [9s]
ChrisTuff: checks
cepzorr: bets $6
ChrisTuff: calls $6
*** RIVER *** [3d 2c 8s 9s] [9h]
ChrisTuff: checks
cepzorr: bets $6
ChrisTuff: folds
Uncalled bet ($6) returned to cepzorr
cepzorr collected $29.50 from pot
cepzorr: doesn't show hand
*** SUMMARY ***
Total pot $30 | Rake $0.50
Board [3d 2c 8s 9s 9h]
Seat 1: cepzorr (button) (small blind) collected ($29.50)
Seat 2: ChrisTuff (big blind) folded on the River


PokerStars Hand #145712532913:  Hold'em Limit ($3/$6 USD) - 2015/12/21 18:10:00 ET
Table 'Leo Minor III' 2-max Seat #2 is the button
Seat 1: cepzorr ($62.50 in chips)
Seat 2: ChrisTuff ($120 in chips)
ChrisTuff: posts small blind $1
cepzorr: posts big blind $3
*** HOLE CARDS ***
ChrisTuff: folds
Uncalled bet ($2) returned to cepzorr
cepzorr collected $2 from pot
cepzorr: doesn't show hand
*** SUMMARY ***
Total pot $2 | Rake $0
Seat 1: cepzorr (big blind) collected ($2)
Seat 2: ChrisTuff (button) (small blind) folded before Flop


PokerStars Hand #145712536791:  Hold'em Limit ($3/$6 USD) - 2015/12/21 18:10:04 ET
Table 'Leo Minor III' 2-max Seat #1 is the button
Seat 1: cepzorr ($63.50 in chips)
Seat 2: ChrisTuff ($120 in chips)
cepzorr: posts small blind $1
ChrisTuff: posts big blind $3
*** HOLE CARDS ***
cepzorr: raises $3 to $6
ChrisTuff: calls $3
*** FLOP *** [Th 4s 8d]
ChrisTuff: bets $3
cepzorr: folds
Uncalled bet ($3) returned to ChrisTuff
ChrisTuff collected $11.76 from pot
ChrisTuff: doesn't show hand
*** SUMMARY ***
Total pot $12 | Rake $0.24
Board [Th 4s 8d]
Seat 1: cepzorr (button) (small blind) folded on the Flop
Seat 2: ChrisTuff (big blind) collected ($11.76)


PokerStars Hand #145712549589:  Hold'em Limit ($3/$6 USD) - 2015/12/21 18:10:19 ET
Table 'Leo Minor III' 2-max Seat #2 is the button
Seat 1: cepzorr ($57.50 in chips)
Seat 2: ChrisTuff ($125.76 in chips)
ChrisTuff: posts small blind $1
cepzorr: posts big blind $3
*** HOLE CARDS ***
ChrisTuff: folds
Uncalled bet ($2) returned to cepzorr
cepzorr collected $2 from pot
cepzorr: doesn't show hand
*** SUMMARY ***
Total pot $2 | Rake $0
Seat 1: cepzorr (big blind) collected ($2)
Seat 2: ChrisTuff (button) (small blind) folded before Flop


PokerStars Hand #145712554031:  Hold'em Limit ($3/$6 USD) - 2015/12/21 18:10:24 ET
Table 'Leo Minor III' 2-max Seat #1 is the button
Seat 1: cepzorr ($58.50 in chips)
Seat 2: ChrisTuff ($124.76 in chips)
cepzorr: posts small blind $1
ChrisTuff: posts big blind $3
*** HOLE CARDS ***
cepzorr: raises $3 to $6
ChrisTuff: calls $3
*** FLOP *** [8c 2h 8s]
ChrisTuff: checks
cepzorr: checks
*** TURN *** [8c 2h 8s] [9h]
ChrisTuff: bets $6
cepzorr: calls $6
*** RIVER *** [8c 2h 8s 9h] [7h]
ChrisTuff: checks
cepzorr: bets $6
ChrisTuff: folds
Uncalled bet ($6) returned to cepzorr
cepzorr collected $23.52 from pot
cepzorr: doesn't show hand
*** SUMMARY ***
Total pot $24 | Rake $0.48
Board [8c 2h 8s 9h 7h]
Seat 1: cepzorr (button) (small blind) collected ($23.52)
Seat 2: ChrisTuff (big blind) folded on the River


PokerStars Hand #145712568983:  Hold'em Limit ($3/$6 USD) - 2015/12/21 18:10:42 ET
Table 'Leo Minor III' 2-max Seat #2 is the button
Seat 1: cepzorr ($70.02 in chips)
Seat 2: ChrisTuff ($120 in chips)
ChrisTuff: posts small blind $1
cepzorr: posts big blind $3
*** HOLE CARDS ***
ChrisTuff: raises $3 to $6
cepzorr: calls $3
*** FLOP *** [Qd Qs 7h]
cepzorr: checks
ChrisTuff: bets $3
cepzorr: folds
Uncalled bet ($3) returned to ChrisTuff
ChrisTuff collected $11.76 from pot
ChrisTuff: doesn't show hand
*** SUMMARY ***
Total pot $12 | Rake $0.24
Board [Qd Qs 7h]
Seat 1: cepzorr (big blind) folded on the Flop
Seat 2: ChrisTuff (button) (small blind) collected ($11.76)


PokerStars Hand #145712579056:  Hold'em Limit ($3/$6 USD) - 2015/12/21 18:10:54 ET
Table 'Leo Minor III' 2-max Seat #1 is the button
Seat 1: cepzorr ($64.02 in chips)
Seat 2: ChrisTuff ($125.76 in chips)
cepzorr: posts small blind $1
ChrisTuff: posts big blind $3
*** HOLE CARDS ***
cepzorr: raises $3 to $6
ChrisTuff: calls $3
*** FLOP *** [5d 2s 6h]
ChrisTuff: checks
cepzorr: bets $3
ChrisTuff: calls $3
*** TURN *** [5d 2s 6h] [8d]
ChrisTuff: checks
cepzorr: bets $6
ChrisTuff: calls $6
*** RIVER *** [5d 2s 6h 8d] [Qs]
ChrisTuff: checks
cepzorr: checks
*** SHOW DOWN ***
ChrisTuff: shows [2h Ah] (a pair of Deuces)
cepzorr: shows [6c Ac] (a pair of Sixes)
cepzorr collected $29.50 from pot
*** SUMMARY ***
Total pot $30 | Rake $0.50
Board [5d 2s 6h 8d Qs]
Seat 1: cepzorr (button) (small blind) showed [6c Ac] and won ($29.50) with a pair of Sixes
Seat 2: ChrisTuff (big blind) showed [2h Ah] and lost with a pair of Deuces


PokerStars Hand #145712597544:  Hold'em Limit ($3/$6 USD) - 2015/12/21 18:11:16 ET
Table 'Leo Minor III' 2-max Seat #2 is the button
Seat 1: cepzorr ($78.52 in chips)
Seat 2: ChrisTuff ($120 in chips)
ChrisTuff: posts small blind $1
cepzorr: posts big blind $3
*** HOLE CARDS ***
ChrisTuff: raises $3 to $6
cepzorr: raises $3 to $9
ChrisTuff: calls $3
*** FLOP *** [Ks Td 8c]
cepzorr: bets $3
ChrisTuff: calls $3
*** TURN *** [Ks Td 8c] [7h]
cepzorr: bets $6
ChrisTuff: calls $6
*** RIVER *** [Ks Td 8c 7h] [Qs]
cepzorr: bets $6
ChrisTuff: calls $6
*** SHOW DOWN ***
cepzorr: shows [8d Kd] (two pair, Kings and Eights)
ChrisTuff: mucks hand
cepzorr collected $47.50 from pot
*** SUMMARY ***
Total pot $48 | Rake $0.50
Board [Ks Td 8c 7h Qs]
Seat 1: cepzorr (big blind) showed [8d Kd] and won ($47.50) with two pair, Kings and Eights
Seat 2: ChrisTuff (button) (small blind) mucked


PokerStars Hand #145712626894:  Hold'em Limit ($3/$6 USD) - 2015/12/21 18:11:50 ET
Table 'Leo Minor III' 2-max Seat #1 is the button
Seat 1: cepzorr ($102.02 in chips)
Seat 2: ChrisTuff ($120 in chips)
cepzorr: posts small blind $1
ChrisTuff: posts big blind $3
*** HOLE CARDS ***
cepzorr: raises $3 to $6
ChrisTuff: calls $3
*** FLOP *** [Qd 5h 8h]
ChrisTuff: checks
cepzorr: bets $3
ChrisTuff: calls $3
*** TURN *** [Qd 5h 8h] [Qh]
ChrisTuff: checks
cepzorr: bets $6
ChrisTuff: calls $6
*** RIVER *** [Qd 5h 8h Qh] [7c]
ChrisTuff: checks
cepzorr: checks
*** SHOW DOWN ***
ChrisTuff: shows [5d 7h] (two pair, Queens and Sevens)
cepzorr: shows [8c 9s] (two pair, Queens and Eights)
cepzorr collected $29.50 from pot
*** SUMMARY ***
Total pot $30 | Rake $0.50
Board [Qd 5h 8h Qh 7c]
Seat 1: cepzorr (button) (small blind) showed [8c 9s] and won ($29.50) with two pair, Queens and Eights
Seat 2: ChrisTuff (big blind) showed [5d 7h] and lost with two pair, Queens and Sevens


PokerStars Hand #145712645985:  Hold'em Limit ($3/$6 USD) - 2015/12/21 18:12:12 ET
Table 'Leo Minor III' 2-max Seat #2 is the button
Seat 1: cepzorr ($116.52 in chips)
Seat 2: ChrisTuff ($120 in chips)
ChrisTuff: posts small blind $1
cepzorr: posts big blind $3
*** HOLE CARDS ***
ChrisTuff: raises $3 to $6
cepzorr: raises $3 to $9
ChrisTuff: calls $3
*** FLOP *** [Td 3s Qd]
cepzorr: bets $3
ChrisTuff: calls $3
*** TURN *** [Td 3s Qd] [2s]
cepzorr: bets $6
ChrisTuff: calls $6
*** RIVER *** [Td 3s Qd 2s] [7d]
cepzorr: bets $6
ChrisTuff: calls $6
*** SHOW DOWN ***
cepzorr: shows [Qs 8c] (a pair of Queens)
ChrisTuff: mucks hand
cepzorr collected $47.50 from pot
*** SUMMARY ***
Total pot $48 | Rake $0.50
Board [Td 3s Qd 2s 7d]
Seat 1: cepzorr (big blind) showed [Qs 8c] and won ($47.50) with a pair of Queens
Seat 2: ChrisTuff (button) (small blind) mucked


PokerStars Hand #145712660397:  Hold'em Limit ($3/$6 USD) - 2015/12/21 18:12:29 ET
Table 'Leo Minor III' 2-max Seat #1 is the button
Seat 1: cepzorr ($140.02 in chips)
Seat 2: ChrisTuff ($120 in chips)
cepzorr: posts small blind $1
ChrisTuff: posts big blind $3
*** HOLE CARDS ***
cepzorr: raises $3 to $6
ChrisTuff: calls $3
*** FLOP *** [4h 5s Ts]
ChrisTuff: checks
cepzorr: bets $3
ChrisTuff: calls $3
*** TURN *** [4h 5s Ts] [6h]
ChrisTuff: checks
cepzorr: bets $6
ChrisTuff: folds
Uncalled bet ($6) returned to cepzorr
cepzorr collected $17.64 from pot
cepzorr: doesn't show hand
*** SUMMARY ***
Total pot $18 | Rake $0.36
Board [4h 5s Ts 6h]
Seat 1: cepzorr (button) (small blind) collected ($17.64)
Seat 2: ChrisTuff (big blind) folded on the Turn


PokerStars Hand #145712671871:  Hold'em Limit ($3/$6 USD) - 2015/12/21 18:12:42 ET
Table 'Leo Minor III' 2-max Seat #2 is the button
Seat 1: cepzorr ($148.66 in chips)
Seat 2: ChrisTuff ($120 in chips)
ChrisTuff: posts small blind $1
cepzorr: posts big blind $3
*** HOLE CARDS ***
ChrisTuff: folds
Uncalled bet ($2) returned to cepzorr
cepzorr collected $2 from pot
cepzorr: doesn't show hand
*** SUMMARY ***
Total pot $2 | Rake $0
Seat 1: cepzorr (big blind) collected ($2)
Seat 2: ChrisTuff (button) (small blind) folded before Flop


PokerStars Hand #145712675673:  Hold'em Limit ($3/$6 USD) - 2015/12/21 18:12:47 ET
Table 'Leo Minor III' 2-max Seat #1 is the button
Seat 1: cepzorr ($149.66 in chips)
Seat 2: ChrisTuff ($120 in chips)
cepzorr: posts small blind $1
ChrisTuff: posts big blind $3
*** HOLE CARDS ***
cepzorr: raises $3 to $6
ChrisTuff: raises $3 to $9
cepzorr: calls $3
*** FLOP *** [9s 3c 4d]
ChrisTuff: bets $3
cepzorr: folds
Uncalled bet ($3) returned to ChrisTuff
ChrisTuff collected $17.64 from pot
ChrisTuff: doesn't show hand
*** SUMMARY ***
Total pot $18 | Rake $0.36
Board [9s 3c 4d]
Seat 1: cepzorr (button) (small blind) folded on the Flop
Seat 2: ChrisTuff (big blind) collected ($17.64)


PokerStars Hand #145712685334:  Hold'em Limit ($3/$6 USD) - 2015/12/21 18:12:58 ET
Table 'Leo Minor III' 2-max Seat #2 is the button
Seat 1: cepzorr ($140.66 in chips)
Seat 2: ChrisTuff ($128.64 in chips)
ChrisTuff: posts small blind $1
cepzorr: posts big blind $3
*** HOLE CARDS ***
ChrisTuff: raises $3 to $6
cepzorr: raises $3 to $9
ChrisTuff: calls $3
*** FLOP *** [5s Qs 4h]
cepzorr: checks
ChrisTuff: bets $3
cepzorr: folds
Uncalled bet ($3) returned to ChrisTuff
ChrisTuff collected $17.64 from pot
ChrisTuff: doesn't show hand
cepzorr leaves the table
ChrisTuff was removed from the table for failing to post
*** SUMMARY ***
Total pot $18 | Rake $0.36
Board [5s Qs 4h]
Seat 1: cepzorr (big blind) folded on the Flop
Seat 2: ChrisTuff (button) (small blind) collected ($17.64)


