PokerStars Hand #174424693989:  Hold'em Limit ($3/$6 USD) - 2017/08/16 18:49:52 ET
Table 'Leo Minor II' 10-max Seat #4 is the button
Seat 4: armandmat ($120 in chips)
Seat 5: sased988 ($33.18 in chips)
armandmat: posts small blind $1
sased988: posts big blind $3
*** HOLE CARDS ***
armandmat: raises $3 to $6
sased988: raises $3 to $9
armandmat: raises $3 to $12
Betting is capped
sased988: calls $3
*** FLOP *** [3d 6s 8h]
sased988: bets $3
armandmat: folds
Uncalled bet ($3) returned to sased988
sased988 collected $23.52 from pot
sased988: doesn't show hand
*** SUMMARY ***
Total pot $24 | Rake $0.48
Board [3d 6s 8h]
Seat 4: armandmat (button) (small blind) folded on the Flop
Seat 5: sased988 (big blind) collected ($23.52)


PokerStars Hand #174424701961:  Hold'em Limit ($3/$6 USD) - 2017/08/16 18:50:05 ET
Table 'Leo Minor II' 10-max Seat #5 is the button
Seat 4: armandmat ($108 in chips)
Seat 5: sased988 ($44.70 in chips)
sased988: posts small blind $1
armandmat: posts big blind $3
*** HOLE CARDS ***
sased988: raises $3 to $6
armandmat: raises $3 to $9
sased988: raises $3 to $12
Betting is capped
armandmat: calls $3
*** FLOP *** [9h 2s 3s]
armandmat: bets $3
sased988: raises $3 to $6
armandmat: raises $3 to $9
sased988: raises $3 to $12
Betting is capped
armandmat: calls $3
*** TURN *** [9h 2s 3s] [9c]
armandmat: bets $6
sased988: raises $6 to $12
armandmat: folds
Uncalled bet ($6) returned to sased988
sased988 collected $59.50 from pot
sased988: doesn't show hand
*** SUMMARY ***
Total pot $60 | Rake $0.50
Board [9h 2s 3s 9c]
Seat 4: armandmat (big blind) folded on the Turn
Seat 5: sased988 (button) (small blind) collected ($59.50)


PokerStars Hand #174424716360:  Hold'em Limit ($3/$6 USD) - 2017/08/16 18:50:30 ET
Table 'Leo Minor II' 10-max Seat #4 is the button
Seat 4: armandmat ($78 in chips)
Seat 5: sased988 ($74.20 in chips)
armandmat: posts small blind $1
sased988: posts big blind $3
*** HOLE CARDS ***
armandmat: raises $3 to $6
sased988: raises $3 to $9
armandmat: raises $3 to $12
Betting is capped
sased988: calls $3
*** FLOP *** [7h Qs Tc]
sased988: bets $3
armandmat: raises $3 to $6
sased988: raises $3 to $9
armandmat: raises $3 to $12
Betting is capped
sased988: calls $3
*** TURN *** [7h Qs Tc] [6d]
sased988: bets $6
armandmat: raises $6 to $12
sased988: raises $6 to $18
armandmat: raises $6 to $24
Betting is capped
B_loJkl joins the table at seat #6
sased988: calls $6
*** RIVER *** [7h Qs Tc 6d] [Ks]
sased988: bets $6
armandmat: folds
Uncalled bet ($6) returned to sased988
sased988 collected $95.50 from pot
sased988: doesn't show hand
armandmat leaves the table
*** SUMMARY ***
Total pot $96 | Rake $0.50
Board [7h Qs Tc 6d Ks]
Seat 4: armandmat (button) (small blind) folded on the River
Seat 5: sased988 (big blind) collected ($95.50)


PokerStars Hand #174425085235:  Hold'em Limit ($3/$6 USD) - 2017/08/16 19:02:00 ET
Table 'Leo Minor II' 10-max Seat #5 is the button
Seat 4: armandmat ($33.30 in chips)
Seat 5: niklev82 ($30.22 in chips)
niklev82: posts small blind $1
armandmat: posts big blind $3
*** HOLE CARDS ***
niklev82: raises $3 to $6
armandmat: raises $3 to $9
niklev82: raises $3 to $12
Betting is capped
armandmat: folds
Uncalled bet ($3) returned to niklev82
niklev82 collected $18 from pot
niklev82: doesn't show hand
*** SUMMARY ***
Total pot $18 | Rake $0
Seat 4: armandmat (big blind) folded before Flop
Seat 5: niklev82 (button) (small blind) collected ($18)


PokerStars Hand #174425091829:  Hold'em Limit ($3/$6 USD) - 2017/08/16 19:02:11 ET
Table 'Leo Minor II' 10-max Seat #4 is the button
Seat 4: armandmat ($24.30 in chips)
Seat 5: niklev82 ($39.22 in chips)
armandmat: posts small blind $1
niklev82: posts big blind $3
*** HOLE CARDS ***
armandmat: raises $3 to $6
niklev82: raises $3 to $9
armandmat: raises $3 to $12
Betting is capped
niklev82: calls $3
*** FLOP *** [6h Jh Tc]
niklev82: bets $3
armandmat: calls $3
*** TURN *** [6h Jh Tc] [6c]
niklev82: bets $6
armandmat: calls $6
*** RIVER *** [6h Jh Tc 6c] [7c]
angelomain joins the table at seat #10
niklev82: bets $6
armandmat: folds
Uncalled bet ($6) returned to niklev82
niklev82 collected $41.50 from pot
niklev82: doesn't show hand
*** SUMMARY ***
Total pot $42 | Rake $0.50
Board [6h Jh Tc 6c 7c]
Seat 4: armandmat (button) (small blind) folded on the River
Seat 5: niklev82 (big blind) collected ($41.50)


