PokerStars Hand #168929065019:  Hold'em Limit ($3/$6 USD) - 2017/04/12 8:14:24 ET
Table 'Leo II' 6-max Seat #6 is the button
Seat 5: sim5sim5 ($72 in chips)
Seat 6: BugerDV ($72 in chips)
BugerDV: posts small blind $1
sim5sim5: posts big blind $3
*** HOLE CARDS ***
BugerDV: raises $3 to $6
sim5sim5: calls $3
*** FLOP *** [Jd 6d 9s]
sim5sim5: checks
BugerDV: checks
*** TURN *** [Jd 6d 9s] [8d]
sim5sim5: bets $6
BugerDV: folds
Uncalled bet ($6) returned to sim5sim5
sim5sim5 collected $11.76 from pot
sim5sim5: doesn't show hand
*** SUMMARY ***
Total pot $12 | Rake $0.24
Board [Jd 6d 9s 8d]
Seat 5: sim5sim5 (big blind) collected ($11.76)
Seat 6: BugerDV (button) (small blind) folded on the Turn


PokerStars Hand #168929080435:  Hold'em Limit ($3/$6 USD) - 2017/04/12 8:14:56 ET
Table 'Leo II' 6-max Seat #5 is the button
Seat 5: sim5sim5 ($77.76 in chips)
Seat 6: BugerDV ($66 in chips)
sim5sim5: posts small blind $1
BugerDV: posts big blind $3
*** HOLE CARDS ***
sim5sim5: raises $3 to $6
BugerDV: calls $3
*** FLOP *** [6d 2c 5c]
BugerDV: checks
sim5sim5: bets $3
BugerDV: raises $3 to $6
sim5sim5: raises $3 to $9
BugerDV: raises $3 to $12
Betting is capped
sim5sim5: calls $3
*** TURN *** [6d 2c 5c] [8s]
BugerDV: bets $6
sim5sim5: raises $6 to $12
BugerDV: raises $6 to $18
sim5sim5: calls $6
*** RIVER *** [6d 2c 5c 8s] [2s]
BugerDV: checks
sim5sim5: bets $6
BugerDV: calls $6
*** SHOW DOWN ***
sim5sim5: shows [8h Jc] (two pair, Eights and Deuces)
BugerDV: mucks hand
sim5sim5 collected $83.50 from pot
*** SUMMARY ***
Total pot $84 | Rake $0.50
Board [6d 2c 5c 8s 2s]
Seat 5: sim5sim5 (button) (small blind) showed [8h Jc] and won ($83.50) with two pair, Eights and Deuces
Seat 6: BugerDV (big blind) mucked


PokerStars Hand #168929130539:  Hold'em Limit ($3/$6 USD) - 2017/04/12 8:16:37 ET
Table 'Leo II' 6-max Seat #5 is the button
Seat 5: sim5sim5 ($139.76 in chips)
Seat 6: BugerDV ($3 in chips)
sim5sim5: posts small blind $1
BugerDV: posts big blind $3 and is all-in
*** HOLE CARDS ***
sim5sim5: calls $2
*** FLOP *** [7c Jh 4d]
*** TURN *** [7c Jh 4d] [4s]
*** RIVER *** [7c Jh 4d 4s] [6d]
*** SHOW DOWN ***
BugerDV: shows [3s 4c] (three of a kind, Fours)
sim5sim5: shows [4h Kc] (three of a kind, Fours - King kicker)
sim5sim5 collected $5.88 from pot
*** SUMMARY ***
Total pot $6 | Rake $0.12
Board [7c Jh 4d 4s 6d]
Seat 5: sim5sim5 (button) (small blind) showed [4h Kc] and won ($5.88) with three of a kind, Fours
Seat 6: BugerDV (big blind) showed [3s 4c] and lost with three of a kind, Fours


PokerStars Hand #168929136800:  Hold'em Limit ($3/$6 USD) - 2017/04/12 8:16:49 ET
Table 'Leo II' 6-max Seat #6 is the button
Seat 5: sim5sim5 ($142.64 in chips)
Seat 6: BugerDV ($108 in chips)
BugerDV: posts small blind $1
sim5sim5: posts big blind $3
*** HOLE CARDS ***
BugerDV: raises $3 to $6
sim5sim5: folds
Uncalled bet ($3) returned to BugerDV
BugerDV collected $6 from pot
BugerDV: doesn't show hand
*** SUMMARY ***
Total pot $6 | Rake $0
Seat 5: sim5sim5 (big blind) folded before Flop
Seat 6: BugerDV (button) (small blind) collected ($6)


PokerStars Hand #168929112600:  Hold'em Limit ($3/$6 USD) - 2017/04/12 8:16:01 ET
Table 'Leo II' 6-max Seat #6 is the button
Seat 5: sim5sim5 ($119.26 in chips)
Seat 6: BugerDV ($24 in chips)
BugerDV: posts small blind $1
sim5sim5: posts big blind $3
*** HOLE CARDS ***
BugerDV: raises $3 to $6
sim5sim5: calls $3
*** FLOP *** [Ad 9s Td]
sim5sim5: checks
BugerDV: bets $3
sim5sim5: calls $3
*** TURN *** [Ad 9s Td] [5d]
sim5sim5: checks
BugerDV: bets $6
sim5sim5: calls $6
*** RIVER *** [Ad 9s Td 5d] [3d]
sim5sim5: checks
BugerDV: bets $6
sim5sim5: calls $6
*** SHOW DOWN ***
BugerDV: shows [5h Ts] (two pair, Tens and Fives)
sim5sim5: shows [Ks 4d] (a flush, Ace high)
sim5sim5 collected $41.50 from pot
*** SUMMARY ***
Total pot $42 | Rake $0.50
Board [Ad 9s Td 5d 3d]
Seat 5: sim5sim5 (big blind) showed [Ks 4d] and won ($41.50) with a flush, Ace high
Seat 6: BugerDV (button) (small blind) showed [5h Ts] and lost with two pair, Tens and Fives


PokerStars Hand #168929140915:  Hold'em Limit ($3/$6 USD) - 2017/04/12 8:16:57 ET
Table 'Leo II' 6-max Seat #5 is the button
Seat 5: sim5sim5 ($139.64 in chips)
Seat 6: BugerDV ($111 in chips)
sim5sim5: posts small blind $1
BugerDV: posts big blind $3
*** HOLE CARDS ***
sim5sim5: raises $3 to $6
BugerDV: raises $3 to $9
sim5sim5: calls $3
*** FLOP *** [Td 8s Ac]
BugerDV: bets $3
sim5sim5: calls $3
*** TURN *** [Td 8s Ac] [2h]
BugerDV: bets $6
sim5sim5: calls $6
*** RIVER *** [Td 8s Ac 2h] [Jd]
BugerDV: checks
sim5sim5: checks
*** SHOW DOWN ***
BugerDV: shows [Kh Js] (a pair of Jacks)
sim5sim5: mucks hand
BugerDV collected $35.50 from pot
*** SUMMARY ***
Total pot $36 | Rake $0.50
Board [Td 8s Ac 2h Jd]
Seat 5: sim5sim5 (button) (small blind) mucked
Seat 6: BugerDV (big blind) showed [Kh Js] and won ($35.50) with a pair of Jacks


