PokerStars Hand #158750408952:  Hold'em Limit ($3/$6 USD) - 2016/09/18 0:12:31 ET
Table 'Leo' 6-max Seat #3 is the button
Seat 1: Velbor107 ($303 in chips)
Seat 3: VRN_CATI_PRO ($29.80 in chips)
VRN_CATI_PRO: posts small blind $1
Velbor107: posts big blind $3
*** HOLE CARDS ***
VRN_CATI_PRO: folds
Uncalled bet ($2) returned to Velbor107
Velbor107 collected $2 from pot
*** SUMMARY ***
Total pot $2 | Rake $0
Seat 1: Velbor107 (big blind) collected ($2)
Seat 3: VRN_CATI_PRO (button) (small blind) folded before Flop


PokerStars Hand #158750410176:  Hold'em Limit ($3/$6 USD) - 2016/09/18 0:12:35 ET
Table 'Leo' 6-max Seat #1 is the button
Seat 1: Velbor107 ($304 in chips)
Seat 3: VRN_CATI_PRO ($28.80 in chips)
Velbor107: posts small blind $1
VRN_CATI_PRO: posts big blind $3
*** HOLE CARDS ***
Velbor107: raises $3 to $6
VRN_CATI_PRO: folds
Uncalled bet ($3) returned to Velbor107
Velbor107 collected $6 from pot
*** SUMMARY ***
Total pot $6 | Rake $0
Seat 1: Velbor107 (button) (small blind) collected ($6)
Seat 3: VRN_CATI_PRO (big blind) folded before Flop


PokerStars Hand #158750406187:  Hold'em Limit ($3/$6 USD) - 2016/09/18 0:12:19 ET
Table 'Leo' 6-max Seat #1 is the button
Seat 1: Velbor107 ($300 in chips)
Seat 3: VRN_CATI_PRO ($32.80 in chips)
Velbor107: posts small blind $1
VRN_CATI_PRO: posts big blind $3
*** HOLE CARDS ***
Velbor107: raises $3 to $6
VRN_CATI_PRO: folds
Uncalled bet ($3) returned to Velbor107
Velbor107 collected $6 from pot
*** SUMMARY ***
Total pot $6 | Rake $0
Seat 1: Velbor107 (button) (small blind) collected ($6)
Seat 3: VRN_CATI_PRO (big blind) folded before Flop


PokerStars Hand #158750411659:  Hold'em Limit ($3/$6 USD) - 2016/09/18 0:12:41 ET
Table 'Leo' 6-max Seat #3 is the button
Seat 1: Velbor107 ($307 in chips)
Seat 3: VRN_CATI_PRO ($25.80 in chips)
VRN_CATI_PRO: posts small blind $1
Velbor107: posts big blind $3
*** HOLE CARDS ***
VRN_CATI_PRO: raises $3 to $6
Velbor107: calls $3
*** FLOP *** [Ad Jd 5h]
Velbor107: checks
VRN_CATI_PRO: bets $3
Velbor107: calls $3
*** TURN *** [Ad Jd 5h] [4h]
Velbor107: checks
VRN_CATI_PRO: bets $6
Velbor107: calls $6
*** RIVER *** [Ad Jd 5h 4h] [7c]
Velbor107: checks
VRN_CATI_PRO: bets $6
Velbor107: calls $6
*** SHOW DOWN ***
VRN_CATI_PRO: shows [Qc Qh] (a pair of Queens)
Velbor107: mucks hand
VRN_CATI_PRO collected $41.50 from pot
*** SUMMARY ***
Total pot $42 | Rake $0.50
Board [Ad Jd 5h 4h 7c]
Seat 1: Velbor107 (big blind) mucked
Seat 3: VRN_CATI_PRO (button) (small blind) showed [Qc Qh] and won ($41.50) with a pair of Queens


PokerStars Hand #158750468525:  Hold'em Limit ($3/$6 USD) - 2016/09/18 0:16:00 ET
Table 'Leo' 6-max Seat #1 is the button
Seat 1: Velbor107 ($318.02 in chips)
Seat 6: buddhasway ($50.12 in chips)
Velbor107: posts small blind $1
buddhasway: posts big blind $3
*** HOLE CARDS ***
Velbor107: raises $3 to $6
buddhasway: folds
Uncalled bet ($3) returned to Velbor107
Velbor107 collected $6 from pot
*** SUMMARY ***
Total pot $6 | Rake $0
Seat 1: Velbor107 (button) (small blind) collected ($6)
Seat 6: buddhasway (big blind) folded before Flop


PokerStars Hand #158750449099:  Hold'em Limit ($3/$6 USD) - 2016/09/18 0:14:44 ET
Table 'Leo' 6-max Seat #1 is the button
Seat 1: Velbor107 ($286 in chips)
Seat 6: buddhasway ($83.12 in chips)
Velbor107: posts small blind $1
buddhasway: posts big blind $3
*** HOLE CARDS ***
Velbor107: raises $3 to $6
buddhasway: calls $3
*** FLOP *** [3d 4s Kd]
buddhasway: checks
Velbor107: bets $3
buddhasway: calls $3
*** TURN *** [3d 4s Kd] [2d]
buddhasway: checks
Velbor107: bets $6
buddhasway: calls $6
*** RIVER *** [3d 4s Kd 2d] [7h]
buddhasway: checks
Velbor107: bets $6
buddhasway: calls $6
*** SHOW DOWN ***
Velbor107: shows [3c 3h] (three of a kind, Threes)
buddhasway: mucks hand
Velbor107 collected $41.50 from pot
*** SUMMARY ***
Total pot $42 | Rake $0.50
Board [3d 4s Kd 2d 7h]
Seat 1: Velbor107 (button) (small blind) showed [3c 3h] and won ($41.50) with three of a kind, Threes
Seat 6: buddhasway (big blind) mucked


PokerStars Hand #158750470308:  Hold'em Limit ($3/$6 USD) - 2016/09/18 0:16:07 ET
Table 'Leo' 6-max Seat #6 is the button
Seat 1: Velbor107 ($321.02 in chips)
Seat 6: buddhasway ($47.12 in chips)
buddhasway: posts small blind $1
Velbor107: posts big blind $3
*** HOLE CARDS ***
buddhasway: raises $3 to $6
Velbor107: calls $3
*** FLOP *** [5d 7d Jd]
Velbor107: checks
buddhasway: bets $3
Velbor107: folds
Uncalled bet ($3) returned to buddhasway
buddhasway collected $11.76 from pot
buddhasway: doesn't show hand
*** SUMMARY ***
Total pot $12 | Rake $0.24
Board [5d 7d Jd]
Seat 1: Velbor107 (big blind) folded on the Flop
Seat 6: buddhasway (button) (small blind) collected ($11.76)


PokerStars Hand #158750487869:  Hold'em Limit ($3/$6 USD) - 2016/09/18 0:17:17 ET
Table 'Leo' 6-max Seat #6 is the button
Seat 1: Velbor107 ($306.02 in chips)
Seat 6: buddhasway ($61.52 in chips)
buddhasway: posts small blind $1
Velbor107: posts big blind $3
*** HOLE CARDS ***
buddhasway: folds
Uncalled bet ($2) returned to Velbor107
Velbor107 collected $2 from pot
*** SUMMARY ***
Total pot $2 | Rake $0
Seat 1: Velbor107 (big blind) collected ($2)
Seat 6: buddhasway (button) (small blind) folded before Flop


PokerStars Hand #158750480679:  Hold'em Limit ($3/$6 USD) - 2016/09/18 0:16:48 ET
Table 'Leo' 6-max Seat #1 is the button
Seat 1: Velbor107 ($315.02 in chips)
Seat 6: buddhasway ($52.88 in chips)
Velbor107: posts small blind $1
buddhasway: posts big blind $3
*** HOLE CARDS ***
Velbor107: raises $3 to $6
buddhasway: raises $3 to $9
Hannibal2211 joins the table at seat #2
Velbor107: calls $3
*** FLOP *** [Qh 7c 8d]
buddhasway: bets $3
Velbor107: folds
Uncalled bet ($3) returned to buddhasway
buddhasway collected $17.64 from pot
buddhasway: doesn't show hand
*** SUMMARY ***
Total pot $18 | Rake $0.36
Board [Qh 7c 8d]
Seat 1: Velbor107 (button) (small blind) folded on the Flop
Seat 6: buddhasway (big blind) collected ($17.64)


PokerStars Hand #158750834285:  Hold'em Limit ($3/$6 USD) - 2016/09/18 0:40:40 ET
Table 'Leo' 6-max Seat #3 is the button
Seat 2: Hannibal2211 ($72 in chips)
Seat 3: sokol-max-PS ($108.24 in chips)
sokol-max-PS: posts small blind $1
kKANGA500: is sitting out
Velbor107: is sitting out
Hannibal2211: posts big blind $3
*** HOLE CARDS ***
Velbor107 leaves the table
sokol-max-PS: folds
Uncalled bet ($2) returned to Hannibal2211
Hannibal2211 collected $2 from pot
*** SUMMARY ***
Total pot $2 | Rake $0
Seat 2: Hannibal2211 (big blind) collected ($2)
Seat 3: sokol-max-PS (button) (small blind) folded before Flop


PokerStars Hand #158750835841:  Hold'em Limit ($3/$6 USD) - 2016/09/18 0:40:47 ET
Table 'Leo' 6-max Seat #2 is the button
Seat 2: Hannibal2211 ($73 in chips)
Seat 3: sokol-max-PS ($107.24 in chips)
Hannibal2211: posts small blind $1
sokol-max-PS: posts big blind $3
*** HOLE CARDS ***
kKANGA500 leaves the table
Hannibal2211: raises $3 to $6
sokol-max-PS: calls $3
*** FLOP *** [8d Ad 4c]
sokol-max-PS: checks
Hannibal2211: bets $3
sokol-max-PS: raises $3 to $6
Hannibal2211: raises $3 to $9
sokol-max-PS: calls $3
*** TURN *** [8d Ad 4c] [8c]
sokol-max-PS: checks
Hannibal2211: checks
*** RIVER *** [8d Ad 4c 8c] [Ac]
sokol-max-PS: bets $6
Hannibal2211: folds
Uncalled bet ($6) returned to sokol-max-PS
sokol-max-PS collected $29.50 from pot
sokol-max-PS: doesn't show hand
*** SUMMARY ***
Total pot $30 | Rake $0.50
Board [8d Ad 4c 8c Ac]
Seat 2: Hannibal2211 (button) (small blind) folded on the River
Seat 3: sokol-max-PS (big blind) collected ($29.50)


PokerStars Hand #158750845844:  Hold'em Limit ($3/$6 USD) - 2016/09/18 0:41:29 ET
Table 'Leo' 6-max Seat #3 is the button
Seat 2: Hannibal2211 ($72 in chips)
Seat 3: sokol-max-PS ($121.74 in chips)
sokol-max-PS: posts small blind $1
Hannibal2211: posts big blind $3
*** HOLE CARDS ***
sokol-max-PS: raises $3 to $6
Hannibal2211: raises $3 to $9
sokol-max-PS: calls $3
*** FLOP *** [3h 8h 6d]
Hannibal2211: bets $3
sokol-max-PS: calls $3
*** TURN *** [3h 8h 6d] [3d]
Hannibal2211: bets $6
sokol-max-PS: calls $6
*** RIVER *** [3h 8h 6d 3d] [7s]
Hannibal2211: bets $6
sokol-max-PS: calls $6
*** SHOW DOWN ***
Hannibal2211: shows [Kh Qh] (a pair of Threes)
sokol-max-PS: mucks hand
Hannibal2211 collected $47.50 from pot
*** SUMMARY ***
Total pot $48 | Rake $0.50
Board [3h 8h 6d 3d 7s]
Seat 2: Hannibal2211 (big blind) showed [Kh Qh] and won ($47.50) with a pair of Threes
Seat 3: sokol-max-PS (button) (small blind) mucked


PokerStars Hand #158750862554:  Hold'em Limit ($3/$6 USD) - 2016/09/18 0:42:39 ET
Table 'Leo' 6-max Seat #2 is the button
Seat 2: Hannibal2211 ($112 in chips)
Seat 3: sokol-max-PS ($80.74 in chips)
Hannibal2211: posts small blind $1
sokol-max-PS: posts big blind $3
*** HOLE CARDS ***
Hannibal2211: folds
Uncalled bet ($2) returned to sokol-max-PS
sokol-max-PS collected $2 from pot
*** SUMMARY ***
Total pot $2 | Rake $0
Seat 2: Hannibal2211 (button) (small blind) folded before Flop
Seat 3: sokol-max-PS (big blind) collected ($2)


PokerStars Hand #158750854125:  Hold'em Limit ($3/$6 USD) - 2016/09/18 0:42:04 ET
Table 'Leo' 6-max Seat #2 is the button
Seat 2: Hannibal2211 ($95.50 in chips)
Seat 3: sokol-max-PS ($97.74 in chips)
Hannibal2211: posts small blind $1
sokol-max-PS: posts big blind $3
*** HOLE CARDS ***
Hannibal2211: folds
Uncalled bet ($2) returned to sokol-max-PS
sokol-max-PS collected $2 from pot
*** SUMMARY ***
Total pot $2 | Rake $0
Seat 2: Hannibal2211 (button) (small blind) folded before Flop
Seat 3: sokol-max-PS (big blind) collected ($2)


PokerStars Hand #158750855587:  Hold'em Limit ($3/$6 USD) - 2016/09/18 0:42:10 ET
Table 'Leo' 6-max Seat #3 is the button
Seat 2: Hannibal2211 ($94.50 in chips)
Seat 3: sokol-max-PS ($98.74 in chips)
sokol-max-PS: posts small blind $1
Hannibal2211: posts big blind $3
*** HOLE CARDS ***
sokol-max-PS: raises $3 to $6
Hannibal2211: raises $3 to $9
sokol-max-PS: raises $3 to $12
Betting is capped
Hannibal2211: calls $3
*** FLOP *** [2d 7h 4d]
Hannibal2211: checks
sokol-max-PS: bets $3
Hannibal2211: raises $3 to $6
sokol-max-PS: calls $3
*** TURN *** [2d 7h 4d] [Kd]
Hannibal2211: bets $6
sokol-max-PS: folds
Uncalled bet ($6) returned to Hannibal2211
Hannibal2211 collected $35.50 from pot
*** SUMMARY ***
Total pot $36 | Rake $0.50
Board [2d 7h 4d Kd]
Seat 2: Hannibal2211 (big blind) collected ($35.50)
Seat 3: sokol-max-PS (button) (small blind) folded on the Turn


PokerStars Hand #158750881060:  Hold'em Limit ($3/$6 USD) - 2016/09/18 0:43:56 ET
Table 'Leo' 6-max Seat #2 is the button
Seat 2: Hannibal2211 ($86 in chips)
Seat 3: sokol-max-PS ($106 in chips)
Hannibal2211: posts small blind $1
sokol-max-PS: posts big blind $3
*** HOLE CARDS ***
Hannibal2211: folds
Uncalled bet ($2) returned to sokol-max-PS
sokol-max-PS collected $2 from pot
*** SUMMARY ***
Total pot $2 | Rake $0
Seat 2: Hannibal2211 (button) (small blind) folded before Flop
Seat 3: sokol-max-PS (big blind) collected ($2)


PokerStars Hand #158750875605:  Hold'em Limit ($3/$6 USD) - 2016/09/18 0:43:34 ET
Table 'Leo' 6-max Seat #3 is the button
Seat 2: Hannibal2211 ($92 in chips)
Seat 3: sokol-max-PS ($100.24 in chips)
sokol-max-PS: posts small blind $1
Hannibal2211: posts big blind $3
*** HOLE CARDS ***
sokol-max-PS: raises $3 to $6
Hannibal2211: calls $3
*** FLOP *** [9d As 8d]
Hannibal2211: checks
sokol-max-PS: bets $3
Hannibal2211: folds
Uncalled bet ($3) returned to sokol-max-PS
sokol-max-PS collected $11.76 from pot
*** SUMMARY ***
Total pot $12 | Rake $0.24
Board [9d As 8d]
Seat 2: Hannibal2211 (big blind) folded on the Flop
Seat 3: sokol-max-PS (button) (small blind) collected ($11.76)


PokerStars Hand #158750864314:  Hold'em Limit ($3/$6 USD) - 2016/09/18 0:42:46 ET
Table 'Leo' 6-max Seat #3 is the button
Seat 2: Hannibal2211 ($111 in chips)
Seat 3: sokol-max-PS ($81.74 in chips)
sokol-max-PS: posts small blind $1
Hannibal2211: posts big blind $3
*** HOLE CARDS ***
sokol-max-PS: raises $3 to $6
Hannibal2211: raises $3 to $9
sokol-max-PS: calls $3
*** FLOP *** [Js 8c 5d]
Hannibal2211: bets $3
sokol-max-PS: calls $3
*** TURN *** [Js 8c 5d] [As]
Hannibal2211: bets $6
sokol-max-PS: calls $6
*** RIVER *** [Js 8c 5d As] [7h]
Hannibal2211: checks
sokol-max-PS: checks
*** SHOW DOWN ***
Hannibal2211: shows [Qs Kc] (high card Ace)
sokol-max-PS: shows [Jc 2c] (a pair of Jacks)
sokol-max-PS collected $35.50 from pot
*** SUMMARY ***
Total pot $36 | Rake $0.50
Board [Js 8c 5d As 7h]
Seat 2: Hannibal2211 (big blind) showed [Qs Kc] and lost with high card Ace
Seat 3: sokol-max-PS (button) (small blind) showed [Jc 2c] and won ($35.50) with a pair of Jacks


PokerStars Hand #158750872879:  Hold'em Limit ($3/$6 USD) - 2016/09/18 0:43:22 ET
Table 'Leo' 6-max Seat #2 is the button
Seat 2: Hannibal2211 ($93 in chips)
Seat 3: sokol-max-PS ($99.24 in chips)
Hannibal2211: posts small blind $1
sokol-max-PS: posts big blind $3
*** HOLE CARDS ***
Hannibal2211: folds
Uncalled bet ($2) returned to sokol-max-PS
sokol-max-PS collected $2 from pot
*** SUMMARY ***
Total pot $2 | Rake $0
Seat 2: Hannibal2211 (button) (small blind) folded before Flop
Seat 3: sokol-max-PS (big blind) collected ($2)


PokerStars Hand #158750888601:  Hold'em Limit ($3/$6 USD) - 2016/09/18 0:44:28 ET
Table 'Leo' 6-max Seat #2 is the button
Seat 2: Hannibal2211 ($86 in chips)
Seat 3: sokol-max-PS ($106 in chips)
Hannibal2211: posts small blind $1
sokol-max-PS: posts big blind $3
*** HOLE CARDS ***
Hannibal2211: raises $3 to $6
sokol-max-PS: calls $3
*** FLOP *** [3d 2d Jh]
sokol-max-PS: checks
Hannibal2211: bets $3
sokol-max-PS: calls $3
*** TURN *** [3d 2d Jh] [8h]
sokol-max-PS: checks
Hannibal2211: checks
*** RIVER *** [3d 2d Jh 8h] [Kc]
sokol-max-PS: checks
Hannibal2211: checks
*** SHOW DOWN ***
sokol-max-PS: shows [2c Tc] (a pair of Deuces)
Hannibal2211: mucks hand
sokol-max-PS collected $17.64 from pot
*** SUMMARY ***
Total pot $18 | Rake $0.36
Board [3d 2d Jh 8h Kc]
Seat 2: Hannibal2211 (button) (small blind) mucked
Seat 3: sokol-max-PS (big blind) showed [2c Tc] and won ($17.64) with a pair of Deuces


PokerStars Hand #158750884650:  Hold'em Limit ($3/$6 USD) - 2016/09/18 0:44:11 ET
Table 'Leo' 6-max Seat #2 is the button
Seat 2: Hannibal2211 ($86 in chips)
Seat 3: sokol-max-PS ($106 in chips)
Hannibal2211: posts small blind $1
sokol-max-PS: posts big blind $3
*** HOLE CARDS ***
Hannibal2211: raises $3 to $6
sokol-max-PS: folds
Uncalled bet ($3) returned to Hannibal2211
Hannibal2211 collected $6 from pot
*** SUMMARY ***
Total pot $6 | Rake $0
Seat 2: Hannibal2211 (button) (small blind) collected ($6)
Seat 3: sokol-max-PS (big blind) folded before Flop


PokerStars Hand #158750883074:  Hold'em Limit ($3/$6 USD) - 2016/09/18 0:44:05 ET
Table 'Leo' 6-max Seat #3 is the button
Seat 2: Hannibal2211 ($85 in chips)
Seat 3: sokol-max-PS ($107 in chips)
sokol-max-PS: posts small blind $1
Hannibal2211: posts big blind $3
*** HOLE CARDS ***
sokol-max-PS: folds
Uncalled bet ($2) returned to Hannibal2211
Hannibal2211 collected $2 from pot
*** SUMMARY ***
Total pot $2 | Rake $0
Seat 2: Hannibal2211 (big blind) collected ($2)
Seat 3: sokol-max-PS (button) (small blind) folded before Flop


PokerStars Hand #158750902503:  Hold'em Limit ($3/$6 USD) - 2016/09/18 0:45:25 ET
Table 'Leo' 6-max Seat #2 is the button
Seat 2: Hannibal2211 ($72 in chips)
Seat 3: sokol-max-PS ($123.28 in chips)
Hannibal2211: posts small blind $1
sokol-max-PS: posts big blind $3
*** HOLE CARDS ***
Hannibal2211: folds
Uncalled bet ($2) returned to sokol-max-PS
sokol-max-PS collected $2 from pot
*** SUMMARY ***
Total pot $2 | Rake $0
Seat 2: Hannibal2211 (button) (small blind) folded before Flop
Seat 3: sokol-max-PS (big blind) collected ($2)


PokerStars Hand #158750903819:  Hold'em Limit ($3/$6 USD) - 2016/09/18 0:45:31 ET
Table 'Leo' 6-max Seat #3 is the button
Seat 2: Hannibal2211 ($72 in chips)
Seat 3: sokol-max-PS ($124.28 in chips)
sokol-max-PS: posts small blind $1
Hannibal2211: posts big blind $3
*** HOLE CARDS ***
sokol-max-PS: folds
Uncalled bet ($2) returned to Hannibal2211
Hannibal2211 collected $2 from pot
*** SUMMARY ***
Total pot $2 | Rake $0
Seat 2: Hannibal2211 (big blind) collected ($2)
Seat 3: sokol-max-PS (button) (small blind) folded before Flop


PokerStars Hand #158750896484:  Hold'em Limit ($3/$6 USD) - 2016/09/18 0:45:00 ET
Table 'Leo' 6-max Seat #3 is the button
Seat 2: Hannibal2211 ($77 in chips)
Seat 3: sokol-max-PS ($114.64 in chips)
sokol-max-PS: posts small blind $1
Hannibal2211: posts big blind $3
*** HOLE CARDS ***
sokol-max-PS: raises $3 to $6
Hannibal2211: calls $3
*** FLOP *** [5d Tc 4d]
Hannibal2211: checks
sokol-max-PS: bets $3
Hannibal2211: calls $3
*** TURN *** [5d Tc 4d] [4h]
Hannibal2211: checks
sokol-max-PS: checks
*** RIVER *** [5d Tc 4d 4h] [Ad]
Hannibal2211: checks
sokol-max-PS: bets $6
Hannibal2211: folds
Uncalled bet ($6) returned to sokol-max-PS
sokol-max-PS collected $17.64 from pot
*** SUMMARY ***
Total pot $18 | Rake $0.36
Board [5d Tc 4d 4h Ad]
Seat 2: Hannibal2211 (big blind) folded on the River
Seat 3: sokol-max-PS (button) (small blind) collected ($17.64)


PokerStars Hand #158750925420:  Hold'em Limit ($3/$6 USD) - 2016/09/18 0:47:01 ET
Table 'Leo' 6-max Seat #3 is the button
Seat 2: Hannibal2211 ($72 in chips)
Seat 3: sokol-max-PS ($155.30 in chips)
sokol-max-PS: posts small blind $1
Hannibal2211: posts big blind $3
*** HOLE CARDS ***
sokol-max-PS: folds
Uncalled bet ($2) returned to Hannibal2211
Hannibal2211 collected $2 from pot
*** SUMMARY ***
Total pot $2 | Rake $0
Seat 2: Hannibal2211 (big blind) collected ($2)
Seat 3: sokol-max-PS (button) (small blind) folded before Flop


PokerStars Hand #158750917005:  Hold'em Limit ($3/$6 USD) - 2016/09/18 0:46:26 ET
Table 'Leo' 6-max Seat #2 is the button
Seat 2: Hannibal2211 ($72 in chips)
Seat 3: sokol-max-PS ($137.80 in chips)
Hannibal2211: posts small blind $1
sokol-max-PS: posts big blind $3
*** HOLE CARDS ***
Hannibal2211: raises $3 to $6
sokol-max-PS: raises $3 to $9
Hannibal2211: calls $3
*** FLOP *** [2c 3s 4h]
sokol-max-PS: bets $3
Hannibal2211: calls $3
*** TURN *** [2c 3s 4h] [2s]
sokol-max-PS: bets $6
Hannibal2211: calls $6
*** RIVER *** [2c 3s 4h 2s] [2d]
sokol-max-PS: bets $6
Hannibal2211: folds
Uncalled bet ($6) returned to sokol-max-PS
sokol-max-PS collected $35.50 from pot
*** SUMMARY ***
Total pot $36 | Rake $0.50
Board [2c 3s 4h 2s 2d]
Seat 2: Hannibal2211 (button) (small blind) folded on the River
Seat 3: sokol-max-PS (big blind) collected ($35.50)


PokerStars Hand #158750905248:  Hold'em Limit ($3/$6 USD) - 2016/09/18 0:45:37 ET
Table 'Leo' 6-max Seat #2 is the button
Seat 2: Hannibal2211 ($73 in chips)
Seat 3: sokol-max-PS ($123.28 in chips)
Hannibal2211: posts small blind $1
sokol-max-PS: posts big blind $3
*** HOLE CARDS ***
Hannibal2211: raises $3 to $6
sokol-max-PS: calls $3
*** FLOP *** [3d 5c 5h]
sokol-max-PS: checks
Hannibal2211: bets $3
sokol-max-PS: raises $3 to $6
Hannibal2211: calls $3
*** TURN *** [3d 5c 5h] [Ts]
sokol-max-PS: bets $6
Hannibal2211: folds
Uncalled bet ($6) returned to sokol-max-PS
sokol-max-PS collected $23.52 from pot
*** SUMMARY ***
Total pot $24 | Rake $0.48
Board [3d 5c 5h Ts]
Seat 2: Hannibal2211 (button) (small blind) folded on the Turn
Seat 3: sokol-max-PS (big blind) collected ($23.52)


PokerStars Hand #158750929530:  Hold'em Limit ($3/$6 USD) - 2016/09/18 0:47:18 ET
Table 'Leo' 6-max Seat #3 is the button
Seat 2: Hannibal2211 ($76 in chips)
Seat 3: sokol-max-PS ($151.30 in chips)
sokol-max-PS: posts small blind $1
Hannibal2211: posts big blind $3
*** HOLE CARDS ***
sokol-max-PS: raises $3 to $6
Hannibal2211: calls $3
*** FLOP *** [9d Ah Jd]
Hannibal2211: checks
sokol-max-PS: bets $3
Hannibal2211: folds
Uncalled bet ($3) returned to sokol-max-PS
sokol-max-PS collected $11.76 from pot
*** SUMMARY ***
Total pot $12 | Rake $0.24
Board [9d Ah Jd]
Seat 2: Hannibal2211 (big blind) folded on the Flop
Seat 3: sokol-max-PS (button) (small blind) collected ($11.76)


PokerStars Hand #158750938024:  Hold'em Limit ($3/$6 USD) - 2016/09/18 0:47:54 ET
Table 'Leo' 6-max Seat #3 is the button
Seat 2: Hannibal2211 ($72 in chips)
Seat 3: sokol-max-PS ($158.06 in chips)
sokol-max-PS: posts small blind $1
FabronxRJ joins the table at seat #4
Hannibal2211: posts big blind $3
*** HOLE CARDS ***
sokol-max-PS: raises $3 to $6
Hannibal2211: folds
Uncalled bet ($3) returned to sokol-max-PS
sokol-max-PS collected $6 from pot
*** SUMMARY ***
Total pot $6 | Rake $0
Seat 2: Hannibal2211 (big blind) folded before Flop
Seat 3: sokol-max-PS (button) (small blind) collected ($6)


PokerStars Hand #158750927233:  Hold'em Limit ($3/$6 USD) - 2016/09/18 0:47:09 ET
Table 'Leo' 6-max Seat #2 is the button
Seat 2: Hannibal2211 ($73 in chips)
Seat 3: sokol-max-PS ($154.30 in chips)
Hannibal2211: posts small blind $1
sokol-max-PS: posts big blind $3
*** HOLE CARDS ***
Hannibal2211: raises $3 to $6
sokol-max-PS: folds
Uncalled bet ($3) returned to Hannibal2211
Hannibal2211 collected $6 from pot
*** SUMMARY ***
Total pot $6 | Rake $0
Seat 2: Hannibal2211 (button) (small blind) collected ($6)
Seat 3: sokol-max-PS (big blind) folded before Flop


PokerStars Hand #158750936132:  Hold'em Limit ($3/$6 USD) - 2016/09/18 0:47:46 ET
Table 'Leo' 6-max Seat #2 is the button
Seat 2: Hannibal2211 ($72 in chips)
Seat 3: sokol-max-PS ($157.06 in chips)
Hannibal2211: posts small blind $1
sokol-max-PS: posts big blind $3
*** HOLE CARDS ***
Hannibal2211: folds
Uncalled bet ($2) returned to sokol-max-PS
sokol-max-PS collected $2 from pot
*** SUMMARY ***
Total pot $2 | Rake $0
Seat 2: Hannibal2211 (button) (small blind) folded before Flop
Seat 3: sokol-max-PS (big blind) collected ($2)


PokerStars Hand #158750940402:  Hold'em Limit ($3/$6 USD) - 2016/09/18 0:48:04 ET
Table 'Leo' 6-max Seat #2 is the button
Seat 2: Hannibal2211 ($72 in chips)
Seat 3: sokol-max-PS ($161.06 in chips)
Hannibal2211: posts small blind $1
sokol-max-PS: posts big blind $3
*** HOLE CARDS ***
Hannibal2211: folds
Uncalled bet ($2) returned to sokol-max-PS
sokol-max-PS collected $2 from pot
*** SUMMARY ***
Total pot $2 | Rake $0
Seat 2: Hannibal2211 (button) (small blind) folded before Flop
Seat 3: sokol-max-PS (big blind) collected ($2)


PokerStars Hand #158752877288:  Hold'em Limit ($3/$6 USD) - 2016/09/18 2:59:12 ET
Table 'Leo' 6-max Seat #5 is the button
Seat 4: _fayzulllo_ ($69 in chips)
Seat 5: Wurst2000 ($119.38 in chips)
Wurst2000: posts small blind $1
_fayzulllo_: posts big blind $3
*** HOLE CARDS ***
Wurst2000: folds
Uncalled bet ($2) returned to _fayzulllo_
_fayzulllo_ collected $2 from pot
_fayzulllo_: doesn't show hand
*** SUMMARY ***
Total pot $2 | Rake $0
Seat 4: _fayzulllo_ (big blind) collected ($2)
Seat 5: Wurst2000 (button) (small blind) folded before Flop


PokerStars Hand #158752880047:  Hold'em Limit ($3/$6 USD) - 2016/09/18 2:59:24 ET
Table 'Leo' 6-max Seat #5 is the button
Seat 4: _fayzulllo_ ($69 in chips)
Seat 5: Wurst2000 ($119.38 in chips)
Wurst2000: posts small blind $1
_fayzulllo_: posts big blind $3
*** HOLE CARDS ***
Wurst2000: raises $3 to $6
_fayzulllo_: folds
Uncalled bet ($3) returned to Wurst2000
Wurst2000 collected $6 from pot
Wurst2000: doesn't show hand
*** SUMMARY ***
Total pot $6 | Rake $0
Seat 4: _fayzulllo_ (big blind) folded before Flop
Seat 5: Wurst2000 (button) (small blind) collected ($6)


PokerStars Hand #158752878643:  Hold'em Limit ($3/$6 USD) - 2016/09/18 2:59:18 ET
Table 'Leo' 6-max Seat #4 is the button
Seat 4: _fayzulllo_ ($70 in chips)
Seat 5: Wurst2000 ($118.38 in chips)
_fayzulllo_: posts small blind $1
Wurst2000: posts big blind $3
*** HOLE CARDS ***
_fayzulllo_: folds
Uncalled bet ($2) returned to Wurst2000
Wurst2000 collected $2 from pot
Wurst2000: doesn't show hand
*** SUMMARY ***
Total pot $2 | Rake $0
Seat 4: _fayzulllo_ (button) (small blind) folded before Flop
Seat 5: Wurst2000 (big blind) collected ($2)


PokerStars Hand #158752871936:  Hold'em Limit ($3/$6 USD) - 2016/09/18 2:58:50 ET
Table 'Leo' 6-max Seat #4 is the button
Seat 4: _fayzulllo_ ($72 in chips)
Seat 5: Wurst2000 ($116.50 in chips)
_fayzulllo_: posts small blind $1
Wurst2000: posts big blind $3
*** HOLE CARDS ***
_fayzulllo_: calls $2
Wurst2000: checks
*** FLOP *** [As Qs 5h]
Wurst2000: checks
_fayzulllo_: checks
*** TURN *** [As Qs 5h] [9c]
Wurst2000: checks
_fayzulllo_: checks
*** RIVER *** [As Qs 5h 9c] [3d]
Wurst2000: bets $6
_fayzulllo_: folds
Uncalled bet ($6) returned to Wurst2000
Wurst2000 collected $5.88 from pot
Wurst2000: doesn't show hand
*** SUMMARY ***
Total pot $6 | Rake $0.12
Board [As Qs 5h 9c 3d]
Seat 4: _fayzulllo_ (button) (small blind) folded on the River
Seat 5: Wurst2000 (big blind) collected ($5.88)


PokerStars Hand #158752896691:  Hold'em Limit ($3/$6 USD) - 2016/09/18 3:00:32 ET
Table 'Leo' 6-max Seat #5 is the button
Seat 4: _fayzulllo_ ($63.64 in chips)
Seat 5: Wurst2000 ($123.90 in chips)
Wurst2000: posts small blind $1
_fayzulllo_: posts big blind $3
*** HOLE CARDS ***
Wurst2000: folds
Uncalled bet ($2) returned to _fayzulllo_
_fayzulllo_ collected $2 from pot
_fayzulllo_: doesn't show hand
*** SUMMARY ***
Total pot $2 | Rake $0
Seat 4: _fayzulllo_ (big blind) collected ($2)
Seat 5: Wurst2000 (button) (small blind) folded before Flop


PokerStars Hand #158752891752:  Hold'em Limit ($3/$6 USD) - 2016/09/18 3:00:12 ET
Table 'Leo' 6-max Seat #4 is the button
Seat 4: _fayzulllo_ ($55 in chips)
Seat 5: Wurst2000 ($132.90 in chips)
_fayzulllo_: posts small blind $1
Wurst2000: posts big blind $3
*** HOLE CARDS ***
_fayzulllo_: calls $2
Wurst2000: raises $3 to $6
_fayzulllo_: calls $3
*** FLOP *** [Qd 6d 3d]
Wurst2000: bets $3
_fayzulllo_: calls $3
*** TURN *** [Qd 6d 3d] [4c]
Wurst2000: checks
_fayzulllo_: bets $6
Wurst2000: folds
Uncalled bet ($6) returned to _fayzulllo_
_fayzulllo_ collected $17.64 from pot
_fayzulllo_: doesn't show hand
*** SUMMARY ***
Total pot $18 | Rake $0.36
Board [Qd 6d 3d 4c]
Seat 4: _fayzulllo_ (button) (small blind) collected ($17.64)
Seat 5: Wurst2000 (big blind) folded on the Turn


PokerStars Hand #158752890631:  Hold'em Limit ($3/$6 USD) - 2016/09/18 3:00:08 ET
Table 'Leo' 6-max Seat #5 is the button
Seat 4: _fayzulllo_ ($54 in chips)
Seat 5: Wurst2000 ($133.90 in chips)
Wurst2000: posts small blind $1
_fayzulllo_: posts big blind $3
*** HOLE CARDS ***
Wurst2000: folds
Uncalled bet ($2) returned to _fayzulllo_
_fayzulllo_ collected $2 from pot
*** SUMMARY ***
Total pot $2 | Rake $0
Seat 4: _fayzulllo_ (big blind) collected ($2)
Seat 5: Wurst2000 (button) (small blind) folded before Flop


PokerStars Hand #158752881794:  Hold'em Limit ($3/$6 USD) - 2016/09/18 2:59:31 ET
Table 'Leo' 6-max Seat #4 is the button
Seat 4: _fayzulllo_ ($66 in chips)
Seat 5: Wurst2000 ($122.38 in chips)
_fayzulllo_: posts small blind $1
Wurst2000: posts big blind $3
*** HOLE CARDS ***
_fayzulllo_: raises $3 to $6
Wurst2000: calls $3
*** FLOP *** [4h 3d 8d]
Wurst2000: checks
_fayzulllo_: checks
*** TURN *** [4h 3d 8d] [Td]
Wurst2000: bets $6
_fayzulllo_: calls $6
*** RIVER *** [4h 3d 8d Td] [8h]
Wurst2000: bets $6
_fayzulllo_: folds
Uncalled bet ($6) returned to Wurst2000
Wurst2000 collected $23.52 from pot
Wurst2000: doesn't show hand
*** SUMMARY ***
Total pot $24 | Rake $0.48
Board [4h 3d 8d Td 8h]
Seat 4: _fayzulllo_ (button) (small blind) folded on the River
Seat 5: Wurst2000 (big blind) collected ($23.52)


PokerStars Hand #158752903790:  Hold'em Limit ($3/$6 USD) - 2016/09/18 3:01:00 ET
Table 'Leo' 6-max Seat #4 is the button
Seat 4: _fayzulllo_ ($53.64 in chips)
Seat 5: Wurst2000 ($133.42 in chips)
_fayzulllo_: posts small blind $1
Wurst2000: posts big blind $3
*** HOLE CARDS ***
_fayzulllo_: calls $2
Wurst2000: raises $3 to $6
_fayzulllo_: calls $3
*** FLOP *** [Jd 8d 6d]
Wurst2000: bets $3
_fayzulllo_: calls $3
*** TURN *** [Jd 8d 6d] [2d]
Wurst2000: bets $6
_fayzulllo_: calls $6
*** RIVER *** [Jd 8d 6d 2d] [7c]
Wurst2000: checks
_fayzulllo_: bets $6
Wurst2000: calls $6
*** SHOW DOWN ***
_fayzulllo_: shows [9d 8h] (a flush, Jack high)
Wurst2000: mucks hand
_fayzulllo_ collected $41.50 from pot
*** SUMMARY ***
Total pot $42 | Rake $0.50
Board [Jd 8d 6d 2d 7c]
Seat 4: _fayzulllo_ (button) (small blind) showed [9d 8h] and won ($41.50) with a flush, Jack high
Seat 5: Wurst2000 (big blind) mucked


PokerStars Hand #158752897904:  Hold'em Limit ($3/$6 USD) - 2016/09/18 3:00:37 ET
Table 'Leo' 6-max Seat #4 is the button
Seat 4: _fayzulllo_ ($64.64 in chips)
Seat 5: Wurst2000 ($122.90 in chips)
_fayzulllo_: posts small blind $1
Wurst2000: posts big blind $3
*** HOLE CARDS ***
_fayzulllo_: raises $3 to $6
Wurst2000: calls $3
*** FLOP *** [Th 6h 3s]
Wurst2000: checks
_fayzulllo_: checks
*** TURN *** [Th 6h 3s] [5d]
Wurst2000: bets $6
_fayzulllo_: calls $6
*** RIVER *** [Th 6h 3s 5d] [Qd]
Wurst2000: checks
_fayzulllo_: checks
*** SHOW DOWN ***
Wurst2000: shows [4h 5c] (a pair of Fives)
_fayzulllo_: mucks hand
Wurst2000 collected $23.52 from pot
*** SUMMARY ***
Total pot $24 | Rake $0.48
Board [Th 6h 3s 5d Qd]
Seat 4: _fayzulllo_ (button) (small blind) mucked
Seat 5: Wurst2000 (big blind) showed [4h 5c] and won ($23.52) with a pair of Fives


PokerStars Hand #158752901999:  Hold'em Limit ($3/$6 USD) - 2016/09/18 3:00:53 ET
Table 'Leo' 6-max Seat #5 is the button
Seat 4: _fayzulllo_ ($52.64 in chips)
Seat 5: Wurst2000 ($134.42 in chips)
Wurst2000: posts small blind $1
_fayzulllo_: posts big blind $3
*** HOLE CARDS ***
Wurst2000: folds
Uncalled bet ($2) returned to _fayzulllo_
_fayzulllo_ collected $2 from pot
_fayzulllo_: doesn't show hand
*** SUMMARY ***
Total pot $2 | Rake $0
Seat 4: _fayzulllo_ (big blind) collected ($2)
Seat 5: Wurst2000 (button) (small blind) folded before Flop


PokerStars Hand #158754628846:  Hold'em Limit ($3/$6 USD) - 2016/09/18 4:35:02 ET
Table 'Leo' 6-max Seat #1 is the button
Seat 1: _fayzulllo_ ($71.50 in chips)
Seat 4: VolkovDmitri ($123 in chips)
_fayzulllo_: posts small blind $1
VolkovDmitri: posts big blind $3
*** HOLE CARDS ***
_fayzulllo_: folds
Uncalled bet ($2) returned to VolkovDmitri
VolkovDmitri collected $2 from pot
VolkovDmitri: doesn't show hand
*** SUMMARY ***
Total pot $2 | Rake $0
Seat 1: _fayzulllo_ (button) (small blind) folded before Flop
Seat 4: VolkovDmitri (big blind) collected ($2)


PokerStars Hand #158754623971:  Hold'em Limit ($3/$6 USD) - 2016/09/18 4:34:48 ET
Table 'Leo' 6-max Seat #4 is the button
Seat 1: _fayzulllo_ ($74.50 in chips)
Seat 4: VolkovDmitri ($120 in chips)
VolkovDmitri: posts small blind $1
_fayzulllo_: posts big blind $3
*** HOLE CARDS ***
VolkovDmitri: raises $3 to $6
_fayzulllo_: folds
Uncalled bet ($3) returned to VolkovDmitri
VolkovDmitri collected $6 from pot
VolkovDmitri: doesn't show hand
*** SUMMARY ***
Total pot $6 | Rake $0
Seat 1: _fayzulllo_ (big blind) folded before Flop
Seat 4: VolkovDmitri (button) (small blind) collected ($6)


PokerStars Hand #158754614372:  Hold'em Limit ($3/$6 USD) - 2016/09/18 4:34:20 ET
Table 'Leo' 6-max Seat #1 is the button
Seat 1: _fayzulllo_ ($48 in chips)
Seat 4: VolkovDmitri ($143.14 in chips)
_fayzulllo_: posts small blind $1
VolkovDmitri: posts big blind $3
*** HOLE CARDS ***
_fayzulllo_: calls $2
VolkovDmitri: checks
*** FLOP *** [8h Ks 2s]
VolkovDmitri: checks
_fayzulllo_: bets $3
VolkovDmitri: raises $3 to $6
_fayzulllo_: calls $3
*** TURN *** [8h Ks 2s] [4h]
VolkovDmitri: bets $6
_fayzulllo_: calls $6
*** RIVER *** [8h Ks 2s 4h] [7h]
VolkovDmitri: bets $6
_fayzulllo_: raises $6 to $12
VolkovDmitri: calls $6
*** SHOW DOWN ***
_fayzulllo_: shows [8s 7s] (two pair, Eights and Sevens)
VolkovDmitri: mucks hand
_fayzulllo_ collected $53.50 from pot
*** SUMMARY ***
Total pot $54 | Rake $0.50
Board [8h Ks 2s 4h 7h]
Seat 1: _fayzulllo_ (button) (small blind) showed [8s 7s] and won ($53.50) with two pair, Eights and Sevens
Seat 4: VolkovDmitri (big blind) mucked


PokerStars Hand #158754604711:  Hold'em Limit ($3/$6 USD) - 2016/09/18 4:33:53 ET
Table 'Leo' 6-max Seat #4 is the button
Seat 1: _fayzulllo_ ($63 in chips)
Seat 4: VolkovDmitri ($128.64 in chips)
VolkovDmitri: posts small blind $1
_fayzulllo_: posts big blind $3
*** HOLE CARDS ***
VolkovDmitri: raises $3 to $6
_fayzulllo_: calls $3
*** FLOP *** [5s 4s 2d]
_fayzulllo_: checks
VolkovDmitri: bets $3
_fayzulllo_: calls $3
*** TURN *** [5s 4s 2d] [9c]
_fayzulllo_: checks
VolkovDmitri: bets $6
_fayzulllo_: calls $6
*** RIVER *** [5s 4s 2d 9c] [As]
_fayzulllo_: checks
VolkovDmitri: bets $6
_fayzulllo_: folds
Uncalled bet ($6) returned to VolkovDmitri
VolkovDmitri collected $29.50 from pot
VolkovDmitri: doesn't show hand
*** SUMMARY ***
Total pot $30 | Rake $0.50
Board [5s 4s 2d 9c As]
Seat 1: _fayzulllo_ (big blind) folded on the River
Seat 4: VolkovDmitri (button) (small blind) collected ($29.50)


PokerStars Hand #158754648832:  Hold'em Limit ($3/$6 USD) - 2016/09/18 4:35:59 ET
Table 'Leo' 6-max Seat #1 is the button
Seat 1: _fayzulllo_ ($81 in chips)
Seat 4: VolkovDmitri ($124 in chips)
_fayzulllo_: posts small blind $1
VolkovDmitri: posts big blind $3
*** HOLE CARDS ***
_fayzulllo_: folds
Uncalled bet ($2) returned to VolkovDmitri
VolkovDmitri collected $2 from pot
VolkovDmitri: doesn't show hand
*** SUMMARY ***
Total pot $2 | Rake $0
Seat 1: _fayzulllo_ (button) (small blind) folded before Flop
Seat 4: VolkovDmitri (big blind) collected ($2)


PokerStars Hand #158754643747:  Hold'em Limit ($3/$6 USD) - 2016/09/18 4:35:44 ET
Table 'Leo' 6-max Seat #4 is the button
Seat 1: _fayzulllo_ ($84 in chips)
Seat 4: VolkovDmitri ($121 in chips)
VolkovDmitri: posts small blind $1
_fayzulllo_: posts big blind $3
*** HOLE CARDS ***
VolkovDmitri: raises $3 to $6
_fayzulllo_: folds
Uncalled bet ($3) returned to VolkovDmitri
VolkovDmitri collected $6 from pot
VolkovDmitri: doesn't show hand
*** SUMMARY ***
Total pot $6 | Rake $0
Seat 1: _fayzulllo_ (big blind) folded before Flop
Seat 4: VolkovDmitri (button) (small blind) collected ($6)


PokerStars Hand #158754641708:  Hold'em Limit ($3/$6 USD) - 2016/09/18 4:35:38 ET
Table 'Leo' 6-max Seat #1 is the button
Seat 1: _fayzulllo_ ($85 in chips)
Seat 4: VolkovDmitri ($120 in chips)
_fayzulllo_: posts small blind $1
VolkovDmitri: posts big blind $3
*** HOLE CARDS ***
_fayzulllo_: folds
Uncalled bet ($2) returned to VolkovDmitri
VolkovDmitri collected $2 from pot
VolkovDmitri: doesn't show hand
*** SUMMARY ***
Total pot $2 | Rake $0
Seat 1: _fayzulllo_ (button) (small blind) folded before Flop
Seat 4: VolkovDmitri (big blind) collected ($2)


PokerStars Hand #158754630717:  Hold'em Limit ($3/$6 USD) - 2016/09/18 4:35:07 ET
Table 'Leo' 6-max Seat #4 is the button
Seat 1: _fayzulllo_ ($70.50 in chips)
Seat 4: VolkovDmitri ($124 in chips)
VolkovDmitri: posts small blind $1
_fayzulllo_: posts big blind $3
*** HOLE CARDS ***
VolkovDmitri: raises $3 to $6
_fayzulllo_: calls $3
*** FLOP *** [8c 5s Qh]
_fayzulllo_: checks
VolkovDmitri: bets $3
_fayzulllo_: calls $3
*** TURN *** [8c 5s Qh] [Ad]
_fayzulllo_: checks
VolkovDmitri: checks
*** RIVER *** [8c 5s Qh Ad] [3c]
_fayzulllo_: bets $6
VolkovDmitri: calls $6
*** SHOW DOWN ***
_fayzulllo_: shows [7h 8s] (a pair of Eights)
VolkovDmitri: mucks hand
_fayzulllo_ collected $29.50 from pot
*** SUMMARY ***
Total pot $30 | Rake $0.50
Board [8c 5s Qh Ad 3c]
Seat 1: _fayzulllo_ (big blind) showed [7h 8s] and won ($29.50) with a pair of Eights
Seat 4: VolkovDmitri (button) (small blind) mucked


PokerStars Hand #158754650744:  Hold'em Limit ($3/$6 USD) - 2016/09/18 4:36:04 ET
Table 'Leo' 6-max Seat #4 is the button
Seat 1: _fayzulllo_ ($80 in chips)
Seat 4: VolkovDmitri ($125 in chips)
VolkovDmitri: posts small blind $1
_fayzulllo_: posts big blind $3
*** HOLE CARDS ***
VolkovDmitri: raises $3 to $6
_fayzulllo_: raises $3 to $9
VolkovDmitri: calls $3
*** FLOP *** [3h Td 4c]
_fayzulllo_: bets $3
VolkovDmitri: calls $3
*** TURN *** [3h Td 4c] [5c]
_fayzulllo_: checks
VolkovDmitri: bets $6
_fayzulllo_: raises $6 to $12
VolkovDmitri: raises $6 to $18
_fayzulllo_: folds
Uncalled bet ($6) returned to VolkovDmitri
VolkovDmitri collected $47.50 from pot
VolkovDmitri: doesn't show hand
*** SUMMARY ***
Total pot $48 | Rake $0.50
Board [3h Td 4c 5c]
Seat 1: _fayzulllo_ (big blind) folded on the Turn
Seat 4: VolkovDmitri (button) (small blind) collected ($47.50)


PokerStars Hand #158754683852:  Hold'em Limit ($3/$6 USD) - 2016/09/18 4:37:38 ET
Table 'Leo' 6-max Seat #4 is the button
Seat 1: _fayzulllo_ ($28 in chips)
Seat 4: VolkovDmitri ($175.76 in chips)
VolkovDmitri: posts small blind $1
_fayzulllo_: posts big blind $3
*** HOLE CARDS ***
VolkovDmitri: raises $3 to $6
_fayzulllo_: calls $3
*** FLOP *** [2h 8d Kc]
_fayzulllo_: checks
VolkovDmitri: bets $3
_fayzulllo_: folds
Uncalled bet ($3) returned to VolkovDmitri
VolkovDmitri collected $11.76 from pot
VolkovDmitri: doesn't show hand
*** SUMMARY ***
Total pot $12 | Rake $0.24
Board [2h 8d Kc]
Seat 1: _fayzulllo_ (big blind) folded on the Flop
Seat 4: VolkovDmitri (button) (small blind) collected ($11.76)


PokerStars Hand #158754682006:  Hold'em Limit ($3/$6 USD) - 2016/09/18 4:37:32 ET
Table 'Leo' 6-max Seat #1 is the button
Seat 1: _fayzulllo_ ($29 in chips)
Seat 4: VolkovDmitri ($174.76 in chips)
_fayzulllo_: posts small blind $1
VolkovDmitri: posts big blind $3
*** HOLE CARDS ***
_fayzulllo_: folds
Uncalled bet ($2) returned to VolkovDmitri
VolkovDmitri collected $2 from pot
VolkovDmitri: doesn't show hand
*** SUMMARY ***
Total pot $2 | Rake $0
Seat 1: _fayzulllo_ (button) (small blind) folded before Flop
Seat 4: VolkovDmitri (big blind) collected ($2)


PokerStars Hand #158754676611:  Hold'em Limit ($3/$6 USD) - 2016/09/18 4:37:17 ET
Table 'Leo' 6-max Seat #4 is the button
Seat 1: _fayzulllo_ ($35 in chips)
Seat 4: VolkovDmitri ($169 in chips)
VolkovDmitri: posts small blind $1
_fayzulllo_: posts big blind $3
*** HOLE CARDS ***
VolkovDmitri: raises $3 to $6
_fayzulllo_: calls $3
*** FLOP *** [5c 9s Kh]
_fayzulllo_: checks
VolkovDmitri: bets $3
_fayzulllo_: folds
Uncalled bet ($3) returned to VolkovDmitri
VolkovDmitri collected $11.76 from pot
VolkovDmitri: doesn't show hand
*** SUMMARY ***
Total pot $12 | Rake $0.24
Board [5c 9s Kh]
Seat 1: _fayzulllo_ (big blind) folded on the Flop
Seat 4: VolkovDmitri (button) (small blind) collected ($11.76)


PokerStars Hand #158754668038:  Hold'em Limit ($3/$6 USD) - 2016/09/18 4:36:53 ET
Table 'Leo' 6-max Seat #1 is the button
Seat 1: _fayzulllo_ ($56 in chips)
Seat 4: VolkovDmitri ($148.50 in chips)
_fayzulllo_: posts small blind $1
VolkovDmitri: posts big blind $3
*** HOLE CARDS ***
_fayzulllo_: calls $2
VolkovDmitri: raises $3 to $6
_fayzulllo_: calls $3
*** FLOP *** [8h Ah 6h]
VolkovDmitri: bets $3
_fayzulllo_: calls $3
*** TURN *** [8h Ah 6h] [Ts]
VolkovDmitri: bets $6
_fayzulllo_: calls $6
*** RIVER *** [8h Ah 6h Ts] [8s]
VolkovDmitri: bets $6
_fayzulllo_: calls $6
*** SHOW DOWN ***
VolkovDmitri: shows [5h Qh] (a flush, Ace high)
_fayzulllo_: mucks hand
VolkovDmitri collected $41.50 from pot
*** SUMMARY ***
Total pot $42 | Rake $0.50
Board [8h Ah 6h Ts 8s]
Seat 1: _fayzulllo_ (button) (small blind) mucked
Seat 4: VolkovDmitri (big blind) showed [5h Qh] and won ($41.50) with a flush, Ace high


PokerStars Hand #158754691694:  Hold'em Limit ($3/$6 USD) - 2016/09/18 4:38:00 ET
Table 'Leo' 6-max Seat #1 is the button
Seat 1: _fayzulllo_ ($22 in chips)
Seat 4: VolkovDmitri ($181.52 in chips)
_fayzulllo_: posts small blind $1
VolkovDmitri: posts big blind $3
*** HOLE CARDS ***
_fayzulllo_: calls $2
VolkovDmitri: raises $3 to $6
_fayzulllo_: calls $3
*** FLOP *** [4h 7h Kc]
VolkovDmitri: bets $3
_fayzulllo_: folds
Uncalled bet ($3) returned to VolkovDmitri
VolkovDmitri collected $11.76 from pot
VolkovDmitri: doesn't show hand
_fayzulllo_ leaves the table
*** SUMMARY ***
Total pot $12 | Rake $0.24
Board [4h 7h Kc]
Seat 1: _fayzulllo_ (button) (small blind) folded on the Flop
Seat 4: VolkovDmitri (big blind) collected ($11.76)


