PokerStars Hand #155633229315:  Hold'em Limit ($3/$6 USD) - 2016/07/06 9:59:30 ET
Table 'Leocadia' 6-max Seat #3 is the button
Seat 3: 5OHAPPY ($120 in chips)
Seat 4: VolkovDmitri ($120 in chips)
5OHAPPY: posts small blind $1
VolkovDmitri: posts big blind $3
*** HOLE CARDS ***
5OHAPPY: raises $3 to $6
VolkovDmitri: raises $3 to $9
5OHAPPY: raises $3 to $12
Betting is capped
VolkovDmitri: calls $3
*** FLOP *** [Kc Jd 2s]
VolkovDmitri: checks
5OHAPPY: bets $3
VolkovDmitri: calls $3
*** TURN *** [Kc Jd 2s] [Ad]
VolkovDmitri: bets $6
5OHAPPY: raises $6 to $12
VolkovDmitri: raises $6 to $18
5OHAPPY: raises $6 to $24
Betting is capped
VolkovDmitri: calls $6
*** RIVER *** [Kc Jd 2s Ad] [4d]
VolkovDmitri: bets $6
5OHAPPY: raises $6 to $12
VolkovDmitri: raises $6 to $18
5OHAPPY: calls $6
*** SHOW DOWN ***
VolkovDmitri: shows [Th Qs] (a straight, Ten to Ace)
5OHAPPY: mucks hand
VolkovDmitri collected $113.50 from pot
*** SUMMARY ***
Total pot $114 | Rake $0.50
Board [Kc Jd 2s Ad 4d]
Seat 3: 5OHAPPY (button) (small blind) mucked
Seat 4: VolkovDmitri (big blind) showed [Th Qs] and won ($113.50) with a straight, Ten to Ace


PokerStars Hand #155633266372:  Hold'em Limit ($3/$6 USD) - 2016/07/06 10:00:49 ET
Table 'Leocadia' 6-max Seat #3 is the button
Seat 3: 5OHAPPY ($51 in chips)
Seat 4: VolkovDmitri ($188.02 in chips)
5OHAPPY: posts small blind $1
VolkovDmitri: posts big blind $3
*** HOLE CARDS ***
Pelurile joins the table at seat #5
5OHAPPY: raises $3 to $6
VolkovDmitri: calls $3
*** FLOP *** [9c 8d 9h]
VolkovDmitri: checks
5OHAPPY: checks
*** TURN *** [9c 8d 9h] [5c]
VolkovDmitri: checks
5OHAPPY: bets $6
VolkovDmitri: folds
Uncalled bet ($6) returned to 5OHAPPY
5OHAPPY collected $11.76 from pot
*** SUMMARY ***
Total pot $12 | Rake $0.24
Board [9c 8d 9h 5c]
Seat 3: 5OHAPPY (button) (small blind) collected ($11.76)
Seat 4: VolkovDmitri (big blind) folded on the Turn


PokerStars Hand #155633253985:  Hold'em Limit ($3/$6 USD) - 2016/07/06 10:00:23 ET
Table 'Leocadia' 6-max Seat #4 is the button
Seat 3: 5OHAPPY ($63 in chips)
Seat 4: VolkovDmitri ($176.50 in chips)
VolkovDmitri: posts small blind $1
5OHAPPY: posts big blind $3
*** HOLE CARDS ***
VolkovDmitri: raises $3 to $6
5OHAPPY: raises $3 to $9
VolkovDmitri: raises $3 to $12
Betting is capped
5OHAPPY: calls $3
*** FLOP *** [4h Ah 9c]
5OHAPPY: checks
VolkovDmitri: bets $3
5OHAPPY: folds
Uncalled bet ($3) returned to VolkovDmitri
VolkovDmitri collected $23.52 from pot
VolkovDmitri: doesn't show hand
*** SUMMARY ***
Total pot $24 | Rake $0.48
Board [4h Ah 9c]
Seat 3: 5OHAPPY (big blind) folded on the Flop
Seat 4: VolkovDmitri (button) (small blind) collected ($23.52)


PokerStars Hand #155633390586:  Hold'em Limit ($3/$6 USD) - 2016/07/06 10:04:49 ET
Table 'Leocadia' 6-max Seat #4 is the button
Seat 4: VolkovDmitri ($227.63 in chips)
Seat 5: Pelurile ($47.33 in chips)
VolkovDmitri: posts small blind $1
Pelurile: posts big blind $3
*** HOLE CARDS ***
VolkovDmitri: raises $3 to $6
Pelurile: calls $3
*** FLOP *** [Qd 7d 8h]
Pelurile: checks
VolkovDmitri: bets $3
Pelurile: calls $3
*** TURN *** [Qd 7d 8h] [5h]
vovojc joins the table at seat #2
Pelurile: checks
VolkovDmitri: checks
*** RIVER *** [Qd 7d 8h 5h] [Ad]
Pelurile: checks
VolkovDmitri: checks
*** SHOW DOWN ***
Pelurile: shows [Th 2h] (high card Ace)
VolkovDmitri: shows [2d Jc] (high card Ace - Queen+Jack kicker)
VolkovDmitri collected $17.64 from pot
*** SUMMARY ***
Total pot $18 | Rake $0.36
Board [Qd 7d 8h 5h Ad]
Seat 4: VolkovDmitri (button) (small blind) showed [2d Jc] and won ($17.64) with high card Ace
Seat 5: Pelurile (big blind) showed [Th 2h] and lost with high card Ace


PokerStars Hand #155633348955:  Hold'em Limit ($3/$6 USD) - 2016/07/06 10:03:29 ET
Table 'Leocadia' 6-max Seat #5 is the button
Seat 4: VolkovDmitri ($204.13 in chips)
Seat 5: Pelurile ($71.33 in chips)
5OHAPPY has timed out while being disconnected
5OHAPPY: is sitting out
Pelurile: posts small blind $1
VolkovDmitri: posts big blind $3
*** HOLE CARDS ***
5OHAPPY is disconnected
Pelurile: raises $3 to $6
VolkovDmitri: raises $3 to $9
HAL9QQQ leaves the table
Pelurile: calls $3
*** FLOP *** [Ah 3d 6c]
VolkovDmitri: bets $3
Pelurile: calls $3
*** TURN *** [Ah 3d 6c] [Jh]
HAL9QQQ joins the table at seat #1
VolkovDmitri: bets $6
Pelurile: calls $6
*** RIVER *** [Ah 3d 6c Jh] [4c]
VolkovDmitri: bets $6
Pelurile: calls $6
*** SHOW DOWN ***
VolkovDmitri: shows [Qh Qc] (a pair of Queens)
Pelurile: mucks hand
VolkovDmitri collected $47.50 from pot
*** SUMMARY ***
Total pot $48 | Rake $0.50
Board [Ah 3d 6c Jh 4c]
Seat 4: VolkovDmitri (big blind) showed [Qh Qc] and won ($47.50) with a pair of Queens
Seat 5: Pelurile (button) (small blind) mucked


PokerStars Hand #155633749659:  Hold'em Limit ($3/$6 USD) - 2016/07/06 10:16:11 ET
Table 'Leocadia' 6-max Seat #1 is the button
Seat 1: HAL9QQQ ($154.86 in chips)
Seat 5: Pelurile ($114.02 in chips)
HAL9QQQ: posts small blind $1
Pelurile: posts big blind $3
*** HOLE CARDS ***
HAL9QQQ: raises $3 to $6
Pelurile: calls $3
*** FLOP *** [7d 3d 6h]
5OHAPPY said, "i can do that"
Pelurile: checks
HAL9QQQ: bets $3
Pelurile: raises $3 to $6
HAL9QQQ: calls $3
*** TURN *** [7d 3d 6h] [Ah]
Pelurile: bets $6
HAL9QQQ: raises $6 to $12
Pelurile: folds
Uncalled bet ($6) returned to HAL9QQQ
HAL9QQQ collected $35.50 from pot
HAL9QQQ: doesn't show hand
*** SUMMARY ***
Total pot $36 | Rake $0.50
Board [7d 3d 6h Ah]
Seat 1: HAL9QQQ (button) (small blind) collected ($35.50)
Seat 5: Pelurile (big blind) folded on the Turn


PokerStars Hand #155633778605:  Hold'em Limit ($3/$6 USD) - 2016/07/06 10:17:05 ET
Table 'Leocadia' 6-max Seat #5 is the button
Seat 1: HAL9QQQ ($172.36 in chips)
Seat 5: Pelurile ($96.02 in chips)
Pelurile: posts small blind $1
HAL9QQQ: posts big blind $3
*** HOLE CARDS ***
Pelurile: raises $3 to $6
HAL9QQQ: calls $3
*** FLOP *** [5d As 7c]
HAL9QQQ: checks
Pelurile: bets $3
HAL9QQQ: raises $3 to $6
Pelurile: calls $3
*** TURN *** [5d As 7c] [Js]
HAL9QQQ: bets $6
Pelurile: raises $6 to $12
5OHAPPY leaves the table
HAL9QQQ: calls $6
*** RIVER *** [5d As 7c Js] [Kh]
HAL9QQQ: checks
Pelurile: checks
*** SHOW DOWN ***
HAL9QQQ: shows [Kc Ac] (two pair, Aces and Kings)
Pelurile: mucks hand
HAL9QQQ collected $47.50 from pot
*** SUMMARY ***
Total pot $48 | Rake $0.50
Board [5d As 7c Js Kh]
Seat 1: HAL9QQQ (big blind) showed [Kc Ac] and won ($47.50) with two pair, Aces and Kings
Seat 5: Pelurile (button) (small blind) mucked


PokerStars Hand #155633809805:  Hold'em Limit ($3/$6 USD) - 2016/07/06 10:18:04 ET
Table 'Leocadia' 6-max Seat #1 is the button
Seat 1: HAL9QQQ ($195.86 in chips)
Seat 5: Pelurile ($72.02 in chips)
HAL9QQQ: posts small blind $1
Pelurile: posts big blind $3
*** HOLE CARDS ***
HAL9QQQ: raises $3 to $6
Pelurile: raises $3 to $9
VolkovDmitri leaves the table
HAL9QQQ: calls $3
*** FLOP *** [Jh 8h 6h]
Pelurile: bets $3
HAL9QQQ: calls $3
*** TURN *** [Jh 8h 6h] [3h]
Pelurile: bets $6
HAL9QQQ: raises $6 to $12
Pelurile: calls $6
*** RIVER *** [Jh 8h 6h 3h] [Ks]
Pelurile: checks
HAL9QQQ: checks
*** SHOW DOWN ***
Pelurile: shows [Th 9s] (a flush, Jack high)
HAL9QQQ: mucks hand
Pelurile collected $47.50 from pot
*** SUMMARY ***
Total pot $48 | Rake $0.50
Board [Jh 8h 6h 3h Ks]
Seat 1: HAL9QQQ (button) (small blind) mucked
Seat 5: Pelurile (big blind) showed [Th 9s] and won ($47.50) with a flush, Jack high


