PokerStars Hand #160028594767:  Hold'em Limit ($3/$6 USD) - 2016/10/16 16:24:05 ET
Table 'Leonisis III' 6-max Seat #4 is the button
Seat 4: FHstyles ($77.89 in chips)
Seat 6: Great_Kang ($120 in chips)
FHstyles: posts small blind $1
Great_Kang: posts big blind $3
*** HOLE CARDS ***
FHstyles: raises $3 to $6
Great_Kang: raises $3 to $9
FHstyles: calls $3
*** FLOP *** [Kc 4h 9d]
Great_Kang: bets $3
FHstyles: raises $3 to $6
Great_Kang: calls $3
*** TURN *** [Kc 4h 9d] [Jd]
Great_Kang: checks
FHstyles: bets $6
Great_Kang: raises $6 to $12
FHstyles: calls $6
*** RIVER *** [Kc 4h 9d Jd] [8d]
Great_Kang: bets $6
FHstyles: raises $6 to $12
Great_Kang: raises $6 to $18
FHstyles: calls $6
*** SHOW DOWN ***
Great_Kang: shows [Ad 7d] (a flush, Ace high)
FHstyles: mucks hand
Great_Kang collected $89.50 from pot
*** SUMMARY ***
Total pot $90 | Rake $0.50
Board [Kc 4h 9d Jd 8d]
Seat 4: FHstyles (button) (small blind) mucked
Seat 6: Great_Kang (big blind) showed [Ad 7d] and won ($89.50) with a flush, Ace high


PokerStars Hand #160028626256:  Hold'em Limit ($3/$6 USD) - 2016/10/16 16:24:38 ET
Table 'Leonisis III' 6-max Seat #6 is the button
Seat 4: FHstyles ($92.89 in chips)
Seat 6: Great_Kang ($164.50 in chips)
Great_Kang: posts small blind $1
FHstyles: posts big blind $3
*** HOLE CARDS ***
Great_Kang: raises $3 to $6
FHstyles: calls $3
*** FLOP *** [3s Th 6h]
FHstyles: checks
Great_Kang: bets $3
FHstyles: raises $3 to $6
Great_Kang: calls $3
*** TURN *** [3s Th 6h] [Kd]
FHstyles: bets $6
Great_Kang: raises $6 to $12
FHstyles: raises $6 to $18
Great_Kang: calls $6
*** RIVER *** [3s Th 6h Kd] [5d]
FHstyles: checks
Great_Kang: checks
*** SHOW DOWN ***
FHstyles: shows [5s 7d] (a pair of Fives)
Great_Kang: shows [Td Qc] (a pair of Tens)
Great_Kang collected $59.50 from pot
*** SUMMARY ***
Total pot $60 | Rake $0.50
Board [3s Th 6h Kd 5d]
Seat 4: FHstyles (big blind) showed [5s 7d] and lost with a pair of Fives
Seat 6: Great_Kang (button) (small blind) showed [Td Qc] and won ($59.50) with a pair of Tens


PokerStars Hand #160030395379:  Hold'em Limit ($3/$6 USD) - 2016/10/16 16:55:40 ET
Table 'Leonisis III' 6-max Seat #5 is the button
Seat 5: Rmk1500 ($108.48 in chips)
Seat 6: Great_Kang ($223.92 in chips)
Rmk1500: posts small blind $1
Great_Kang: posts big blind $3
*** HOLE CARDS ***
Rmk1500: raises $3 to $6
Great_Kang: folds
Uncalled bet ($3) returned to Rmk1500
Rmk1500 collected $6 from pot
*** SUMMARY ***
Total pot $6 | Rake $0
Seat 5: Rmk1500 (button) (small blind) collected ($6)
Seat 6: Great_Kang (big blind) folded before Flop


PokerStars Hand #160030390957:  Hold'em Limit ($3/$6 USD) - 2016/10/16 16:55:34 ET
Table 'Leonisis III' 6-max Seat #6 is the button
Seat 5: Rmk1500 ($107.48 in chips)
Seat 6: Great_Kang ($224.92 in chips)
Great_Kang: posts small blind $1
UNABELIEVE: is sitting out
Rmk1500: posts big blind $3
*** HOLE CARDS ***
UNABELIEVE leaves the table
Great_Kang: folds
Uncalled bet ($2) returned to Rmk1500
Rmk1500 collected $2 from pot
*** SUMMARY ***
Total pot $2 | Rake $0
Seat 5: Rmk1500 (big blind) collected ($2)
Seat 6: Great_Kang (button) (small blind) folded before Flop


PokerStars Hand #160030418453:  Hold'em Limit ($3/$6 USD) - 2016/10/16 16:56:14 ET
Table 'Leonisis III' 6-max Seat #5 is the button
Seat 5: Rmk1500 ($87.48 in chips)
Seat 6: Great_Kang ($244.42 in chips)
Rmk1500: posts small blind $1
Great_Kang: posts big blind $3
*** HOLE CARDS ***
Rmk1500: folds
Uncalled bet ($2) returned to Great_Kang
Great_Kang collected $2 from pot
Great_Kang: doesn't show hand
*** SUMMARY ***
Total pot $2 | Rake $0
Seat 5: Rmk1500 (button) (small blind) folded before Flop
Seat 6: Great_Kang (big blind) collected ($2)


PokerStars Hand #160030399513:  Hold'em Limit ($3/$6 USD) - 2016/10/16 16:55:46 ET
Table 'Leonisis III' 6-max Seat #6 is the button
Seat 5: Rmk1500 ($111.48 in chips)
Seat 6: Great_Kang ($220.92 in chips)
Great_Kang: posts small blind $1
Rmk1500: posts big blind $3
*** HOLE CARDS ***
Great_Kang: raises $3 to $6
Rmk1500: calls $3
*** FLOP *** [Kh 7h Ac]
Rmk1500: checks
Great_Kang: bets $3
Rmk1500: raises $3 to $6
Great_Kang: calls $3
*** TURN *** [Kh 7h Ac] [Jd]
Rmk1500: bets $6
Great_Kang: calls $6
*** RIVER *** [Kh 7h Ac Jd] [2c]
Rmk1500: bets $6
Great_Kang: calls $6
*** SHOW DOWN ***
Rmk1500: shows [3s Ad] (a pair of Aces)
Great_Kang: shows [8c Ah] (a pair of Aces - King+Jack+Eight kicker)
Great_Kang collected $47.50 from pot
*** SUMMARY ***
Total pot $48 | Rake $0.50
Board [Kh 7h Ac Jd 2c]
Seat 5: Rmk1500 (big blind) showed [3s Ad] and lost with a pair of Aces
Seat 6: Great_Kang (button) (small blind) showed [8c Ah] and won ($47.50) with a pair of Aces


