PokerStars Hand #152170182358:  Hold'em Limit ($3/$6 USD) - 2016/04/19 20:38:16 ET
Table 'Leontina' 6-max Seat #4 is the button
Seat 2: Mikesssss ($50.15 in chips)
Seat 4: MissEKAmouse ($120 in chips)
MissEKAmouse: posts small blind $1
Mikesssss: posts big blind $3
*** HOLE CARDS ***
MissEKAmouse: folds
Uncalled bet ($2) returned to Mikesssss
Mikesssss collected $2 from pot
Mikesssss: doesn't show hand
*** SUMMARY ***
Total pot $2 | Rake $0
Seat 2: Mikesssss (big blind) collected ($2)
Seat 4: MissEKAmouse (button) (small blind) folded before Flop


PokerStars Hand #152170185199:  Hold'em Limit ($3/$6 USD) - 2016/04/19 20:38:22 ET
Table 'Leontina' 6-max Seat #2 is the button
Seat 2: Mikesssss ($51.15 in chips)
Seat 4: MissEKAmouse ($120 in chips)
Mikesssss: posts small blind $1
MissEKAmouse: posts big blind $3
*** HOLE CARDS ***
Mikesssss: calls $2
MissEKAmouse: checks
*** FLOP *** [7d Td Ks]
MissEKAmouse: bets $3
Mikesssss: folds
Uncalled bet ($3) returned to MissEKAmouse
Mikesssss leaves the table
MissEKAmouse collected $5.88 from pot
MissEKAmouse: doesn't show hand
*** SUMMARY ***
Total pot $6 | Rake $0.12
Board [7d Td Ks]
Seat 2: Mikesssss (button) (small blind) folded on the Flop
Seat 4: MissEKAmouse (big blind) collected ($5.88)


