PokerStars Hand #170308746370:  Hold'em Limit ($3/$6 USD) - 2017/05/12 8:48:26 ET
Table 'Leona' 6-max Seat #4 is the button
Seat 3: Bedard ($112 in chips)
Seat 4: Kasperla ($58.40 in chips)
Kasperla: posts small blind $1
TbIP-TbIP 88: is sitting out
tttzzz: is sitting out
Bedard: posts big blind $3
*** HOLE CARDS ***
Kasperla: raises $3 to $6
Bedard: raises $3 to $9
Kasperla: calls $3
*** FLOP *** [8s Jh Js]
Bedard: bets $3
Kasperla: folds
Uncalled bet ($3) returned to Bedard
Bedard collected $17.64 from pot
*** SUMMARY ***
Total pot $18 | Rake $0.36
Board [8s Jh Js]
Seat 3: Bedard (big blind) collected ($17.64)
Seat 4: Kasperla (button) (small blind) folded on the Flop


PokerStars Hand #170308768538:  Hold'em Limit ($3/$6 USD) - 2017/05/12 8:49:09 ET
Table 'Leona' 6-max Seat #4 is the button
Seat 3: Bedard ($126.40 in chips)
Seat 4: Kasperla ($43.40 in chips)
Kasperla: posts small blind $1
Bedard: posts big blind $3
*** HOLE CARDS ***
Kasperla: folds
Uncalled bet ($2) returned to Bedard
Bedard collected $2 from pot
*** SUMMARY ***
Total pot $2 | Rake $0
Seat 3: Bedard (big blind) collected ($2)
Seat 4: Kasperla (button) (small blind) folded before Flop


PokerStars Hand #170308761493:  Hold'em Limit ($3/$6 USD) - 2017/05/12 8:48:56 ET
Table 'Leona' 6-max Seat #3 is the button
Seat 3: Bedard ($120.64 in chips)
Seat 4: Kasperla ($49.40 in chips)
Bedard: posts small blind $1
Kasperla: posts big blind $3
*** HOLE CARDS ***
Bedard: raises $3 to $6
Kasperla: calls $3
*** FLOP *** [Qd Qs 5c]
Kasperla: checks
Bedard: bets $3
Kasperla: folds
Uncalled bet ($3) returned to Bedard
Bedard collected $11.76 from pot
*** SUMMARY ***
Total pot $12 | Rake $0.24
Board [Qd Qs 5c]
Seat 3: Bedard (button) (small blind) collected ($11.76)
Seat 4: Kasperla (big blind) folded on the Flop


