PokerStars Hand #158006972750:  Hold'em Limit ($3/$6 USD) - 2016/09/01 3:25:01 ET
Table 'Leonce' 6-max Seat #3 is the button
Seat 3: xcgxcg2005 ($121.76 in chips)
Seat 4: Mordnilap ($74.14 in chips)
xcgxcg2005: posts small blind $1
Mordnilap: posts big blind $3
*** HOLE CARDS ***
xcgxcg2005: folds
Uncalled bet ($2) returned to Mordnilap
Mordnilap collected $2 from pot
Mordnilap: doesn't show hand
*** SUMMARY ***
Total pot $2 | Rake $0
Seat 3: xcgxcg2005 (button) (small blind) folded before Flop
Seat 4: Mordnilap (big blind) collected ($2)


PokerStars Hand #158006966183:  Hold'em Limit ($3/$6 USD) - 2016/09/01 3:24:36 ET
Table 'Leonce' 6-max Seat #4 is the button
Seat 3: xcgxcg2005 ($107.26 in chips)
Seat 4: Mordnilap ($89.14 in chips)
Mordnilap: posts small blind $1
xcgxcg2005: posts big blind $3
*** HOLE CARDS ***
Mordnilap: raises $3 to $6
xcgxcg2005: calls $3
*** FLOP *** [Ac 9d Qc]
xcgxcg2005: checks
Mordnilap: bets $3
xcgxcg2005: calls $3
*** TURN *** [Ac 9d Qc] [9c]
xcgxcg2005: checks
Mordnilap: checks
*** RIVER *** [Ac 9d Qc 9c] [Kd]
xcgxcg2005: bets $6
Mordnilap: calls $6
*** SHOW DOWN ***
xcgxcg2005: shows [9h Td] (three of a kind, Nines)
Mordnilap: mucks hand
xcgxcg2005 collected $29.50 from pot
*** SUMMARY ***
Total pot $30 | Rake $0.50
Board [Ac 9d Qc 9c Kd]
Seat 3: xcgxcg2005 (big blind) showed [9h Td] and won ($29.50) with three of a kind, Nines
Seat 4: Mordnilap (button) (small blind) mucked


PokerStars Hand #158006978366:  Hold'em Limit ($3/$6 USD) - 2016/09/01 3:25:23 ET
Table 'Leonce' 6-max Seat #3 is the button
Seat 3: xcgxcg2005 ($144.26 in chips)
Seat 4: Mordnilap ($72 in chips)
xcgxcg2005: posts small blind $1
Mordnilap: posts big blind $3
*** HOLE CARDS ***
xcgxcg2005: raises $3 to $6
Mordnilap: calls $3
*** FLOP *** [Ac 7d 3h]
Mordnilap: checks
xcgxcg2005: bets $3
WackoJacko13 joins the table at seat #2
Mordnilap: calls $3
*** TURN *** [Ac 7d 3h] [9h]
Mordnilap: checks
xcgxcg2005: bets $6
Mordnilap: calls $6
*** RIVER *** [Ac 7d 3h 9h] [9d]
Mordnilap: checks
xcgxcg2005: bets $6
Mordnilap: folds
Uncalled bet ($6) returned to xcgxcg2005
xcgxcg2005 collected $29.50 from pot
xcgxcg2005: doesn't show hand
*** SUMMARY ***
Total pot $30 | Rake $0.50
Board [Ac 7d 3h 9h 9d]
Seat 3: xcgxcg2005 (button) (small blind) collected ($29.50)
Seat 4: Mordnilap (big blind) folded on the River


PokerStars Hand #158006974065:  Hold'em Limit ($3/$6 USD) - 2016/09/01 3:25:06 ET
Table 'Leonce' 6-max Seat #4 is the button
Seat 3: xcgxcg2005 ($120.76 in chips)
Seat 4: Mordnilap ($75.14 in chips)
Mordnilap: posts small blind $1
xcgxcg2005: posts big blind $3
*** HOLE CARDS ***
Mordnilap: raises $3 to $6
xcgxcg2005: raises $3 to $9
Mordnilap: calls $3
*** FLOP *** [Ad Td 5s]
xcgxcg2005: bets $3
Mordnilap: calls $3
*** TURN *** [Ad Td 5s] [9d]
xcgxcg2005: bets $6
Mordnilap: calls $6
*** RIVER *** [Ad Td 5s 9d] [2c]
xcgxcg2005: bets $6
Mordnilap: calls $6
*** SHOW DOWN ***
xcgxcg2005: shows [Ah Qc] (a pair of Aces)
Mordnilap: mucks hand
xcgxcg2005 collected $47.50 from pot
*** SUMMARY ***
Total pot $48 | Rake $0.50
Board [Ad Td 5s 9d 2c]
Seat 3: xcgxcg2005 (big blind) showed [Ah Qc] and won ($47.50) with a pair of Aces
Seat 4: Mordnilap (button) (small blind) mucked


PokerStars Hand #158007004612:  Hold'em Limit ($3/$6 USD) - 2016/09/01 3:27:03 ET
Table 'Leonce' 6-max Seat #4 is the button
Seat 2: WackoJacko13 ($93.29 in chips)
Seat 4: Mordnilap ($89.84 in chips)
Mordnilap: posts small blind $1
WackoJacko13: posts big blind $3
*** HOLE CARDS ***
Mordnilap: raises $3 to $6
WackoJacko13: folds
Uncalled bet ($3) returned to Mordnilap
Mordnilap collected $6 from pot
Mordnilap: doesn't show hand
*** SUMMARY ***
Total pot $6 | Rake $0
Seat 2: WackoJacko13 (big blind) folded before Flop
Seat 4: Mordnilap (button) (small blind) collected ($6)


PokerStars Hand #158006999919:  Hold'em Limit ($3/$6 USD) - 2016/09/01 3:26:45 ET
Table 'Leonce' 6-max Seat #2 is the button
Seat 2: WackoJacko13 ($72.79 in chips)
Seat 4: Mordnilap ($110.84 in chips)
WackoJacko13: posts small blind $1
Mordnilap: posts big blind $3
*** HOLE CARDS ***
WackoJacko13: calls $2
Mordnilap: checks
*** FLOP *** [3c 7c 6s]
Mordnilap: checks
WackoJacko13: bets $3
Mordnilap: raises $3 to $6
WackoJacko13: calls $3
*** TURN *** [3c 7c 6s] [3d]
Mordnilap: bets $6
WackoJacko13: calls $6
*** RIVER *** [3c 7c 6s 3d] [Jd]
Mordnilap: bets $6
WackoJacko13: calls $6
*** SHOW DOWN ***
Mordnilap: shows [Jc 4s] (two pair, Jacks and Threes)
WackoJacko13: shows [Kd Kc] (two pair, Kings and Threes)
WackoJacko13 collected $41.50 from pot
*** SUMMARY ***
Total pot $42 | Rake $0.50
Board [3c 7c 6s 3d Jd]
Seat 2: WackoJacko13 (button) (small blind) showed [Kd Kc] and won ($41.50) with two pair, Kings and Threes
Seat 4: Mordnilap (big blind) showed [Jc 4s] and lost with two pair, Jacks and Threes


PokerStars Hand #158007010568:  Hold'em Limit ($3/$6 USD) - 2016/09/01 3:27:25 ET
Table 'Leonce' 6-max Seat #4 is the button
Seat 2: WackoJacko13 ($66.29 in chips)
Seat 4: Mordnilap ($116.34 in chips)
Mordnilap: posts small blind $1
WackoJacko13: posts big blind $3
*** HOLE CARDS ***
Mordnilap: folds
Uncalled bet ($2) returned to WackoJacko13
WackoJacko13 collected $2 from pot
WackoJacko13: doesn't show hand
*** SUMMARY ***
Total pot $2 | Rake $0
Seat 2: WackoJacko13 (big blind) collected ($2)
Seat 4: Mordnilap (button) (small blind) folded before Flop


PokerStars Hand #158007006068:  Hold'em Limit ($3/$6 USD) - 2016/09/01 3:27:08 ET
Table 'Leonce' 6-max Seat #2 is the button
Seat 2: WackoJacko13 ($90.29 in chips)
Seat 4: Mordnilap ($92.84 in chips)
WackoJacko13: posts small blind $1
Mordnilap: posts big blind $3
*** HOLE CARDS ***
WackoJacko13: raises $3 to $6
Mordnilap: calls $3
*** FLOP *** [9s Qs 8s]
Mordnilap: checks
WackoJacko13: bets $3
Mordnilap: raises $3 to $6
WackoJacko13: calls $3
*** TURN *** [9s Qs 8s] [5d]
Mordnilap: bets $6
CatPuppy1999 joins the table at seat #3
WackoJacko13: calls $6
*** RIVER *** [9s Qs 8s 5d] [3c]
Mordnilap: bets $6
WackoJacko13: calls $6
*** SHOW DOWN ***
Mordnilap: shows [Jc Tc] (a straight, Eight to Queen)
WackoJacko13: mucks hand
Mordnilap collected $47.50 from pot
*** SUMMARY ***
Total pot $48 | Rake $0.50
Board [9s Qs 8s 5d 3c]
Seat 2: WackoJacko13 (button) (small blind) mucked
Seat 4: Mordnilap (big blind) showed [Jc Tc] and won ($47.50) with a straight, Eight to Queen


PokerStars Hand #158007848332:  Hold'em Limit ($3/$6 USD) - 2016/09/01 4:17:25 ET
Table 'Leonce' 6-max Seat #4 is the button
Seat 1: Pelurile ($149.04 in chips)
Seat 4: Mordnilap ($198 in chips)
WackoJacko13 will be allowed to play after the button
CatPuppy1999 will be allowed to play after the button
Mordnilap: posts small blind $1
hairy1961 leaves the table
Pelurile: posts big blind $3
*** HOLE CARDS ***
Mordnilap: raises $3 to $6
Pelurile: folds
Uncalled bet ($3) returned to Mordnilap
Mordnilap collected $6 from pot
Mordnilap: doesn't show hand
*** SUMMARY ***
Total pot $6 | Rake $0
Seat 1: Pelurile (big blind) folded before Flop
Seat 4: Mordnilap (button) (small blind) collected ($6)


PokerStars Hand #158007954116:  Hold'em Limit ($3/$6 USD) - 2016/09/01 4:23:14 ET
Table 'Leonce' 6-max Seat #1 is the button
Seat 1: Pelurile ($126.26 in chips)
Seat 3: CatPuppy1999 ($131.22 in chips)
JSDM8682 will be allowed to play after the button
bobs32 will be allowed to play after the button
Pelurile: posts small blind $1
CatPuppy1999: posts big blind $3
*** HOLE CARDS ***
Pelurile: raises $3 to $6
WackoJacko13 leaves the table
CatPuppy1999: folds
Uncalled bet ($3) returned to Pelurile
Pelurile collected $6 from pot
Pelurile: doesn't show hand
*** SUMMARY ***
Total pot $6 | Rake $0
Seat 1: Pelurile (button) (small blind) collected ($6)
Seat 3: CatPuppy1999 (big blind) folded before Flop


PokerStars Hand #158007977731:  Hold'em Limit ($3/$6 USD) - 2016/09/01 4:24:31 ET
Table 'Leonce' 6-max Seat #5 is the button
Seat 3: CatPuppy1999 ($147.96 in chips)
Seat 5: JSDM8682 ($134.67 in chips)
JSDM8682: posts small blind $1
CatPuppy1999: posts big blind $3
*** HOLE CARDS ***
JSDM8682: folds
Uncalled bet ($2) returned to CatPuppy1999
CatPuppy1999 collected $2 from pot
CatPuppy1999: doesn't show hand
*** SUMMARY ***
Total pot $2 | Rake $0
Seat 3: CatPuppy1999 (big blind) collected ($2)
Seat 5: JSDM8682 (button) (small blind) folded before Flop


PokerStars Hand #158010215712:  Hold'em Limit ($3/$6 USD) - 2016/09/01 6:13:24 ET
Table 'Leonce' 6-max Seat #4 is the button
Seat 1: Actionni13 ($157 in chips)
Seat 4: K. Ichinose ($150.54 in chips)
K. Ichinose: posts small blind $1
Actionni13: posts big blind $3
*** HOLE CARDS ***
K. Ichinose: raises $3 to $6
Actionni13: folds
Uncalled bet ($3) returned to K. Ichinose
K. Ichinose collected $6 from pot
JSDM8682 leaves the table
K. Ichinose: doesn't show hand
*** SUMMARY ***
Total pot $6 | Rake $0
Seat 1: Actionni13 (big blind) folded before Flop
Seat 4: K. Ichinose (button) (small blind) collected ($6)


PokerStars Hand #158010213294:  Hold'em Limit ($3/$6 USD) - 2016/09/01 6:13:18 ET
Table 'Leonce' 6-max Seat #1 is the button
Seat 1: Actionni13 ($154 in chips)
Seat 4: K. Ichinose ($153.54 in chips)
Actionni13: posts small blind $1
K. Ichinose: posts big blind $3
*** HOLE CARDS ***
Actionni13: raises $3 to $6
K. Ichinose: folds
Uncalled bet ($3) returned to Actionni13
Actionni13 collected $6 from pot
Actionni13: doesn't show hand
*** SUMMARY ***
Total pot $6 | Rake $0
Seat 1: Actionni13 (button) (small blind) collected ($6)
Seat 4: K. Ichinose (big blind) folded before Flop


PokerStars Hand #158010211081:  Hold'em Limit ($3/$6 USD) - 2016/09/01 6:13:12 ET
Table 'Leonce' 6-max Seat #4 is the button
Seat 1: Actionni13 ($153 in chips)
Seat 4: K. Ichinose ($154.54 in chips)
K. Ichinose: posts small blind $1
Actionni13: posts big blind $3
*** HOLE CARDS ***
K. Ichinose: folds
Uncalled bet ($2) returned to Actionni13
Actionni13 collected $2 from pot
Actionni13: doesn't show hand
*** SUMMARY ***
Total pot $2 | Rake $0
Seat 1: Actionni13 (big blind) collected ($2)
Seat 4: K. Ichinose (button) (small blind) folded before Flop


PokerStars Hand #158010208224:  Hold'em Limit ($3/$6 USD) - 2016/09/01 6:13:05 ET
Table 'Leonce' 6-max Seat #1 is the button
Seat 1: Actionni13 ($150 in chips)
Seat 4: K. Ichinose ($157.54 in chips)
Actionni13: posts small blind $1
K. Ichinose: posts big blind $3
*** HOLE CARDS ***
Actionni13: raises $3 to $6
K. Ichinose: folds
Uncalled bet ($3) returned to Actionni13
Actionni13 collected $6 from pot
Actionni13: doesn't show hand
*** SUMMARY ***
Total pot $6 | Rake $0
Seat 1: Actionni13 (button) (small blind) collected ($6)
Seat 4: K. Ichinose (big blind) folded before Flop


PokerStars Hand #158010197655:  Hold'em Limit ($3/$6 USD) - 2016/09/01 6:12:37 ET
Table 'Leonce' 6-max Seat #4 is the button
Seat 1: Actionni13 ($150 in chips)
Seat 4: K. Ichinose ($131.04 in chips)
K. Ichinose: posts small blind $1
JSDM8682: is sitting out
Actionni13: posts big blind $3
*** HOLE CARDS ***
K. Ichinose: raises $3 to $6
Actionni13: raises $3 to $9
K. Ichinose: calls $3
*** FLOP *** [6c 5d Js]
Actionni13: bets $3
K. Ichinose: raises $3 to $6
Actionni13: calls $3
*** TURN *** [6c 5d Js] [Ah]
Actionni13: bets $6
K. Ichinose: calls $6
*** RIVER *** [6c 5d Js Ah] [4h]
Actionni13: bets $6
K. Ichinose: calls $6
*** SHOW DOWN ***
Actionni13: shows [Kd Qs] (high card Ace)
K. Ichinose: shows [6s Qc] (a pair of Sixes)
K. Ichinose collected $53.50 from pot
*** SUMMARY ***
Total pot $54 | Rake $0.50
Board [6c 5d Js Ah 4h]
Seat 1: Actionni13 (big blind) showed [Kd Qs] and lost with high card Ace
Seat 4: K. Ichinose (button) (small blind) showed [6s Qc] and won ($53.50) with a pair of Sixes


PokerStars Hand #158010218184:  Hold'em Limit ($3/$6 USD) - 2016/09/01 6:13:31 ET
Table 'Leonce' 6-max Seat #1 is the button
Seat 1: Actionni13 ($154 in chips)
Seat 4: K. Ichinose ($153.54 in chips)
Actionni13: posts small blind $1
K. Ichinose: posts big blind $3
*** HOLE CARDS ***
Actionni13: raises $3 to $6
K. Ichinose: raises $3 to $9
Actionni13: calls $3
*** FLOP *** [6d Tc 3s]
K. Ichinose: bets $3
Actionni13: calls $3
*** TURN *** [6d Tc 3s] [Qh]
K. Ichinose: bets $6
Actionni13: calls $6
*** RIVER *** [6d Tc 3s Qh] [7s]
K. Ichinose: checks
Actionni13: checks
*** SHOW DOWN ***
K. Ichinose: shows [5d Ah] (high card Ace)
Actionni13: shows [Jh 3c] (a pair of Threes)
Actionni13 collected $35.50 from pot
*** SUMMARY ***
Total pot $36 | Rake $0.50
Board [6d Tc 3s Qh 7s]
Seat 1: Actionni13 (button) (small blind) showed [Jh 3c] and won ($35.50) with a pair of Threes
Seat 4: K. Ichinose (big blind) showed [5d Ah] and lost with high card Ace


PokerStars Hand #158010225439:  Hold'em Limit ($3/$6 USD) - 2016/09/01 6:13:50 ET
Table 'Leonce' 6-max Seat #4 is the button
Seat 1: Actionni13 ($171.50 in chips)
Seat 4: K. Ichinose ($135.54 in chips)
K. Ichinose: posts small blind $1
Actionni13: posts big blind $3
*** HOLE CARDS ***
K. Ichinose: raises $3 to $6
Mordnilap joins the table at seat #5
Actionni13: raises $3 to $9
K. Ichinose: raises $3 to $12
Betting is capped
Actionni13: calls $3
*** FLOP *** [4s 2h 8d]
Actionni13: checks
K. Ichinose: bets $3
Actionni13: calls $3
*** TURN *** [4s 2h 8d] [3h]
Actionni13: checks
K. Ichinose: bets $6
Actionni13: calls $6
*** RIVER *** [4s 2h 8d 3h] [9h]
Actionni13: checks
K. Ichinose: bets $6
Actionni13: calls $6
*** SHOW DOWN ***
K. Ichinose: shows [2d As] (a pair of Deuces)
Actionni13: mucks hand
K. Ichinose collected $53.50 from pot
*** SUMMARY ***
Total pot $54 | Rake $0.50
Board [4s 2h 8d 3h 9h]
Seat 1: Actionni13 (big blind) mucked
Seat 4: K. Ichinose (button) (small blind) showed [2d As] and won ($53.50) with a pair of Deuces


PokerStars Hand #158010238863:  Hold'em Limit ($3/$6 USD) - 2016/09/01 6:14:25 ET
Table 'Leonce' 6-max Seat #1 is the button
Seat 1: Actionni13 ($150 in chips)
Seat 4: K. Ichinose ($162.04 in chips)
Actionni13: posts small blind $1
K. Ichinose: posts big blind $3
*** HOLE CARDS ***
Actionni13: raises $3 to $6
K. Ichinose: calls $3
*** FLOP *** [9h 2c Tc]
K. Ichinose: checks
Actionni13: bets $3
K. Ichinose: raises $3 to $6
Actionni13: calls $3
*** TURN *** [9h 2c Tc] [4d]
K. Ichinose: bets $6
Actionni13: calls $6
*** RIVER *** [9h 2c Tc 4d] [Qs]
K. Ichinose: bets $6
Actionni13: calls $6
*** SHOW DOWN ***
K. Ichinose: shows [6s 7d] (high card Queen)
Actionni13: shows [Ac 9s] (a pair of Nines)
Actionni13 collected $47.50 from pot
*** SUMMARY ***
Total pot $48 | Rake $0.50
Board [9h 2c Tc 4d Qs]
Seat 1: Actionni13 (button) (small blind) showed [Ac 9s] and won ($47.50) with a pair of Nines
Seat 4: K. Ichinose (big blind) showed [6s 7d] and lost with high card Queen


PokerStars Hand #158014753063:  Hold'em Limit ($3/$6 USD) - 2016/09/01 9:05:27 ET
Table 'Leonce' 6-max Seat #3 is the button
Seat 1: fsreibnitz ($238.81 in chips)
Seat 3: B_loJkl ($174.05 in chips)
B_loJkl: posts small blind $1
fsreibnitz: posts big blind $3
*** HOLE CARDS ***
dalton135 leaves the table
B_loJkl: raises $3 to $6
ABATAPP leaves the table
fsreibnitz: folds
Uncalled bet ($3) returned to B_loJkl
B_loJkl collected $6 from pot
B_loJkl: doesn't show hand
*** SUMMARY ***
Total pot $6 | Rake $0
Seat 1: fsreibnitz (big blind) folded before Flop
Seat 3: B_loJkl (button) (small blind) collected ($6)


PokerStars Hand #158014780172:  Hold'em Limit ($3/$6 USD) - 2016/09/01 9:06:20 ET
Table 'Leonce' 6-max Seat #3 is the button
Seat 1: fsreibnitz ($241.57 in chips)
Seat 3: B_loJkl ($171.05 in chips)
B_loJkl: posts small blind $1
fsreibnitz: posts big blind $3
*** HOLE CARDS ***
B_loJkl: raises $3 to $6
fsreibnitz: calls $3
*** FLOP *** [3h 5h Js]
fsreibnitz: checks
B_loJkl: bets $3
fsreibnitz: calls $3
*** TURN *** [3h 5h Js] [Jd]
fsreibnitz: checks
B_loJkl: checks
*** RIVER *** [3h 5h Js Jd] [Jc]
fsreibnitz: checks
B_loJkl: checks
*** SHOW DOWN ***
fsreibnitz: shows [7s 6d] (three of a kind, Jacks)
B_loJkl: shows [2s As] (three of a kind, Jacks - Ace kicker)
B_loJkl collected $17.64 from pot
*** SUMMARY ***
Total pot $18 | Rake $0.36
Board [3h 5h Js Jd Jc]
Seat 1: fsreibnitz (big blind) showed [7s 6d] and lost with three of a kind, Jacks
Seat 3: B_loJkl (button) (small blind) showed [2s As] and won ($17.64) with three of a kind, Jacks


PokerStars Hand #158014758124:  Hold'em Limit ($3/$6 USD) - 2016/09/01 9:05:37 ET
Table 'Leonce' 6-max Seat #1 is the button
Seat 1: fsreibnitz ($235.81 in chips)
Seat 3: B_loJkl ($177.05 in chips)
fsreibnitz: posts small blind $1
B_loJkl: posts big blind $3
*** HOLE CARDS ***
fsreibnitz: raises $3 to $6
B_loJkl: calls $3
*** FLOP *** [7s 8c 6d]
B_loJkl: checks
fsreibnitz: bets $3
B_loJkl: folds
Uncalled bet ($3) returned to fsreibnitz
fsreibnitz collected $11.76 from pot
*** SUMMARY ***
Total pot $12 | Rake $0.24
Board [7s 8c 6d]
Seat 1: fsreibnitz (button) (small blind) collected ($11.76)
Seat 3: B_loJkl (big blind) folded on the Flop


PokerStars Hand #158015306360:  Hold'em Limit ($3/$6 USD) - 2016/09/01 9:23:20 ET
Table 'Leonce' 6-max Seat #3 is the button
Seat 3: simper11 ($120 in chips)
Seat 4: dalton135 ($60.06 in chips)
simper11: posts small blind $1
dalton135: posts big blind $3
*** HOLE CARDS ***
simper11: raises $3 to $6
dalton135: folds
Uncalled bet ($3) returned to simper11
simper11 collected $6 from pot
simper11: doesn't show hand
vestimokrec joins the table at seat #5
*** SUMMARY ***
Total pot $6 | Rake $0
Seat 3: simper11 (button) (small blind) collected ($6)
Seat 4: dalton135 (big blind) folded before Flop


PokerStars Hand #158015442636:  Hold'em Limit ($3/$6 USD) - 2016/09/01 9:27:45 ET
Table 'Leonce' 6-max Seat #4 is the button
Seat 4: dalton135 ($55.67 in chips)
Seat 6: B_loJkl ($162.93 in chips)
dalton135: posts small blind $1
vestimokrec: is sitting out
B_loJkl: posts big blind $3
*** HOLE CARDS ***
vestimokrec leaves the table
dalton135: raises $3 to $6
B_loJkl: calls $3
*** FLOP *** [Kd 4d 2c]
B_loJkl: checks
dalton135: bets $3
B_loJkl: raises $3 to $6
dalton135: folds
Uncalled bet ($3) returned to B_loJkl
B_loJkl collected $17.64 from pot
B_loJkl: doesn't show hand
*** SUMMARY ***
Total pot $18 | Rake $0.36
Board [Kd 4d 2c]
Seat 4: dalton135 (button) (small blind) folded on the Flop
Seat 6: B_loJkl (big blind) collected ($17.64)


PokerStars Hand #158015464078:  Hold'em Limit ($3/$6 USD) - 2016/09/01 9:28:26 ET
Table 'Leonce' 6-max Seat #4 is the button
Seat 4: dalton135 ($40.67 in chips)
Seat 6: B_loJkl ($177.33 in chips)
dalton135: posts small blind $1
B_loJkl: posts big blind $3
*** HOLE CARDS ***
dalton135: folds
Uncalled bet ($2) returned to B_loJkl
B_loJkl collected $2 from pot
B_loJkl: doesn't show hand
*** SUMMARY ***
Total pot $2 | Rake $0
Seat 4: dalton135 (button) (small blind) folded before Flop
Seat 6: B_loJkl (big blind) collected ($2)


PokerStars Hand #158015454073:  Hold'em Limit ($3/$6 USD) - 2016/09/01 9:28:07 ET
Table 'Leonce' 6-max Seat #6 is the button
Seat 4: dalton135 ($46.67 in chips)
Seat 6: B_loJkl ($171.57 in chips)
B_loJkl: posts small blind $1
dalton135: posts big blind $3
*** HOLE CARDS ***
B_loJkl: raises $3 to $6
dalton135: calls $3
*** FLOP *** [Kd 6s Ah]
dalton135: checks
B_loJkl: bets $3
dalton135: folds
Uncalled bet ($3) returned to B_loJkl
B_loJkl collected $11.76 from pot
B_loJkl: doesn't show hand
*** SUMMARY ***
Total pot $12 | Rake $0.24
Board [Kd 6s Ah]
Seat 4: dalton135 (big blind) folded on the Flop
Seat 6: B_loJkl (button) (small blind) collected ($11.76)


PokerStars Hand #158015467489:  Hold'em Limit ($3/$6 USD) - 2016/09/01 9:28:32 ET
Table 'Leonce' 6-max Seat #6 is the button
Seat 4: dalton135 ($39.67 in chips)
Seat 6: B_loJkl ($178.33 in chips)
B_loJkl: posts small blind $1
dalton135: posts big blind $3
*** HOLE CARDS ***
B_loJkl: raises $3 to $6
dalton135: folds
Uncalled bet ($3) returned to B_loJkl
B_loJkl collected $6 from pot
B_loJkl: doesn't show hand
*** SUMMARY ***
Total pot $6 | Rake $0
Seat 4: dalton135 (big blind) folded before Flop
Seat 6: B_loJkl (button) (small blind) collected ($6)


PokerStars Hand #158015470979:  Hold'em Limit ($3/$6 USD) - 2016/09/01 9:28:39 ET
Table 'Leonce' 6-max Seat #4 is the button
Seat 4: dalton135 ($36.67 in chips)
Seat 6: B_loJkl ($181.33 in chips)
dalton135: posts small blind $1
B_loJkl: posts big blind $3
*** HOLE CARDS ***
dalton135: raises $3 to $6
B_loJkl: calls $3
*** FLOP *** [Kh 6s 2c]
B_loJkl: checks
dalton135: bets $3
B_loJkl: calls $3
*** TURN *** [Kh 6s 2c] [Kc]
B_loJkl: checks
dalton135: bets $6
B_loJkl: calls $6
*** RIVER *** [Kh 6s 2c Kc] [8s]
B_loJkl: checks
dalton135: checks
*** SHOW DOWN ***
B_loJkl: shows [3c 6c] (two pair, Kings and Sixes)
dalton135: shows [5s 6d] (two pair, Kings and Sixes)
B_loJkl collected $14.75 from pot
dalton135 collected $14.75 from pot
*** SUMMARY ***
Total pot $30 | Rake $0.50
Board [Kh 6s 2c Kc 8s]
Seat 4: dalton135 (button) (small blind) showed [5s 6d] and won ($14.75) with two pair, Kings and Sixes
Seat 6: B_loJkl (big blind) showed [3c 6c] and won ($14.75) with two pair, Kings and Sixes


PokerStars Hand #158015489536:  Hold'em Limit ($3/$6 USD) - 2016/09/01 9:29:14 ET
Table 'Leonce' 6-max Seat #4 is the button
Seat 4: dalton135 ($33.42 in chips)
Seat 6: B_loJkl ($184.08 in chips)
dalton135: posts small blind $1
B_loJkl: posts big blind $3
*** HOLE CARDS ***
dalton135: folds
Uncalled bet ($2) returned to B_loJkl
B_loJkl collected $2 from pot
B_loJkl: doesn't show hand
*** SUMMARY ***
Total pot $2 | Rake $0
Seat 4: dalton135 (button) (small blind) folded before Flop
Seat 6: B_loJkl (big blind) collected ($2)


PokerStars Hand #158015484891:  Hold'em Limit ($3/$6 USD) - 2016/09/01 9:29:06 ET
Table 'Leonce' 6-max Seat #6 is the button
Seat 4: dalton135 ($36.42 in chips)
Seat 6: B_loJkl ($181.08 in chips)
B_loJkl: posts small blind $1
dalton135: posts big blind $3
*** HOLE CARDS ***
B_loJkl: raises $3 to $6
dalton135: folds
Uncalled bet ($3) returned to B_loJkl
B_loJkl collected $6 from pot
B_loJkl: doesn't show hand
*** SUMMARY ***
Total pot $6 | Rake $0
Seat 4: dalton135 (big blind) folded before Flop
Seat 6: B_loJkl (button) (small blind) collected ($6)


PokerStars Hand #158015492496:  Hold'em Limit ($3/$6 USD) - 2016/09/01 9:29:20 ET
Table 'Leonce' 6-max Seat #6 is the button
Seat 4: dalton135 ($32.42 in chips)
Seat 6: B_loJkl ($185.08 in chips)
B_loJkl: posts small blind $1
dalton135: posts big blind $3
*** HOLE CARDS ***
B_loJkl: raises $3 to $6
dalton135: calls $3
*** FLOP *** [9h Ac 6c]
dalton135: checks
B_loJkl: bets $3
dalton135: folds
Uncalled bet ($3) returned to B_loJkl
B_loJkl collected $11.76 from pot
B_loJkl: doesn't show hand
*** SUMMARY ***
Total pot $12 | Rake $0.24
Board [9h Ac 6c]
Seat 4: dalton135 (big blind) folded on the Flop
Seat 6: B_loJkl (button) (small blind) collected ($11.76)


PokerStars Hand #158015510148:  Hold'em Limit ($3/$6 USD) - 2016/09/01 9:29:54 ET
Table 'Leonce' 6-max Seat #6 is the button
Seat 4: dalton135 ($25.42 in chips)
Seat 6: B_loJkl ($191.84 in chips)
B_loJkl: posts small blind $1
dalton135: posts big blind $3
*** HOLE CARDS ***
B_loJkl: folds
Uncalled bet ($2) returned to dalton135
dalton135 collected $2 from pot
dalton135: doesn't show hand
*** SUMMARY ***
Total pot $2 | Rake $0
Seat 4: dalton135 (big blind) collected ($2)
Seat 6: B_loJkl (button) (small blind) folded before Flop


PokerStars Hand #158015506583:  Hold'em Limit ($3/$6 USD) - 2016/09/01 9:29:47 ET
Table 'Leonce' 6-max Seat #4 is the button
Seat 4: dalton135 ($26.42 in chips)
Seat 6: B_loJkl ($190.84 in chips)
dalton135: posts small blind $1
B_loJkl: posts big blind $3
*** HOLE CARDS ***
dalton135: folds
Uncalled bet ($2) returned to B_loJkl
B_loJkl collected $2 from pot
B_loJkl: doesn't show hand
*** SUMMARY ***
Total pot $2 | Rake $0
Seat 4: dalton135 (button) (small blind) folded before Flop
Seat 6: B_loJkl (big blind) collected ($2)


PokerStars Hand #158015512703:  Hold'em Limit ($3/$6 USD) - 2016/09/01 9:29:59 ET
Table 'Leonce' 6-max Seat #4 is the button
Seat 4: dalton135 ($26.42 in chips)
Seat 6: B_loJkl ($190.84 in chips)
dalton135: posts small blind $1
B_loJkl: posts big blind $3
*** HOLE CARDS ***
dalton135: raises $3 to $6
B_loJkl: calls $3
*** FLOP *** [4c Ah 9c]
B_loJkl: checks
dalton135: checks
*** TURN *** [4c Ah 9c] [Qs]
B_loJkl: bets $6
dalton135: folds
Uncalled bet ($6) returned to B_loJkl
B_loJkl collected $11.76 from pot
B_loJkl: doesn't show hand
*** SUMMARY ***
Total pot $12 | Rake $0.24
Board [4c Ah 9c Qs]
Seat 4: dalton135 (button) (small blind) folded on the Turn
Seat 6: B_loJkl (big blind) collected ($11.76)


PokerStars Hand #158015521373:  Hold'em Limit ($3/$6 USD) - 2016/09/01 9:30:15 ET
Table 'Leonce' 6-max Seat #6 is the button
Seat 4: dalton135 ($20.42 in chips)
Seat 6: B_loJkl ($196.60 in chips)
B_loJkl: posts small blind $1
dalton135: posts big blind $3
*** HOLE CARDS ***
B_loJkl: raises $3 to $6
dalton135: calls $3
*** FLOP *** [Ts 3c 9s]
dalton135: checks
B_loJkl: bets $3
dalton135: calls $3
*** TURN *** [Ts 3c 9s] [9d]
dalton135: checks
B_loJkl: bets $6
dalton135: raises $5.42 to $11.42 and is all-in
B_loJkl: calls $5.42
*** RIVER *** [Ts 3c 9s 9d] [6h]
*** SHOW DOWN ***
dalton135: shows [Td 8s] (two pair, Tens and Nines)
B_loJkl: shows [3d 6d] (two pair, Nines and Sixes)
dalton135 collected $40.34 from pot
*** SUMMARY ***
Total pot $40.84 | Rake $0.50
Board [Ts 3c 9s 9d 6h]
Seat 4: dalton135 (big blind) showed [Td 8s] and won ($40.34) with two pair, Tens and Nines
Seat 6: B_loJkl (button) (small blind) showed [3d 6d] and lost with two pair, Nines and Sixes


PokerStars Hand #158015570635:  Hold'em Limit ($3/$6 USD) - 2016/09/01 9:31:50 ET
Table 'Leonce' 6-max Seat #4 is the button
Seat 4: dalton135 ($47.84 in chips)
Seat 6: B_loJkl ($168.18 in chips)
dalton135: posts small blind $1
B_loJkl: posts big blind $3
*** HOLE CARDS ***
dalton135: folds
Uncalled bet ($2) returned to B_loJkl
B_loJkl collected $2 from pot
B_loJkl: doesn't show hand
*** SUMMARY ***
Total pot $2 | Rake $0
Seat 4: dalton135 (button) (small blind) folded before Flop
Seat 6: B_loJkl (big blind) collected ($2)


PokerStars Hand #158015536562:  Hold'em Limit ($3/$6 USD) - 2016/09/01 9:30:45 ET
Table 'Leonce' 6-max Seat #4 is the button
Seat 4: dalton135 ($40.34 in chips)
Seat 6: B_loJkl ($176.18 in chips)
dalton135: posts small blind $1
B_loJkl: posts big blind $3
*** HOLE CARDS ***
dalton135: raises $3 to $6
B_loJkl: calls $3
*** FLOP *** [5s Th 4h]
B_loJkl: checks
dalton135: bets $3
B_loJkl: calls $3
*** TURN *** [5s Th 4h] [Qc]
B_loJkl: checks
dalton135: bets $6
B_loJkl: calls $6
*** RIVER *** [5s Th 4h Qc] [Js]
B_loJkl: checks
dalton135: bets $6
B_loJkl: folds
Uncalled bet ($6) returned to dalton135
dalton135 collected $29.50 from pot
dalton135: doesn't show hand
*** SUMMARY ***
Total pot $30 | Rake $0.50
Board [5s Th 4h Qc Js]
Seat 4: dalton135 (button) (small blind) collected ($29.50)
Seat 6: B_loJkl (big blind) folded on the River


PokerStars Hand #158015563600:  Hold'em Limit ($3/$6 USD) - 2016/09/01 9:31:37 ET
Table 'Leonce' 6-max Seat #4 is the button
Seat 4: dalton135 ($51.84 in chips)
Seat 6: B_loJkl ($164.18 in chips)
dalton135: posts small blind $1
B_loJkl: posts big blind $3
*** HOLE CARDS ***
dalton135: folds
Uncalled bet ($2) returned to B_loJkl
B_loJkl collected $2 from pot
B_loJkl: doesn't show hand
*** SUMMARY ***
Total pot $2 | Rake $0
Seat 4: dalton135 (button) (small blind) folded before Flop
Seat 6: B_loJkl (big blind) collected ($2)


PokerStars Hand #158015558533:  Hold'em Limit ($3/$6 USD) - 2016/09/01 9:31:27 ET
Table 'Leonce' 6-max Seat #6 is the button
Seat 4: dalton135 ($54.84 in chips)
Seat 6: B_loJkl ($161.18 in chips)
B_loJkl: posts small blind $1
dalton135: posts big blind $3
*** HOLE CARDS ***
B_loJkl: raises $3 to $6
dalton135: folds
Uncalled bet ($3) returned to B_loJkl
B_loJkl collected $6 from pot
B_loJkl: doesn't show hand
*** SUMMARY ***
Total pot $6 | Rake $0
Seat 4: dalton135 (big blind) folded before Flop
Seat 6: B_loJkl (button) (small blind) collected ($6)


PokerStars Hand #158015566394:  Hold'em Limit ($3/$6 USD) - 2016/09/01 9:31:42 ET
Table 'Leonce' 6-max Seat #6 is the button
Seat 4: dalton135 ($50.84 in chips)
Seat 6: B_loJkl ($165.18 in chips)
B_loJkl: posts small blind $1
dalton135: posts big blind $3
*** HOLE CARDS ***
B_loJkl: raises $3 to $6
dalton135: folds
Uncalled bet ($3) returned to B_loJkl
B_loJkl collected $6 from pot
*** SUMMARY ***
Total pot $6 | Rake $0
Seat 4: dalton135 (big blind) folded before Flop
Seat 6: B_loJkl (button) (small blind) collected ($6)


PokerStars Hand #158015577274:  Hold'em Limit ($3/$6 USD) - 2016/09/01 9:32:03 ET
Table 'Leonce' 6-max Seat #6 is the button
Seat 4: dalton135 ($46.84 in chips)
Seat 6: B_loJkl ($169.18 in chips)
B_loJkl: posts small blind $1
dalton135: posts big blind $3
*** HOLE CARDS ***
B_loJkl: raises $3 to $6
dalton135: calls $3
*** FLOP *** [8h 2c 6s]
dalton135: checks
B_loJkl: bets $3
dalton135: calls $3
*** TURN *** [8h 2c 6s] [4c]
dalton135: checks
B_loJkl: bets $6
dalton135: calls $6
*** RIVER *** [8h 2c 6s 4c] [9h]
dalton135: checks
B_loJkl: bets $6
dalton135: calls $6
*** SHOW DOWN ***
B_loJkl: shows [7s 7h] (a pair of Sevens)
dalton135: mucks hand
B_loJkl collected $41.50 from pot
*** SUMMARY ***
Total pot $42 | Rake $0.50
Board [8h 2c 6s 4c 9h]
Seat 4: dalton135 (big blind) mucked
Seat 6: B_loJkl (button) (small blind) showed [7s 7h] and won ($41.50) with a pair of Sevens


PokerStars Hand #158015628097:  Hold'em Limit ($3/$6 USD) - 2016/09/01 9:33:40 ET
Table 'Leonce' 6-max Seat #6 is the button
Seat 4: dalton135 ($51.18 in chips)
Seat 6: B_loJkl ($163.84 in chips)
B_loJkl: posts small blind $1
dalton135: posts big blind $3
*** HOLE CARDS ***
B_loJkl: folds
Uncalled bet ($2) returned to dalton135
dalton135 collected $2 from pot
dalton135: doesn't show hand
*** SUMMARY ***
Total pot $2 | Rake $0
Seat 4: dalton135 (big blind) collected ($2)
Seat 6: B_loJkl (button) (small blind) folded before Flop


PokerStars Hand #158015605519:  Hold'em Limit ($3/$6 USD) - 2016/09/01 9:32:56 ET
Table 'Leonce' 6-max Seat #4 is the button
Seat 4: dalton135 ($25.84 in chips)
Seat 6: B_loJkl ($189.68 in chips)
dalton135: posts small blind $1
B_loJkl: posts big blind $3
*** HOLE CARDS ***
dalton135: raises $3 to $6
B_loJkl: raises $3 to $9
dalton135: raises $3 to $12
Betting is capped
B_loJkl: calls $3
*** FLOP *** [Qc As Ac]
B_loJkl: checks
dalton135: checks
*** TURN *** [Qc As Ac] [3c]
B_loJkl: bets $6
dalton135: raises $6 to $12
B_loJkl: raises $6 to $18
dalton135: calls $1.84 and is all-in
Uncalled bet ($4.16) returned to B_loJkl
*** RIVER *** [Qc As Ac 3c] [9h]
*** SHOW DOWN ***
B_loJkl: shows [Ad 8c] (three of a kind, Aces)
dalton135: shows [Kd Ah] (three of a kind, Aces - King kicker)
dalton135 collected $51.18 from pot
*** SUMMARY ***
Total pot $51.68 | Rake $0.50
Board [Qc As Ac 3c 9h]
Seat 4: dalton135 (button) (small blind) showed [Kd Ah] and won ($51.18) with three of a kind, Aces
Seat 6: B_loJkl (big blind) showed [Ad 8c] and lost with three of a kind, Aces


PokerStars Hand #158015630880:  Hold'em Limit ($3/$6 USD) - 2016/09/01 9:33:45 ET
Table 'Leonce' 6-max Seat #4 is the button
Seat 4: dalton135 ($52.18 in chips)
Seat 6: B_loJkl ($162.84 in chips)
dalton135: posts small blind $1
B_loJkl: posts big blind $3
*** HOLE CARDS ***
dalton135: folds
Uncalled bet ($2) returned to B_loJkl
B_loJkl collected $2 from pot
B_loJkl: doesn't show hand
*** SUMMARY ***
Total pot $2 | Rake $0
Seat 4: dalton135 (button) (small blind) folded before Flop
Seat 6: B_loJkl (big blind) collected ($2)


PokerStars Hand #158015635527:  Hold'em Limit ($3/$6 USD) - 2016/09/01 9:33:54 ET
Table 'Leonce' 6-max Seat #6 is the button
Seat 4: dalton135 ($51.18 in chips)
Seat 6: B_loJkl ($163.84 in chips)
B_loJkl: posts small blind $1
dalton135: posts big blind $3
*** HOLE CARDS ***
B_loJkl: raises $3 to $6
dalton135: folds
Uncalled bet ($3) returned to B_loJkl
B_loJkl collected $6 from pot
B_loJkl: doesn't show hand
*** SUMMARY ***
Total pot $6 | Rake $0
Seat 4: dalton135 (big blind) folded before Flop
Seat 6: B_loJkl (button) (small blind) collected ($6)


PokerStars Hand #158015641266:  Hold'em Limit ($3/$6 USD) - 2016/09/01 9:34:05 ET
Table 'Leonce' 6-max Seat #6 is the button
Seat 4: dalton135 ($47.18 in chips)
Seat 6: B_loJkl ($167.84 in chips)
B_loJkl: posts small blind $1
dalton135: posts big blind $3
*** HOLE CARDS ***
B_loJkl: raises $3 to $6
dalton135: calls $3
*** FLOP *** [4d 7c 5d]
dalton135: checks
B_loJkl: bets $3
dalton135: calls $3
*** TURN *** [4d 7c 5d] [5h]
dalton135: checks
Great_Kang joins the table at seat #5
B_loJkl: checks
*** RIVER *** [4d 7c 5d 5h] [3s]
dalton135: bets $6
B_loJkl: folds
Uncalled bet ($6) returned to dalton135
dalton135 collected $17.64 from pot
dalton135: doesn't show hand
*** SUMMARY ***
Total pot $18 | Rake $0.36
Board [4d 7c 5d 5h 3s]
Seat 4: dalton135 (big blind) collected ($17.64)
Seat 6: B_loJkl (button) (small blind) folded on the River


PokerStars Hand #158015676212:  Hold'em Limit ($3/$6 USD) - 2016/09/01 9:35:12 ET
Table 'Leonce' 6-max Seat #5 is the button
Seat 4: dalton135 ($54.82 in chips)
Seat 5: Great_Kang ($132.25 in chips)
Great_Kang: posts small blind $1
B_loJkl: is sitting out
dalton135: posts big blind $3
*** HOLE CARDS ***
Great_Kang: raises $3 to $6
B_loJkl leaves the table
dalton135: folds
Uncalled bet ($3) returned to Great_Kang
Great_Kang collected $6 from pot
Great_Kang: doesn't show hand
*** SUMMARY ***
Total pot $6 | Rake $0
Seat 4: dalton135 (big blind) folded before Flop
Seat 5: Great_Kang (button) (small blind) collected ($6)


PokerStars Hand #158015681149:  Hold'em Limit ($3/$6 USD) - 2016/09/01 9:35:21 ET
Table 'Leonce' 6-max Seat #4 is the button
Seat 4: dalton135 ($51.82 in chips)
Seat 5: Great_Kang ($135.25 in chips)
dalton135: posts small blind $1
Great_Kang: posts big blind $3
*** HOLE CARDS ***
dalton135: calls $2
Great_Kang: raises $3 to $6
dalton135: calls $3
*** FLOP *** [4h 5s 6h]
Great_Kang: bets $3
dalton135: calls $3
*** TURN *** [4h 5s 6h] [9s]
Great_Kang: checks
dalton135: checks
*** RIVER *** [4h 5s 6h 9s] [3c]
Great_Kang: bets $6
dalton135: calls $6
*** SHOW DOWN ***
Great_Kang: shows [2s Ac] (a straight, Deuce to Six)
dalton135: shows [2d Td] (a straight, Deuce to Six)
Great_Kang collected $14.75 from pot
dalton135 collected $14.75 from pot
*** SUMMARY ***
Total pot $30 | Rake $0.50
Board [4h 5s 6h 9s 3c]
Seat 4: dalton135 (button) (small blind) showed [2d Td] and won ($14.75) with a straight, Deuce to Six
Seat 5: Great_Kang (big blind) showed [2s Ac] and won ($14.75) with a straight, Deuce to Six


PokerStars Hand #158015706484:  Hold'em Limit ($3/$6 USD) - 2016/09/01 9:36:09 ET
Table 'Leonce' 6-max Seat #4 is the button
Seat 4: dalton135 ($45.57 in chips)
Seat 5: Great_Kang ($140.76 in chips)
dalton135: posts small blind $1
Great_Kang: posts big blind $3
*** HOLE CARDS ***
dalton135: folds
Uncalled bet ($2) returned to Great_Kang
Great_Kang collected $2 from pot
Great_Kang: doesn't show hand
*** SUMMARY ***
Total pot $2 | Rake $0
Seat 4: dalton135 (button) (small blind) folded before Flop
Seat 5: Great_Kang (big blind) collected ($2)


PokerStars Hand #158015697697:  Hold'em Limit ($3/$6 USD) - 2016/09/01 9:35:52 ET
Table 'Leonce' 6-max Seat #5 is the button
Seat 4: dalton135 ($51.57 in chips)
Seat 5: Great_Kang ($135 in chips)
Great_Kang: posts small blind $1
dalton135: posts big blind $3
*** HOLE CARDS ***
Great_Kang: raises $3 to $6
dalton135: calls $3
*** FLOP *** [Kd Ks 8d]
dalton135: checks
Great_Kang: bets $3
dalton135: folds
Uncalled bet ($3) returned to Great_Kang
Great_Kang collected $11.76 from pot
Great_Kang: doesn't show hand
*** SUMMARY ***
Total pot $12 | Rake $0.24
Board [Kd Ks 8d]
Seat 4: dalton135 (big blind) folded on the Flop
Seat 5: Great_Kang (button) (small blind) collected ($11.76)


PokerStars Hand #158015709221:  Hold'em Limit ($3/$6 USD) - 2016/09/01 9:36:14 ET
Table 'Leonce' 6-max Seat #5 is the button
Seat 4: dalton135 ($44.57 in chips)
Seat 5: Great_Kang ($141.76 in chips)
Great_Kang: posts small blind $1
dalton135: posts big blind $3
*** HOLE CARDS ***
Great_Kang: raises $3 to $6
dalton135: raises $3 to $9
Great_Kang: calls $3
*** FLOP *** [Ac 9d 5h]
dalton135: bets $3
Great_Kang: folds
Uncalled bet ($3) returned to dalton135
ABATAPP joins the table at seat #3
dalton135 collected $17.64 from pot
dalton135: doesn't show hand
*** SUMMARY ***
Total pot $18 | Rake $0.36
Board [Ac 9d 5h]
Seat 4: dalton135 (big blind) collected ($17.64)
Seat 5: Great_Kang (button) (small blind) folded on the Flop


PokerStars Hand #158015717371:  Hold'em Limit ($3/$6 USD) - 2016/09/01 9:36:30 ET
Table 'Leonce' 6-max Seat #4 is the button
Seat 4: dalton135 ($53.21 in chips)
Seat 5: Great_Kang ($132.76 in chips)
dalton135: posts small blind $1
Great_Kang: posts big blind $3
*** HOLE CARDS ***
dalton135: raises $3 to $6
Great_Kang: folds
Uncalled bet ($3) returned to dalton135
dalton135 collected $6 from pot
dalton135: doesn't show hand
*** SUMMARY ***
Total pot $6 | Rake $0
Seat 4: dalton135 (button) (small blind) collected ($6)
Seat 5: Great_Kang (big blind) folded before Flop


PokerStars Hand #158015756673:  Hold'em Limit ($3/$6 USD) - 2016/09/01 9:37:45 ET
Table 'Leonce' 6-max Seat #5 is the button
Seat 4: dalton135 ($29.21 in chips)
Seat 5: Great_Kang ($120 in chips)
Great_Kang: posts small blind $1
ABATAPP: is sitting out
dalton135: posts big blind $3
*** HOLE CARDS ***
Great_Kang: raises $3 to $6
dalton135: folds
Uncalled bet ($3) returned to Great_Kang
Great_Kang collected $6 from pot
Great_Kang: doesn't show hand
*** SUMMARY ***
Total pot $6 | Rake $0
Seat 4: dalton135 (big blind) folded before Flop
Seat 5: Great_Kang (button) (small blind) collected ($6)


PokerStars Hand #158015761124:  Hold'em Limit ($3/$6 USD) - 2016/09/01 9:37:53 ET
Table 'Leonce' 6-max Seat #4 is the button
Seat 4: dalton135 ($26.21 in chips)
Seat 5: Great_Kang ($123 in chips)
dalton135: posts small blind $1
Great_Kang: posts big blind $3
*** HOLE CARDS ***
dalton135: raises $3 to $6
Great_Kang: calls $3
*** FLOP *** [3c 2c 8s]
Great_Kang: checks
dalton135: bets $3
Great_Kang: raises $3 to $6
dalton135: calls $3
*** TURN *** [3c 2c 8s] [7c]
Great_Kang: bets $6
dalton135: calls $6
*** RIVER *** [3c 2c 8s 7c] [Jd]
Great_Kang: bets $6
dalton135: calls $6
*** SHOW DOWN ***
Great_Kang: shows [4h 3h] (a pair of Threes)
dalton135: mucks hand
Great_Kang collected $47.50 from pot
*** SUMMARY ***
Total pot $48 | Rake $0.50
Board [3c 2c 8s 7c Jd]
Seat 4: dalton135 (button) (small blind) mucked
Seat 5: Great_Kang (big blind) showed [4h 3h] and won ($47.50) with a pair of Threes


