PokerStars Hand #171940504395:  Hold'em Limit ($3/$6 USD) - 2017/06/18 14:15:17 ET
Table 'Leonora II' 6-max Seat #6 is the button
Seat 1: nedo1414 ($120 in chips)
Seat 6: scorpio04 ($150 in chips)
scorpio04: posts small blind $1
nedo1414: posts big blind $3
*** HOLE CARDS ***
scorpio04: raises $3 to $6
nedo1414: calls $3
*** FLOP *** [2d Td 9d]
nedo1414: checks
scorpio04: bets $3
nedo1414: calls $3
*** TURN *** [2d Td 9d] [Jc]
nedo1414: checks
scorpio04: checks
*** RIVER *** [2d Td 9d Jc] [Ah]
nedo1414: checks
scorpio04: bets $6
nedo1414: calls $6
*** SHOW DOWN ***
scorpio04: shows [2s Ad] (two pair, Aces and Deuces)
nedo1414: mucks hand
scorpio04 collected $29.50 from pot
*** SUMMARY ***
Total pot $30 | Rake $0.50
Board [2d Td 9d Jc Ah]
Seat 1: nedo1414 (big blind) mucked
Seat 6: scorpio04 (button) (small blind) showed [2s Ad] and won ($29.50) with two pair, Aces and Deuces


PokerStars Hand #171940545996:  Hold'em Limit ($3/$6 USD) - 2017/06/18 14:16:04 ET
Table 'Leonora II' 6-max Seat #1 is the button
Seat 1: nedo1414 ($134.02 in chips)
Seat 6: scorpio04 ($150 in chips)
nedo1414: posts small blind $1
scorpio04: posts big blind $3
*** HOLE CARDS ***
nedo1414: raises $3 to $6
scorpio04: raises $3 to $9
nedo1414: calls $3
*** FLOP *** [3s Kc 8d]
scorpio04: bets $3
nedo1414: calls $3
*** TURN *** [3s Kc 8d] [6h]
scorpio04: bets $6
nedo1414: folds
Uncalled bet ($6) returned to scorpio04
scorpio04 collected $23.52 from pot
scorpio04: doesn't show hand
*** SUMMARY ***
Total pot $24 | Rake $0.48
Board [3s Kc 8d 6h]
Seat 1: nedo1414 (button) (small blind) folded on the Turn
Seat 6: scorpio04 (big blind) collected ($23.52)


PokerStars Hand #171940524193:  Hold'em Limit ($3/$6 USD) - 2017/06/18 14:15:40 ET
Table 'Leonora II' 6-max Seat #1 is the button
Seat 1: nedo1414 ($105 in chips)
Seat 6: scorpio04 ($164.50 in chips)
nedo1414: posts small blind $1
scorpio04: posts big blind $3
*** HOLE CARDS ***
nedo1414: raises $3 to $6
scorpio04: raises $3 to $9
nedo1414: calls $3
*** FLOP *** [9c Qd 4h]
scorpio04: bets $3
nedo1414: calls $3
*** TURN *** [9c Qd 4h] [8c]
scorpio04: checks
nedo1414: bets $6
scorpio04: calls $6
*** RIVER *** [9c Qd 4h 8c] [7h]
scorpio04: checks
nedo1414: bets $6
scorpio04: folds
Uncalled bet ($6) returned to nedo1414
nedo1414 collected $35.50 from pot
nedo1414: doesn't show hand
*** SUMMARY ***
Total pot $36 | Rake $0.50
Board [9c Qd 4h 8c 7h]
Seat 1: nedo1414 (button) (small blind) collected ($35.50)
Seat 6: scorpio04 (big blind) folded on the River


PokerStars Hand #171940537045:  Hold'em Limit ($3/$6 USD) - 2017/06/18 14:15:54 ET
Table 'Leonora II' 6-max Seat #6 is the button
Seat 1: nedo1414 ($122.50 in chips)
Seat 6: scorpio04 ($150 in chips)
scorpio04: posts small blind $1
nedo1414: posts big blind $3
*** HOLE CARDS ***
scorpio04: raises $3 to $6
nedo1414: raises $3 to $9
scorpio04: calls $3
*** FLOP *** [8c 5h Qs]
nedo1414: bets $3
scorpio04: calls $3
*** TURN *** [8c 5h Qs] [Th]
nedo1414: bets $6
scorpio04: folds
Uncalled bet ($6) returned to nedo1414
nedo1414 collected $23.52 from pot
nedo1414: doesn't show hand
*** SUMMARY ***
Total pot $24 | Rake $0.48
Board [8c 5h Qs Th]
Seat 1: nedo1414 (big blind) collected ($23.52)
Seat 6: scorpio04 (button) (small blind) folded on the Turn


PokerStars Hand #171940553382:  Hold'em Limit ($3/$6 USD) - 2017/06/18 14:16:13 ET
Table 'Leonora II' 6-max Seat #6 is the button
Seat 1: nedo1414 ($122.02 in chips)
Seat 6: scorpio04 ($161.52 in chips)
scorpio04: posts small blind $1
nedo1414: posts big blind $3
*** HOLE CARDS ***
scorpio04: raises $3 to $6
nedo1414: raises $3 to $9
scorpio04: calls $3
*** FLOP *** [Qs 9s 8c]
nedo1414: bets $3
scorpio04: calls $3
*** TURN *** [Qs 9s 8c] [Tc]
nedo1414: checks
scorpio04: bets $6
nedo1414: calls $6
*** RIVER *** [Qs 9s 8c Tc] [2s]
vladal 888 joins the table at seat #3
nedo1414: checks
scorpio04: bets $6
nedo1414: folds
Uncalled bet ($6) returned to scorpio04
scorpio04 collected $35.50 from pot
scorpio04: doesn't show hand
*** SUMMARY ***
Total pot $36 | Rake $0.50
Board [Qs 9s 8c Tc 2s]
Seat 1: nedo1414 (big blind) folded on the River
Seat 6: scorpio04 (button) (small blind) collected ($35.50)


PokerStars Hand #171941553554:  Hold'em Limit ($3/$6 USD) - 2017/06/18 14:35:08 ET
Table 'Leonora II' 6-max Seat #6 is the button
Seat 2: bAAchi ($146 in chips)
Seat 6: scorpio04 ($284.25 in chips)
scorpio04: posts small blind $1
bAAchi: posts big blind $3
*** HOLE CARDS ***
scorpio04: raises $3 to $6
bAAchi: calls $3
*** FLOP *** [9s 7c 4c]
bAAchi: checks
Kusk1 leaves the table
scorpio04: bets $3
bAAchi: calls $3
*** TURN *** [9s 7c 4c] [3d]
bAAchi: checks
scorpio04: bets $6
bAAchi: raises $6 to $12
scorpio04: folds
Uncalled bet ($6) returned to bAAchi
bAAchi collected $29.50 from pot
bAAchi: doesn't show hand
*** SUMMARY ***
Total pot $30 | Rake $0.50
Board [9s 7c 4c 3d]
Seat 2: bAAchi (big blind) collected ($29.50)
Seat 6: scorpio04 (button) (small blind) folded on the Turn


PokerStars Hand #171941535999:  Hold'em Limit ($3/$6 USD) - 2017/06/18 14:34:48 ET
Table 'Leonora II' 6-max Seat #2 is the button
Seat 2: bAAchi ($155 in chips)
Seat 6: scorpio04 ($275.61 in chips)
bAAchi: posts small blind $1
Kusk1: is sitting out
scorpio04: posts big blind $3
*** HOLE CARDS ***
bAAchi: raises $3 to $6
scorpio04: calls $3
*** FLOP *** [4d 4c 4s]
scorpio04: checks
bAAchi: bets $3
scorpio04: calls $3
*** TURN *** [4d 4c 4s] [Jh]
scorpio04: checks
bAAchi: checks
*** RIVER *** [4d 4c 4s Jh] [Ks]
scorpio04: bets $6
bAAchi: folds
Uncalled bet ($6) returned to scorpio04
scorpio04 collected $17.64 from pot
scorpio04: doesn't show hand
*** SUMMARY ***
Total pot $18 | Rake $0.36
Board [4d 4c 4s Jh Ks]
Seat 2: bAAchi (button) (small blind) folded on the River
Seat 6: scorpio04 (big blind) collected ($17.64)


PokerStars Hand #171941567147:  Hold'em Limit ($3/$6 USD) - 2017/06/18 14:35:23 ET
Table 'Leonora II' 6-max Seat #2 is the button
Seat 2: bAAchi ($160.50 in chips)
Seat 6: scorpio04 ($269.25 in chips)
bAAchi: posts small blind $1
scorpio04: posts big blind $3
*** HOLE CARDS ***
bAAchi: raises $3 to $6
scorpio04: calls $3
*** FLOP *** [2c Qc 7s]
scorpio04: checks
bAAchi: bets $3
craaa leaves the table
scorpio04: calls $3
*** TURN *** [2c Qc 7s] [6c]
scorpio04: bets $6
bAAchi: calls $6
*** RIVER *** [2c Qc 7s 6c] [4c]
scorpio04: checks
bAAchi: bets $6
scorpio04: folds
Uncalled bet ($6) returned to bAAchi
bAAchi collected $29.50 from pot
bAAchi: doesn't show hand
*** SUMMARY ***
Total pot $30 | Rake $0.50
Board [2c Qc 7s 6c 4c]
Seat 2: bAAchi (button) (small blind) collected ($29.50)
Seat 6: scorpio04 (big blind) folded on the River


