PokerStars Hand #159865160510:  Hold'em Limit ($3/$6 USD) - 2016/10/13 5:08:43 ET
Table 'Leonid II' 6-max Seat #3 is the button
Seat 3: NiktheDon ($120 in chips)
Seat 4: VolkovDmitri ($120 in chips)
NiktheDon: posts small blind $1
VolkovDmitri: posts big blind $3
*** HOLE CARDS ***
NiktheDon: raises $3 to $6
VolkovDmitri: folds
Uncalled bet ($3) returned to NiktheDon
NiktheDon collected $6 from pot
NiktheDon: doesn't show hand
*** SUMMARY ***
Total pot $6 | Rake $0
Seat 3: NiktheDon (button) (small blind) collected ($6)
Seat 4: VolkovDmitri (big blind) folded before Flop


PokerStars Hand #159865165990:  Hold'em Limit ($3/$6 USD) - 2016/10/13 5:08:58 ET
Table 'Leonid II' 6-max Seat #4 is the button
Seat 3: NiktheDon ($123 in chips)
Seat 4: VolkovDmitri ($120 in chips)
VolkovDmitri: posts small blind $1
NiktheDon: posts big blind $3
*** HOLE CARDS ***
VolkovDmitri: raises $3 to $6
NiktheDon: calls $3
*** FLOP *** [5d 7c Js]
NiktheDon: checks
VolkovDmitri: bets $3
NiktheDon: calls $3
*** TURN *** [5d 7c Js] [Ad]
NiktheDon: bets $6
VolkovDmitri: calls $6
*** RIVER *** [5d 7c Js Ad] [9d]
NiktheDon: bets $6
VolkovDmitri: calls $6
*** SHOW DOWN ***
NiktheDon: shows [7h Jc] (two pair, Jacks and Sevens)
VolkovDmitri: mucks hand
NiktheDon collected $41.50 from pot
*** SUMMARY ***
Total pot $42 | Rake $0.50
Board [5d 7c Js Ad 9d]
Seat 3: NiktheDon (big blind) showed [7h Jc] and won ($41.50) with two pair, Jacks and Sevens
Seat 4: VolkovDmitri (button) (small blind) mucked


PokerStars Hand #159865178569:  Hold'em Limit ($3/$6 USD) - 2016/10/13 5:09:33 ET
Table 'Leonid II' 6-max Seat #3 is the button
Seat 3: NiktheDon ($143.50 in chips)
Seat 4: VolkovDmitri ($120 in chips)
NiktheDon: posts small blind $1
VolkovDmitri: posts big blind $3
*** HOLE CARDS ***
bangolfaren joins the table at seat #5
NiktheDon: folds
Uncalled bet ($2) returned to VolkovDmitri
VolkovDmitri collected $2 from pot
VolkovDmitri: doesn't show hand
*** SUMMARY ***
Total pot $2 | Rake $0
Seat 3: NiktheDon (button) (small blind) folded before Flop
Seat 4: VolkovDmitri (big blind) collected ($2)


PokerStars Hand #159865400539:  Hold'em Limit ($3/$6 USD) - 2016/10/13 5:19:42 ET
Table 'Leonid II' 6-max Seat #1 is the button
Seat 1: yayaya ($56 in chips)
Seat 6: Hadart ($190.27 in chips)
yayaya: posts small blind $1
bangolfaren: is sitting out
Hadart: posts big blind $3
*** HOLE CARDS ***
yayaya: folds
Uncalled bet ($2) returned to Hadart
Hadart collected $2 from pot
Hadart: doesn't show hand
bangolfaren leaves the table
*** SUMMARY ***
Total pot $2 | Rake $0
Seat 1: yayaya (button) (small blind) folded before Flop
Seat 6: Hadart (big blind) collected ($2)


