PokerStars Hand #165599357821:  Hold'em Limit ($3/$6 USD) - 2017/02/03 3:45:11 ET
Table 'Leonid' 6-max Seat #1 is the button
Seat 1: Agrotait ($72 in chips)
Seat 2: killer bud ($120 in chips)
Agrotait: posts small blind $1
killer bud: posts big blind $3
*** HOLE CARDS ***
Ale4o joins the table at seat #3
Agrotait: raises $3 to $6
killer bud: folds
Uncalled bet ($3) returned to Agrotait
Agrotait collected $6 from pot
Agrotait: doesn't show hand
*** SUMMARY ***
Total pot $6 | Rake $0
Seat 1: Agrotait (button) (small blind) collected ($6)
Seat 2: killer bud (big blind) folded before Flop


PokerStars Hand #165601950296:  Hold'em Limit ($3/$6 USD) - 2017/02/03 5:31:53 ET
Table 'Leonid' 6-max Seat #2 is the button
Seat 2: killer bud ($167.86 in chips)
Seat 3: Ale4o ($105.90 in chips)
killer bud: posts small blind $1
Ale4o: posts big blind $3
*** HOLE CARDS ***
killer bud: folds
Uncalled bet ($2) returned to Ale4o
Ale4o collected $2 from pot
Ale4o: doesn't show hand
*** SUMMARY ***
Total pot $2 | Rake $0
Seat 2: killer bud (button) (small blind) folded before Flop
Seat 3: Ale4o (big blind) collected ($2)


PokerStars Hand #165601947077:  Hold'em Limit ($3/$6 USD) - 2017/02/03 5:31:46 ET
Table 'Leonid' 6-max Seat #3 is the button
Seat 2: killer bud ($166.86 in chips)
Seat 3: Ale4o ($106.90 in chips)
Ale4o: posts small blind $1
beng_51: is sitting out
killer bud: posts big blind $3
*** HOLE CARDS ***
Ale4o: folds
Uncalled bet ($2) returned to killer bud
beng_51 leaves the table
killer bud collected $2 from pot
killer bud: doesn't show hand
*** SUMMARY ***
Total pot $2 | Rake $0
Seat 2: killer bud (big blind) collected ($2)
Seat 3: Ale4o (button) (small blind) folded before Flop


PokerStars Hand #165601963435:  Hold'em Limit ($3/$6 USD) - 2017/02/03 5:32:21 ET
Table 'Leonid' 6-max Seat #2 is the button
Seat 2: killer bud ($172.62 in chips)
Seat 3: Ale4o ($100.90 in chips)
killer bud: posts small blind $1
Ale4o: posts big blind $3
*** HOLE CARDS ***
killer bud: calls $2
Ale4o: checks
*** FLOP *** [Qh 6d 6s]
Ale4o: checks
killer bud: checks
*** TURN *** [Qh 6d 6s] [3d]
Ale4o: bets $6
killer bud: folds
Uncalled bet ($6) returned to Ale4o
Ale4o collected $5.88 from pot
Ale4o: doesn't show hand
*** SUMMARY ***
Total pot $6 | Rake $0.12
Board [Qh 6d 6s 3d]
Seat 2: killer bud (button) (small blind) folded on the Turn
Seat 3: Ale4o (big blind) collected ($5.88)


PokerStars Hand #165601953518:  Hold'em Limit ($3/$6 USD) - 2017/02/03 5:32:00 ET
Table 'Leonid' 6-max Seat #3 is the button
Seat 2: killer bud ($166.86 in chips)
Seat 3: Ale4o ($106.90 in chips)
Ale4o: posts small blind $1
killer bud: posts big blind $3
*** HOLE CARDS ***
Ale4o: raises $3 to $6
killer bud: calls $3
*** FLOP *** [3s 6s 9h]
killer bud: checks
Ale4o: checks
*** TURN *** [3s 6s 9h] [Qh]
killer bud: checks
Ale4o: checks
*** RIVER *** [3s 6s 9h Qh] [3d]
killer bud: checks
Ale4o: checks
*** SHOW DOWN ***
killer bud: shows [Jc 9d] (two pair, Nines and Threes)
Ale4o: mucks hand
killer bud collected $11.76 from pot
*** SUMMARY ***
Total pot $12 | Rake $0.24
Board [3s 6s 9h Qh 3d]
Seat 2: killer bud (big blind) showed [Jc 9d] and won ($11.76) with two pair, Nines and Threes
Seat 3: Ale4o (button) (small blind) mucked


PokerStars Hand #165601971739:  Hold'em Limit ($3/$6 USD) - 2017/02/03 5:32:39 ET
Table 'Leonid' 6-max Seat #3 is the button
Seat 2: killer bud ($169.62 in chips)
Seat 3: Ale4o ($103.78 in chips)
Ale4o: posts small blind $1
killer bud: posts big blind $3
*** HOLE CARDS ***
Ale4o: folds
Uncalled bet ($2) returned to killer bud
killer bud collected $2 from pot
killer bud: doesn't show hand
*** SUMMARY ***
Total pot $2 | Rake $0
Seat 2: killer bud (big blind) collected ($2)
Seat 3: Ale4o (button) (small blind) folded before Flop


PokerStars Hand #165601992864:  Hold'em Limit ($3/$6 USD) - 2017/02/03 5:33:25 ET
Table 'Leonid' 6-max Seat #3 is the button
Seat 2: killer bud ($161.50 in chips)
Seat 3: Ale4o ($111.42 in chips)
Ale4o: posts small blind $1
killer bud: posts big blind $3
*** HOLE CARDS ***
Ale4o: raises $3 to $6
killer bud: calls $3
*** FLOP *** [8h 4s 4h]
killer bud: checks
Ale4o: bets $3
killer bud: folds
Uncalled bet ($3) returned to Ale4o
Ale4o collected $11.76 from pot
Ale4o: doesn't show hand
*** SUMMARY ***
Total pot $12 | Rake $0.24
Board [8h 4s 4h]
Seat 2: killer bud (big blind) folded on the Flop
Seat 3: Ale4o (button) (small blind) collected ($11.76)


PokerStars Hand #165601982989:  Hold'em Limit ($3/$6 USD) - 2017/02/03 5:33:03 ET
Table 'Leonid' 6-max Seat #3 is the button
Seat 2: killer bud ($173.50 in chips)
Seat 3: Ale4o ($99.78 in chips)
Ale4o: posts small blind $1
killer bud: posts big blind $3
*** HOLE CARDS ***
Ale4o: raises $3 to $6
killer bud: folds
Uncalled bet ($3) returned to Ale4o
Ale4o collected $6 from pot
Ale4o: doesn't show hand
*** SUMMARY ***
Total pot $6 | Rake $0
Seat 2: killer bud (big blind) folded before Flop
Seat 3: Ale4o (button) (small blind) collected ($6)


PokerStars Hand #165601974331:  Hold'em Limit ($3/$6 USD) - 2017/02/03 5:32:45 ET
Table 'Leonid' 6-max Seat #2 is the button
Seat 2: killer bud ($170.62 in chips)
Seat 3: Ale4o ($102.78 in chips)
killer bud: posts small blind $1
Ale4o: posts big blind $3
*** HOLE CARDS ***
killer bud: calls $2
Ale4o: checks
*** FLOP *** [4s 6h Kh]
Ale4o: checks
killer bud: bets $3
Ale4o: folds
Uncalled bet ($3) returned to killer bud
killer bud collected $5.88 from pot
killer bud: doesn't show hand
*** SUMMARY ***
Total pot $6 | Rake $0.12
Board [4s 6h Kh]
Seat 2: killer bud (button) (small blind) collected ($5.88)
Seat 3: Ale4o (big blind) folded on the Flop


PokerStars Hand #165602012125:  Hold'em Limit ($3/$6 USD) - 2017/02/03 5:34:06 ET
Table 'Leonid' 6-max Seat #3 is the button
Seat 2: killer bud ($152.50 in chips)
Seat 3: Ale4o ($120.06 in chips)
Ale4o: posts small blind $1
killer bud: posts big blind $3
*** HOLE CARDS ***
Ale4o: raises $3 to $6
killer bud: calls $3
*** FLOP *** [2d Qs 9c]
killer bud: checks
Ale4o: bets $3
killer bud: folds
Uncalled bet ($3) returned to Ale4o
Ale4o collected $11.76 from pot
Ale4o: doesn't show hand
*** SUMMARY ***
Total pot $12 | Rake $0.24
Board [2d Qs 9c]
Seat 2: killer bud (big blind) folded on the Flop
Seat 3: Ale4o (button) (small blind) collected ($11.76)


PokerStars Hand #165602020495:  Hold'em Limit ($3/$6 USD) - 2017/02/03 5:34:24 ET
Table 'Leonid' 6-max Seat #2 is the button
Seat 2: killer bud ($146.50 in chips)
Seat 3: Ale4o ($125.82 in chips)
killer bud: posts small blind $1
Ale4o: posts big blind $3
*** HOLE CARDS ***
killer bud: calls $2
Ale4o: raises $3 to $6
killer bud: calls $3
*** FLOP *** [8c Qh Td]
Ale4o: bets $3
killer bud: calls $3
*** TURN *** [8c Qh Td] [Jd]
Ale4o: checks
killer bud: checks
*** RIVER *** [8c Qh Td Jd] [7d]
Ale4o: checks
killer bud: bets $6
Ale4o: folds
Uncalled bet ($6) returned to killer bud
killer bud collected $17.64 from pot
killer bud: doesn't show hand
*** SUMMARY ***
Total pot $18 | Rake $0.36
Board [8c Qh Td Jd 7d]
Seat 2: killer bud (button) (small blind) collected ($17.64)
Seat 3: Ale4o (big blind) folded on the River


PokerStars Hand #165601998403:  Hold'em Limit ($3/$6 USD) - 2017/02/03 5:33:37 ET
Table 'Leonid' 6-max Seat #2 is the button
Seat 2: killer bud ($155.50 in chips)
Seat 3: Ale4o ($117.18 in chips)
killer bud: posts small blind $1
Ale4o: posts big blind $3
*** HOLE CARDS ***
killer bud: calls $2
Ale4o: checks
*** FLOP *** [8d 8s Tc]
Ale4o: checks
killer bud: checks
*** TURN *** [8d 8s Tc] [7h]
Ale4o: bets $6
killer bud: folds
Uncalled bet ($6) returned to Ale4o
Ale4o collected $5.88 from pot
Ale4o: doesn't show hand
*** SUMMARY ***
Total pot $6 | Rake $0.12
Board [8d 8s Tc 7h]
Seat 2: killer bud (button) (small blind) folded on the Turn
Seat 3: Ale4o (big blind) collected ($5.88)


PokerStars Hand #165602032399:  Hold'em Limit ($3/$6 USD) - 2017/02/03 5:34:49 ET
Table 'Leonid' 6-max Seat #3 is the button
Seat 2: killer bud ($155.14 in chips)
Seat 3: Ale4o ($116.82 in chips)
Ale4o: posts small blind $1
killer bud: posts big blind $3
*** HOLE CARDS ***
Ale4o: raises $3 to $6
killer bud: calls $3
*** FLOP *** [Ks 2h Tc]
killer bud: checks
Ale4o: bets $3
killer bud: calls $3
*** TURN *** [Ks 2h Tc] [2d]
killer bud: checks
Ale4o: bets $6
killer bud: calls $6
*** RIVER *** [Ks 2h Tc 2d] [9c]
killer bud: checks
Ale4o: bets $6
killer bud: calls $6
*** SHOW DOWN ***
Ale4o: shows [As Kc] (two pair, Kings and Deuces)
killer bud: mucks hand
Ale4o collected $41.50 from pot
*** SUMMARY ***
Total pot $42 | Rake $0.50
Board [Ks 2h Tc 2d 9c]
Seat 2: killer bud (big blind) mucked
Seat 3: Ale4o (button) (small blind) showed [As Kc] and won ($41.50) with two pair, Kings and Deuces


PokerStars Hand #165602062288:  Hold'em Limit ($3/$6 USD) - 2017/02/03 5:35:54 ET
Table 'Leonid' 6-max Seat #2 is the button
Seat 2: killer bud ($148.54 in chips)
Seat 3: Ale4o ($122.32 in chips)
killer bud: posts small blind $1
Ale4o: posts big blind $3
*** HOLE CARDS ***
killer bud: folds
Uncalled bet ($2) returned to Ale4o
Ale4o collected $2 from pot
Ale4o: doesn't show hand
*** SUMMARY ***
Total pot $2 | Rake $0
Seat 2: killer bud (button) (small blind) folded before Flop
Seat 3: Ale4o (big blind) collected ($2)


PokerStars Hand #165602052417:  Hold'em Limit ($3/$6 USD) - 2017/02/03 5:35:33 ET
Table 'Leonid' 6-max Seat #3 is the button
Seat 2: killer bud ($139.90 in chips)
Seat 3: Ale4o ($131.32 in chips)
Ale4o: posts small blind $1
killer bud: posts big blind $3
*** HOLE CARDS ***
Ale4o: raises $3 to $6
killer bud: calls $3
*** FLOP *** [Kd Qc Ac]
killer bud: checks
Ale4o: bets $3
killer bud: calls $3
*** TURN *** [Kd Qc Ac] [6c]
killer bud: checks
Ale4o: checks
*** RIVER *** [Kd Qc Ac 6c] [Jd]
killer bud: checks
Ale4o: checks
*** SHOW DOWN ***
killer bud: shows [Jh Ah] (two pair, Aces and Jacks)
Ale4o: mucks hand
killer bud collected $17.64 from pot
*** SUMMARY ***
Total pot $18 | Rake $0.36
Board [Kd Qc Ac 6c Jd]
Seat 2: killer bud (big blind) showed [Jh Ah] and won ($17.64) with two pair, Aces and Jacks
Seat 3: Ale4o (button) (small blind) mucked


PokerStars Hand #165602043172:  Hold'em Limit ($3/$6 USD) - 2017/02/03 5:35:13 ET
Table 'Leonid' 6-max Seat #2 is the button
Seat 2: killer bud ($134.14 in chips)
Seat 3: Ale4o ($137.32 in chips)
killer bud: posts small blind $1
Ale4o: posts big blind $3
*** HOLE CARDS ***
killer bud: calls $2
Ale4o: checks
*** FLOP *** [Kd 7s 2s]
Ale4o: bets $3
killer bud: calls $3
*** TURN *** [Kd 7s 2s] [7h]
Ale4o: checks
killer bud: bets $6
Ale4o: folds
Uncalled bet ($6) returned to killer bud
killer bud collected $11.76 from pot
killer bud: doesn't show hand
*** SUMMARY ***
Total pot $12 | Rake $0.24
Board [Kd 7s 2s 7h]
Seat 2: killer bud (button) (small blind) collected ($11.76)
Seat 3: Ale4o (big blind) folded on the Turn


PokerStars Hand #165602077301:  Hold'em Limit ($3/$6 USD) - 2017/02/03 5:36:26 ET
Table 'Leonid' 6-max Seat #3 is the button
Seat 2: killer bud ($141.54 in chips)
Seat 3: Ale4o ($129.32 in chips)
Ale4o: posts small blind $1
killer bud: posts big blind $3
*** HOLE CARDS ***
Ale4o: folds
Uncalled bet ($2) returned to killer bud
killer bud collected $2 from pot
killer bud: doesn't show hand
*** SUMMARY ***
Total pot $2 | Rake $0
Seat 2: killer bud (big blind) collected ($2)
Seat 3: Ale4o (button) (small blind) folded before Flop


PokerStars Hand #165602072997:  Hold'em Limit ($3/$6 USD) - 2017/02/03 5:36:16 ET
Table 'Leonid' 6-max Seat #2 is the button
Seat 2: killer bud ($144.54 in chips)
Seat 3: Ale4o ($126.32 in chips)
killer bud: posts small blind $1
Ale4o: posts big blind $3
*** HOLE CARDS ***
killer bud: calls $2
Ale4o: raises $3 to $6
killer bud: folds
Uncalled bet ($3) returned to Ale4o
Ale4o collected $6 from pot
Ale4o: doesn't show hand
*** SUMMARY ***
Total pot $6 | Rake $0
Seat 2: killer bud (button) (small blind) folded before Flop
Seat 3: Ale4o (big blind) collected ($6)


PokerStars Hand #165602086178:  Hold'em Limit ($3/$6 USD) - 2017/02/03 5:36:44 ET
Table 'Leonid' 6-max Seat #3 is the button
Seat 2: killer bud ($154.06 in chips)
Seat 3: Ale4o ($116.32 in chips)
Ale4o: posts small blind $1
killer bud: posts big blind $3
*** HOLE CARDS ***
Ale4o: raises $3 to $6
killer bud: calls $3
*** FLOP *** [4d 5c 9s]
killer bud: checks
Ale4o: bets $3
killer bud: folds
Uncalled bet ($3) returned to Ale4o
Ale4o collected $11.76 from pot
Ale4o: doesn't show hand
*** SUMMARY ***
Total pot $12 | Rake $0.24
Board [4d 5c 9s]
Seat 2: killer bud (big blind) folded on the Flop
Seat 3: Ale4o (button) (small blind) collected ($11.76)


PokerStars Hand #165602067358:  Hold'em Limit ($3/$6 USD) - 2017/02/03 5:36:04 ET
Table 'Leonid' 6-max Seat #2 is the button
Seat 2: killer bud ($144.54 in chips)
Seat 3: Ale4o ($126.32 in chips)
killer bud: posts small blind $1
Ale4o: posts big blind $3
*** HOLE CARDS ***
killer bud: folds
Uncalled bet ($2) returned to Ale4o
Ale4o collected $2 from pot
Ale4o: doesn't show hand
*** SUMMARY ***
Total pot $2 | Rake $0
Seat 2: killer bud (button) (small blind) folded before Flop
Seat 3: Ale4o (big blind) collected ($2)


PokerStars Hand #165602064693:  Hold'em Limit ($3/$6 USD) - 2017/02/03 5:35:59 ET
Table 'Leonid' 6-max Seat #3 is the button
Seat 2: killer bud ($147.54 in chips)
Seat 3: Ale4o ($123.32 in chips)
Ale4o: posts small blind $1
killer bud: posts big blind $3
*** HOLE CARDS ***
Ale4o: raises $3 to $6
killer bud: folds
Uncalled bet ($3) returned to Ale4o
Ale4o collected $6 from pot
Ale4o: doesn't show hand
*** SUMMARY ***
Total pot $6 | Rake $0
Seat 2: killer bud (big blind) folded before Flop
Seat 3: Ale4o (button) (small blind) collected ($6)


PokerStars Hand #165602070020:  Hold'em Limit ($3/$6 USD) - 2017/02/03 5:36:10 ET
Table 'Leonid' 6-max Seat #3 is the button
Seat 2: killer bud ($143.54 in chips)
Seat 3: Ale4o ($127.32 in chips)
Ale4o: posts small blind $1
killer bud: posts big blind $3
*** HOLE CARDS ***
Ale4o: folds
Uncalled bet ($2) returned to killer bud
killer bud collected $2 from pot
killer bud: doesn't show hand
*** SUMMARY ***
Total pot $2 | Rake $0
Seat 2: killer bud (big blind) collected ($2)
Seat 3: Ale4o (button) (small blind) folded before Flop


PokerStars Hand #165602079553:  Hold'em Limit ($3/$6 USD) - 2017/02/03 5:36:30 ET
Table 'Leonid' 6-max Seat #2 is the button
Seat 2: killer bud ($142.54 in chips)
Seat 3: Ale4o ($128.32 in chips)
killer bud: posts small blind $1
Ale4o: posts big blind $3
*** HOLE CARDS ***
killer bud: calls $2
Ale4o: checks
*** FLOP *** [3h Td 4s]
Ale4o: bets $3
killer bud: calls $3
*** TURN *** [3h Td 4s] [9h]
Ale4o: bets $6
killer bud: raises $6 to $12
Ale4o: folds
Uncalled bet ($6) returned to killer bud
killer bud collected $23.52 from pot
killer bud: doesn't show hand
*** SUMMARY ***
Total pot $24 | Rake $0.48
Board [3h Td 4s 9h]
Seat 2: killer bud (button) (small blind) collected ($23.52)
Seat 3: Ale4o (big blind) folded on the Turn


PokerStars Hand #165602103172:  Hold'em Limit ($3/$6 USD) - 2017/02/03 5:37:21 ET
Table 'Leonid' 6-max Seat #3 is the button
Seat 2: killer bud ($140.06 in chips)
Seat 3: Ale4o ($129.84 in chips)
Ale4o: posts small blind $1
killer bud: posts big blind $3
*** HOLE CARDS ***
Ale4o: raises $3 to $6
killer bud: folds
Uncalled bet ($3) returned to Ale4o
Ale4o collected $6 from pot
Ale4o: doesn't show hand
*** SUMMARY ***
Total pot $6 | Rake $0
Seat 2: killer bud (big blind) folded before Flop
Seat 3: Ale4o (button) (small blind) collected ($6)


PokerStars Hand #165602100095:  Hold'em Limit ($3/$6 USD) - 2017/02/03 5:37:14 ET
Table 'Leonid' 6-max Seat #2 is the button
Seat 2: killer bud ($141.06 in chips)
Seat 3: Ale4o ($128.84 in chips)
killer bud: posts small blind $1
Ale4o: posts big blind $3
*** HOLE CARDS ***
killer bud: folds
Uncalled bet ($2) returned to Ale4o
Ale4o collected $2 from pot
Ale4o: doesn't show hand
*** SUMMARY ***
Total pot $2 | Rake $0
Seat 2: killer bud (button) (small blind) folded before Flop
Seat 3: Ale4o (big blind) collected ($2)


PokerStars Hand #165602105995:  Hold'em Limit ($3/$6 USD) - 2017/02/03 5:37:27 ET
Table 'Leonid' 6-max Seat #2 is the button
Seat 2: killer bud ($137.06 in chips)
Seat 3: Ale4o ($132.84 in chips)
killer bud: posts small blind $1
Ale4o: posts big blind $3
*** HOLE CARDS ***
killer bud: calls $2
Ale4o: checks
*** FLOP *** [Jh 8c 5s]
Ale4o: checks
killer bud: bets $3
Ale4o: folds
Uncalled bet ($3) returned to killer bud
killer bud collected $5.88 from pot
killer bud: doesn't show hand
*** SUMMARY ***
Total pot $6 | Rake $0.12
Board [Jh 8c 5s]
Seat 2: killer bud (button) (small blind) collected ($5.88)
Seat 3: Ale4o (big blind) folded on the Flop


PokerStars Hand #165602092080:  Hold'em Limit ($3/$6 USD) - 2017/02/03 5:36:57 ET
Table 'Leonid' 6-max Seat #2 is the button
Seat 2: killer bud ($148.06 in chips)
Seat 3: Ale4o ($122.08 in chips)
killer bud: posts small blind $1
Ale4o: posts big blind $3
*** HOLE CARDS ***
killer bud: folds
Uncalled bet ($2) returned to Ale4o
Ale4o collected $2 from pot
Ale4o: doesn't show hand
*** SUMMARY ***
Total pot $2 | Rake $0
Seat 2: killer bud (button) (small blind) folded before Flop
Seat 3: Ale4o (big blind) collected ($2)


PokerStars Hand #165602094436:  Hold'em Limit ($3/$6 USD) - 2017/02/03 5:37:02 ET
Table 'Leonid' 6-max Seat #3 is the button
Seat 2: killer bud ($147.06 in chips)
Seat 3: Ale4o ($123.08 in chips)
Ale4o: posts small blind $1
killer bud: posts big blind $3
*** HOLE CARDS ***
Ale4o: raises $3 to $6
killer bud: calls $3
*** FLOP *** [6h 8h 9d]
killer bud: checks
Ale4o: bets $3
killer bud: folds
Uncalled bet ($3) returned to Ale4o
Ale4o collected $11.76 from pot
Ale4o: doesn't show hand
*** SUMMARY ***
Total pot $12 | Rake $0.24
Board [6h 8h 9d]
Seat 2: killer bud (big blind) folded on the Flop
Seat 3: Ale4o (button) (small blind) collected ($11.76)


PokerStars Hand #165602115532:  Hold'em Limit ($3/$6 USD) - 2017/02/03 5:37:47 ET
Table 'Leonid' 6-max Seat #3 is the button
Seat 2: killer bud ($139.94 in chips)
Seat 3: Ale4o ($129.84 in chips)
Ale4o: posts small blind $1
killer bud: posts big blind $3
*** HOLE CARDS ***
Ale4o: raises $3 to $6
killer bud: folds
Uncalled bet ($3) returned to Ale4o
Ale4o collected $6 from pot
Ale4o: doesn't show hand
*** SUMMARY ***
Total pot $6 | Rake $0
Seat 2: killer bud (big blind) folded before Flop
Seat 3: Ale4o (button) (small blind) collected ($6)


PokerStars Hand #165602131396:  Hold'em Limit ($3/$6 USD) - 2017/02/03 5:38:21 ET
Table 'Leonid' 6-max Seat #2 is the button
Seat 2: killer bud ($134.94 in chips)
Seat 3: Ale4o ($134.72 in chips)
killer bud: posts small blind $1
Ale4o: posts big blind $3
*** HOLE CARDS ***
killer bud: folds
Uncalled bet ($2) returned to Ale4o
Ale4o collected $2 from pot
Ale4o: doesn't show hand
*** SUMMARY ***
Total pot $2 | Rake $0
Seat 2: killer bud (button) (small blind) folded before Flop
Seat 3: Ale4o (big blind) collected ($2)


PokerStars Hand #165602129228:  Hold'em Limit ($3/$6 USD) - 2017/02/03 5:38:16 ET
Table 'Leonid' 6-max Seat #3 is the button
Seat 2: killer bud ($133.94 in chips)
Seat 3: Ale4o ($135.72 in chips)
Ale4o: posts small blind $1
killer bud: posts big blind $3
*** HOLE CARDS ***
Ale4o: folds
Uncalled bet ($2) returned to killer bud
killer bud collected $2 from pot
killer bud: doesn't show hand
*** SUMMARY ***
Total pot $2 | Rake $0
Seat 2: killer bud (big blind) collected ($2)
Seat 3: Ale4o (button) (small blind) folded before Flop


PokerStars Hand #165602133514:  Hold'em Limit ($3/$6 USD) - 2017/02/03 5:38:26 ET
Table 'Leonid' 6-max Seat #3 is the button
Seat 2: killer bud ($133.94 in chips)
Seat 3: Ale4o ($135.72 in chips)
Ale4o: posts small blind $1
killer bud: posts big blind $3
*** HOLE CARDS ***
Ale4o: folds
Uncalled bet ($2) returned to killer bud
killer bud collected $2 from pot
killer bud: doesn't show hand
*** SUMMARY ***
Total pot $2 | Rake $0
Seat 2: killer bud (big blind) collected ($2)
Seat 3: Ale4o (button) (small blind) folded before Flop


PokerStars Hand #165602138900:  Hold'em Limit ($3/$6 USD) - 2017/02/03 5:38:37 ET
Table 'Leonid' 6-max Seat #2 is the button
Seat 2: killer bud ($134.94 in chips)
Seat 3: Ale4o ($134.72 in chips)
killer bud: posts small blind $1
Ale4o: posts big blind $3
*** HOLE CARDS ***
killer bud: raises $3 to $6
Ale4o: folds
Uncalled bet ($3) returned to killer bud
killer bud collected $6 from pot
killer bud: doesn't show hand
*** SUMMARY ***
Total pot $6 | Rake $0
Seat 2: killer bud (button) (small blind) collected ($6)
Seat 3: Ale4o (big blind) folded before Flop


PokerStars Hand #165602121277:  Hold'em Limit ($3/$6 USD) - 2017/02/03 5:37:59 ET
Table 'Leonid' 6-max Seat #2 is the button
Seat 2: killer bud ($136.94 in chips)
Seat 3: Ale4o ($132.84 in chips)
killer bud: posts small blind $1
Ale4o: posts big blind $3
*** HOLE CARDS ***
killer bud: calls $2
Ale4o: checks
*** FLOP *** [5h Ts 3d]
Ale4o: bets $3
killer bud: folds
Uncalled bet ($3) returned to Ale4o
Ale4o collected $5.88 from pot
Ale4o: doesn't show hand
*** SUMMARY ***
Total pot $6 | Rake $0.12
Board [5h Ts 3d]
Seat 2: killer bud (button) (small blind) folded on the Flop
Seat 3: Ale4o (big blind) collected ($5.88)


PokerStars Hand #165602141812:  Hold'em Limit ($3/$6 USD) - 2017/02/03 5:38:43 ET
Table 'Leonid' 6-max Seat #3 is the button
Seat 2: killer bud ($137.94 in chips)
Seat 3: Ale4o ($131.72 in chips)
Ale4o: posts small blind $1
killer bud: posts big blind $3
*** HOLE CARDS ***
Ale4o: raises $3 to $6
killer bud: calls $3
*** FLOP *** [6s Td Tc]
killer bud: checks
Ale4o: bets $3
killer bud: calls $3
*** TURN *** [6s Td Tc] [2c]
killer bud: checks
Ale4o: bets $6
killer bud: calls $6
*** RIVER *** [6s Td Tc 2c] [9s]
killer bud: checks
Ale4o: checks
*** SHOW DOWN ***
killer bud: shows [Qh As] (a pair of Tens)
Ale4o: mucks hand
killer bud collected $29.50 from pot
*** SUMMARY ***
Total pot $30 | Rake $0.50
Board [6s Td Tc 2c 9s]
Seat 2: killer bud (big blind) showed [Qh As] and won ($29.50) with a pair of Tens
Seat 3: Ale4o (button) (small blind) mucked


PokerStars Hand #165602159817:  Hold'em Limit ($3/$6 USD) - 2017/02/03 5:39:22 ET
Table 'Leonid' 6-max Seat #3 is the button
Seat 2: killer bud ($149.44 in chips)
Seat 3: Ale4o ($119.60 in chips)
Ale4o: posts small blind $1
killer bud: posts big blind $3
*** HOLE CARDS ***
Ale4o: raises $3 to $6
killer bud: calls $3
*** FLOP *** [Kh 6c 4s]
killer bud: checks
Ale4o: bets $3
killer bud: calls $3
*** TURN *** [Kh 6c 4s] [7d]
killer bud: checks
Ale4o: bets $6
killer bud: folds
Uncalled bet ($6) returned to Ale4o
Ale4o collected $17.64 from pot
Ale4o: doesn't show hand
*** SUMMARY ***
Total pot $18 | Rake $0.36
Board [Kh 6c 4s 7d]
Seat 2: killer bud (big blind) folded on the Turn
Seat 3: Ale4o (button) (small blind) collected ($17.64)


PokerStars Hand #165602151166:  Hold'em Limit ($3/$6 USD) - 2017/02/03 5:39:04 ET
Table 'Leonid' 6-max Seat #2 is the button
Seat 2: killer bud ($152.44 in chips)
Seat 3: Ale4o ($116.72 in chips)
killer bud: posts small blind $1
Ale4o: posts big blind $3
*** HOLE CARDS ***
killer bud: calls $2
Ale4o: checks
*** FLOP *** [4h Ks Jd]
Ale4o: checks
killer bud: checks
*** TURN *** [4h Ks Jd] [7c]
Ale4o: bets $6
killer bud: folds
Uncalled bet ($6) returned to Ale4o
Ale4o collected $5.88 from pot
Ale4o: doesn't show hand
*** SUMMARY ***
Total pot $6 | Rake $0.12
Board [4h Ks Jd 7c]
Seat 2: killer bud (button) (small blind) folded on the Turn
Seat 3: Ale4o (big blind) collected ($5.88)


PokerStars Hand #165602201725:  Hold'em Limit ($3/$6 USD) - 2017/02/03 5:40:51 ET
Table 'Leonid' 6-max Seat #2 is the button
Seat 2: killer bud ($155.72 in chips)
Seat 3: Ale4o ($112.12 in chips)
killer bud: posts small blind $1
Ale4o: posts big blind $3
*** HOLE CARDS ***
killer bud: folds
Uncalled bet ($2) returned to Ale4o
Ale4o collected $2 from pot
Ale4o: doesn't show hand
*** SUMMARY ***
Total pot $2 | Rake $0
Seat 2: killer bud (button) (small blind) folded before Flop
Seat 3: Ale4o (big blind) collected ($2)


PokerStars Hand #165602198332:  Hold'em Limit ($3/$6 USD) - 2017/02/03 5:40:44 ET
Table 'Leonid' 6-max Seat #3 is the button
Seat 2: killer bud ($154.72 in chips)
Seat 3: Ale4o ($113.12 in chips)
Ale4o: posts small blind $1
killer bud: posts big blind $3
*** HOLE CARDS ***
Ale4o: folds
Uncalled bet ($2) returned to killer bud
killer bud collected $2 from pot
killer bud: doesn't show hand
*** SUMMARY ***
Total pot $2 | Rake $0
Seat 2: killer bud (big blind) collected ($2)
Seat 3: Ale4o (button) (small blind) folded before Flop


PokerStars Hand #165602179148:  Hold'em Limit ($3/$6 USD) - 2017/02/03 5:40:03 ET
Table 'Leonid' 6-max Seat #3 is the button
Seat 2: killer bud ($146.20 in chips)
Seat 3: Ale4o ($122.24 in chips)
Ale4o: posts small blind $1
killer bud: posts big blind $3
*** HOLE CARDS ***
Ale4o: raises $3 to $6
killer bud: calls $3
*** FLOP *** [Ad Qh 7d]
killer bud: checks
Ale4o: bets $3
killer bud: calls $3
*** TURN *** [Ad Qh 7d] [8d]
killer bud: checks
Ale4o: checks
*** RIVER *** [Ad Qh 7d 8d] [Qs]
killer bud: checks
Ale4o: checks
*** SHOW DOWN ***
killer bud: shows [4s Ac] (two pair, Aces and Queens)
Ale4o: mucks hand
killer bud collected $17.64 from pot
*** SUMMARY ***
Total pot $18 | Rake $0.36
Board [Ad Qh 7d 8d Qs]
Seat 2: killer bud (big blind) showed [4s Ac] and won ($17.64) with two pair, Aces and Queens
Seat 3: Ale4o (button) (small blind) mucked


PokerStars Hand #165602188817:  Hold'em Limit ($3/$6 USD) - 2017/02/03 5:40:24 ET
Table 'Leonid' 6-max Seat #2 is the button
Seat 2: killer bud ($154.84 in chips)
Seat 3: Ale4o ($113.24 in chips)
killer bud: posts small blind $1
Ale4o: posts big blind $3
*** HOLE CARDS ***
killer bud: calls $2
Ale4o: checks
*** FLOP *** [9h Ks 8d]
Ale4o: bets $3
killer bud: calls $3
*** TURN *** [9h Ks 8d] [Jd]
Ale4o: checks
killer bud: checks
*** RIVER *** [9h Ks 8d Jd] [Th]
Ale4o: checks
killer bud: checks
*** SHOW DOWN ***
Ale4o: shows [3h 8h] (a pair of Eights)
killer bud: shows [8s 6d] (a pair of Eights)
Ale4o collected $5.88 from pot
killer bud collected $5.88 from pot
*** SUMMARY ***
Total pot $12 | Rake $0.24
Board [9h Ks 8d Jd Th]
Seat 2: killer bud (button) (small blind) showed [8s 6d] and won ($5.88) with a pair of Eights
Seat 3: Ale4o (big blind) showed [3h 8h] and won ($5.88) with a pair of Eights


PokerStars Hand #165602173210:  Hold'em Limit ($3/$6 USD) - 2017/02/03 5:39:51 ET
Table 'Leonid' 6-max Seat #2 is the button
Seat 2: killer bud ($140.44 in chips)
Seat 3: Ale4o ($128.24 in chips)
killer bud: posts small blind $1
Ale4o: posts big blind $3
*** HOLE CARDS ***
killer bud: raises $3 to $6
Ale4o: calls $3
*** FLOP *** [3h Jd 2d]
Ale4o: checks
killer bud: bets $3
Ale4o: folds
Uncalled bet ($3) returned to killer bud
killer bud collected $11.76 from pot
killer bud: doesn't show hand
*** SUMMARY ***
Total pot $12 | Rake $0.24
Board [3h Jd 2d]
Seat 2: killer bud (button) (small blind) collected ($11.76)
Seat 3: Ale4o (big blind) folded on the Flop


PokerStars Hand #165602203993:  Hold'em Limit ($3/$6 USD) - 2017/02/03 5:40:56 ET
Table 'Leonid' 6-max Seat #3 is the button
Seat 2: killer bud ($154.72 in chips)
Seat 3: Ale4o ($113.12 in chips)
Ale4o: posts small blind $1
killer bud: posts big blind $3
*** HOLE CARDS ***
Ale4o: raises $3 to $6
killer bud: calls $3
*** FLOP *** [Kh 4h 9d]
killer bud: checks
Ale4o: bets $3
killer bud: calls $3
*** TURN *** [Kh 4h 9d] [4s]
killer bud: checks
Ale4o: bets $6
killer bud: folds
Uncalled bet ($6) returned to Ale4o
Ale4o collected $17.64 from pot
*** SUMMARY ***
Total pot $18 | Rake $0.36
Board [Kh 4h 9d 4s]
Seat 2: killer bud (big blind) folded on the Turn
Seat 3: Ale4o (button) (small blind) collected ($17.64)


PokerStars Hand #165602217579:  Hold'em Limit ($3/$6 USD) - 2017/02/03 5:41:25 ET
Table 'Leonid' 6-max Seat #2 is the button
Seat 2: killer bud ($145.72 in chips)
Seat 3: Ale4o ($121.76 in chips)
killer bud: posts small blind $1
Ale4o: posts big blind $3
xcgxcg2005 joins the table at seat #4
*** HOLE CARDS ***
killer bud: calls $2
Ale4o: checks
*** FLOP *** [9h Td Jh]
Ale4o: checks
killer bud: checks
*** TURN *** [9h Td Jh] [5c]
Ale4o: checks
killer bud: checks
*** RIVER *** [9h Td Jh 5c] [Ts]
Ale4o: checks
killer bud: checks
*** SHOW DOWN ***
Ale4o: shows [7c Kh] (a pair of Tens)
killer bud: shows [6c Kd] (a pair of Tens)
Ale4o collected $2.94 from pot
killer bud collected $2.94 from pot
*** SUMMARY ***
Total pot $6 | Rake $0.12
Board [9h Td Jh 5c Ts]
Seat 2: killer bud (button) (small blind) showed [6c Kd] and won ($2.94) with a pair of Tens
Seat 3: Ale4o (big blind) showed [7c Kh] and won ($2.94) with a pair of Tens


PokerStars Hand #165602630337:  Hold'em Limit ($3/$6 USD) - 2017/02/03 5:56:02 ET
Table 'Leonid' 6-max Seat #5 is the button
Seat 3: Ale4o ($245.99 in chips)
Seat 5: Velbor107 ($265.45 in chips)
Velbor107: posts small blind $1
Ale4o: posts big blind $3
*** HOLE CARDS ***
Velbor107: raises $3 to $6
Ale4o: folds
Uncalled bet ($3) returned to Velbor107
Velbor107 collected $6 from pot
*** SUMMARY ***
Total pot $6 | Rake $0
Seat 3: Ale4o (big blind) folded before Flop
Seat 5: Velbor107 (button) (small blind) collected ($6)


