PokerStars Hand #155497836846:  Hold'em Limit ($3/$6 USD) - 2016/07/03 5:20:23 ET
Table 'Leonce' 10-max Seat #10 is the button
Seat 5: xcgxcg2005 ($90 in chips)
Seat 10: MTails ($149.26 in chips)
MTails: posts small blind $1
xcgxcg2005: posts big blind $3
*** HOLE CARDS ***
MTails: raises $3 to $6
xcgxcg2005: calls $3
*** FLOP *** [Ac 4c Jd]
xcgxcg2005: checks
MTails: bets $3
xcgxcg2005: folds
Uncalled bet ($3) returned to MTails
MTails collected $11.76 from pot
*** SUMMARY ***
Total pot $12 | Rake $0.24
Board [Ac 4c Jd]
Seat 5: xcgxcg2005 (big blind) folded on the Flop
Seat 10: MTails (button) (small blind) collected ($11.76)


PokerStars Hand #155497835153:  Hold'em Limit ($3/$6 USD) - 2016/07/03 5:20:19 ET
Table 'Leonce' 10-max Seat #5 is the button
Seat 5: xcgxcg2005 ($91 in chips)
Seat 10: MTails ($148.26 in chips)
xcgxcg2005: posts small blind $1
MTails: posts big blind $3
*** HOLE CARDS ***
xcgxcg2005: folds
Uncalled bet ($2) returned to MTails
MTails collected $2 from pot
MTails: doesn't show hand
*** SUMMARY ***
Total pot $2 | Rake $0
Seat 5: xcgxcg2005 (button) (small blind) folded before Flop
Seat 10: MTails (big blind) collected ($2)


PokerStars Hand #155497829368:  Hold'em Limit ($3/$6 USD) - 2016/07/03 5:20:04 ET
Table 'Leonce' 10-max Seat #10 is the button
Seat 5: xcgxcg2005 ($109 in chips)
Seat 10: MTails ($130.76 in chips)
MTails: posts small blind $1
xcgxcg2005: posts big blind $3
*** HOLE CARDS ***
MTails: raises $3 to $6
xcgxcg2005: calls $3
*** FLOP *** [9h Kd 4h]
xcgxcg2005: checks
MTails: bets $3
xcgxcg2005: raises $3 to $6
MTails: calls $3
*** TURN *** [9h Kd 4h] [3c]
xcgxcg2005: bets $6
MTails: calls $6
*** RIVER *** [9h Kd 4h 3c] [Jc]
xcgxcg2005: checks
MTails: checks
*** SHOW DOWN ***
xcgxcg2005: shows [Qh 7h] (high card King)
MTails: shows [Ts Ac] (high card Ace)
MTails collected $35.50 from pot
*** SUMMARY ***
Total pot $36 | Rake $0.50
Board [9h Kd 4h 3c Jc]
Seat 5: xcgxcg2005 (big blind) showed [Qh 7h] and lost with high card King
Seat 10: MTails (button) (small blind) showed [Ts Ac] and won ($35.50) with high card Ace


PokerStars Hand #155497827606:  Hold'em Limit ($3/$6 USD) - 2016/07/03 5:19:59 ET
Table 'Leonce' 10-max Seat #5 is the button
Seat 5: xcgxcg2005 ($110 in chips)
Seat 10: MTails ($129.76 in chips)
xcgxcg2005: posts small blind $1
MTails: posts big blind $3
*** HOLE CARDS ***
xcgxcg2005: folds
Uncalled bet ($2) returned to MTails
MTails collected $2 from pot
*** SUMMARY ***
Total pot $2 | Rake $0
Seat 5: xcgxcg2005 (button) (small blind) folded before Flop
Seat 10: MTails (big blind) collected ($2)


PokerStars Hand #155497825295:  Hold'em Limit ($3/$6 USD) - 2016/07/03 5:19:53 ET
Table 'Leonce' 10-max Seat #10 is the button
Seat 5: xcgxcg2005 ($113 in chips)
Seat 10: MTails ($126.76 in chips)
MTails: posts small blind $1
xcgxcg2005: posts big blind $3
*** HOLE CARDS ***
MTails: raises $3 to $6
xcgxcg2005: folds
Uncalled bet ($3) returned to MTails
MTails collected $6 from pot
*** SUMMARY ***
Total pot $6 | Rake $0
Seat 5: xcgxcg2005 (big blind) folded before Flop
Seat 10: MTails (button) (small blind) collected ($6)


PokerStars Hand #155497823563:  Hold'em Limit ($3/$6 USD) - 2016/07/03 5:19:48 ET
Table 'Leonce' 10-max Seat #5 is the button
Seat 5: xcgxcg2005 ($114 in chips)
Seat 10: MTails ($125.76 in chips)
xcgxcg2005: posts small blind $1
MTails: posts big blind $3
*** HOLE CARDS ***
xcgxcg2005: folds
Uncalled bet ($2) returned to MTails
MTails collected $2 from pot
*** SUMMARY ***
Total pot $2 | Rake $0
Seat 5: xcgxcg2005 (button) (small blind) folded before Flop
Seat 10: MTails (big blind) collected ($2)


PokerStars Hand #155497813683:  Hold'em Limit ($3/$6 USD) - 2016/07/03 5:19:22 ET
Table 'Leonce' 10-max Seat #10 is the button
Seat 5: xcgxcg2005 ($120 in chips)
Seat 10: MTails ($120 in chips)
MTails: posts small blind $1
xcgxcg2005: posts big blind $3
*** HOLE CARDS ***
MTails: raises $3 to $6
xcgxcg2005: calls $3
*** FLOP *** [8s Qd Kc]
xcgxcg2005: checks
MTails: bets $3
xcgxcg2005: folds
Uncalled bet ($3) returned to MTails
MTails collected $11.76 from pot
*** SUMMARY ***
Total pot $12 | Rake $0.24
Board [8s Qd Kc]
Seat 5: xcgxcg2005 (big blind) folded on the Flop
Seat 10: MTails (button) (small blind) collected ($11.76)


PokerStars Hand #155497859424:  Hold'em Limit ($3/$6 USD) - 2016/07/03 5:21:23 ET
Table 'Leonce' 10-max Seat #10 is the button
Seat 5: xcgxcg2005 ($30 in chips)
Seat 10: MTails ($208.28 in chips)
MTails: posts small blind $1
xcgxcg2005: posts big blind $3
*** HOLE CARDS ***
MTails: raises $3 to $6
xcgxcg2005: raises $3 to $9
MTails: calls $3
*** FLOP *** [Qh 2c Ks]
xcgxcg2005: bets $3
MTails: folds
Uncalled bet ($3) returned to xcgxcg2005
xcgxcg2005 collected $17.64 from pot
xcgxcg2005: doesn't show hand
*** SUMMARY ***
Total pot $18 | Rake $0.36
Board [Qh 2c Ks]
Seat 5: xcgxcg2005 (big blind) collected ($17.64)
Seat 10: MTails (button) (small blind) folded on the Flop


PokerStars Hand #155497857673:  Hold'em Limit ($3/$6 USD) - 2016/07/03 5:21:18 ET
Table 'Leonce' 10-max Seat #5 is the button
Seat 5: xcgxcg2005 ($31 in chips)
Seat 10: MTails ($207.28 in chips)
xcgxcg2005: posts small blind $1
MTails: posts big blind $3
*** HOLE CARDS ***
xcgxcg2005: folds
Uncalled bet ($2) returned to MTails
MTails collected $2 from pot
MTails: doesn't show hand
*** SUMMARY ***
Total pot $2 | Rake $0
Seat 5: xcgxcg2005 (button) (small blind) folded before Flop
Seat 10: MTails (big blind) collected ($2)


PokerStars Hand #155497855974:  Hold'em Limit ($3/$6 USD) - 2016/07/03 5:21:14 ET
Table 'Leonce' 10-max Seat #10 is the button
Seat 5: xcgxcg2005 ($34 in chips)
Seat 10: MTails ($204.28 in chips)
MTails: posts small blind $1
xcgxcg2005: posts big blind $3
*** HOLE CARDS ***
MTails: raises $3 to $6
xcgxcg2005: folds
Uncalled bet ($3) returned to MTails
MTails collected $6 from pot
*** SUMMARY ***
Total pot $6 | Rake $0
Seat 5: xcgxcg2005 (big blind) folded before Flop
Seat 10: MTails (button) (small blind) collected ($6)


PokerStars Hand #155497854290:  Hold'em Limit ($3/$6 USD) - 2016/07/03 5:21:10 ET
Table 'Leonce' 10-max Seat #5 is the button
Seat 5: xcgxcg2005 ($35 in chips)
Seat 10: MTails ($203.28 in chips)
xcgxcg2005: posts small blind $1
MTails: posts big blind $3
*** HOLE CARDS ***
xcgxcg2005: folds
Uncalled bet ($2) returned to MTails
MTails collected $2 from pot
MTails: doesn't show hand
*** SUMMARY ***
Total pot $2 | Rake $0
Seat 5: xcgxcg2005 (button) (small blind) folded before Flop
Seat 10: MTails (big blind) collected ($2)


PokerStars Hand #155497852666:  Hold'em Limit ($3/$6 USD) - 2016/07/03 5:21:05 ET
Table 'Leonce' 10-max Seat #10 is the button
Seat 5: xcgxcg2005 ($38 in chips)
Seat 10: MTails ($200.28 in chips)
MTails: posts small blind $1
xcgxcg2005: posts big blind $3
*** HOLE CARDS ***
MTails: raises $3 to $6
xcgxcg2005: folds
Uncalled bet ($3) returned to MTails
MTails collected $6 from pot
*** SUMMARY ***
Total pot $6 | Rake $0
Seat 5: xcgxcg2005 (big blind) folded before Flop
Seat 10: MTails (button) (small blind) collected ($6)


PokerStars Hand #155497845511:  Hold'em Limit ($3/$6 USD) - 2016/07/03 5:20:46 ET
Table 'Leonce' 10-max Seat #5 is the button
Seat 5: xcgxcg2005 ($77 in chips)
Seat 10: MTails ($161.78 in chips)
xcgxcg2005: posts small blind $1
MTails: posts big blind $3
*** HOLE CARDS ***
xcgxcg2005: raises $3 to $6
MTails: calls $3
*** FLOP *** [4d 3h 3d]
MTails: checks
xcgxcg2005: bets $3
MTails: calls $3
*** TURN *** [4d 3h 3d] [2d]
MTails: checks
xcgxcg2005: bets $6
MTails: raises $6 to $12
xcgxcg2005: raises $6 to $18
MTails: raises $6 to $24
Betting is capped
xcgxcg2005: calls $6
*** RIVER *** [4d 3h 3d 2d] [2h]
MTails: bets $6
xcgxcg2005: calls $6
*** SHOW DOWN ***
MTails: shows [3c 4h] (a full house, Threes full of Fours)
xcgxcg2005: mucks hand
MTails collected $77.50 from pot
*** SUMMARY ***
Total pot $78 | Rake $0.50
Board [4d 3h 3d 2d 2h]
Seat 5: xcgxcg2005 (button) (small blind) mucked
Seat 10: MTails (big blind) showed [3c 4h] and won ($77.50) with a full house, Threes full of Fours


PokerStars Hand #155497842002:  Hold'em Limit ($3/$6 USD) - 2016/07/03 5:20:37 ET
Table 'Leonce' 10-max Seat #10 is the button
Seat 5: xcgxcg2005 ($83 in chips)
Seat 10: MTails ($156.02 in chips)
MTails: posts small blind $1
xcgxcg2005: posts big blind $3
*** HOLE CARDS ***
MTails: raises $3 to $6
xcgxcg2005: calls $3
*** FLOP *** [Ac 9d 3h]
xcgxcg2005: checks
MTails: bets $3
xcgxcg2005: folds
Uncalled bet ($3) returned to MTails
MTails collected $11.76 from pot
*** SUMMARY ***
Total pot $12 | Rake $0.24
Board [Ac 9d 3h]
Seat 5: xcgxcg2005 (big blind) folded on the Flop
Seat 10: MTails (button) (small blind) collected ($11.76)


PokerStars Hand #155497840385:  Hold'em Limit ($3/$6 USD) - 2016/07/03 5:20:32 ET
Table 'Leonce' 10-max Seat #5 is the button
Seat 5: xcgxcg2005 ($84 in chips)
Seat 10: MTails ($155.02 in chips)
xcgxcg2005: posts small blind $1
MTails: posts big blind $3
*** HOLE CARDS ***
xcgxcg2005: folds
Uncalled bet ($2) returned to MTails
MTails collected $2 from pot
MTails: doesn't show hand
*** SUMMARY ***
Total pot $2 | Rake $0
Seat 5: xcgxcg2005 (button) (small blind) folded before Flop
Seat 10: MTails (big blind) collected ($2)


PokerStars Hand #155497869216:  Hold'em Limit ($3/$6 USD) - 2016/07/03 5:21:49 ET
Table 'Leonce' 10-max Seat #10 is the button
Seat 5: xcgxcg2005 ($68.14 in chips)
Seat 10: MTails ($169.28 in chips)
MTails: posts small blind $1
xcgxcg2005: posts big blind $3
*** HOLE CARDS ***
MTails: raises $3 to $6
xcgxcg2005: folds
Uncalled bet ($3) returned to MTails
MTails collected $6 from pot
*** SUMMARY ***
Total pot $6 | Rake $0
Seat 5: xcgxcg2005 (big blind) folded before Flop
Seat 10: MTails (button) (small blind) collected ($6)


PokerStars Hand #155497862931:  Hold'em Limit ($3/$6 USD) - 2016/07/03 5:21:32 ET
Table 'Leonce' 10-max Seat #5 is the button
Seat 5: xcgxcg2005 ($38.64 in chips)
Seat 10: MTails ($199.28 in chips)
xcgxcg2005: posts small blind $1
MTails: posts big blind $3
*** HOLE CARDS ***
xcgxcg2005: raises $3 to $6
MTails: calls $3
*** FLOP *** [4c Js Kc]
MTails: checks
xcgxcg2005: bets $3
MTails: raises $3 to $6
REZOLUTION84 joins the table at seat #6
xcgxcg2005: calls $3
*** TURN *** [4c Js Kc] [5c]
MTails: bets $6
xcgxcg2005: raises $6 to $12
MTails: calls $6
*** RIVER *** [4c Js Kc 5c] [6s]
MTails: checks
xcgxcg2005: bets $6
MTails: calls $6
*** SHOW DOWN ***
xcgxcg2005: shows [5d Ks] (two pair, Kings and Fives)
MTails: mucks hand
xcgxcg2005 collected $59.50 from pot
*** SUMMARY ***
Total pot $60 | Rake $0.50
Board [4c Js Kc 5c 6s]
Seat 5: xcgxcg2005 (button) (small blind) showed [5d Ks] and won ($59.50) with two pair, Kings and Fives
Seat 10: MTails (big blind) mucked


PokerStars Hand #155498015847:  Hold'em Limit ($3/$6 USD) - 2016/07/03 5:28:08 ET
Table 'Leonce' 10-max Seat #7 is the button
Seat 5: xcgxcg2005 ($42.54 in chips)
Seat 7: sokol-max-PS ($112.82 in chips)
sokol-max-PS: posts small blind $1
xcgxcg2005: posts big blind $3
*** HOLE CARDS ***
sokol-max-PS: raises $3 to $6
xcgxcg2005: folds
Uncalled bet ($3) returned to sokol-max-PS
sokol-max-PS collected $6 from pot
sokol-max-PS: doesn't show hand
*** SUMMARY ***
Total pot $6 | Rake $0
Seat 5: xcgxcg2005 (big blind) folded before Flop
Seat 7: sokol-max-PS (button) (small blind) collected ($6)


PokerStars Hand #155498020015:  Hold'em Limit ($3/$6 USD) - 2016/07/03 5:28:18 ET
Table 'Leonce' 10-max Seat #7 is the button
Seat 5: xcgxcg2005 ($38.54 in chips)
Seat 7: sokol-max-PS ($116.82 in chips)
sokol-max-PS: posts small blind $1
xcgxcg2005: posts big blind $3
*** HOLE CARDS ***
sokol-max-PS: raises $3 to $6
xcgxcg2005: calls $3
*** FLOP *** [7h Qs 7d]
xcgxcg2005: checks
sokol-max-PS: bets $3
xcgxcg2005: folds
Uncalled bet ($3) returned to sokol-max-PS
sokol-max-PS collected $11.76 from pot
sokol-max-PS: doesn't show hand
*** SUMMARY ***
Total pot $12 | Rake $0.24
Board [7h Qs 7d]
Seat 5: xcgxcg2005 (big blind) folded on the Flop
Seat 7: sokol-max-PS (button) (small blind) collected ($11.76)


PokerStars Hand #155498045043:  Hold'em Limit ($3/$6 USD) - 2016/07/03 5:29:24 ET
Table 'Leonce' 10-max Seat #7 is the button
Seat 5: xcgxcg2005 ($13.54 in chips)
Seat 7: sokol-max-PS ($141.08 in chips)
sokol-max-PS: posts small blind $1
xcgxcg2005: posts big blind $3
*** HOLE CARDS ***
sokol-max-PS: raises $3 to $6
xcgxcg2005: calls $3
*** FLOP *** [Qc 6s Jc]
xcgxcg2005: checks
sokol-max-PS: bets $3
xcgxcg2005: raises $3 to $6
sokol-max-PS: raises $3 to $9
xcgxcg2005: calls $1.54 and is all-in
Uncalled bet ($1.46) returned to sokol-max-PS
*** TURN *** [Qc 6s Jc] [7s]
*** RIVER *** [Qc 6s Jc 7s] [4c]
*** SHOW DOWN ***
xcgxcg2005: shows [Qs Th] (a pair of Queens)
sokol-max-PS: shows [Ad Qd] (a pair of Queens - Ace kicker)
sokol-max-PS collected $26.58 from pot
*** SUMMARY ***
Total pot $27.08 | Rake $0.50
Board [Qc 6s Jc 7s 4c]
Seat 5: xcgxcg2005 (big blind) showed [Qs Th] and lost with a pair of Queens
Seat 7: sokol-max-PS (button) (small blind) showed [Ad Qd] and won ($26.58) with a pair of Queens


PokerStars Hand #155498027923:  Hold'em Limit ($3/$6 USD) - 2016/07/03 5:28:39 ET
Table 'Leonce' 10-max Seat #5 is the button
Seat 5: xcgxcg2005 ($32.54 in chips)
Seat 7: sokol-max-PS ($122.58 in chips)
xcgxcg2005: posts small blind $1
sokol-max-PS: posts big blind $3
*** HOLE CARDS ***
xcgxcg2005: raises $3 to $6
sokol-max-PS: calls $3
*** FLOP *** [9h 8s Td]
sokol-max-PS: checks
xcgxcg2005: bets $3
sokol-max-PS: calls $3
*** TURN *** [9h 8s Td] [Jd]
sokol-max-PS: checks
xcgxcg2005: checks
*** RIVER *** [9h 8s Td Jd] [6d]
sokol-max-PS: bets $6
xcgxcg2005: calls $6
*** SHOW DOWN ***
sokol-max-PS: shows [Qd 2d] (a flush, Queen high)
xcgxcg2005: mucks hand
sokol-max-PS collected $29.50 from pot
*** SUMMARY ***
Total pot $30 | Rake $0.50
Board [9h 8s Td Jd 6d]
Seat 5: xcgxcg2005 (button) (small blind) mucked
Seat 7: sokol-max-PS (big blind) showed [Qd 2d] and won ($29.50) with a flush, Queen high


PokerStars Hand #155498037763:  Hold'em Limit ($3/$6 USD) - 2016/07/03 5:29:05 ET
Table 'Leonce' 10-max Seat #7 is the button
Seat 5: xcgxcg2005 ($17.54 in chips)
Seat 7: sokol-max-PS ($137.08 in chips)
sokol-max-PS: posts small blind $1
xcgxcg2005: posts big blind $3
*** HOLE CARDS ***
sokol-max-PS: raises $3 to $6
xcgxcg2005: folds
Uncalled bet ($3) returned to sokol-max-PS
sokol-max-PS collected $6 from pot
sokol-max-PS: doesn't show hand
*** SUMMARY ***
Total pot $6 | Rake $0
Seat 5: xcgxcg2005 (big blind) folded before Flop
Seat 7: sokol-max-PS (button) (small blind) collected ($6)


PokerStars Hand #155498043235:  Hold'em Limit ($3/$6 USD) - 2016/07/03 5:29:19 ET
Table 'Leonce' 10-max Seat #5 is the button
Seat 5: xcgxcg2005 ($14.54 in chips)
Seat 7: sokol-max-PS ($140.08 in chips)
xcgxcg2005: posts small blind $1
sokol-max-PS: posts big blind $3
*** HOLE CARDS ***
xcgxcg2005: folds
Uncalled bet ($2) returned to sokol-max-PS
sokol-max-PS collected $2 from pot
sokol-max-PS: doesn't show hand
*** SUMMARY ***
Total pot $2 | Rake $0
Seat 5: xcgxcg2005 (button) (small blind) folded before Flop
Seat 7: sokol-max-PS (big blind) collected ($2)


PokerStars Hand #155498056166:  Hold'em Limit ($3/$6 USD) - 2016/07/03 5:29:52 ET
Table 'Leonce' 10-max Seat #5 is the button
Seat 5: xcgxcg2005 ($113.82 in chips)
Seat 7: sokol-max-PS ($154.12 in chips)
xcgxcg2005: posts small blind $1
sokol-max-PS is connected
sokol-max-PS: posts big blind $3
*** HOLE CARDS ***
xcgxcg2005: raises $3 to $6
sokol-max-PS: folds
Uncalled bet ($3) returned to xcgxcg2005
xcgxcg2005 collected $6 from pot
xcgxcg2005: doesn't show hand
*** SUMMARY ***
Total pot $6 | Rake $0
Seat 5: xcgxcg2005 (button) (small blind) collected ($6)
Seat 7: sokol-max-PS (big blind) folded before Flop


PokerStars Hand #155498061626:  Hold'em Limit ($3/$6 USD) - 2016/07/03 5:30:06 ET
Table 'Leonce' 10-max Seat #7 is the button
Seat 5: xcgxcg2005 ($116.82 in chips)
Seat 7: sokol-max-PS ($151.12 in chips)
sokol-max-PS: posts small blind $1
xcgxcg2005: posts big blind $3
*** HOLE CARDS ***
sokol-max-PS: raises $3 to $6
xcgxcg2005: raises $3 to $9
sokol-max-PS: calls $3
*** FLOP *** [9d 6c 7h]
xcgxcg2005: bets $3
sokol-max-PS: raises $3 to $6
xcgxcg2005: raises $3 to $9
sokol-max-PS: raises $3 to $12
Betting is capped
xcgxcg2005: calls $3
*** TURN *** [9d 6c 7h] [As]
xcgxcg2005: checks
sokol-max-PS: bets $6
xcgxcg2005: calls $6
*** RIVER *** [9d 6c 7h As] [2h]
xcgxcg2005: checks
sokol-max-PS: bets $6
xcgxcg2005: calls $6
*** SHOW DOWN ***
sokol-max-PS: shows [6s 7s] (two pair, Sevens and Sixes)
xcgxcg2005: mucks hand
sokol-max-PS collected $65.50 from pot
*** SUMMARY ***
Total pot $66 | Rake $0.50
Board [9d 6c 7h As 2h]
Seat 5: xcgxcg2005 (big blind) mucked
Seat 7: sokol-max-PS (button) (small blind) showed [6s 7s] and won ($65.50) with two pair, Sevens and Sixes


PokerStars Hand #155498083716:  Hold'em Limit ($3/$6 USD) - 2016/07/03 5:31:03 ET
Table 'Leonce' 10-max Seat #5 is the button
Seat 5: xcgxcg2005 ($50.82 in chips)
Seat 7: sokol-max-PS ($216.12 in chips)
xcgxcg2005: posts small blind $1
sokol-max-PS: posts big blind $3
*** HOLE CARDS ***
xcgxcg2005: folds
Uncalled bet ($2) returned to sokol-max-PS
sokol-max-PS collected $2 from pot
sokol-max-PS: doesn't show hand
*** SUMMARY ***
Total pot $2 | Rake $0
Seat 5: xcgxcg2005 (button) (small blind) folded before Flop
Seat 7: sokol-max-PS (big blind) collected ($2)


PokerStars Hand #155498081674:  Hold'em Limit ($3/$6 USD) - 2016/07/03 5:30:58 ET
Table 'Leonce' 10-max Seat #7 is the button
Seat 5: xcgxcg2005 ($53.82 in chips)
Seat 7: sokol-max-PS ($213.12 in chips)
sokol-max-PS: posts small blind $1
xcgxcg2005: posts big blind $3
*** HOLE CARDS ***
sokol-max-PS: raises $3 to $6
xcgxcg2005: folds
Uncalled bet ($3) returned to sokol-max-PS
sokol-max-PS collected $6 from pot
sokol-max-PS: doesn't show hand
*** SUMMARY ***
Total pot $6 | Rake $0
Seat 5: xcgxcg2005 (big blind) folded before Flop
Seat 7: sokol-max-PS (button) (small blind) collected ($6)


PokerStars Hand #155498085428:  Hold'em Limit ($3/$6 USD) - 2016/07/03 5:31:08 ET
Table 'Leonce' 10-max Seat #7 is the button
Seat 5: xcgxcg2005 ($49.82 in chips)
Seat 7: sokol-max-PS ($217.12 in chips)
sokol-max-PS: posts small blind $1
xcgxcg2005: posts big blind $3
*** HOLE CARDS ***
sokol-max-PS: folds
Uncalled bet ($2) returned to xcgxcg2005
xcgxcg2005 collected $2 from pot
xcgxcg2005: doesn't show hand
*** SUMMARY ***
Total pot $2 | Rake $0
Seat 5: xcgxcg2005 (big blind) collected ($2)
Seat 7: sokol-max-PS (button) (small blind) folded before Flop


PokerStars Hand #155498070379:  Hold'em Limit ($3/$6 USD) - 2016/07/03 5:30:29 ET
Table 'Leonce' 10-max Seat #5 is the button
Seat 5: xcgxcg2005 ($83.82 in chips)
Seat 7: sokol-max-PS ($183.62 in chips)
xcgxcg2005: posts small blind $1
sokol-max-PS: posts big blind $3
*** HOLE CARDS ***
xcgxcg2005: raises $3 to $6
sokol-max-PS: raises $3 to $9
xcgxcg2005: raises $3 to $12
Betting is capped
sokol-max-PS: calls $3
*** FLOP *** [2d 8c 8s]
sokol-max-PS: checks
xcgxcg2005: bets $3
sokol-max-PS: raises $3 to $6
xcgxcg2005: raises $3 to $9
sokol-max-PS: raises $3 to $12
Betting is capped
xcgxcg2005: calls $3
*** TURN *** [2d 8c 8s] [6d]
sokol-max-PS: bets $6
xcgxcg2005: calls $6
*** RIVER *** [2d 8c 8s 6d] [Jc]
sokol-max-PS: checks
xcgxcg2005: checks
*** SHOW DOWN ***
sokol-max-PS: shows [5d 5h] (two pair, Eights and Fives)
xcgxcg2005: mucks hand
sokol-max-PS collected $59.50 from pot
*** SUMMARY ***
Total pot $60 | Rake $0.50
Board [2d 8c 8s 6d Jc]
Seat 5: xcgxcg2005 (button) (small blind) mucked
Seat 7: sokol-max-PS (big blind) showed [5d 5h] and won ($59.50) with two pair, Eights and Fives


PokerStars Hand #155498089233:  Hold'em Limit ($3/$6 USD) - 2016/07/03 5:31:17 ET
Table 'Leonce' 10-max Seat #7 is the button
Seat 5: xcgxcg2005 ($49.82 in chips)
Seat 7: sokol-max-PS ($217.12 in chips)
sokol-max-PS: posts small blind $1
xcgxcg2005: posts big blind $3
*** HOLE CARDS ***
sokol-max-PS: raises $3 to $6
xcgxcg2005: raises $3 to $9
sokol-max-PS: calls $3
*** FLOP *** [4h 9c 7h]
xcgxcg2005: bets $3
sokol-max-PS: calls $3
*** TURN *** [4h 9c 7h] [3c]
xcgxcg2005: bets $6
sokol-max-PS: folds
Uncalled bet ($6) returned to xcgxcg2005
xcgxcg2005 collected $23.52 from pot
xcgxcg2005: doesn't show hand
*** SUMMARY ***
Total pot $24 | Rake $0.48
Board [4h 9c 7h 3c]
Seat 5: xcgxcg2005 (big blind) collected ($23.52)
Seat 7: sokol-max-PS (button) (small blind) folded on the Turn


PokerStars Hand #155498110759:  Hold'em Limit ($3/$6 USD) - 2016/07/03 5:32:13 ET
Table 'Leonce' 10-max Seat #7 is the button
Seat 5: xcgxcg2005 ($81.84 in chips)
Seat 7: sokol-max-PS ($184.12 in chips)
sokol-max-PS: posts small blind $1
xcgxcg2005: posts big blind $3
*** HOLE CARDS ***
sokol-max-PS: folds
Uncalled bet ($2) returned to xcgxcg2005
xcgxcg2005 collected $2 from pot
xcgxcg2005: doesn't show hand
*** SUMMARY ***
Total pot $2 | Rake $0
Seat 5: xcgxcg2005 (big blind) collected ($2)
Seat 7: sokol-max-PS (button) (small blind) folded before Flop


PokerStars Hand #155498102413:  Hold'em Limit ($3/$6 USD) - 2016/07/03 5:31:52 ET
Table 'Leonce' 10-max Seat #7 is the button
Seat 5: xcgxcg2005 ($81.84 in chips)
Seat 7: sokol-max-PS ($184.12 in chips)
sokol-max-PS: posts small blind $1
xcgxcg2005: posts big blind $3
*** HOLE CARDS ***
sokol-max-PS: folds
Uncalled bet ($2) returned to xcgxcg2005
xcgxcg2005 collected $2 from pot
xcgxcg2005: doesn't show hand
*** SUMMARY ***
Total pot $2 | Rake $0
Seat 5: xcgxcg2005 (big blind) collected ($2)
Seat 7: sokol-max-PS (button) (small blind) folded before Flop


PokerStars Hand #155498094290:  Hold'em Limit ($3/$6 USD) - 2016/07/03 5:31:31 ET
Table 'Leonce' 10-max Seat #5 is the button
Seat 5: xcgxcg2005 ($61.34 in chips)
Seat 7: sokol-max-PS ($205.12 in chips)
xcgxcg2005: posts small blind $1
sokol-max-PS: posts big blind $3
*** HOLE CARDS ***
xcgxcg2005: raises $3 to $6
sokol-max-PS: raises $3 to $9
xcgxcg2005: raises $3 to $12
Betting is capped
sokol-max-PS: calls $3
*** FLOP *** [2h 5d 4s]
sokol-max-PS: checks
xcgxcg2005: bets $3
sokol-max-PS: calls $3
*** TURN *** [2h 5d 4s] [Kd]
sokol-max-PS: checks
xcgxcg2005: bets $6
sokol-max-PS: calls $6
*** RIVER *** [2h 5d 4s Kd] [Qd]
sokol-max-PS: checks
xcgxcg2005: checks
*** SHOW DOWN ***
sokol-max-PS: shows [8c Ac] (high card Ace)
xcgxcg2005: shows [Tc Ts] (a pair of Tens)
xcgxcg2005 collected $41.50 from pot
*** SUMMARY ***
Total pot $42 | Rake $0.50
Board [2h 5d 4s Kd Qd]
Seat 5: xcgxcg2005 (button) (small blind) showed [Tc Ts] and won ($41.50) with a pair of Tens
Seat 7: sokol-max-PS (big blind) showed [8c Ac] and lost with high card Ace


PokerStars Hand #155498114865:  Hold'em Limit ($3/$6 USD) - 2016/07/03 5:32:24 ET
Table 'Leonce' 10-max Seat #7 is the button
Seat 5: xcgxcg2005 ($85.84 in chips)
Seat 7: sokol-max-PS ($180.12 in chips)
sokol-max-PS: posts small blind $1
xcgxcg2005: posts big blind $3
*** HOLE CARDS ***
sokol-max-PS: raises $3 to $6
xcgxcg2005: folds
Uncalled bet ($3) returned to sokol-max-PS
sokol-max-PS collected $6 from pot
sokol-max-PS: doesn't show hand
*** SUMMARY ***
Total pot $6 | Rake $0
Seat 5: xcgxcg2005 (big blind) folded before Flop
Seat 7: sokol-max-PS (button) (small blind) collected ($6)


PokerStars Hand #155498112617:  Hold'em Limit ($3/$6 USD) - 2016/07/03 5:32:18 ET
Table 'Leonce' 10-max Seat #5 is the button
Seat 5: xcgxcg2005 ($82.84 in chips)
Seat 7: sokol-max-PS ($183.12 in chips)
xcgxcg2005: posts small blind $1
sokol-max-PS: posts big blind $3
*** HOLE CARDS ***
xcgxcg2005: raises $3 to $6
sokol-max-PS: folds
Uncalled bet ($3) returned to xcgxcg2005
xcgxcg2005 collected $6 from pot
xcgxcg2005: doesn't show hand
*** SUMMARY ***
Total pot $6 | Rake $0
Seat 5: xcgxcg2005 (button) (small blind) collected ($6)
Seat 7: sokol-max-PS (big blind) folded before Flop


PokerStars Hand #155498106792:  Hold'em Limit ($3/$6 USD) - 2016/07/03 5:32:03 ET
Table 'Leonce' 10-max Seat #7 is the button
Seat 5: xcgxcg2005 ($85.84 in chips)
Seat 7: sokol-max-PS ($180.12 in chips)
sokol-max-PS: posts small blind $1
xcgxcg2005: posts big blind $3
*** HOLE CARDS ***
sokol-max-PS: raises $3 to $6
xcgxcg2005: folds
Uncalled bet ($3) returned to sokol-max-PS
sokol-max-PS collected $6 from pot
sokol-max-PS: doesn't show hand
*** SUMMARY ***
Total pot $6 | Rake $0
Seat 5: xcgxcg2005 (big blind) folded before Flop
Seat 7: sokol-max-PS (button) (small blind) collected ($6)


PokerStars Hand #155498104348:  Hold'em Limit ($3/$6 USD) - 2016/07/03 5:31:57 ET
Table 'Leonce' 10-max Seat #5 is the button
Seat 5: xcgxcg2005 ($82.84 in chips)
Seat 7: sokol-max-PS ($183.12 in chips)
xcgxcg2005: posts small blind $1
sokol-max-PS: posts big blind $3
*** HOLE CARDS ***
xcgxcg2005: raises $3 to $6
sokol-max-PS: folds
Uncalled bet ($3) returned to xcgxcg2005
xcgxcg2005 collected $6 from pot
xcgxcg2005: doesn't show hand
*** SUMMARY ***
Total pot $6 | Rake $0
Seat 5: xcgxcg2005 (button) (small blind) collected ($6)
Seat 7: sokol-max-PS (big blind) folded before Flop


PokerStars Hand #155498133992:  Hold'em Limit ($3/$6 USD) - 2016/07/03 5:33:12 ET
Table 'Leonce' 10-max Seat #5 is the button
Seat 5: xcgxcg2005 ($120.86 in chips)
Seat 7: sokol-max-PS ($144.12 in chips)
xcgxcg2005: posts small blind $1
sokol-max-PS: posts big blind $3
*** HOLE CARDS ***
xcgxcg2005: raises $3 to $6
sokol-max-PS: raises $3 to $9
xcgxcg2005: raises $3 to $12
Betting is capped
sokol-max-PS: calls $3
*** FLOP *** [5s 9c 8c]
sokol-max-PS: checks
xcgxcg2005: bets $3
sokol-max-PS: calls $3
*** TURN *** [5s 9c 8c] [5c]
sokol-max-PS: checks
xcgxcg2005: bets $6
sokol-max-PS: folds
Uncalled bet ($6) returned to xcgxcg2005
xcgxcg2005 collected $29.50 from pot
xcgxcg2005: doesn't show hand
*** SUMMARY ***
Total pot $30 | Rake $0.50
Board [5s 9c 8c 5c]
Seat 5: xcgxcg2005 (button) (small blind) collected ($29.50)
Seat 7: sokol-max-PS (big blind) folded on the Turn


PokerStars Hand #155498140202:  Hold'em Limit ($3/$6 USD) - 2016/07/03 5:33:28 ET
Table 'Leonce' 10-max Seat #7 is the button
Seat 5: xcgxcg2005 ($135.36 in chips)
Seat 7: sokol-max-PS ($129.12 in chips)
sokol-max-PS: posts small blind $1
xcgxcg2005: posts big blind $3
*** HOLE CARDS ***
sokol-max-PS: folds
Uncalled bet ($2) returned to xcgxcg2005
xcgxcg2005 collected $2 from pot
xcgxcg2005: doesn't show hand
*** SUMMARY ***
Total pot $2 | Rake $0
Seat 5: xcgxcg2005 (big blind) collected ($2)
Seat 7: sokol-max-PS (button) (small blind) folded before Flop


PokerStars Hand #155498127656:  Hold'em Limit ($3/$6 USD) - 2016/07/03 5:32:56 ET
Table 'Leonce' 10-max Seat #7 is the button
Seat 5: xcgxcg2005 ($109.34 in chips)
Seat 7: sokol-max-PS ($156.12 in chips)
sokol-max-PS: posts small blind $1
xcgxcg2005: posts big blind $3
*** HOLE CARDS ***
sokol-max-PS: raises $3 to $6
xcgxcg2005: raises $3 to $9
sokol-max-PS: calls $3
*** FLOP *** [2s 8s 3h]
xcgxcg2005: bets $3
sokol-max-PS: calls $3
*** TURN *** [2s 8s 3h] [9d]
xcgxcg2005: bets $6
sokol-max-PS: folds
Uncalled bet ($6) returned to xcgxcg2005
xcgxcg2005 collected $23.52 from pot
xcgxcg2005: doesn't show hand
*** SUMMARY ***
Total pot $24 | Rake $0.48
Board [2s 8s 3h 9d]
Seat 5: xcgxcg2005 (big blind) collected ($23.52)
Seat 7: sokol-max-PS (button) (small blind) folded on the Turn


PokerStars Hand #155498116980:  Hold'em Limit ($3/$6 USD) - 2016/07/03 5:32:29 ET
Table 'Leonce' 10-max Seat #5 is the button
Seat 5: xcgxcg2005 ($82.84 in chips)
Seat 7: sokol-max-PS ($183.12 in chips)
xcgxcg2005: posts small blind $1
sokol-max-PS: posts big blind $3
*** HOLE CARDS ***
xcgxcg2005: raises $3 to $6
sokol-max-PS: raises $3 to $9
xcgxcg2005: calls $3
*** FLOP *** [8h Js Kh]
sokol-max-PS: bets $3
xcgxcg2005: raises $3 to $6
sokol-max-PS: calls $3
*** TURN *** [8h Js Kh] [9c]
sokol-max-PS: checks
xcgxcg2005: bets $6
sokol-max-PS: calls $6
*** RIVER *** [8h Js Kh 9c] [Jc]
sokol-max-PS: checks
xcgxcg2005: bets $6
sokol-max-PS: calls $6
*** SHOW DOWN ***
xcgxcg2005: shows [7h Th] (a straight, Seven to Jack)
sokol-max-PS: mucks hand
xcgxcg2005 collected $53.50 from pot
*** SUMMARY ***
Total pot $54 | Rake $0.50
Board [8h Js Kh 9c Jc]
Seat 5: xcgxcg2005 (button) (small blind) showed [7h Th] and won ($53.50) with a straight, Seven to Jack
Seat 7: sokol-max-PS (big blind) mucked


PokerStars Hand #155498160344:  Hold'em Limit ($3/$6 USD) - 2016/07/03 5:34:19 ET
Table 'Leonce' 10-max Seat #7 is the button
Seat 5: xcgxcg2005 ($116 in chips)
Seat 7: sokol-max-PS ($147.62 in chips)
sokol-max-PS: posts small blind $1
xcgxcg2005: posts big blind $3
*** HOLE CARDS ***
sokol-max-PS: raises $3 to $6
xcgxcg2005: folds
Uncalled bet ($3) returned to sokol-max-PS
sokol-max-PS collected $6 from pot
sokol-max-PS: doesn't show hand
*** SUMMARY ***
Total pot $6 | Rake $0
Seat 5: xcgxcg2005 (big blind) folded before Flop
Seat 7: sokol-max-PS (button) (small blind) collected ($6)


PokerStars Hand #155498164673:  Hold'em Limit ($3/$6 USD) - 2016/07/03 5:34:30 ET
Table 'Leonce' 10-max Seat #7 is the button
Seat 5: xcgxcg2005 ($112 in chips)
Seat 7: sokol-max-PS ($151.62 in chips)
sokol-max-PS: posts small blind $1
xcgxcg2005: posts big blind $3
*** HOLE CARDS ***
sokol-max-PS: raises $3 to $6
xcgxcg2005: folds
Uncalled bet ($3) returned to sokol-max-PS
sokol-max-PS collected $6 from pot
sokol-max-PS: doesn't show hand
*** SUMMARY ***
Total pot $6 | Rake $0
Seat 5: xcgxcg2005 (big blind) folded before Flop
Seat 7: sokol-max-PS (button) (small blind) collected ($6)


PokerStars Hand #155498162720:  Hold'em Limit ($3/$6 USD) - 2016/07/03 5:34:25 ET
Table 'Leonce' 10-max Seat #5 is the button
Seat 5: xcgxcg2005 ($113 in chips)
Seat 7: sokol-max-PS ($150.62 in chips)
xcgxcg2005: posts small blind $1
sokol-max-PS: posts big blind $3
*** HOLE CARDS ***
xcgxcg2005: folds
Uncalled bet ($2) returned to sokol-max-PS
sokol-max-PS collected $2 from pot
sokol-max-PS: doesn't show hand
*** SUMMARY ***
Total pot $2 | Rake $0
Seat 5: xcgxcg2005 (button) (small blind) folded before Flop
Seat 7: sokol-max-PS (big blind) collected ($2)


PokerStars Hand #155498168685:  Hold'em Limit ($3/$6 USD) - 2016/07/03 5:34:40 ET
Table 'Leonce' 10-max Seat #7 is the button
Seat 5: xcgxcg2005 ($108 in chips)
Seat 7: sokol-max-PS ($155.62 in chips)
sokol-max-PS: posts small blind $1
xcgxcg2005: posts big blind $3
*** HOLE CARDS ***
sokol-max-PS: raises $3 to $6
xcgxcg2005: folds
Uncalled bet ($3) returned to sokol-max-PS
sokol-max-PS collected $6 from pot
sokol-max-PS: doesn't show hand
*** SUMMARY ***
Total pot $6 | Rake $0
Seat 5: xcgxcg2005 (big blind) folded before Flop
Seat 7: sokol-max-PS (button) (small blind) collected ($6)


PokerStars Hand #155498158371:  Hold'em Limit ($3/$6 USD) - 2016/07/03 5:34:14 ET
Table 'Leonce' 10-max Seat #5 is the button
Seat 5: xcgxcg2005 ($117 in chips)
Seat 7: sokol-max-PS ($146.62 in chips)
xcgxcg2005: posts small blind $1
sokol-max-PS: posts big blind $3
*** HOLE CARDS ***
xcgxcg2005: folds
Uncalled bet ($2) returned to sokol-max-PS
sokol-max-PS collected $2 from pot
*** SUMMARY ***
Total pot $2 | Rake $0
Seat 5: xcgxcg2005 (button) (small blind) folded before Flop
Seat 7: sokol-max-PS (big blind) collected ($2)


PokerStars Hand #155498154636:  Hold'em Limit ($3/$6 USD) - 2016/07/03 5:34:05 ET
Table 'Leonce' 10-max Seat #7 is the button
Seat 5: xcgxcg2005 ($108.36 in chips)
Seat 7: sokol-max-PS ($155.62 in chips)
sokol-max-PS: posts small blind $1
xcgxcg2005: posts big blind $3
*** HOLE CARDS ***
sokol-max-PS: raises $3 to $6
xcgxcg2005: raises $3 to $9
sokol-max-PS: calls $3
*** FLOP *** [Th Kd Jc]
xcgxcg2005: bets $3
sokol-max-PS: folds
Uncalled bet ($3) returned to xcgxcg2005
xcgxcg2005 collected $17.64 from pot
xcgxcg2005: doesn't show hand
*** SUMMARY ***
Total pot $18 | Rake $0.36
Board [Th Kd Jc]
Seat 5: xcgxcg2005 (big blind) collected ($17.64)
Seat 7: sokol-max-PS (button) (small blind) folded on the Flop


PokerStars Hand #155498142013:  Hold'em Limit ($3/$6 USD) - 2016/07/03 5:33:33 ET
Table 'Leonce' 10-max Seat #5 is the button
Seat 5: xcgxcg2005 ($136.36 in chips)
Seat 7: sokol-max-PS ($128.12 in chips)
xcgxcg2005: posts small blind $1
sokol-max-PS: posts big blind $3
*** HOLE CARDS ***
xcgxcg2005: raises $3 to $6
sokol-max-PS: raises $3 to $9
xcgxcg2005: calls $3
*** FLOP *** [4s 7d 3c]
sokol-max-PS: bets $3
xcgxcg2005: raises $3 to $6
sokol-max-PS: raises $3 to $9
xcgxcg2005: calls $3
*** TURN *** [4s 7d 3c] [Jh]
sokol-max-PS: bets $6
xcgxcg2005: calls $6
*** RIVER *** [4s 7d 3c Jh] [Kd]
sokol-max-PS: checks
xcgxcg2005: checks
*** SHOW DOWN ***
sokol-max-PS: shows [6d 4d] (a pair of Fours)
xcgxcg2005: mucks hand
sokol-max-PS collected $47.50 from pot
*** SUMMARY ***
Total pot $48 | Rake $0.50
Board [4s 7d 3c Jh Kd]
Seat 5: xcgxcg2005 (button) (small blind) mucked
Seat 7: sokol-max-PS (big blind) showed [6d 4d] and won ($47.50) with a pair of Fours


PokerStars Hand #155498152851:  Hold'em Limit ($3/$6 USD) - 2016/07/03 5:34:00 ET
Table 'Leonce' 10-max Seat #5 is the button
Seat 5: xcgxcg2005 ($109.36 in chips)
Seat 7: sokol-max-PS ($154.62 in chips)
xcgxcg2005: posts small blind $1
sokol-max-PS: posts big blind $3
*** HOLE CARDS ***
xcgxcg2005: folds
Uncalled bet ($2) returned to sokol-max-PS
sokol-max-PS collected $2 from pot
sokol-max-PS: doesn't show hand
*** SUMMARY ***
Total pot $2 | Rake $0
Seat 5: xcgxcg2005 (button) (small blind) folded before Flop
Seat 7: sokol-max-PS (big blind) collected ($2)


PokerStars Hand #155498572963:  Hold'em Limit ($3/$6 USD) - 2016/07/03 5:51:10 ET
Table 'Leonce' 10-max Seat #5 is the button
Seat 5: xcgxcg2005 ($172.14 in chips)
Seat 6: simper11 ($167.08 in chips)
xcgxcg2005: posts small blind $1
simper11: posts big blind $3
*** HOLE CARDS ***
xcgxcg2005: folds
Uncalled bet ($2) returned to simper11
simper11 collected $2 from pot
simper11: doesn't show hand
*** SUMMARY ***
Total pot $2 | Rake $0
Seat 5: xcgxcg2005 (button) (small blind) folded before Flop
Seat 6: simper11 (big blind) collected ($2)


PokerStars Hand #155498570808:  Hold'em Limit ($3/$6 USD) - 2016/07/03 5:51:05 ET
Table 'Leonce' 10-max Seat #6 is the button
Seat 5: xcgxcg2005 ($175.14 in chips)
Seat 6: simper11 ($164.08 in chips)
simper11: posts small blind $1
xcgxcg2005: posts big blind $3
*** HOLE CARDS ***
simper11: raises $3 to $6
xcgxcg2005: folds
Uncalled bet ($3) returned to simper11
sokol-max-PS leaves the table
simper11 collected $6 from pot
simper11: doesn't show hand
*** SUMMARY ***
Total pot $6 | Rake $0
Seat 5: xcgxcg2005 (big blind) folded before Flop
Seat 6: simper11 (button) (small blind) collected ($6)


PokerStars Hand #155502606907:  Hold'em Limit ($3/$6 USD) - 2016/07/03 8:21:38 ET
Table 'Leonce' 10-max Seat #5 is the button
Seat 5: Larooo ($241.82 in chips)
Seat 8: jama gama ($230.03 in chips)
Larooo: posts small blind $1
HAL9QQQ: is sitting out
jama gama: posts big blind $3
*** HOLE CARDS ***
Larooo: raises $3 to $6
jama gama: folds
Uncalled bet ($3) returned to Larooo
Larooo collected $6 from pot
*** SUMMARY ***
Total pot $6 | Rake $0
Seat 5: Larooo (button) (small blind) collected ($6)
Seat 8: jama gama (big blind) folded before Flop


