PokerStars Hand #145526222452:  Hold'em Limit ($3/$6 USD) - 2015/12/18 7:54:45 ET
Table 'Leonora II' 2-max Seat #2 is the button
Seat 1: PelonCabelao ($72 in chips)
Seat 2: hughes218 ($113.16 in chips)
hughes218: posts small blind $1
PelonCabelao: posts big blind $3
*** HOLE CARDS ***
hughes218: raises $3 to $6
PelonCabelao: raises $3 to $9
hughes218: calls $3
*** FLOP *** [8c 8d 6d]
PelonCabelao: bets $3
hughes218: calls $3
*** TURN *** [8c 8d 6d] [2d]
PelonCabelao: bets $6
hughes218: folds
Uncalled bet ($6) returned to PelonCabelao
PelonCabelao collected $23.52 from pot
PelonCabelao: doesn't show hand
*** SUMMARY ***
Total pot $24 | Rake $0.48
Board [8c 8d 6d 2d]
Seat 1: PelonCabelao (big blind) collected ($23.52)
Seat 2: hughes218 (button) (small blind) folded on the Turn


PokerStars Hand #145526219369:  Hold'em Limit ($3/$6 USD) - 2015/12/18 7:54:40 ET
Table 'Leonora II' 2-max Seat #1 is the button
Seat 1: PelonCabelao ($72 in chips)
Seat 2: hughes218 ($112.16 in chips)
PelonCabelao: posts small blind $1
hughes218: posts big blind $3
*** HOLE CARDS ***
PelonCabelao: folds
Uncalled bet ($2) returned to hughes218
hughes218 collected $2 from pot
hughes218: doesn't show hand
*** SUMMARY ***
Total pot $2 | Rake $0
Seat 1: PelonCabelao (button) (small blind) folded before Flop
Seat 2: hughes218 (big blind) collected ($2)


PokerStars Hand #145526204666:  Hold'em Limit ($3/$6 USD) - 2015/12/18 7:54:11 ET
Table 'Leonora II' 2-max Seat #2 is the button
Seat 1: PelonCabelao ($78.76 in chips)
Seat 2: hughes218 ($103.52 in chips)
hughes218: posts small blind $1
PelonCabelao: posts big blind $3
*** HOLE CARDS ***
hughes218: raises $3 to $6
PelonCabelao: calls $3
*** FLOP *** [As 3d Tc]
PelonCabelao: checks
hughes218: bets $3
PelonCabelao: calls $3
*** TURN *** [As 3d Tc] [7h]
PelonCabelao: checks
hughes218: bets $6
PelonCabelao: folds
Uncalled bet ($6) returned to hughes218
hughes218 collected $17.64 from pot
hughes218: doesn't show hand
*** SUMMARY ***
Total pot $18 | Rake $0.36
Board [As 3d Tc 7h]
Seat 1: PelonCabelao (big blind) folded on the Turn
Seat 2: hughes218 (button) (small blind) collected ($17.64)


PokerStars Hand #145526245745:  Hold'em Limit ($3/$6 USD) - 2015/12/18 7:55:33 ET
Table 'Leonora II' 2-max Seat #2 is the button
Seat 1: PelonCabelao ($93.28 in chips)
Seat 2: hughes218 ($91.16 in chips)
hughes218: posts small blind $1
PelonCabelao: posts big blind $3
*** HOLE CARDS ***
hughes218: raises $3 to $6
PelonCabelao: calls $3
*** FLOP *** [4d Kd 6c]
PelonCabelao: checks
hughes218: bets $3
PelonCabelao: folds
Uncalled bet ($3) returned to hughes218
hughes218 collected $11.76 from pot
hughes218: doesn't show hand
*** SUMMARY ***
Total pot $12 | Rake $0.24
Board [4d Kd 6c]
Seat 1: PelonCabelao (big blind) folded on the Flop
Seat 2: hughes218 (button) (small blind) collected ($11.76)


PokerStars Hand #145526241969:  Hold'em Limit ($3/$6 USD) - 2015/12/18 7:55:25 ET
Table 'Leonora II' 2-max Seat #1 is the button
Seat 1: PelonCabelao ($90.28 in chips)
Seat 2: hughes218 ($94.16 in chips)
PelonCabelao: posts small blind $1
hughes218: posts big blind $3
*** HOLE CARDS ***
PelonCabelao: raises $3 to $6
hughes218: folds
Uncalled bet ($3) returned to PelonCabelao
PelonCabelao collected $6 from pot
PelonCabelao: doesn't show hand
*** SUMMARY ***
Total pot $6 | Rake $0
Seat 1: PelonCabelao (button) (small blind) collected ($6)
Seat 2: hughes218 (big blind) folded before Flop


PokerStars Hand #145526239257:  Hold'em Limit ($3/$6 USD) - 2015/12/18 7:55:19 ET
Table 'Leonora II' 2-max Seat #2 is the button
Seat 1: PelonCabelao ($89.28 in chips)
Seat 2: hughes218 ($95.16 in chips)
hughes218: posts small blind $1
PelonCabelao: posts big blind $3
*** HOLE CARDS ***
hughes218: folds
Uncalled bet ($2) returned to PelonCabelao
PelonCabelao collected $2 from pot
PelonCabelao: doesn't show hand
*** SUMMARY ***
Total pot $2 | Rake $0
Seat 1: PelonCabelao (big blind) collected ($2)
Seat 2: hughes218 (button) (small blind) folded before Flop


PokerStars Hand #145526232605:  Hold'em Limit ($3/$6 USD) - 2015/12/18 7:55:05 ET
Table 'Leonora II' 2-max Seat #1 is the button
Seat 1: PelonCabelao ($83.52 in chips)
Seat 2: hughes218 ($101.16 in chips)
PelonCabelao: posts small blind $1
hughes218: posts big blind $3
*** HOLE CARDS ***
PelonCabelao: raises $3 to $6
hughes218: calls $3
*** FLOP *** [Kd 4d 4c]
hughes218: checks
PelonCabelao: bets $3
hughes218: folds
Uncalled bet ($3) returned to PelonCabelao
PelonCabelao collected $11.76 from pot
PelonCabelao: doesn't show hand
*** SUMMARY ***
Total pot $12 | Rake $0.24
Board [Kd 4d 4c]
Seat 1: PelonCabelao (button) (small blind) collected ($11.76)
Seat 2: hughes218 (big blind) folded on the Flop


PokerStars Hand #145526276022:  Hold'em Limit ($3/$6 USD) - 2015/12/18 7:56:38 ET
Table 'Leonora II' 2-max Seat #2 is the button
Seat 1: PelonCabelao ($72.28 in chips)
Seat 2: hughes218 ($111.42 in chips)
hughes218: posts small blind $1
PelonCabelao: posts big blind $3
*** HOLE CARDS ***
hughes218: raises $3 to $6
PelonCabelao: folds
Uncalled bet ($3) returned to hughes218
hughes218 collected $6 from pot
hughes218: doesn't show hand
*** SUMMARY ***
Total pot $6 | Rake $0
Seat 1: PelonCabelao (big blind) folded before Flop
Seat 2: hughes218 (button) (small blind) collected ($6)


PokerStars Hand #145526258881:  Hold'em Limit ($3/$6 USD) - 2015/12/18 7:56:01 ET
Table 'Leonora II' 2-max Seat #1 is the button
Seat 1: PelonCabelao ($87.28 in chips)
Seat 2: hughes218 ($96.92 in chips)
PelonCabelao: posts small blind $1
hughes218: posts big blind $3
*** HOLE CARDS ***
PelonCabelao: raises $3 to $6
hughes218: calls $3
*** FLOP *** [5h 8s 6c]
hughes218: checks
PelonCabelao: bets $3
hughes218: calls $3
*** TURN *** [5h 8s 6c] [9s]
hughes218: checks
PelonCabelao: checks
*** RIVER *** [5h 8s 6c 9s] [4h]
hughes218: bets $6
PelonCabelao: calls $6
*** SHOW DOWN ***
hughes218: shows [4d 4c] (three of a kind, Fours)
PelonCabelao: mucks hand
hughes218 collected $29.50 from pot
*** SUMMARY ***
Total pot $30 | Rake $0.50
Board [5h 8s 6c 9s 4h]
Seat 1: PelonCabelao (button) (small blind) mucked
Seat 2: hughes218 (big blind) showed [4d 4c] and won ($29.50) with three of a kind, Fours


PokerStars Hand #145526302234:  Hold'em Limit ($3/$6 USD) - 2015/12/18 7:57:34 ET
Table 'Leonora II' 2-max Seat #1 is the button
Seat 1: PelonCabelao ($83.52 in chips)
Seat 2: hughes218 ($111.06 in chips)
PelonCabelao: posts small blind $1
hughes218: posts big blind $3
*** HOLE CARDS ***
PelonCabelao: raises $3 to $6
hughes218: calls $3
*** FLOP *** [As Tc 7h]
hughes218: checks
PelonCabelao: bets $3
hughes218: calls $3
*** TURN *** [As Tc 7h] [8c]
hughes218: checks
PelonCabelao: bets $6
hughes218: calls $6
*** RIVER *** [As Tc 7h 8c] [3c]
hughes218: checks
PelonCabelao: bets $6
hughes218: calls $6
*** SHOW DOWN ***
PelonCabelao: shows [Kh Td] (a pair of Tens)
hughes218: mucks hand
PelonCabelao collected $41.50 from pot
*** SUMMARY ***
Total pot $42 | Rake $0.50
Board [As Tc 7h 8c 3c]
Seat 1: PelonCabelao (button) (small blind) showed [Kh Td] and won ($41.50) with a pair of Tens
Seat 2: hughes218 (big blind) mucked


PokerStars Hand #145526292823:  Hold'em Limit ($3/$6 USD) - 2015/12/18 7:57:14 ET
Table 'Leonora II' 2-max Seat #2 is the button
Seat 1: PelonCabelao ($72 in chips)
Seat 2: hughes218 ($123.06 in chips)
hughes218: posts small blind $1
PelonCabelao: posts big blind $3
*** HOLE CARDS ***
hughes218: raises $3 to $6
PelonCabelao: raises $3 to $9
hughes218: calls $3
*** FLOP *** [7c 7h 4c]
PelonCabelao: bets $3
hughes218: calls $3
*** TURN *** [7c 7h 4c] [5h]
PelonCabelao: bets $6
hughes218: folds
Uncalled bet ($6) returned to PelonCabelao
PelonCabelao collected $23.52 from pot
PelonCabelao: doesn't show hand
*** SUMMARY ***
Total pot $24 | Rake $0.48
Board [7c 7h 4c 5h]
Seat 1: PelonCabelao (big blind) collected ($23.52)
Seat 2: hughes218 (button) (small blind) folded on the Turn


PokerStars Hand #145526281137:  Hold'em Limit ($3/$6 USD) - 2015/12/18 7:56:49 ET
Table 'Leonora II' 2-max Seat #1 is the button
Seat 1: PelonCabelao ($72 in chips)
Seat 2: hughes218 ($114.42 in chips)
PelonCabelao: posts small blind $1
hughes218: posts big blind $3
*** HOLE CARDS ***
PelonCabelao: raises $3 to $6
hughes218: calls $3
*** FLOP *** [7s Jc 4d]
hughes218: checks
PelonCabelao: bets $3
hughes218: raises $3 to $6
PelonCabelao: folds
Uncalled bet ($3) returned to hughes218
hughes218 collected $17.64 from pot
hughes218: doesn't show hand
*** SUMMARY ***
Total pot $18 | Rake $0.36
Board [7s Jc 4d]
Seat 1: PelonCabelao (button) (small blind) folded on the Flop
Seat 2: hughes218 (big blind) collected ($17.64)


PokerStars Hand #145526320326:  Hold'em Limit ($3/$6 USD) - 2015/12/18 7:58:13 ET
Table 'Leonora II' 2-max Seat #1 is the button
Seat 1: PelonCabelao ($101.02 in chips)
Seat 2: hughes218 ($93.06 in chips)
PelonCabelao: posts small blind $1
hughes218: posts big blind $3
*** HOLE CARDS ***
PelonCabelao: raises $3 to $6
hughes218: raises $3 to $9
PelonCabelao: calls $3
*** FLOP *** [Qc 4h 6h]
hughes218: bets $3
PelonCabelao: calls $3
*** TURN *** [Qc 4h 6h] [2s]
hughes218: bets $6
PelonCabelao: calls $6
*** RIVER *** [Qc 4h 6h 2s] [3d]
hughes218: checks
PelonCabelao: bets $6
hughes218: folds
Uncalled bet ($6) returned to PelonCabelao
PelonCabelao collected $35.50 from pot
PelonCabelao: doesn't show hand
*** SUMMARY ***
Total pot $36 | Rake $0.50
Board [Qc 4h 6h 2s 3d]
Seat 1: PelonCabelao (button) (small blind) collected ($35.50)
Seat 2: hughes218 (big blind) folded on the River


PokerStars Hand #145526315972:  Hold'em Limit ($3/$6 USD) - 2015/12/18 7:58:04 ET
Table 'Leonora II' 2-max Seat #2 is the button
Seat 1: PelonCabelao ($104.02 in chips)
Seat 2: hughes218 ($90.06 in chips)
hughes218: posts small blind $1
PelonCabelao: posts big blind $3
*** HOLE CARDS ***
hughes218: raises $3 to $6
PelonCabelao: folds
Uncalled bet ($3) returned to hughes218
hughes218 collected $6 from pot
hughes218: doesn't show hand
*** SUMMARY ***
Total pot $6 | Rake $0
Seat 1: PelonCabelao (big blind) folded before Flop
Seat 2: hughes218 (button) (small blind) collected ($6)


PokerStars Hand #145526354904:  Hold'em Limit ($3/$6 USD) - 2015/12/18 7:59:27 ET
Table 'Leonora II' 2-max Seat #1 is the button
Seat 1: PelonCabelao ($94.52 in chips)
Seat 2: hughes218 ($98.56 in chips)
PelonCabelao: posts small blind $1
hughes218: posts big blind $3
*** HOLE CARDS ***
PelonCabelao: folds
Uncalled bet ($2) returned to hughes218
hughes218 collected $2 from pot
hughes218: doesn't show hand
*** SUMMARY ***
Total pot $2 | Rake $0
Seat 1: PelonCabelao (button) (small blind) folded before Flop
Seat 2: hughes218 (big blind) collected ($2)


PokerStars Hand #145526342758:  Hold'em Limit ($3/$6 USD) - 2015/12/18 7:59:01 ET
Table 'Leonora II' 2-max Seat #2 is the button
Seat 1: PelonCabelao ($118.52 in chips)
Seat 2: hughes218 ($75.06 in chips)
hughes218: posts small blind $1
PelonCabelao: posts big blind $3
*** HOLE CARDS ***
hughes218: raises $3 to $6
PelonCabelao: raises $3 to $9
hughes218: calls $3
*** FLOP *** [Th Jc 8c]
PelonCabelao: bets $3
hughes218: calls $3
*** TURN *** [Th Jc 8c] [3s]
PelonCabelao: bets $6
hughes218: calls $6
*** RIVER *** [Th Jc 8c 3s] [4h]
PelonCabelao: bets $6
hughes218: calls $6
*** SHOW DOWN ***
PelonCabelao: shows [9h Kh] (high card King)
hughes218: shows [8s 6h] (a pair of Eights)
hughes218 collected $47.50 from pot
*** SUMMARY ***
Total pot $48 | Rake $0.50
Board [Th Jc 8c 3s 4h]
Seat 1: PelonCabelao (big blind) showed [9h Kh] and lost with high card King
Seat 2: hughes218 (button) (small blind) showed [8s 6h] and won ($47.50) with a pair of Eights


PokerStars Hand #145526377253:  Hold'em Limit ($3/$6 USD) - 2015/12/18 8:00:15 ET
Table 'Leonora II' 2-max Seat #1 is the button
Seat 1: PelonCabelao ($105.04 in chips)
Seat 2: hughes218 ($87.56 in chips)
PelonCabelao: posts small blind $1
hughes218: posts big blind $3
*** HOLE CARDS ***
PelonCabelao: raises $3 to $6
hughes218: calls $3
*** FLOP *** [Kh Js Ts]
hughes218: checks
PelonCabelao: bets $3
hughes218: folds
Uncalled bet ($3) returned to PelonCabelao
PelonCabelao collected $11.76 from pot
PelonCabelao: doesn't show hand
*** SUMMARY ***
Total pot $12 | Rake $0.24
Board [Kh Js Ts]
Seat 1: PelonCabelao (button) (small blind) collected ($11.76)
Seat 2: hughes218 (big blind) folded on the Flop


PokerStars Hand #145526358266:  Hold'em Limit ($3/$6 USD) - 2015/12/18 7:59:34 ET
Table 'Leonora II' 2-max Seat #2 is the button
Seat 1: PelonCabelao ($93.52 in chips)
Seat 2: hughes218 ($99.56 in chips)
hughes218: posts small blind $1
PelonCabelao: posts big blind $3
*** HOLE CARDS ***
hughes218: raises $3 to $6
PelonCabelao: calls $3
*** FLOP *** [Td 9h Ks]
PelonCabelao: checks
hughes218: bets $3
PelonCabelao: raises $3 to $6
hughes218: calls $3
*** TURN *** [Td 9h Ks] [Qh]
PelonCabelao: bets $6
hughes218: folds
Uncalled bet ($6) returned to PelonCabelao
PelonCabelao collected $23.52 from pot
PelonCabelao: doesn't show hand
*** SUMMARY ***
Total pot $24 | Rake $0.48
Board [Td 9h Ks Qh]
Seat 1: PelonCabelao (big blind) collected ($23.52)
Seat 2: hughes218 (button) (small blind) folded on the Turn


PokerStars Hand #145526409707:  Hold'em Limit ($3/$6 USD) - 2015/12/18 8:01:19 ET
Table 'Leonora II' 2-max Seat #1 is the button
Seat 1: PelonCabelao ($137.30 in chips)
Seat 2: hughes218 ($54.56 in chips)
PelonCabelao: posts small blind $1
hughes218: posts big blind $3
*** HOLE CARDS ***
PelonCabelao: raises $3 to $6
hughes218: calls $3
*** FLOP *** [2c Kh 2h]
hughes218: checks
PelonCabelao: bets $3
hughes218: calls $3
*** TURN *** [2c Kh 2h] [As]
hughes218: checks
PelonCabelao: bets $6
hughes218: raises $6 to $12
PelonCabelao: calls $6
*** RIVER *** [2c Kh 2h As] [Ac]
hughes218: bets $6
PelonCabelao: raises $6 to $12
hughes218: folds
Uncalled bet ($6) returned to PelonCabelao
PelonCabelao collected $53.50 from pot
*** SUMMARY ***
Total pot $54 | Rake $0.50
Board [2c Kh 2h As Ac]
Seat 1: PelonCabelao (button) (small blind) collected ($53.50)
Seat 2: hughes218 (big blind) folded on the River


PokerStars Hand #145526384638:  Hold'em Limit ($3/$6 USD) - 2015/12/18 8:00:29 ET
Table 'Leonora II' 2-max Seat #2 is the button
Seat 1: PelonCabelao ($110.80 in chips)
Seat 2: hughes218 ($81.56 in chips)
hughes218: posts small blind $1
PelonCabelao: posts big blind $3
*** HOLE CARDS ***
hughes218: raises $3 to $6
PelonCabelao: raises $3 to $9
hughes218: calls $3
*** FLOP *** [9h 5d 7d]
PelonCabelao: bets $3
hughes218: raises $3 to $6
PelonCabelao: calls $3
*** TURN *** [9h 5d 7d] [Td]
PelonCabelao: checks
hughes218: bets $6
PelonCabelao: calls $6
*** RIVER *** [9h 5d 7d Td] [3s]
PelonCabelao: checks
hughes218: bets $6
PelonCabelao: calls $6
*** SHOW DOWN ***
hughes218: shows [5h Qd] (a pair of Fives)
PelonCabelao: shows [9d Ks] (a pair of Nines)
PelonCabelao collected $53.50 from pot
*** SUMMARY ***
Total pot $54 | Rake $0.50
Board [9h 5d 7d Td 3s]
Seat 1: PelonCabelao (big blind) showed [9d Ks] and won ($53.50) with a pair of Nines
Seat 2: hughes218 (button) (small blind) showed [5h Qd] and lost with a pair of Fives


PokerStars Hand #145526434127:  Hold'em Limit ($3/$6 USD) - 2015/12/18 8:02:05 ET
Table 'Leonora II' 2-max Seat #2 is the button
Seat 1: PelonCabelao ($163.80 in chips)
Seat 2: hughes218 ($27.56 in chips)
hughes218: posts small blind $1
PelonCabelao: posts big blind $3
*** HOLE CARDS ***
hughes218: raises $3 to $6
PelonCabelao: calls $3
*** FLOP *** [Kc 2d Jh]
PelonCabelao: checks
hughes218: bets $3
PelonCabelao: folds
Uncalled bet ($3) returned to hughes218
hughes218 collected $11.76 from pot
hughes218: doesn't show hand
*** SUMMARY ***
Total pot $12 | Rake $0.24
Board [Kc 2d Jh]
Seat 1: PelonCabelao (big blind) folded on the Flop
Seat 2: hughes218 (button) (small blind) collected ($11.76)


