PokerStars Hand #154265009367:  Hold'em Limit ($3/$6 USD) - 2016/06/04 3:47:01 ET
Table 'Leonce' 6-max Seat #4 is the button
Seat 1: kdcl ($105.26 in chips)
Seat 4: VolkovDmitri ($121 in chips)
VolkovDmitri: posts small blind $1
kdcl: posts big blind $3
*** HOLE CARDS ***
VolkovDmitri: raises $3 to $6
kdcl: calls $3
*** FLOP *** [3s 6h Ad]
kdcl: checks
VolkovDmitri: bets $3
kdcl: calls $3
*** TURN *** [3s 6h Ad] [9c]
kdcl: checks
VolkovDmitri: bets $6
kdcl: raises $6 to $12
VolkovDmitri: calls $6
*** RIVER *** [3s 6h Ad 9c] [Js]
kdcl: bets $6
VolkovDmitri: folds
Uncalled bet ($6) returned to kdcl
kdcl collected $41.50 from pot
*** SUMMARY ***
Total pot $42 | Rake $0.50
Board [3s 6h Ad 9c Js]
Seat 1: kdcl (big blind) collected ($41.50)
Seat 4: VolkovDmitri (button) (small blind) folded on the River


PokerStars Hand #154265007599:  Hold'em Limit ($3/$6 USD) - 2016/06/04 3:46:56 ET
Table 'Leonce' 6-max Seat #1 is the button
Seat 1: kdcl ($106.26 in chips)
Seat 4: VolkovDmitri ($120 in chips)
kdcl: posts small blind $1
VolkovDmitri: posts big blind $3
*** HOLE CARDS ***
kdcl: folds
Uncalled bet ($2) returned to VolkovDmitri
VolkovDmitri collected $2 from pot
VolkovDmitri: doesn't show hand
*** SUMMARY ***
Total pot $2 | Rake $0
Seat 1: kdcl (button) (small blind) folded before Flop
Seat 4: VolkovDmitri (big blind) collected ($2)


PokerStars Hand #154264994775:  Hold'em Limit ($3/$6 USD) - 2016/06/04 3:46:17 ET
Table 'Leonce' 6-max Seat #4 is the button
Seat 1: kdcl ($82.76 in chips)
Seat 4: VolkovDmitri ($120 in chips)
VolkovDmitri: posts small blind $1
kdcl: posts big blind $3
*** HOLE CARDS ***
VolkovDmitri: raises $3 to $6
kdcl: calls $3
*** FLOP *** [4d 5s 6c]
kdcl: checks
VolkovDmitri: bets $3
kdcl: raises $3 to $6
VolkovDmitri: calls $3
*** TURN *** [4d 5s 6c] [6s]
kdcl: bets $6
VolkovDmitri: calls $6
*** RIVER *** [4d 5s 6c 6s] [8s]
kdcl: bets $6
VolkovDmitri: calls $6
*** SHOW DOWN ***
kdcl: shows [7s 7h] (a straight, Four to Eight)
VolkovDmitri: mucks hand
kdcl collected $47.50 from pot
*** SUMMARY ***
Total pot $48 | Rake $0.50
Board [4d 5s 6c 6s 8s]
Seat 1: kdcl (big blind) showed [7s 7h] and won ($47.50) with a straight, Four to Eight
Seat 4: VolkovDmitri (button) (small blind) mucked


PokerStars Hand #154265021442:  Hold'em Limit ($3/$6 USD) - 2016/06/04 3:47:38 ET
Table 'Leonce' 6-max Seat #1 is the button
Seat 1: kdcl ($125.76 in chips)
Seat 4: VolkovDmitri ($120 in chips)
kdcl: posts small blind $1
VolkovDmitri: posts big blind $3
*** HOLE CARDS ***
kdcl: raises $3 to $6
VolkovDmitri: raises $3 to $9
kdcl: calls $3
*** FLOP *** [6s 8d 9h]
VolkovDmitri: checks
kdcl: checks
*** TURN *** [6s 8d 9h] [Qc]
VolkovDmitri: bets $6
kdcl: calls $6
*** RIVER *** [6s 8d 9h Qc] [6h]
VolkovDmitri: bets $6
kdcl: calls $6
*** SHOW DOWN ***
VolkovDmitri: shows [Kc Qd] (two pair, Queens and Sixes)
kdcl: mucks hand
VolkovDmitri collected $41.50 from pot
*** SUMMARY ***
Total pot $42 | Rake $0.50
Board [6s 8d 9h Qc 6h]
Seat 1: kdcl (button) (small blind) mucked
Seat 4: VolkovDmitri (big blind) showed [Kc Qd] and won ($41.50) with two pair, Queens and Sixes


PokerStars Hand #154265029515:  Hold'em Limit ($3/$6 USD) - 2016/06/04 3:48:03 ET
Table 'Leonce' 6-max Seat #4 is the button
Seat 1: kdcl ($104.76 in chips)
Seat 4: VolkovDmitri ($140.50 in chips)
VolkovDmitri: posts small blind $1
kdcl: posts big blind $3
*** HOLE CARDS ***
VolkovDmitri: raises $3 to $6
kdcl: calls $3
*** FLOP *** [Ac Qd 3s]
kdcl: checks
VolkovDmitri: bets $3
kdcl: calls $3
*** TURN *** [Ac Qd 3s] [6c]
kdcl: checks
VolkovDmitri: checks
*** RIVER *** [Ac Qd 3s 6c] [9s]
kdcl: bets $6
VolkovDmitri: folds
Uncalled bet ($6) returned to kdcl
kdcl collected $17.64 from pot
*** SUMMARY ***
Total pot $18 | Rake $0.36
Board [Ac Qd 3s 6c 9s]
Seat 1: kdcl (big blind) collected ($17.64)
Seat 4: VolkovDmitri (button) (small blind) folded on the River


PokerStars Hand #154265039013:  Hold'em Limit ($3/$6 USD) - 2016/06/04 3:48:33 ET
Table 'Leonce' 6-max Seat #1 is the button
Seat 1: kdcl ($113.40 in chips)
Seat 4: VolkovDmitri ($131.50 in chips)
kdcl: posts small blind $1
VolkovDmitri: posts big blind $3
*** HOLE CARDS ***
kdcl: raises $3 to $6
VolkovDmitri: calls $3
*** FLOP *** [Kh Jd 5c]
VolkovDmitri: checks
kdcl: checks
*** TURN *** [Kh Jd 5c] [Js]
VolkovDmitri: checks
kdcl: bets $6
VolkovDmitri: folds
Uncalled bet ($6) returned to kdcl
kdcl collected $11.76 from pot
*** SUMMARY ***
Total pot $12 | Rake $0.24
Board [Kh Jd 5c Js]
Seat 1: kdcl (button) (small blind) collected ($11.76)
Seat 4: VolkovDmitri (big blind) folded on the Turn


PokerStars Hand #154265054710:  Hold'em Limit ($3/$6 USD) - 2016/06/04 3:49:21 ET
Table 'Leonce' 6-max Seat #1 is the button
Seat 1: kdcl ($127.80 in chips)
Seat 4: VolkovDmitri ($120 in chips)
kdcl: posts small blind $1
VolkovDmitri: posts big blind $3
*** HOLE CARDS ***
kdcl: raises $3 to $6
VolkovDmitri: calls $3
*** FLOP *** [8c 4d Ac]
VolkovDmitri: checks
kdcl: checks
*** TURN *** [8c 4d Ac] [Qs]
VolkovDmitri: checks
kdcl: bets $6
VolkovDmitri: folds
Uncalled bet ($6) returned to kdcl
kdcl collected $11.76 from pot
*** SUMMARY ***
Total pot $12 | Rake $0.24
Board [8c 4d Ac Qs]
Seat 1: kdcl (button) (small blind) collected ($11.76)
Seat 4: VolkovDmitri (big blind) folded on the Turn


PokerStars Hand #154265045470:  Hold'em Limit ($3/$6 USD) - 2016/06/04 3:48:53 ET
Table 'Leonce' 6-max Seat #4 is the button
Seat 1: kdcl ($119.16 in chips)
Seat 4: VolkovDmitri ($125.50 in chips)
VolkovDmitri: posts small blind $1
kdcl: posts big blind $3
*** HOLE CARDS ***
VolkovDmitri: raises $3 to $6
kdcl: calls $3
*** FLOP *** [3c 9c Jh]
kdcl: checks
VolkovDmitri: bets $3
kdcl: calls $3
*** TURN *** [3c 9c Jh] [Ac]
kdcl: checks
VolkovDmitri: checks
*** RIVER *** [3c 9c Jh Ac] [5s]
kdcl: checks
VolkovDmitri: checks
*** SHOW DOWN ***
kdcl: shows [6h Kh] (high card Ace)
VolkovDmitri: mucks hand
kdcl collected $17.64 from pot
*** SUMMARY ***
Total pot $18 | Rake $0.36
Board [3c 9c Jh Ac 5s]
Seat 1: kdcl (big blind) showed [6h Kh] and won ($17.64) with high card Ace
Seat 4: VolkovDmitri (button) (small blind) mucked


PokerStars Hand #154265061646:  Hold'em Limit ($3/$6 USD) - 2016/06/04 3:49:42 ET
Table 'Leonce' 6-max Seat #4 is the button
Seat 1: kdcl ($133.56 in chips)
Seat 4: VolkovDmitri ($120 in chips)
VolkovDmitri: posts small blind $1
kdcl: posts big blind $3
*** HOLE CARDS ***
VolkovDmitri: raises $3 to $6
kdcl: calls $3
*** FLOP *** [7s 9d 6h]
kdcl: checks
VolkovDmitri: checks
*** TURN *** [7s 9d 6h] [Ah]
kdcl: checks
VolkovDmitri: checks
*** RIVER *** [7s 9d 6h Ah] [Js]
kdcl: checks
VolkovDmitri: bets $6
kdcl: folds
Uncalled bet ($6) returned to VolkovDmitri
VolkovDmitri collected $11.76 from pot
VolkovDmitri: doesn't show hand
*** SUMMARY ***
Total pot $12 | Rake $0.24
Board [7s 9d 6h Ah Js]
Seat 1: kdcl (big blind) folded on the River
Seat 4: VolkovDmitri (button) (small blind) collected ($11.76)


PokerStars Hand #154265076076:  Hold'em Limit ($3/$6 USD) - 2016/06/04 3:50:27 ET
Table 'Leonce' 6-max Seat #1 is the button
Seat 1: kdcl ($127.56 in chips)
Seat 4: VolkovDmitri ($125.76 in chips)
kdcl: posts small blind $1
VolkovDmitri: posts big blind $3
*** HOLE CARDS ***
kdcl: raises $3 to $6
VolkovDmitri: folds
Uncalled bet ($3) returned to kdcl
kdcl collected $6 from pot
*** SUMMARY ***
Total pot $6 | Rake $0
Seat 1: kdcl (button) (small blind) collected ($6)
Seat 4: VolkovDmitri (big blind) folded before Flop


PokerStars Hand #154265080220:  Hold'em Limit ($3/$6 USD) - 2016/06/04 3:50:39 ET
Table 'Leonce' 6-max Seat #4 is the button
Seat 1: kdcl ($130.56 in chips)
Seat 4: VolkovDmitri ($122.76 in chips)
VolkovDmitri: posts small blind $1
kdcl: posts big blind $3
*** HOLE CARDS ***
VolkovDmitri: raises $3 to $6
kdcl: folds
Uncalled bet ($3) returned to VolkovDmitri
VolkovDmitri collected $6 from pot
VolkovDmitri: doesn't show hand
*** SUMMARY ***
Total pot $6 | Rake $0
Seat 1: kdcl (big blind) folded before Flop
Seat 4: VolkovDmitri (button) (small blind) collected ($6)


PokerStars Hand #154265094213:  Hold'em Limit ($3/$6 USD) - 2016/06/04 3:51:22 ET
Table 'Leonce' 6-max Seat #4 is the button
Seat 1: kdcl ($112.56 in chips)
Seat 4: VolkovDmitri ($140.26 in chips)
VolkovDmitri: posts small blind $1
kdcl: posts big blind $3
*** HOLE CARDS ***
VolkovDmitri: raises $3 to $6
kdcl: calls $3
*** FLOP *** [2s Qh Jd]
kdcl: checks
anybody1108 joins the table at seat #3
VolkovDmitri: bets $3
kdcl: raises $3 to $6
VolkovDmitri: folds
Uncalled bet ($3) returned to kdcl
kdcl collected $17.64 from pot
*** SUMMARY ***
Total pot $18 | Rake $0.36
Board [2s Qh Jd]
Seat 1: kdcl (big blind) collected ($17.64)
Seat 4: VolkovDmitri (button) (small blind) folded on the Flop


PokerStars Hand #154265083078:  Hold'em Limit ($3/$6 USD) - 2016/06/04 3:50:48 ET
Table 'Leonce' 6-max Seat #1 is the button
Seat 1: kdcl ($127.56 in chips)
Seat 4: VolkovDmitri ($125.76 in chips)
kdcl: posts small blind $1
VolkovDmitri: posts big blind $3
*** HOLE CARDS ***
kdcl: raises $3 to $6
VolkovDmitri: calls $3
*** FLOP *** [2c Js 6c]
VolkovDmitri: bets $3
kdcl: calls $3
*** TURN *** [2c Js 6c] [2h]
VolkovDmitri: bets $6
kdcl: calls $6
*** RIVER *** [2c Js 6c 2h] [3h]
VolkovDmitri: checks
kdcl: checks
*** SHOW DOWN ***
VolkovDmitri: shows [4d 6s] (two pair, Sixes and Deuces)
kdcl: mucks hand
VolkovDmitri collected $29.50 from pot
*** SUMMARY ***
Total pot $30 | Rake $0.50
Board [2c Js 6c 2h 3h]
Seat 1: kdcl (button) (small blind) mucked
Seat 4: VolkovDmitri (big blind) showed [4d 6s] and won ($29.50) with two pair, Sixes and Deuces


PokerStars Hand #154266093673:  Hold'em Limit ($3/$6 USD) - 2016/06/04 4:40:10 ET
Table 'Leonce' 6-max Seat #3 is the button
Seat 2: kayway6 ($126.63 in chips)
Seat 3: kolaz03 ($120.83 in chips)
kolaz03: posts small blind $1
kayway6: posts big blind $3
*** HOLE CARDS ***
kolaz03: folds
Uncalled bet ($2) returned to kayway6
kayway6 collected $2 from pot
*** SUMMARY ***
Total pot $2 | Rake $0
Seat 2: kayway6 (big blind) collected ($2)
Seat 3: kolaz03 (button) (small blind) folded before Flop


PokerStars Hand #154266086353:  Hold'em Limit ($3/$6 USD) - 2016/06/04 4:39:50 ET
Table 'Leonce' 6-max Seat #2 is the button
Seat 2: kayway6 ($141.63 in chips)
Seat 3: kolaz03 ($106.33 in chips)
kayway6: posts small blind $1
kolaz03: posts big blind $3
*** HOLE CARDS ***
kayway6: raises $3 to $6
kolaz03: calls $3
*** FLOP *** [Qh 3c Js]
kolaz03: checks
Günni1959 leaves the table
kayway6: bets $3
kolaz03: calls $3
*** TURN *** [Qh 3c Js] [9s]
kolaz03: checks
kayway6: checks
*** RIVER *** [Qh 3c Js 9s] [Kd]
kolaz03: bets $6
kayway6: calls $6
*** SHOW DOWN ***
kolaz03: shows [Qd Kc] (two pair, Kings and Queens)
kayway6: mucks hand
kolaz03 collected $29.50 from pot
*** SUMMARY ***
Total pot $30 | Rake $0.50
Board [Qh 3c Js 9s Kd]
Seat 2: kayway6 (button) (small blind) mucked
Seat 3: kolaz03 (big blind) showed [Qd Kc] and won ($29.50) with two pair, Kings and Queens


PokerStars Hand #154266095550:  Hold'em Limit ($3/$6 USD) - 2016/06/04 4:40:16 ET
Table 'Leonce' 6-max Seat #2 is the button
Seat 2: kayway6 ($127.63 in chips)
Seat 3: kolaz03 ($119.83 in chips)
kayway6: posts small blind $1
kolaz03: posts big blind $3
*** HOLE CARDS ***
kayway6: raises $3 to $6
kolaz03: calls $3
*** FLOP *** [Ah Ac 7c]
kolaz03: checks
kayway6: bets $3
kolaz03: calls $3
*** TURN *** [Ah Ac 7c] [Jh]
kolaz03: checks
kayway6: bets $6
kolaz03: calls $6
*** RIVER *** [Ah Ac 7c Jh] [6h]
kolaz03: checks
kayway6: bets $6
kolaz03: folds
Uncalled bet ($6) returned to kayway6
kayway6 collected $29.50 from pot
*** SUMMARY ***
Total pot $30 | Rake $0.50
Board [Ah Ac 7c Jh 6h]
Seat 2: kayway6 (button) (small blind) collected ($29.50)
Seat 3: kolaz03 (big blind) folded on the River


PokerStars Hand #154266106122:  Hold'em Limit ($3/$6 USD) - 2016/06/04 4:40:45 ET
Table 'Leonce' 6-max Seat #3 is the button
Seat 2: kayway6 ($142.13 in chips)
Seat 3: kolaz03 ($104.83 in chips)
kolaz03: posts small blind $1
kayway6: posts big blind $3
*** HOLE CARDS ***
kolaz03: raises $3 to $6
kayway6: raises $3 to $9
kolaz03: calls $3
*** FLOP *** [9c 9s 4d]
kayway6: bets $3
kolaz03: calls $3
*** TURN *** [9c 9s 4d] [5c]
kayway6: bets $6
kolaz03: calls $6
*** RIVER *** [9c 9s 4d 5c] [8s]
kayway6: checks
kolaz03: bets $6
kayway6: folds
Uncalled bet ($6) returned to kolaz03
kolaz03 collected $35.50 from pot
kolaz03: doesn't show hand
*** SUMMARY ***
Total pot $36 | Rake $0.50
Board [9c 9s 4d 5c 8s]
Seat 2: kayway6 (big blind) folded on the River
Seat 3: kolaz03 (button) (small blind) collected ($35.50)


PokerStars Hand #154266130351:  Hold'em Limit ($3/$6 USD) - 2016/06/04 4:41:51 ET
Table 'Leonce' 6-max Seat #3 is the button
Seat 2: kayway6 ($119.77 in chips)
Seat 3: kolaz03 ($125.85 in chips)
kolaz03: posts small blind $1
kayway6: posts big blind $3
*** HOLE CARDS ***
kolaz03: folds
Uncalled bet ($2) returned to kayway6
kayway6 collected $2 from pot
*** SUMMARY ***
Total pot $2 | Rake $0
Seat 2: kayway6 (big blind) collected ($2)
Seat 3: kolaz03 (button) (small blind) folded before Flop


PokerStars Hand #154266126889:  Hold'em Limit ($3/$6 USD) - 2016/06/04 4:41:42 ET
Table 'Leonce' 6-max Seat #2 is the button
Seat 2: kayway6 ($120.77 in chips)
Seat 3: kolaz03 ($124.85 in chips)
kayway6: posts small blind $1
kolaz03: posts big blind $3
*** HOLE CARDS ***
kayway6: folds
Uncalled bet ($2) returned to kolaz03
kolaz03 collected $2 from pot
kolaz03: doesn't show hand
*** SUMMARY ***
Total pot $2 | Rake $0
Seat 2: kayway6 (button) (small blind) folded before Flop
Seat 3: kolaz03 (big blind) collected ($2)


PokerStars Hand #154266120309:  Hold'em Limit ($3/$6 USD) - 2016/06/04 4:41:24 ET
Table 'Leonce' 6-max Seat #3 is the button
Seat 2: kayway6 ($112.13 in chips)
Seat 3: kolaz03 ($133.85 in chips)
kolaz03: posts small blind $1
kayway6: posts big blind $3
*** HOLE CARDS ***
kolaz03: raises $3 to $6
kayway6: raises $3 to $9
kolaz03: calls $3
*** FLOP *** [Js 8s 3c]
kayway6: bets $3
kolaz03: folds
Uncalled bet ($3) returned to kayway6
kayway6 collected $17.64 from pot
*** SUMMARY ***
Total pot $18 | Rake $0.36
Board [Js 8s 3c]
Seat 2: kayway6 (big blind) collected ($17.64)
Seat 3: kolaz03 (button) (small blind) folded on the Flop


PokerStars Hand #154266112924:  Hold'em Limit ($3/$6 USD) - 2016/06/04 4:41:03 ET
Table 'Leonce' 6-max Seat #2 is the button
Seat 2: kayway6 ($124.13 in chips)
Seat 3: kolaz03 ($122.33 in chips)
kayway6: posts small blind $1
kolaz03: posts big blind $3
*** HOLE CARDS ***
kayway6: raises $3 to $6
kolaz03: raises $3 to $9
kayway6: calls $3
*** FLOP *** [Td Ah 7s]
kolaz03: bets $3
kayway6: calls $3
*** TURN *** [Td Ah 7s] [3c]
kolaz03: bets $6
kayway6: folds
Uncalled bet ($6) returned to kolaz03
kolaz03 collected $23.52 from pot
kolaz03: doesn't show hand
*** SUMMARY ***
Total pot $24 | Rake $0.48
Board [Td Ah 7s 3c]
Seat 2: kayway6 (button) (small blind) folded on the Turn
Seat 3: kolaz03 (big blind) collected ($23.52)


PokerStars Hand #154266131778:  Hold'em Limit ($3/$6 USD) - 2016/06/04 4:41:55 ET
Table 'Leonce' 6-max Seat #2 is the button
Seat 2: kayway6 ($120.77 in chips)
Seat 3: kolaz03 ($124.85 in chips)
kayway6: posts small blind $1
kolaz03: posts big blind $3
*** HOLE CARDS ***
kayway6: raises $3 to $6
kolaz03: calls $3
*** FLOP *** [Jd 3s 2s]
kolaz03: checks
kayway6: checks
*** TURN *** [Jd 3s 2s] [2d]
kolaz03: checks
kayway6: bets $6
kolaz03: folds
Uncalled bet ($6) returned to kayway6
kayway6 collected $11.76 from pot
*** SUMMARY ***
Total pot $12 | Rake $0.24
Board [Jd 3s 2s 2d]
Seat 2: kayway6 (button) (small blind) collected ($11.76)
Seat 3: kolaz03 (big blind) folded on the Turn


PokerStars Hand #154266145293:  Hold'em Limit ($3/$6 USD) - 2016/06/04 4:42:32 ET
Table 'Leonce' 6-max Seat #2 is the button
Seat 2: kayway6 ($139.17 in chips)
Seat 3: kolaz03 ($105.85 in chips)
kayway6: posts small blind $1
kolaz03: posts big blind $3
*** HOLE CARDS ***
kayway6: raises $3 to $6
kolaz03: raises $3 to $9
kayway6: calls $3
*** FLOP *** [Js 3s Ac]
kolaz03: bets $3
kayway6: folds
Uncalled bet ($3) returned to kolaz03
kolaz03 collected $17.64 from pot
kolaz03: doesn't show hand
*** SUMMARY ***
Total pot $18 | Rake $0.36
Board [Js 3s Ac]
Seat 2: kayway6 (button) (small blind) folded on the Flop
Seat 3: kolaz03 (big blind) collected ($17.64)


PokerStars Hand #154266142921:  Hold'em Limit ($3/$6 USD) - 2016/06/04 4:42:26 ET
Table 'Leonce' 6-max Seat #3 is the button
Seat 2: kayway6 ($138.17 in chips)
Seat 3: kolaz03 ($106.85 in chips)
kolaz03: posts small blind $1
kayway6: posts big blind $3
*** HOLE CARDS ***
kolaz03: folds
Uncalled bet ($2) returned to kayway6
kayway6 collected $2 from pot
*** SUMMARY ***
Total pot $2 | Rake $0
Seat 2: kayway6 (big blind) collected ($2)
Seat 3: kolaz03 (button) (small blind) folded before Flop


PokerStars Hand #154266140109:  Hold'em Limit ($3/$6 USD) - 2016/06/04 4:42:18 ET
Table 'Leonce' 6-max Seat #2 is the button
Seat 2: kayway6 ($135.17 in chips)
Seat 3: kolaz03 ($109.85 in chips)
kayway6: posts small blind $1
kolaz03: posts big blind $3
*** HOLE CARDS ***
kayway6: raises $3 to $6
kolaz03: folds
Uncalled bet ($3) returned to kayway6
kayway6 collected $6 from pot
*** SUMMARY ***
Total pot $6 | Rake $0
Seat 2: kayway6 (button) (small blind) collected ($6)
Seat 3: kolaz03 (big blind) folded before Flop


PokerStars Hand #154266136600:  Hold'em Limit ($3/$6 USD) - 2016/06/04 4:42:09 ET
Table 'Leonce' 6-max Seat #3 is the button
Seat 2: kayway6 ($126.53 in chips)
Seat 3: kolaz03 ($118.85 in chips)
kolaz03: posts small blind $1
kayway6: posts big blind $3
*** HOLE CARDS ***
kolaz03: raises $3 to $6
kayway6: raises $3 to $9
kolaz03: calls $3
*** FLOP *** [Td Jd Ad]
kayway6: bets $3
kolaz03: folds
Uncalled bet ($3) returned to kayway6
kayway6 collected $17.64 from pot
*** SUMMARY ***
Total pot $18 | Rake $0.36
Board [Td Jd Ad]
Seat 2: kayway6 (big blind) collected ($17.64)
Seat 3: kolaz03 (button) (small blind) folded on the Flop


PokerStars Hand #154266156867:  Hold'em Limit ($3/$6 USD) - 2016/06/04 4:43:04 ET
Table 'Leonce' 6-max Seat #2 is the button
Seat 2: kayway6 ($141.69 in chips)
Seat 3: kolaz03 ($102.49 in chips)
kayway6: posts small blind $1
kolaz03: posts big blind $3
*** HOLE CARDS ***
kayway6: raises $3 to $6
kolaz03: folds
Uncalled bet ($3) returned to kayway6
kayway6 collected $6 from pot
*** SUMMARY ***
Total pot $6 | Rake $0
Seat 2: kayway6 (button) (small blind) collected ($6)
Seat 3: kolaz03 (big blind) folded before Flop


PokerStars Hand #154266150018:  Hold'em Limit ($3/$6 USD) - 2016/06/04 4:42:45 ET
Table 'Leonce' 6-max Seat #3 is the button
Seat 2: kayway6 ($130.17 in chips)
Seat 3: kolaz03 ($114.49 in chips)
kolaz03: posts small blind $1
kayway6: posts big blind $3
*** HOLE CARDS ***
kolaz03: raises $3 to $6
kayway6: calls $3
*** FLOP *** [4h 2h 4s]
kayway6: checks
kolaz03: bets $3
kayway6: raises $3 to $6
kolaz03: calls $3
*** TURN *** [4h 2h 4s] [9d]
kayway6: bets $6
kolaz03: folds
Uncalled bet ($6) returned to kayway6
kayway6 collected $23.52 from pot
*** SUMMARY ***
Total pot $24 | Rake $0.48
Board [4h 2h 4s 9d]
Seat 2: kayway6 (big blind) collected ($23.52)
Seat 3: kolaz03 (button) (small blind) folded on the Turn


PokerStars Hand #154266159154:  Hold'em Limit ($3/$6 USD) - 2016/06/04 4:43:11 ET
Table 'Leonce' 6-max Seat #3 is the button
Seat 2: kayway6 ($144.69 in chips)
Seat 3: kolaz03 ($99.49 in chips)
kolaz03: posts small blind $1
kayway6: posts big blind $3
*** HOLE CARDS ***
kolaz03: raises $3 to $6
kayway6: folds
Uncalled bet ($3) returned to kolaz03
kolaz03 collected $6 from pot
kolaz03: doesn't show hand
*** SUMMARY ***
Total pot $6 | Rake $0
Seat 2: kayway6 (big blind) folded before Flop
Seat 3: kolaz03 (button) (small blind) collected ($6)


PokerStars Hand #154266171595:  Hold'em Limit ($3/$6 USD) - 2016/06/04 4:43:45 ET
Table 'Leonce' 6-max Seat #3 is the button
Seat 2: kayway6 ($129.69 in chips)
Seat 3: kolaz03 ($114.01 in chips)
kolaz03: posts small blind $1
kayway6: posts big blind $3
*** HOLE CARDS ***
kolaz03: raises $3 to $6
kayway6: folds
Uncalled bet ($3) returned to kolaz03
kolaz03 collected $6 from pot
kolaz03: doesn't show hand
*** SUMMARY ***
Total pot $6 | Rake $0
Seat 2: kayway6 (big blind) folded before Flop
Seat 3: kolaz03 (button) (small blind) collected ($6)


PokerStars Hand #154266163046:  Hold'em Limit ($3/$6 USD) - 2016/06/04 4:43:21 ET
Table 'Leonce' 6-max Seat #2 is the button
Seat 2: kayway6 ($141.69 in chips)
Seat 3: kolaz03 ($102.49 in chips)
kayway6: posts small blind $1
kolaz03: posts big blind $3
*** HOLE CARDS ***
kayway6: raises $3 to $6
kolaz03: calls $3
*** FLOP *** [4d 3d 2h]
kolaz03: checks
kayway6: checks
*** TURN *** [4d 3d 2h] [Ad]
kolaz03: checks
kayway6: bets $6
kolaz03: calls $6
*** RIVER *** [4d 3d 2h Ad] [Ah]
kolaz03: checks
kayway6: checks
*** SHOW DOWN ***
kolaz03: shows [Kh 9s] (a pair of Aces)
kayway6: mucks hand
kolaz03 collected $23.52 from pot
*** SUMMARY ***
Total pot $24 | Rake $0.48
Board [4d 3d 2h Ad Ah]
Seat 2: kayway6 (button) (small blind) mucked
Seat 3: kolaz03 (big blind) showed [Kh 9s] and won ($23.52) with a pair of Aces


PokerStars Hand #154266191789:  Hold'em Limit ($3/$6 USD) - 2016/06/04 4:44:40 ET
Table 'Leonce' 6-max Seat #3 is the button
Seat 2: kayway6 ($130.19 in chips)
Seat 3: kolaz03 ($112.51 in chips)
kolaz03: posts small blind $1
kayway6: posts big blind $3
*** HOLE CARDS ***
kolaz03: raises $3 to $6
kayway6: folds
Uncalled bet ($3) returned to kolaz03
kolaz03 collected $6 from pot
kolaz03: doesn't show hand
*** SUMMARY ***
Total pot $6 | Rake $0
Seat 2: kayway6 (big blind) folded before Flop
Seat 3: kolaz03 (button) (small blind) collected ($6)


PokerStars Hand #154266185721:  Hold'em Limit ($3/$6 USD) - 2016/06/04 4:44:24 ET
Table 'Leonce' 6-max Seat #2 is the button
Seat 2: kayway6 ($109.69 in chips)
Seat 3: kolaz03 ($133.51 in chips)
kayway6: posts small blind $1
kolaz03: posts big blind $3
*** HOLE CARDS ***
kayway6: raises $3 to $6
kolaz03: calls $3
*** FLOP *** [Td Kd Jd]
kolaz03: checks
kayway6: bets $3
kolaz03: calls $3
*** TURN *** [Td Kd Jd] [Js]
kolaz03: checks
kayway6: bets $6
kolaz03: calls $6
*** RIVER *** [Td Kd Jd Js] [3h]
kolaz03: checks
kayway6: bets $6
kolaz03: calls $6
*** SHOW DOWN ***
kayway6: shows [Jh 6s] (three of a kind, Jacks)
kolaz03: mucks hand
kayway6 collected $41.50 from pot
*** SUMMARY ***
Total pot $42 | Rake $0.50
Board [Td Kd Jd Js 3h]
Seat 2: kayway6 (button) (small blind) showed [Jh 6s] and won ($41.50) with three of a kind, Jacks
Seat 3: kolaz03 (big blind) mucked


PokerStars Hand #154266183754:  Hold'em Limit ($3/$6 USD) - 2016/06/04 4:44:18 ET
Table 'Leonce' 6-max Seat #3 is the button
Seat 2: kayway6 ($108.69 in chips)
Seat 3: kolaz03 ($134.51 in chips)
kolaz03: posts small blind $1
kayway6: posts big blind $3
*** HOLE CARDS ***
kolaz03: folds
Uncalled bet ($2) returned to kayway6
kayway6 collected $2 from pot
*** SUMMARY ***
Total pot $2 | Rake $0
Seat 2: kayway6 (big blind) collected ($2)
Seat 3: kolaz03 (button) (small blind) folded before Flop


PokerStars Hand #154266175370:  Hold'em Limit ($3/$6 USD) - 2016/06/04 4:43:55 ET
Table 'Leonce' 6-max Seat #2 is the button
Seat 2: kayway6 ($126.69 in chips)
Seat 3: kolaz03 ($117.01 in chips)
kayway6: posts small blind $1
kolaz03: posts big blind $3
*** HOLE CARDS ***
kayway6: raises $3 to $6
kolaz03: calls $3
*** FLOP *** [7c Kc Jc]
kolaz03: checks
kayway6: bets $3
kolaz03: raises $3 to $6
kayway6: calls $3
*** TURN *** [7c Kc Jc] [As]
kolaz03: bets $6
kayway6: calls $6
*** RIVER *** [7c Kc Jc As] [Kh]
kolaz03: bets $6
kayway6: folds
Uncalled bet ($6) returned to kolaz03
kolaz03 collected $35.50 from pot
kolaz03: doesn't show hand
*** SUMMARY ***
Total pot $36 | Rake $0.50
Board [7c Kc Jc As Kh]
Seat 2: kayway6 (button) (small blind) folded on the River
Seat 3: kolaz03 (big blind) collected ($35.50)


PokerStars Hand #154266195641:  Hold'em Limit ($3/$6 USD) - 2016/06/04 4:44:50 ET
Table 'Leonce' 6-max Seat #2 is the button
Seat 2: kayway6 ($127.19 in chips)
Seat 3: kolaz03 ($115.51 in chips)
kayway6: posts small blind $1
kolaz03: posts big blind $3
*** HOLE CARDS ***
kayway6: raises $3 to $6
kolaz03: calls $3
*** FLOP *** [9s 6s Tc]
kolaz03: checks
kayway6: bets $3
kolaz03: calls $3
*** TURN *** [9s 6s Tc] [5s]
kolaz03: checks
kayway6: checks
*** RIVER *** [9s 6s Tc 5s] [5c]
kolaz03: checks
kayway6: checks
*** SHOW DOWN ***
kolaz03: shows [3h Qs] (a pair of Fives)
kayway6: mucks hand
kolaz03 collected $17.64 from pot
*** SUMMARY ***
Total pot $18 | Rake $0.36
Board [9s 6s Tc 5s 5c]
Seat 2: kayway6 (button) (small blind) mucked
Seat 3: kolaz03 (big blind) showed [3h Qs] and won ($17.64) with a pair of Fives


PokerStars Hand #154266217005:  Hold'em Limit ($3/$6 USD) - 2016/06/04 4:45:49 ET
Table 'Leonce' 6-max Seat #2 is the button
Seat 2: kayway6 ($128.69 in chips)
Seat 3: kolaz03 ($113.15 in chips)
kayway6: posts small blind $1
kolaz03: posts big blind $3
*** HOLE CARDS ***
kayway6: raises $3 to $6
kolaz03: calls $3
*** FLOP *** [Jd 8s 6c]
kolaz03: checks
kayway6: bets $3
kolaz03: folds
Uncalled bet ($3) returned to kayway6
kayway6 collected $11.76 from pot
*** SUMMARY ***
Total pot $12 | Rake $0.24
Board [Jd 8s 6c]
Seat 2: kayway6 (button) (small blind) collected ($11.76)
Seat 3: kolaz03 (big blind) folded on the Flop


PokerStars Hand #154266213286:  Hold'em Limit ($3/$6 USD) - 2016/06/04 4:45:38 ET
Table 'Leonce' 6-max Seat #3 is the button
Seat 2: kayway6 ($131.69 in chips)
Seat 3: kolaz03 ($110.15 in chips)
kolaz03: posts small blind $1
kayway6: posts big blind $3
*** HOLE CARDS ***
kolaz03: raises $3 to $6
kayway6: folds
Uncalled bet ($3) returned to kolaz03
kolaz03 collected $6 from pot
kolaz03: doesn't show hand
*** SUMMARY ***
Total pot $6 | Rake $0
Seat 2: kayway6 (big blind) folded before Flop
Seat 3: kolaz03 (button) (small blind) collected ($6)


PokerStars Hand #154266211411:  Hold'em Limit ($3/$6 USD) - 2016/06/04 4:45:33 ET
Table 'Leonce' 6-max Seat #2 is the button
Seat 2: kayway6 ($132.69 in chips)
Seat 3: kolaz03 ($109.15 in chips)
kayway6: posts small blind $1
kolaz03: posts big blind $3
*** HOLE CARDS ***
kayway6: folds
Uncalled bet ($2) returned to kolaz03
kolaz03 collected $2 from pot
kolaz03: doesn't show hand
*** SUMMARY ***
Total pot $2 | Rake $0
Seat 2: kayway6 (button) (small blind) folded before Flop
Seat 3: kolaz03 (big blind) collected ($2)


PokerStars Hand #154266201737:  Hold'em Limit ($3/$6 USD) - 2016/06/04 4:45:07 ET
Table 'Leonce' 6-max Seat #3 is the button
Seat 2: kayway6 ($118.19 in chips)
Seat 3: kolaz03 ($124.15 in chips)
kolaz03: posts small blind $1
kayway6: posts big blind $3
*** HOLE CARDS ***
kolaz03: raises $3 to $6
kayway6: calls $3
*** FLOP *** [2c 5c 5s]
kayway6: checks
kolaz03: bets $3
kayway6: calls $3
*** TURN *** [2c 5c 5s] [Ts]
kayway6: checks
kolaz03: checks
*** RIVER *** [2c 5c 5s Ts] [3h]
kayway6: bets $6
kolaz03: calls $6
*** SHOW DOWN ***
kayway6: shows [Tc 9s] (two pair, Tens and Fives)
kolaz03: mucks hand
kayway6 collected $29.50 from pot
*** SUMMARY ***
Total pot $30 | Rake $0.50
Board [2c 5c 5s Ts 3h]
Seat 2: kayway6 (big blind) showed [Tc 9s] and won ($29.50) with two pair, Tens and Fives
Seat 3: kolaz03 (button) (small blind) mucked


PokerStars Hand #154266221061:  Hold'em Limit ($3/$6 USD) - 2016/06/04 4:45:59 ET
Table 'Leonce' 6-max Seat #3 is the button
Seat 2: kayway6 ($134.45 in chips)
Seat 3: kolaz03 ($107.15 in chips)
kolaz03: posts small blind $1
kayway6: posts big blind $3
*** HOLE CARDS ***
kolaz03: folds
Uncalled bet ($2) returned to kayway6
kayway6 collected $2 from pot
*** SUMMARY ***
Total pot $2 | Rake $0
Seat 2: kayway6 (big blind) collected ($2)
Seat 3: kolaz03 (button) (small blind) folded before Flop


PokerStars Hand #154266228534:  Hold'em Limit ($3/$6 USD) - 2016/06/04 4:46:20 ET
Table 'Leonce' 6-max Seat #3 is the button
Seat 2: kayway6 ($132.45 in chips)
Seat 3: kolaz03 ($109.03 in chips)
kolaz03: posts small blind $1
kayway6: posts big blind $3
*** HOLE CARDS ***
kolaz03: folds
Uncalled bet ($2) returned to kayway6
kayway6 collected $2 from pot
*** SUMMARY ***
Total pot $2 | Rake $0
Seat 2: kayway6 (big blind) collected ($2)
Seat 3: kolaz03 (button) (small blind) folded before Flop


PokerStars Hand #154266259053:  Hold'em Limit ($3/$6 USD) - 2016/06/04 4:47:44 ET
Table 'Leonce' 6-max Seat #2 is the button
Seat 2: kayway6 ($91.45 in chips)
Seat 3: kolaz03 ($149.03 in chips)
kayway6: posts small blind $1
kolaz03: posts big blind $3
*** HOLE CARDS ***
kayway6 said, "lol"
kayway6: raises $3 to $6
kolaz03: calls $3
*** FLOP *** [8d Qh Ts]
kolaz03: checks
kayway6: checks
*** TURN *** [8d Qh Ts] [9h]
kolaz03: bets $6
kayway6: folds
Uncalled bet ($6) returned to kolaz03
kolaz03 collected $11.76 from pot
kolaz03: doesn't show hand
*** SUMMARY ***
Total pot $12 | Rake $0.24
Board [8d Qh Ts 9h]
Seat 2: kayway6 (button) (small blind) folded on the Turn
Seat 3: kolaz03 (big blind) collected ($11.76)


PokerStars Hand #154266250816:  Hold'em Limit ($3/$6 USD) - 2016/06/04 4:47:21 ET
Table 'Leonce' 6-max Seat #3 is the button
Seat 2: kayway6 ($109.45 in chips)
Seat 3: kolaz03 ($131.53 in chips)
kolaz03: posts small blind $1
kayway6: posts big blind $3
*** HOLE CARDS ***
kolaz03: raises $3 to $6
kayway6: raises $3 to $9
kolaz03: calls $3
*** FLOP *** [Jh Kd 5d]
kayway6: bets $3
kolaz03: calls $3
*** TURN *** [Jh Kd 5d] [Jc]
kayway6: bets $6
kolaz03: calls $6
*** RIVER *** [Jh Kd 5d Jc] [7s]
kayway6: checks
kolaz03: checks
*** SHOW DOWN ***
kayway6: shows [8c Qc] (a pair of Jacks)
kolaz03: shows [9s Qh] (a pair of Jacks - King+Queen+Nine kicker)
kolaz03 collected $35.50 from pot
*** SUMMARY ***
Total pot $36 | Rake $0.50
Board [Jh Kd 5d Jc 7s]
Seat 2: kayway6 (big blind) showed [8c Qc] and lost with a pair of Jacks
Seat 3: kolaz03 (button) (small blind) showed [9s Qh] and won ($35.50) with a pair of Jacks


PokerStars Hand #154266231382:  Hold'em Limit ($3/$6 USD) - 2016/06/04 4:46:27 ET
Table 'Leonce' 6-max Seat #2 is the button
Seat 2: kayway6 ($133.45 in chips)
Seat 3: kolaz03 ($108.03 in chips)
kayway6: posts small blind $1
kolaz03: posts big blind $3
*** HOLE CARDS ***
kayway6: raises $3 to $6
kolaz03: calls $3
*** FLOP *** [Qs 7d 8d]
kolaz03: checks
kayway6: bets $3
kolaz03: raises $3 to $6
kayway6: calls $3
*** TURN *** [Qs 7d 8d] [8s]
kolaz03: bets $6
kayway6: calls $6
*** RIVER *** [Qs 7d 8d 8s] [Ac]
kolaz03: checks
kayway6: bets $6
kolaz03: raises $6 to $12
kayway6: folds
Uncalled bet ($6) returned to kolaz03
kolaz03 collected $47.50 from pot
kolaz03: doesn't show hand
*** SUMMARY ***
Total pot $48 | Rake $0.50
Board [Qs 7d 8d 8s Ac]
Seat 2: kayway6 (button) (small blind) folded on the River
Seat 3: kolaz03 (big blind) collected ($47.50)


PokerStars Hand #154266264740:  Hold'em Limit ($3/$6 USD) - 2016/06/04 4:47:59 ET
Table 'Leonce' 6-max Seat #3 is the button
Seat 2: kayway6 ($85.45 in chips)
Seat 3: kolaz03 ($154.79 in chips)
kolaz03: posts small blind $1
kayway6: posts big blind $3
*** HOLE CARDS ***
kolaz03: raises $3 to $6
kayway6: folds
Uncalled bet ($3) returned to kolaz03
kolaz03 collected $6 from pot
kolaz03: doesn't show hand
*** SUMMARY ***
Total pot $6 | Rake $0
Seat 2: kayway6 (big blind) folded before Flop
Seat 3: kolaz03 (button) (small blind) collected ($6)


PokerStars Hand #154266275479:  Hold'em Limit ($3/$6 USD) - 2016/06/04 4:48:29 ET
Table 'Leonce' 6-max Seat #2 is the button
Seat 2: kayway6 ($92.09 in chips)
Seat 3: kolaz03 ($147.79 in chips)
kayway6: posts small blind $1
kolaz03: posts big blind $3
*** HOLE CARDS ***
kayway6: raises $3 to $6
kolaz03: raises $3 to $9
kayway6: calls $3
*** FLOP *** [2d 4c 4h]
kolaz03: bets $3
kayway6: calls $3
*** TURN *** [2d 4c 4h] [7d]
kolaz03: bets $6
kayway6: folds
Uncalled bet ($6) returned to kolaz03
kolaz03 collected $23.52 from pot
kolaz03: doesn't show hand
*** SUMMARY ***
Total pot $24 | Rake $0.48
Board [2d 4c 4h 7d]
Seat 2: kayway6 (button) (small blind) folded on the Turn
Seat 3: kolaz03 (big blind) collected ($23.52)


PokerStars Hand #154266280804:  Hold'em Limit ($3/$6 USD) - 2016/06/04 4:48:43 ET
Table 'Leonce' 6-max Seat #3 is the button
Seat 2: kayway6 ($80.09 in chips)
Seat 3: kolaz03 ($159.31 in chips)
kolaz03: posts small blind $1
kayway6: posts big blind $3
*** HOLE CARDS ***
kolaz03: raises $3 to $6
kayway6: folds
Uncalled bet ($3) returned to kolaz03
kolaz03 collected $6 from pot
kolaz03: doesn't show hand
*** SUMMARY ***
Total pot $6 | Rake $0
Seat 2: kayway6 (big blind) folded before Flop
Seat 3: kolaz03 (button) (small blind) collected ($6)


PokerStars Hand #154266273696:  Hold'em Limit ($3/$6 USD) - 2016/06/04 4:48:24 ET
Table 'Leonce' 6-max Seat #3 is the button
Seat 2: kayway6 ($91.09 in chips)
Seat 3: kolaz03 ($148.79 in chips)
kolaz03: posts small blind $1
kayway6: posts big blind $3
*** HOLE CARDS ***
kolaz03: folds
Uncalled bet ($2) returned to kayway6
kayway6 collected $2 from pot
*** SUMMARY ***
Total pot $2 | Rake $0
Seat 2: kayway6 (big blind) collected ($2)
Seat 3: kolaz03 (button) (small blind) folded before Flop


PokerStars Hand #154266266735:  Hold'em Limit ($3/$6 USD) - 2016/06/04 4:48:05 ET
Table 'Leonce' 6-max Seat #2 is the button
Seat 2: kayway6 ($82.45 in chips)
Seat 3: kolaz03 ($157.79 in chips)
kayway6: posts small blind $1
kolaz03: posts big blind $3
*** HOLE CARDS ***
kayway6: raises $3 to $6
kolaz03: calls $3
*** FLOP *** [Qc Kh 6h]
kolaz03: checks
kayway6: bets $3
kolaz03: calls $3
*** TURN *** [Qc Kh 6h] [9d]
kolaz03: checks
kayway6: bets $6
kolaz03: folds
Uncalled bet ($6) returned to kayway6
kayway6 collected $17.64 from pot
*** SUMMARY ***
Total pot $18 | Rake $0.36
Board [Qc Kh 6h 9d]
Seat 2: kayway6 (button) (small blind) collected ($17.64)
Seat 3: kolaz03 (big blind) folded on the Turn


PokerStars Hand #154266298761:  Hold'em Limit ($3/$6 USD) - 2016/06/04 4:49:32 ET
Table 'Leonce' 6-max Seat #2 is the button
Seat 2: kayway6 ($151.59 in chips)
Seat 3: kolaz03 ($146.81 in chips)
kayway6: posts small blind $1
kolaz03: posts big blind $3
*** HOLE CARDS ***
vitamin168 joins the table at seat #4
kayway6: folds
Uncalled bet ($2) returned to kolaz03
kolaz03 collected $2 from pot
kolaz03: doesn't show hand
*** SUMMARY ***
Total pot $2 | Rake $0
Seat 2: kayway6 (button) (small blind) folded before Flop
Seat 3: kolaz03 (big blind) collected ($2)


PokerStars Hand #154266291789:  Hold'em Limit ($3/$6 USD) - 2016/06/04 4:49:13 ET
Table 'Leonce' 6-max Seat #3 is the button
Seat 2: kayway6 ($175.59 in chips)
Seat 3: kolaz03 ($123.31 in chips)
kolaz03: posts small blind $1
kayway6: posts big blind $3
*** HOLE CARDS ***
kolaz03: raises $3 to $6
kayway6: raises $3 to $9
kolaz03: calls $3
*** FLOP *** [3d 7c 8s]
kayway6: bets $3
kolaz03: calls $3
*** TURN *** [3d 7c 8s] [Td]
kayway6: bets $6
kolaz03: calls $6
*** RIVER *** [3d 7c 8s Td] [3s]
kayway6: checks
kolaz03: bets $6
kayway6: calls $6
*** SHOW DOWN ***
kolaz03: shows [8c Kh] (two pair, Eights and Threes)
kayway6: mucks hand
kolaz03 collected $47.50 from pot
*** SUMMARY ***
Total pot $48 | Rake $0.50
Board [3d 7c 8s Td 3s]
Seat 2: kayway6 (big blind) mucked
Seat 3: kolaz03 (button) (small blind) showed [8c Kh] and won ($47.50) with two pair, Eights and Threes


PokerStars Hand #154266283447:  Hold'em Limit ($3/$6 USD) - 2016/06/04 4:48:50 ET
Table 'Leonce' 6-max Seat #2 is the button
Seat 2: kayway6 ($77.09 in chips)
Seat 3: kolaz03 ($162.31 in chips)
kayway6: posts small blind $1
kolaz03: posts big blind $3
*** HOLE CARDS ***
kayway6: raises $3 to $6
kolaz03: raises $3 to $9
kayway6: raises $3 to $12
Betting is capped
kolaz03: calls $3
*** FLOP *** [3d 9c Kc]
kolaz03: checks
kayway6: bets $3
kolaz03: calls $3
*** TURN *** [3d 9c Kc] [9h]
kolaz03: checks
kayway6: bets $6
kolaz03: raises $6 to $12
kayway6: raises $6 to $18
kolaz03: calls $6
*** RIVER *** [3d 9c Kc 9h] [5s]
kolaz03: checks
kayway6: bets $6
kolaz03: calls $6
*** SHOW DOWN ***
kayway6: shows [Jd 9d] (three of a kind, Nines)
kolaz03: mucks hand
kayway6 collected $77.50 from pot
*** SUMMARY ***
Total pot $78 | Rake $0.50
Board [3d 9c Kc 9h 5s]
Seat 2: kayway6 (button) (small blind) showed [Jd 9d] and won ($77.50) with three of a kind, Nines
Seat 3: kolaz03 (big blind) mucked


PokerStars Hand #154266385736:  Hold'em Limit ($3/$6 USD) - 2016/06/04 4:53:28 ET
Table 'Leonce' 6-max Seat #2 is the button
Seat 2: kayway6 ($153.36 in chips)
Seat 3: kolaz03 ($175.47 in chips)
kayway6: posts small blind $1
kolaz03: posts big blind $3
*** HOLE CARDS ***
kayway6: raises $3 to $6
kolaz03: calls $3
*** FLOP *** [3s 4c Kd]
kolaz03: checks
kayway6: bets $3
kolaz03: calls $3
*** TURN *** [3s 4c Kd] [8c]
kolaz03: checks
kayway6: checks
*** RIVER *** [3s 4c Kd 8c] [Jh]
kolaz03: checks
kayway6: bets $6
kolaz03: calls $6
*** SHOW DOWN ***
kayway6: shows [9c Js] (a pair of Jacks)
kolaz03: mucks hand
kayway6 collected $29.50 from pot
*** SUMMARY ***
Total pot $30 | Rake $0.50
Board [3s 4c Kd 8c Jh]
Seat 2: kayway6 (button) (small blind) showed [9c Js] and won ($29.50) with a pair of Jacks
Seat 3: kolaz03 (big blind) mucked


PokerStars Hand #154266379561:  Hold'em Limit ($3/$6 USD) - 2016/06/04 4:53:11 ET
Table 'Leonce' 6-max Seat #3 is the button
Seat 2: kayway6 ($144.72 in chips)
Seat 3: kolaz03 ($184.47 in chips)
kolaz03: posts small blind $1
kayway6: posts big blind $3
*** HOLE CARDS ***
kolaz03: raises $3 to $6
kayway6: raises $3 to $9
kolaz03: calls $3
*** FLOP *** [Kc 5c 3s]
kayway6: bets $3
kolaz03: folds
Uncalled bet ($3) returned to kayway6
kayway6 collected $17.64 from pot
*** SUMMARY ***
Total pot $18 | Rake $0.36
Board [Kc 5c 3s]
Seat 2: kayway6 (big blind) collected ($17.64)
Seat 3: kolaz03 (button) (small blind) folded on the Flop


PokerStars Hand #154266395446:  Hold'em Limit ($3/$6 USD) - 2016/06/04 4:53:54 ET
Table 'Leonce' 6-max Seat #2 is the button
Seat 2: kayway6 ($168.86 in chips)
Seat 3: kolaz03 ($159.47 in chips)
kayway6: posts small blind $1
kolaz03: posts big blind $3
*** HOLE CARDS ***
kayway6: raises $3 to $6
kolaz03: folds
Uncalled bet ($3) returned to kayway6
kayway6 collected $6 from pot
*** SUMMARY ***
Total pot $6 | Rake $0
Seat 2: kayway6 (button) (small blind) collected ($6)
Seat 3: kolaz03 (big blind) folded before Flop


PokerStars Hand #154266392818:  Hold'em Limit ($3/$6 USD) - 2016/06/04 4:53:47 ET
Table 'Leonce' 6-max Seat #3 is the button
Seat 2: kayway6 ($167.86 in chips)
Seat 3: kolaz03 ($160.47 in chips)
kolaz03: posts small blind $1
kayway6: posts big blind $3
*** HOLE CARDS ***
kolaz03: folds
Uncalled bet ($2) returned to kayway6
kayway6 collected $2 from pot
*** SUMMARY ***
Total pot $2 | Rake $0
Seat 2: kayway6 (big blind) collected ($2)
Seat 3: kolaz03 (button) (small blind) folded before Flop


PokerStars Hand #154266399102:  Hold'em Limit ($3/$6 USD) - 2016/06/04 4:54:04 ET
Table 'Leonce' 6-max Seat #3 is the button
Seat 2: kayway6 ($171.86 in chips)
Seat 3: kolaz03 ($156.47 in chips)
kolaz03: posts small blind $1
kayway6: posts big blind $3
*** HOLE CARDS ***
kolaz03: raises $3 to $6
treeleaves27 joins the table at seat #5
kayway6: calls $3
*** FLOP *** [6d 5h 3d]
kayway6: checks
kolaz03: bets $3
kayway6: raises $3 to $6
kolaz03: calls $3
*** TURN *** [6d 5h 3d] [Js]
kayway6: bets $6
kolaz03: calls $6
*** RIVER *** [6d 5h 3d Js] [3c]
kayway6: bets $6
kolaz03: calls $6
*** SHOW DOWN ***
kayway6: shows [4s 5s] (two pair, Fives and Threes)
kolaz03: mucks hand
kayway6 collected $47.50 from pot
*** SUMMARY ***
Total pot $48 | Rake $0.50
Board [6d 5h 3d Js 3c]
Seat 2: kayway6 (big blind) showed [4s 5s] and won ($47.50) with two pair, Fives and Threes
Seat 3: kolaz03 (button) (small blind) mucked


PokerStars Hand #154266414568:  Hold'em Limit ($3/$6 USD) - 2016/06/04 4:54:46 ET
Table 'Leonce' 6-max Seat #2 is the button
Seat 2: kayway6 ($195.36 in chips)
Seat 3: kolaz03 ($132.47 in chips)
kayway6: posts small blind $1
kolaz03: posts big blind $3
*** HOLE CARDS ***
kayway6: calls $2
kolaz03: raises $3 to $6
kayway6: calls $3
*** FLOP *** [4h Js 7c]
kolaz03: bets $3
kayway6: calls $3
*** TURN *** [4h Js 7c] [2s]
kolaz03: bets $6
kayway6: folds
Uncalled bet ($6) returned to kolaz03
kolaz03 collected $17.64 from pot
kolaz03: doesn't show hand
*** SUMMARY ***
Total pot $18 | Rake $0.36
Board [4h Js 7c 2s]
Seat 2: kayway6 (button) (small blind) folded on the Turn
Seat 3: kolaz03 (big blind) collected ($17.64)


PokerStars Hand #154267343713:  Hold'em Limit ($3/$6 USD) - 2016/06/04 5:34:04 ET
Table 'Leonce' 6-max Seat #2 is the button
Seat 2: kayway6 ($225.30 in chips)
Seat 3: kolaz03 ($306.67 in chips)
kayway6: posts small blind $1
kolaz03: posts big blind $3
*** HOLE CARDS ***
kayway6: folds
Uncalled bet ($2) returned to kolaz03
kolaz03 collected $2 from pot
kolaz03: doesn't show hand
*** SUMMARY ***
Total pot $2 | Rake $0
Seat 2: kayway6 (button) (small blind) folded before Flop
Seat 3: kolaz03 (big blind) collected ($2)


PokerStars Hand #154267341140:  Hold'em Limit ($3/$6 USD) - 2016/06/04 5:33:57 ET
Table 'Leonce' 6-max Seat #3 is the button
Seat 2: kayway6 ($224.30 in chips)
Seat 3: kolaz03 ($307.67 in chips)
kolaz03: posts small blind $1
Garuda Black: is sitting out
kayway6: posts big blind $3
*** HOLE CARDS ***
Garuda Black leaves the table
kolaz03: folds
Uncalled bet ($2) returned to kayway6
kayway6 collected $2 from pot
*** SUMMARY ***
Total pot $2 | Rake $0
Seat 2: kayway6 (big blind) collected ($2)
Seat 3: kolaz03 (button) (small blind) folded before Flop


PokerStars Hand #154267355183:  Hold'em Limit ($3/$6 USD) - 2016/06/04 5:34:31 ET
Table 'Leonce' 6-max Seat #2 is the button
Seat 2: kayway6 ($232.94 in chips)
Seat 3: kolaz03 ($298.67 in chips)
kayway6: posts small blind $1
kolaz03: posts big blind $3
*** HOLE CARDS ***
kayway6: folds
Uncalled bet ($2) returned to kolaz03
kolaz03 collected $2 from pot
kolaz03: doesn't show hand
*** SUMMARY ***
Total pot $2 | Rake $0
Seat 2: kayway6 (button) (small blind) folded before Flop
Seat 3: kolaz03 (big blind) collected ($2)


PokerStars Hand #154267350605:  Hold'em Limit ($3/$6 USD) - 2016/06/04 5:34:20 ET
Table 'Leonce' 6-max Seat #3 is the button
Seat 2: kayway6 ($224.30 in chips)
Seat 3: kolaz03 ($307.67 in chips)
kolaz03: posts small blind $1
kayway6: posts big blind $3
*** HOLE CARDS ***
kolaz03: raises $3 to $6
kayway6: raises $3 to $9
kolaz03: calls $3
*** FLOP *** [7c Ah Th]
kayway6: bets $3
kolaz03: folds
Uncalled bet ($3) returned to kayway6
kayway6 collected $17.64 from pot
*** SUMMARY ***
Total pot $18 | Rake $0.36
Board [7c Ah Th]
Seat 2: kayway6 (big blind) collected ($17.64)
Seat 3: kolaz03 (button) (small blind) folded on the Flop


PokerStars Hand #154267348234:  Hold'em Limit ($3/$6 USD) - 2016/06/04 5:34:14 ET
Table 'Leonce' 6-max Seat #2 is the button
Seat 2: kayway6 ($225.30 in chips)
Seat 3: kolaz03 ($306.67 in chips)
kayway6: posts small blind $1
kolaz03: posts big blind $3
*** HOLE CARDS ***
kayway6: folds
Uncalled bet ($2) returned to kolaz03
kolaz03 collected $2 from pot
kolaz03: doesn't show hand
*** SUMMARY ***
Total pot $2 | Rake $0
Seat 2: kayway6 (button) (small blind) folded before Flop
Seat 3: kolaz03 (big blind) collected ($2)


PokerStars Hand #154267346167:  Hold'em Limit ($3/$6 USD) - 2016/06/04 5:34:09 ET
Table 'Leonce' 6-max Seat #3 is the button
Seat 2: kayway6 ($224.30 in chips)
Seat 3: kolaz03 ($307.67 in chips)
kolaz03: posts small blind $1
kayway6: posts big blind $3
*** HOLE CARDS ***
kolaz03: folds
Uncalled bet ($2) returned to kayway6
kayway6 collected $2 from pot
*** SUMMARY ***
Total pot $2 | Rake $0
Seat 2: kayway6 (big blind) collected ($2)
Seat 3: kolaz03 (button) (small blind) folded before Flop


PokerStars Hand #154267357565:  Hold'em Limit ($3/$6 USD) - 2016/06/04 5:34:37 ET
Table 'Leonce' 6-max Seat #3 is the button
Seat 2: kayway6 ($231.94 in chips)
Seat 3: kolaz03 ($299.67 in chips)
kolaz03: posts small blind $1
kayway6: posts big blind $3
*** HOLE CARDS ***
kolaz03: folds
Uncalled bet ($2) returned to kayway6
kayway6 collected $2 from pot
*** SUMMARY ***
Total pot $2 | Rake $0
Seat 2: kayway6 (big blind) collected ($2)
Seat 3: kolaz03 (button) (small blind) folded before Flop


PokerStars Hand #154267359803:  Hold'em Limit ($3/$6 USD) - 2016/06/04 5:34:42 ET
Table 'Leonce' 6-max Seat #2 is the button
Seat 2: kayway6 ($232.94 in chips)
Seat 3: kolaz03 ($298.67 in chips)
kayway6: posts small blind $1
kolaz03: posts big blind $3
*** HOLE CARDS ***
kayway6: raises $3 to $6
kolaz03: calls $3
*** FLOP *** [Jc 2s 8d]
kolaz03: checks
kayway6: bets $3
kolaz03: raises $3 to $6
kayway6: calls $3
*** TURN *** [Jc 2s 8d] [7c]
kolaz03: bets $6
kayway6: calls $6
*** RIVER *** [Jc 2s 8d 7c] [Tc]
kolaz03: checks
kayway6: checks
*** SHOW DOWN ***
kolaz03: shows [8h Qs] (a pair of Eights)
kayway6: mucks hand
kolaz03 collected $35.50 from pot
*** SUMMARY ***
Total pot $36 | Rake $0.50
Board [Jc 2s 8d 7c Tc]
Seat 2: kayway6 (button) (small blind) mucked
Seat 3: kolaz03 (big blind) showed [8h Qs] and won ($35.50) with a pair of Eights


PokerStars Hand #154267390046:  Hold'em Limit ($3/$6 USD) - 2016/06/04 5:35:56 ET
Table 'Leonce' 6-max Seat #3 is the button
Seat 2: kayway6 ($229.34 in chips)
Seat 3: kolaz03 ($301.17 in chips)
kolaz03: posts small blind $1
kayway6: posts big blind $3
*** HOLE CARDS ***
kolaz03: folds
Uncalled bet ($2) returned to kayway6
kayway6 collected $2 from pot
*** SUMMARY ***
Total pot $2 | Rake $0
Seat 2: kayway6 (big blind) collected ($2)
Seat 3: kolaz03 (button) (small blind) folded before Flop


PokerStars Hand #154267376579:  Hold'em Limit ($3/$6 USD) - 2016/06/04 5:35:23 ET
Table 'Leonce' 6-max Seat #2 is the button
Seat 2: kayway6 ($211.94 in chips)
Seat 3: kolaz03 ($319.17 in chips)
kayway6: posts small blind $1
kolaz03: posts big blind $3
*** HOLE CARDS ***
kayway6: raises $3 to $6
kolaz03: folds
Uncalled bet ($3) returned to kayway6
kayway6 collected $6 from pot
*** SUMMARY ***
Total pot $6 | Rake $0
Seat 2: kayway6 (button) (small blind) collected ($6)
Seat 3: kolaz03 (big blind) folded before Flop


PokerStars Hand #154267374759:  Hold'em Limit ($3/$6 USD) - 2016/06/04 5:35:19 ET
Table 'Leonce' 6-max Seat #3 is the button
Seat 2: kayway6 ($210.94 in chips)
Seat 3: kolaz03 ($320.17 in chips)
kolaz03: posts small blind $1
kayway6: posts big blind $3
*** HOLE CARDS ***
kolaz03: folds
Uncalled bet ($2) returned to kayway6
kayway6 collected $2 from pot
*** SUMMARY ***
Total pot $2 | Rake $0
Seat 2: kayway6 (big blind) collected ($2)
Seat 3: kolaz03 (button) (small blind) folded before Flop


PokerStars Hand #154267372398:  Hold'em Limit ($3/$6 USD) - 2016/06/04 5:35:13 ET
Table 'Leonce' 6-max Seat #2 is the button
Seat 2: kayway6 ($211.94 in chips)
Seat 3: kolaz03 ($319.17 in chips)
kayway6: posts small blind $1
kolaz03: posts big blind $3
*** HOLE CARDS ***
kayway6: folds
Uncalled bet ($2) returned to kolaz03
kolaz03 collected $2 from pot
kolaz03: doesn't show hand
*** SUMMARY ***
Total pot $2 | Rake $0
Seat 2: kayway6 (button) (small blind) folded before Flop
Seat 3: kolaz03 (big blind) collected ($2)


PokerStars Hand #154267369141:  Hold'em Limit ($3/$6 USD) - 2016/06/04 5:35:05 ET
Table 'Leonce' 6-max Seat #3 is the button
Seat 2: kayway6 ($214.94 in chips)
Seat 3: kolaz03 ($316.17 in chips)
kolaz03: posts small blind $1
kayway6: posts big blind $3
*** HOLE CARDS ***
kolaz03: raises $3 to $6
kayway6: folds
Uncalled bet ($3) returned to kolaz03
kolaz03 collected $6 from pot
kolaz03: doesn't show hand
*** SUMMARY ***
Total pot $6 | Rake $0
Seat 2: kayway6 (big blind) folded before Flop
Seat 3: kolaz03 (button) (small blind) collected ($6)


PokerStars Hand #154267379316:  Hold'em Limit ($3/$6 USD) - 2016/06/04 5:35:30 ET
Table 'Leonce' 6-max Seat #3 is the button
Seat 2: kayway6 ($214.94 in chips)
Seat 3: kolaz03 ($316.17 in chips)
kolaz03: posts small blind $1
kayway6: posts big blind $3
*** HOLE CARDS ***
kolaz03: raises $3 to $6
kayway6: raises $3 to $9
kolaz03: calls $3
*** FLOP *** [4c 2d 2c]
kayway6: bets $3
kolaz03: folds
Uncalled bet ($3) returned to kayway6
kayway6 collected $17.64 from pot
*** SUMMARY ***
Total pot $18 | Rake $0.36
Board [4c 2d 2c]
Seat 2: kayway6 (big blind) collected ($17.64)
Seat 3: kolaz03 (button) (small blind) folded on the Flop


PokerStars Hand #154267391979:  Hold'em Limit ($3/$6 USD) - 2016/06/04 5:36:00 ET
Table 'Leonce' 6-max Seat #2 is the button
Seat 2: kayway6 ($230.34 in chips)
Seat 3: kolaz03 ($300.17 in chips)
kayway6: posts small blind $1
kolaz03: posts big blind $3
*** HOLE CARDS ***
kayway6: raises $3 to $6
kolaz03: calls $3
*** FLOP *** [Kc 5s 8c]
kolaz03: checks
kayway6: checks
*** TURN *** [Kc 5s 8c] [Ad]
kolaz03: checks
kayway6: checks
*** RIVER *** [Kc 5s 8c Ad] [3d]
kolaz03: bets $6
kayway6: folds
Uncalled bet ($6) returned to kolaz03
kolaz03 collected $11.76 from pot
kolaz03: doesn't show hand
*** SUMMARY ***
Total pot $12 | Rake $0.24
Board [Kc 5s 8c Ad 3d]
Seat 2: kayway6 (button) (small blind) folded on the River
Seat 3: kolaz03 (big blind) collected ($11.76)


PokerStars Hand #154267408397:  Hold'em Limit ($3/$6 USD) - 2016/06/04 5:36:40 ET
Table 'Leonce' 6-max Seat #2 is the button
Seat 2: kayway6 ($221.10 in chips)
Seat 3: kolaz03 ($308.69 in chips)
kayway6: posts small blind $1
kolaz03: posts big blind $3
*** HOLE CARDS ***
kayway6: folds
Uncalled bet ($2) returned to kolaz03
kolaz03 collected $2 from pot
kolaz03: doesn't show hand
*** SUMMARY ***
Total pot $2 | Rake $0
Seat 2: kayway6 (button) (small blind) folded before Flop
Seat 3: kolaz03 (big blind) collected ($2)


PokerStars Hand #154267403734:  Hold'em Limit ($3/$6 USD) - 2016/06/04 5:36:29 ET
Table 'Leonce' 6-max Seat #3 is the button
Seat 2: kayway6 ($227.10 in chips)
Seat 3: kolaz03 ($302.93 in chips)
kolaz03: posts small blind $1
kayway6: posts big blind $3
*** HOLE CARDS ***
kolaz03: raises $3 to $6
kayway6: calls $3
*** FLOP *** [Td Ad 3d]
kayway6: checks
kolaz03: bets $3
kayway6: folds
Uncalled bet ($3) returned to kolaz03
kolaz03 collected $11.76 from pot
kolaz03: doesn't show hand
*** SUMMARY ***
Total pot $12 | Rake $0.24
Board [Td Ad 3d]
Seat 2: kayway6 (big blind) folded on the Flop
Seat 3: kolaz03 (button) (small blind) collected ($11.76)


PokerStars Hand #154267400625:  Hold'em Limit ($3/$6 USD) - 2016/06/04 5:36:21 ET
Table 'Leonce' 6-max Seat #2 is the button
Seat 2: kayway6 ($221.34 in chips)
Seat 3: kolaz03 ($308.93 in chips)
kayway6: posts small blind $1
kolaz03: posts big blind $3
*** HOLE CARDS ***
kayway6: raises $3 to $6
kolaz03: calls $3
*** FLOP *** [Qh Ac Th]
kolaz03: checks
kayway6: bets $3
kolaz03: folds
Uncalled bet ($3) returned to kayway6
kayway6 collected $11.76 from pot
*** SUMMARY ***
Total pot $12 | Rake $0.24
Board [Qh Ac Th]
Seat 2: kayway6 (button) (small blind) collected ($11.76)
Seat 3: kolaz03 (big blind) folded on the Flop


PokerStars Hand #154267398391:  Hold'em Limit ($3/$6 USD) - 2016/06/04 5:36:16 ET
Table 'Leonce' 6-max Seat #3 is the button
Seat 2: kayway6 ($224.34 in chips)
Seat 3: kolaz03 ($305.93 in chips)
kolaz03: posts small blind $1
kayway6: posts big blind $3
*** HOLE CARDS ***
kolaz03: raises $3 to $6
kayway6: folds
Uncalled bet ($3) returned to kolaz03
kolaz03 collected $6 from pot
kolaz03: doesn't show hand
*** SUMMARY ***
Total pot $6 | Rake $0
Seat 2: kayway6 (big blind) folded before Flop
Seat 3: kolaz03 (button) (small blind) collected ($6)


PokerStars Hand #154267410361:  Hold'em Limit ($3/$6 USD) - 2016/06/04 5:36:45 ET
Table 'Leonce' 6-max Seat #3 is the button
Seat 2: kayway6 ($220.10 in chips)
Seat 3: kolaz03 ($309.69 in chips)
kolaz03: posts small blind $1
kayway6: posts big blind $3
*** HOLE CARDS ***
kolaz03: raises $3 to $6
kayway6: folds
Uncalled bet ($3) returned to kolaz03
kolaz03 collected $6 from pot
kolaz03: doesn't show hand
*** SUMMARY ***
Total pot $6 | Rake $0
Seat 2: kayway6 (big blind) folded before Flop
Seat 3: kolaz03 (button) (small blind) collected ($6)


PokerStars Hand #154267422900:  Hold'em Limit ($3/$6 USD) - 2016/06/04 5:37:15 ET
Table 'Leonce' 6-max Seat #3 is the button
Seat 2: kayway6 ($222.86 in chips)
Seat 3: kolaz03 ($306.69 in chips)
kolaz03: posts small blind $1
kayway6: posts big blind $3
*** HOLE CARDS ***
kolaz03: raises $3 to $6
kayway6: raises $3 to $9
kolaz03: calls $3
*** FLOP *** [4h 6d 5c]
kayway6: bets $3
kolaz03: calls $3
*** TURN *** [4h 6d 5c] [4c]
kayway6: bets $6
kolaz03: raises $6 to $12
kayway6: calls $6
*** RIVER *** [4h 6d 5c 4c] [3d]
kayway6: checks
kolaz03: bets $6
kayway6: calls $6
*** SHOW DOWN ***
kolaz03: shows [8c 8s] (two pair, Eights and Fours)
kayway6: mucks hand
kolaz03 collected $59.50 from pot
*** SUMMARY ***
Total pot $60 | Rake $0.50
Board [4h 6d 5c 4c 3d]
Seat 2: kayway6 (big blind) mucked
Seat 3: kolaz03 (button) (small blind) showed [8c 8s] and won ($59.50) with two pair, Eights and Fours


PokerStars Hand #154267417539:  Hold'em Limit ($3/$6 USD) - 2016/06/04 5:37:03 ET
Table 'Leonce' 6-max Seat #2 is the button
Seat 2: kayway6 ($217.10 in chips)
Seat 3: kolaz03 ($312.69 in chips)
kayway6: posts small blind $1
kolaz03: posts big blind $3
*** HOLE CARDS ***
kayway6: raises $3 to $6
kolaz03: calls $3
*** FLOP *** [Qd 8s 7c]
kolaz03: checks
kayway6: bets $3
kolaz03: folds
Uncalled bet ($3) returned to kayway6
kayway6 collected $11.76 from pot
*** SUMMARY ***
Total pot $12 | Rake $0.24
Board [Qd 8s 7c]
Seat 2: kayway6 (button) (small blind) collected ($11.76)
Seat 3: kolaz03 (big blind) folded on the Flop


PokerStars Hand #154267432876:  Hold'em Limit ($3/$6 USD) - 2016/06/04 5:37:40 ET
Table 'Leonce' 6-max Seat #2 is the button
Seat 2: kayway6 ($192.86 in chips)
Seat 3: kolaz03 ($336.19 in chips)
kayway6: posts small blind $1
kolaz03: posts big blind $3
*** HOLE CARDS ***
kayway6: folds
Uncalled bet ($2) returned to kolaz03
kolaz03 collected $2 from pot
kolaz03: doesn't show hand
*** SUMMARY ***
Total pot $2 | Rake $0
Seat 2: kayway6 (button) (small blind) folded before Flop
Seat 3: kolaz03 (big blind) collected ($2)


PokerStars Hand #154267464588:  Hold'em Limit ($3/$6 USD) - 2016/06/04 5:38:56 ET
Table 'Leonce' 6-max Seat #2 is the button
Seat 2: kayway6 ($180.50 in chips)
Seat 3: kolaz03 ($347.45 in chips)
kayway6: posts small blind $1
kolaz03: posts big blind $3
*** HOLE CARDS ***
kayway6: folds
Uncalled bet ($2) returned to kolaz03
kolaz03 collected $2 from pot
kolaz03: doesn't show hand
*** SUMMARY ***
Total pot $2 | Rake $0
Seat 2: kayway6 (button) (small blind) folded before Flop
Seat 3: kolaz03 (big blind) collected ($2)


PokerStars Hand #154267447718:  Hold'em Limit ($3/$6 USD) - 2016/06/04 5:38:15 ET
Table 'Leonce' 6-max Seat #2 is the button
Seat 2: kayway6 ($204.50 in chips)
Seat 3: kolaz03 ($324.19 in chips)
kayway6: posts small blind $1
kolaz03: posts big blind $3
*** HOLE CARDS ***
kayway6: calls $2
kolaz03: raises $3 to $6
kayway6: calls $3
*** FLOP *** [2h Ah Ts]
kolaz03: bets $3
kayway6: folds
Uncalled bet ($3) returned to kolaz03
kolaz03 collected $11.76 from pot
kolaz03: doesn't show hand
*** SUMMARY ***
Total pot $12 | Rake $0.24
Board [2h Ah Ts]
Seat 2: kayway6 (button) (small blind) folded on the Flop
Seat 3: kolaz03 (big blind) collected ($11.76)


PokerStars Hand #154267452309:  Hold'em Limit ($3/$6 USD) - 2016/06/04 5:38:26 ET
Table 'Leonce' 6-max Seat #3 is the button
Seat 2: kayway6 ($198.50 in chips)
Seat 3: kolaz03 ($329.95 in chips)
kolaz03: posts small blind $1
kayway6: posts big blind $3
*** HOLE CARDS ***
kolaz03: raises $3 to $6
kayway6: raises $3 to $9
kolaz03: calls $3
*** FLOP *** [9s 6c Qc]
kayway6: bets $3
kolaz03: calls $3
*** TURN *** [9s 6c Qc] [2c]
kayway6: bets $6
kolaz03: calls $6
*** RIVER *** [9s 6c Qc 2c] [Jd]
kayway6: checks
kolaz03: checks
*** SHOW DOWN ***
kayway6: shows [5d Td] (high card Queen)
kolaz03: shows [As 4c] (high card Ace)
kolaz03 collected $35.50 from pot
*** SUMMARY ***
Total pot $36 | Rake $0.50
Board [9s 6c Qc 2c Jd]
Seat 2: kayway6 (big blind) showed [5d Td] and lost with high card Queen
Seat 3: kolaz03 (button) (small blind) showed [As 4c] and won ($35.50) with high card Ace


PokerStars Hand #154267445801:  Hold'em Limit ($3/$6 USD) - 2016/06/04 5:38:11 ET
Table 'Leonce' 6-max Seat #3 is the button
Seat 2: kayway6 ($203.50 in chips)
Seat 3: kolaz03 ($325.19 in chips)
kolaz03: posts small blind $1
kayway6: posts big blind $3
*** HOLE CARDS ***
kolaz03: folds
Uncalled bet ($2) returned to kayway6
kayway6 collected $2 from pot
*** SUMMARY ***
Total pot $2 | Rake $0
Seat 2: kayway6 (big blind) collected ($2)
Seat 3: kolaz03 (button) (small blind) folded before Flop


PokerStars Hand #154267441854:  Hold'em Limit ($3/$6 USD) - 2016/06/04 5:38:01 ET
Table 'Leonce' 6-max Seat #2 is the button
Seat 2: kayway6 ($200.50 in chips)
Seat 3: kolaz03 ($328.19 in chips)
kayway6: posts small blind $1
kolaz03: posts big blind $3
*** HOLE CARDS ***
kayway6: raises $3 to $6
kolaz03: folds
Uncalled bet ($3) returned to kayway6
kayway6 collected $6 from pot
*** SUMMARY ***
Total pot $6 | Rake $0
Seat 2: kayway6 (button) (small blind) collected ($6)
Seat 3: kolaz03 (big blind) folded before Flop


PokerStars Hand #154267466603:  Hold'em Limit ($3/$6 USD) - 2016/06/04 5:39:01 ET
Table 'Leonce' 6-max Seat #3 is the button
Seat 2: kayway6 ($179.50 in chips)
Seat 3: kolaz03 ($348.45 in chips)
kolaz03: posts small blind $1
kayway6: posts big blind $3
*** HOLE CARDS ***
kolaz03: raises $3 to $6
kayway6: raises $3 to $9
kolaz03: calls $3
*** FLOP *** [7h Td 2c]
kayway6: bets $3
kolaz03: calls $3
*** TURN *** [7h Td 2c] [8c]
kayway6: bets $6
kolaz03: calls $6
*** RIVER *** [7h Td 2c 8c] [6s]
kayway6: bets $6
kolaz03: calls $6
*** SHOW DOWN ***
kayway6: shows [7s Ts] (two pair, Tens and Sevens)
kolaz03: mucks hand
kayway6 collected $47.50 from pot
*** SUMMARY ***
Total pot $48 | Rake $0.50
Board [7h Td 2c 8c 6s]
Seat 2: kayway6 (big blind) showed [7s Ts] and won ($47.50) with two pair, Tens and Sevens
Seat 3: kolaz03 (button) (small blind) mucked


PokerStars Hand #154267489098:  Hold'em Limit ($3/$6 USD) - 2016/06/04 5:39:56 ET
Table 'Leonce' 6-max Seat #2 is the button
Seat 2: kayway6 ($259 in chips)
Seat 3: kolaz03 ($267.45 in chips)
kayway6: posts small blind $1
kolaz03: posts big blind $3
*** HOLE CARDS ***
kayway6: folds
Uncalled bet ($2) returned to kolaz03
kolaz03 collected $2 from pot
kolaz03: doesn't show hand
*** SUMMARY ***
Total pot $2 | Rake $0
Seat 2: kayway6 (button) (small blind) folded before Flop
Seat 3: kolaz03 (big blind) collected ($2)


PokerStars Hand #154267481784:  Hold'em Limit ($3/$6 USD) - 2016/06/04 5:39:38 ET
Table 'Leonce' 6-max Seat #3 is the button
Seat 2: kayway6 ($229.50 in chips)
Seat 3: kolaz03 ($297.45 in chips)
kolaz03: posts small blind $1
kayway6: posts big blind $3
*** HOLE CARDS ***
kolaz03: raises $3 to $6
kayway6: raises $3 to $9
kolaz03: calls $3
*** FLOP *** [7h 9h 5c]
kayway6: bets $3
kolaz03: calls $3
*** TURN *** [7h 9h 5c] [6h]
kayway6: checks
kolaz03: bets $6
kayway6: raises $6 to $12
ChawkDee joins the table at seat #4
kolaz03: calls $6
*** RIVER *** [7h 9h 5c 6h] [8s]
kayway6: bets $6
kolaz03: calls $6
*** SHOW DOWN ***
kayway6: shows [Th Jh] (a flush, Jack high)
kolaz03: mucks hand
kayway6 collected $59.50 from pot
*** SUMMARY ***
Total pot $60 | Rake $0.50
Board [7h 9h 5c 6h 8s]
Seat 2: kayway6 (big blind) showed [Th Jh] and won ($59.50) with a flush, Jack high
Seat 3: kolaz03 (button) (small blind) mucked


PokerStars Hand #154267537601:  Hold'em Limit ($3/$6 USD) - 2016/06/04 5:41:53 ET
Table 'Leonce' 6-max Seat #2 is the button
Seat 2: kayway6 ($284.14 in chips)
Seat 4: ChawkDee ($100 in chips)
kayway6: posts small blind $1
kolaz03: is sitting out
ChawkDee: posts big blind $3
*** HOLE CARDS ***
kayway6: raises $3 to $6
kolaz03 leaves the table
ChawkDee: calls $3
*** FLOP *** [Js Ks Kh]
ChawkDee: checks
kayway6: bets $3
ChawkDee: folds
Uncalled bet ($3) returned to kayway6
kayway6 collected $11.76 from pot
*** SUMMARY ***
Total pot $12 | Rake $0.24
Board [Js Ks Kh]
Seat 2: kayway6 (button) (small blind) collected ($11.76)
Seat 4: ChawkDee (big blind) folded on the Flop


PokerStars Hand #154267543809:  Hold'em Limit ($3/$6 USD) - 2016/06/04 5:42:08 ET
Table 'Leonce' 6-max Seat #4 is the button
Seat 2: kayway6 ($289.90 in chips)
Seat 4: ChawkDee ($94 in chips)
ChawkDee: posts small blind $1
kayway6: posts big blind $3
*** HOLE CARDS ***
ChawkDee: folds
Uncalled bet ($2) returned to kayway6
kayway6 collected $2 from pot
*** SUMMARY ***
Total pot $2 | Rake $0
Seat 2: kayway6 (big blind) collected ($2)
Seat 4: ChawkDee (button) (small blind) folded before Flop


