PokerStars Hand #172584729010:  Hold'em Limit ($3/$6 USD) - 2017/07/04 3:24:51 ET
Table 'Leonora' 10-max Seat #10 is the button
Seat 9: asino222 ($47.74 in chips)
Seat 10: Agrotait ($72 in chips)
Agrotait: posts small blind $1
asino222: posts big blind $3
*** HOLE CARDS ***
Agrotait: folds
Uncalled bet ($2) returned to asino222
asino222 collected $2 from pot
asino222: doesn't show hand
*** SUMMARY ***
Total pot $2 | Rake $0
Seat 9: asino222 (big blind) collected ($2)
Seat 10: Agrotait (button) (small blind) folded before Flop


PokerStars Hand #172584742494:  Hold'em Limit ($3/$6 USD) - 2017/07/04 3:25:45 ET
Table 'Leonora' 10-max Seat #10 is the button
Seat 9: asino222 ($24.74 in chips)
Seat 10: Agrotait ($94.50 in chips)
Agrotait: posts small blind $1
asino222: posts big blind $3
*** HOLE CARDS ***
Agrotait: raises $3 to $6
asino222: calls $3
*** FLOP *** [Td 8d 6d]
asino222: checks
Agrotait: checks
*** TURN *** [Td 8d 6d] [Kh]
asino222: checks
Agrotait: bets $6
asino222: calls $6
*** RIVER *** [Td 8d 6d Kh] [Qs]
asino222: checks
Agrotait: checks
*** SHOW DOWN ***
asino222: shows [Ac 3d] (high card Ace)
Agrotait: shows [8c 7s] (a pair of Eights)
Agrotait collected $23.52 from pot
*** SUMMARY ***
Total pot $24 | Rake $0.48
Board [Td 8d 6d Kh Qs]
Seat 9: asino222 (big blind) showed [Ac 3d] and lost with high card Ace
Seat 10: Agrotait (button) (small blind) showed [8c 7s] and won ($23.52) with a pair of Eights


PokerStars Hand #172584755569:  Hold'em Limit ($3/$6 USD) - 2017/07/04 3:26:35 ET
Table 'Leonora' 10-max Seat #10 is the button
Seat 9: asino222 ($24.98 in chips)
Seat 10: Agrotait ($93.28 in chips)
Agrotait: posts small blind $1
asino222: posts big blind $3
*** HOLE CARDS ***
Agrotait: raises $3 to $6
asino222: folds
Uncalled bet ($3) returned to Agrotait
Agrotait collected $6 from pot
Agrotait: doesn't show hand
*** SUMMARY ***
Total pot $6 | Rake $0
Seat 9: asino222 (big blind) folded before Flop
Seat 10: Agrotait (button) (small blind) collected ($6)


PokerStars Hand #172584749425:  Hold'em Limit ($3/$6 USD) - 2017/07/04 3:26:11 ET
Table 'Leonora' 10-max Seat #9 is the button
Seat 9: asino222 ($12.74 in chips)
Seat 10: Agrotait ($106.02 in chips)
asino222: posts small blind $1
Agrotait: posts big blind $3
*** HOLE CARDS ***
asino222: raises $3 to $6
Agrotait: calls $3
*** FLOP *** [Kc 5h 8c]
Agrotait: checks
asino222: bets $3
Agrotait: calls $3
*** TURN *** [Kc 5h 8c] [6s]
Agrotait: checks
asino222: bets $3.74 and is all-in
Agrotait: calls $3.74
*** RIVER *** [Kc 5h 8c 6s] [2c]
*** SHOW DOWN ***
Agrotait: shows [9h Qc] (high card King)
asino222: shows [4d Ad] (high card Ace)
asino222 collected $24.98 from pot
*** SUMMARY ***
Total pot $25.48 | Rake $0.50
Board [Kc 5h 8c 6s 2c]
Seat 9: asino222 (button) (small blind) showed [4d Ad] and won ($24.98) with high card Ace
Seat 10: Agrotait (big blind) showed [9h Qc] and lost with high card King


PokerStars Hand #172584757516:  Hold'em Limit ($3/$6 USD) - 2017/07/04 3:26:43 ET
Table 'Leonora' 10-max Seat #9 is the button
Seat 9: asino222 ($21.98 in chips)
Seat 10: Agrotait ($96.28 in chips)
asino222: posts small blind $1
Agrotait: posts big blind $3
*** HOLE CARDS ***
asino222: folds
Uncalled bet ($2) returned to Agrotait
Agrotait collected $2 from pot
Agrotait: doesn't show hand
*** SUMMARY ***
Total pot $2 | Rake $0
Seat 9: asino222 (button) (small blind) folded before Flop
Seat 10: Agrotait (big blind) collected ($2)


PokerStars Hand #172584771006:  Hold'em Limit ($3/$6 USD) - 2017/07/04 3:27:36 ET
Table 'Leonora' 10-max Seat #10 is the button
Seat 9: asino222 ($26.49 in chips)
Seat 10: Agrotait ($91.03 in chips)
Agrotait: posts small blind $1
asino222: posts big blind $3
*** HOLE CARDS ***
Agrotait: raises $3 to $6
asino222: folds
Uncalled bet ($3) returned to Agrotait
Agrotait collected $6 from pot
Agrotait: doesn't show hand
*** SUMMARY ***
Total pot $6 | Rake $0
Seat 9: asino222 (big blind) folded before Flop
Seat 10: Agrotait (button) (small blind) collected ($6)


PokerStars Hand #172584774299:  Hold'em Limit ($3/$6 USD) - 2017/07/04 3:27:49 ET
Table 'Leonora' 10-max Seat #9 is the button
Seat 9: asino222 ($23.49 in chips)
Seat 10: Agrotait ($94.03 in chips)
asino222: posts small blind $1
Agrotait: posts big blind $3
*** HOLE CARDS ***
asino222: raises $3 to $6
Agrotait: raises $3 to $9
asino222: calls $3
*** FLOP *** [9s Kd 3s]
Agrotait: bets $3
asino222: calls $3
*** TURN *** [9s Kd 3s] [2c]
Agrotait: checks
asino222: checks
*** RIVER *** [9s Kd 3s 2c] [Ts]
Agrotait: checks
asino222: bets $6
sim5sim5 joins the table at seat #1
Agrotait: folds
Uncalled bet ($6) returned to asino222
asino222 collected $23.52 from pot
asino222: doesn't show hand
*** SUMMARY ***
Total pot $24 | Rake $0.48
Board [9s Kd 3s 2c Ts]
Seat 9: asino222 (button) (small blind) collected ($23.52)
Seat 10: Agrotait (big blind) folded on the River


PokerStars Hand #172584851513:  Hold'em Limit ($3/$6 USD) - 2017/07/04 3:32:52 ET
Table 'Leonora' 10-max Seat #9 is the button
Seat 1: sim5sim5 ($72 in chips)
Seat 9: asino222 ($11.99 in chips)
asino222: posts small blind $1
Agrotait: is sitting out
sim5sim5: posts big blind $3
*** HOLE CARDS ***
Agrotait leaves the table
asino222: raises $3 to $6
sim5sim5: calls $3
*** FLOP *** [Qc Ac Ts]
sim5sim5: checks
asino222: bets $3
sim5sim5: folds
Uncalled bet ($3) returned to asino222
asino222 collected $11.76 from pot
asino222: doesn't show hand
*** SUMMARY ***
Total pot $12 | Rake $0.24
Board [Qc Ac Ts]
Seat 1: sim5sim5 (big blind) folded on the Flop
Seat 9: asino222 (button) (small blind) collected ($11.76)


PokerStars Hand #172584861980:  Hold'em Limit ($3/$6 USD) - 2017/07/04 3:33:33 ET
Table 'Leonora' 10-max Seat #1 is the button
Seat 1: sim5sim5 ($78.76 in chips)
Seat 9: asino222 ($10.75 in chips)
sim5sim5: posts small blind $1
asino222: posts big blind $3
*** HOLE CARDS ***
sim5sim5: folds
Uncalled bet ($2) returned to asino222
asino222 collected $2 from pot
asino222: doesn't show hand
*** SUMMARY ***
Total pot $2 | Rake $0
Seat 1: sim5sim5 (button) (small blind) folded before Flop
Seat 9: asino222 (big blind) collected ($2)


PokerStars Hand #172584871775:  Hold'em Limit ($3/$6 USD) - 2017/07/04 3:33:48 ET
Table 'Leonora' 10-max Seat #1 is the button
Seat 1: sim5sim5 ($74.76 in chips)
Seat 9: asino222 ($14.75 in chips)
sim5sim5: posts small blind $1
asino222: posts big blind $3
*** HOLE CARDS ***
sim5sim5: raises $3 to $6
asino222: raises $3 to $9
sim5sim5: calls $3
*** FLOP *** [7c 9c Ac]
asino222: bets $3
sim5sim5: raises $3 to $6
asino222: calls $2.75 and is all-in
Uncalled bet ($0.25) returned to sim5sim5
*** TURN *** [7c 9c Ac] [Qc]
*** RIVER *** [7c 9c Ac Qc] [6d]
*** SHOW DOWN ***
asino222: shows [Jc Qh] (a flush, Ace high)
sim5sim5: shows [8c Ks] (a flush, Ace high - lower cards)
asino222 collected $29 from pot
*** SUMMARY ***
Total pot $29.50 | Rake $0.50
Board [7c 9c Ac Qc 6d]
Seat 1: sim5sim5 (button) (small blind) showed [8c Ks] and lost with a flush, Ace high
Seat 9: asino222 (big blind) showed [Jc Qh] and won ($29) with a flush, Ace high


PokerStars Hand #172584860600:  Hold'em Limit ($3/$6 USD) - 2017/07/04 3:33:28 ET
Table 'Leonora' 10-max Seat #9 is the button
Seat 1: sim5sim5 ($77.76 in chips)
Seat 9: asino222 ($11.75 in chips)
asino222: posts small blind $1
sim5sim5: posts big blind $3
*** HOLE CARDS ***
asino222: folds
Uncalled bet ($2) returned to sim5sim5
sim5sim5 collected $2 from pot
sim5sim5: doesn't show hand
*** SUMMARY ***
Total pot $2 | Rake $0
Seat 1: sim5sim5 (big blind) collected ($2)
Seat 9: asino222 (button) (small blind) folded before Flop


PokerStars Hand #172584856749:  Hold'em Limit ($3/$6 USD) - 2017/07/04 3:33:13 ET
Table 'Leonora' 10-max Seat #1 is the button
Seat 1: sim5sim5 ($72 in chips)
Seat 9: asino222 ($17.75 in chips)
sim5sim5: posts small blind $1
asino222: posts big blind $3
*** HOLE CARDS ***
sim5sim5: raises $3 to $6
asino222: calls $3
*** FLOP *** [4s 2d 7h]
asino222: checks
sim5sim5: bets $3
asino222: folds
Uncalled bet ($3) returned to sim5sim5
sim5sim5 collected $11.76 from pot
sim5sim5: doesn't show hand
*** SUMMARY ***
Total pot $12 | Rake $0.24
Board [4s 2d 7h]
Seat 1: sim5sim5 (button) (small blind) collected ($11.76)
Seat 9: asino222 (big blind) folded on the Flop


PokerStars Hand #172584864024:  Hold'em Limit ($3/$6 USD) - 2017/07/04 3:33:41 ET
Table 'Leonora' 10-max Seat #9 is the button
Seat 1: sim5sim5 ($77.76 in chips)
Seat 9: asino222 ($11.75 in chips)
asino222: posts small blind $1
sim5sim5: posts big blind $3
*** HOLE CARDS ***
asino222: raises $3 to $6
sim5sim5: folds
Uncalled bet ($3) returned to asino222
asino222 collected $6 from pot
asino222: doesn't show hand
*** SUMMARY ***
Total pot $6 | Rake $0
Seat 1: sim5sim5 (big blind) folded before Flop
Seat 9: asino222 (button) (small blind) collected ($6)


PokerStars Hand #172584879361:  Hold'em Limit ($3/$6 USD) - 2017/07/04 3:34:18 ET
Table 'Leonora' 10-max Seat #1 is the button
Seat 1: sim5sim5 ($72 in chips)
Seat 9: asino222 ($32 in chips)
sim5sim5: posts small blind $1
asino222: posts big blind $3
*** HOLE CARDS ***
sim5sim5: folds
Uncalled bet ($2) returned to asino222
asino222 collected $2 from pot
asino222: doesn't show hand
*** SUMMARY ***
Total pot $2 | Rake $0
Seat 1: sim5sim5 (button) (small blind) folded before Flop
Seat 9: asino222 (big blind) collected ($2)


PokerStars Hand #172584877232:  Hold'em Limit ($3/$6 USD) - 2017/07/04 3:34:10 ET
Table 'Leonora' 10-max Seat #9 is the button
Seat 1: sim5sim5 ($72 in chips)
Seat 9: asino222 ($29 in chips)
asino222: posts small blind $1
sim5sim5: posts big blind $3
*** HOLE CARDS ***
asino222: raises $3 to $6
sim5sim5: folds
Uncalled bet ($3) returned to asino222
asino222 collected $6 from pot
asino222: doesn't show hand
*** SUMMARY ***
Total pot $6 | Rake $0
Seat 1: sim5sim5 (big blind) folded before Flop
Seat 9: asino222 (button) (small blind) collected ($6)


PokerStars Hand #172584881385:  Hold'em Limit ($3/$6 USD) - 2017/07/04 3:34:26 ET
Table 'Leonora' 10-max Seat #9 is the button
Seat 1: sim5sim5 ($72 in chips)
Seat 9: asino222 ($33 in chips)
asino222: posts small blind $1
sim5sim5: posts big blind $3
*** HOLE CARDS ***
asino222: folds
Uncalled bet ($2) returned to sim5sim5
sim5sim5 collected $2 from pot
sim5sim5: doesn't show hand
*** SUMMARY ***
Total pot $2 | Rake $0
Seat 1: sim5sim5 (big blind) collected ($2)
Seat 9: asino222 (button) (small blind) folded before Flop


PokerStars Hand #172584882761:  Hold'em Limit ($3/$6 USD) - 2017/07/04 3:34:31 ET
Table 'Leonora' 10-max Seat #1 is the button
Seat 1: sim5sim5 ($73 in chips)
Seat 9: asino222 ($32 in chips)
sim5sim5: posts small blind $1
asino222: posts big blind $3
*** HOLE CARDS ***
sim5sim5: raises $3 to $6
asino222: raises $3 to $9
sim5sim5: calls $3
*** FLOP *** [Qd Kd 9s]
asino222: bets $3
sim5sim5: calls $3
*** TURN *** [Qd Kd 9s] [2h]
AzureCaper joins the table at seat #10
asino222: checks
sim5sim5: bets $6
asino222: folds
Uncalled bet ($6) returned to sim5sim5
sim5sim5 collected $23.52 from pot
sim5sim5: doesn't show hand
*** SUMMARY ***
Total pot $24 | Rake $0.48
Board [Qd Kd 9s 2h]
Seat 1: sim5sim5 (button) (small blind) collected ($23.52)
Seat 9: asino222 (big blind) folded on the Turn


