PokerStars Hand #171569989971:  Hold'em Limit ($3/$6 USD) - 2017/06/09 18:57:33 ET
Table 'Leonora' 6-max Seat #3 is the button
Seat 1: Chessnok ($134.50 in chips)
Seat 3: hairy1961 ($25.46 in chips)
hairy1961: posts small blind $1
Chessnok: posts big blind $3
*** HOLE CARDS ***
hairy1961: raises $3 to $6
Chessnok: raises $3 to $9
hairy1961: calls $3
*** FLOP *** [Kd Qc 5c]
Chessnok: bets $3
hairy1961: calls $3
*** TURN *** [Kd Qc 5c] [9d]
Chessnok: checks
hairy1961: checks
*** RIVER *** [Kd Qc 5c 9d] [8d]
Chessnok: bets $6
hairy1961: calls $6
*** SHOW DOWN ***
Chessnok: shows [Ac 8s] (a pair of Eights)
hairy1961: shows [6h Ks] (a pair of Kings)
hairy1961 collected $35.50 from pot
*** SUMMARY ***
Total pot $36 | Rake $0.50
Board [Kd Qc 5c 9d 8d]
Seat 1: Chessnok (big blind) showed [Ac 8s] and lost with a pair of Eights
Seat 3: hairy1961 (button) (small blind) showed [6h Ks] and won ($35.50) with a pair of Kings


PokerStars Hand #171569987426:  Hold'em Limit ($3/$6 USD) - 2017/06/09 18:57:28 ET
Table 'Leonora' 6-max Seat #1 is the button
Seat 1: Chessnok ($135.50 in chips)
Seat 3: hairy1961 ($24.46 in chips)
Chessnok: posts small blind $1
hairy1961: posts big blind $3
*** HOLE CARDS ***
Chessnok: folds
Uncalled bet ($2) returned to hairy1961
hairy1961 collected $2 from pot
*** SUMMARY ***
Total pot $2 | Rake $0
Seat 1: Chessnok (button) (small blind) folded before Flop
Seat 3: hairy1961 (big blind) collected ($2)


PokerStars Hand #171570016890:  Hold'em Limit ($3/$6 USD) - 2017/06/09 18:58:22 ET
Table 'Leonora' 6-max Seat #3 is the button
Seat 1: Chessnok ($101.50 in chips)
Seat 3: hairy1961 ($57.46 in chips)
hairy1961: posts small blind $1
Chessnok: posts big blind $3
*** HOLE CARDS ***
hairy1961: folds
Uncalled bet ($2) returned to Chessnok
Chessnok collected $2 from pot
Chessnok: doesn't show hand
*** SUMMARY ***
Total pot $2 | Rake $0
Seat 1: Chessnok (big blind) collected ($2)
Seat 3: hairy1961 (button) (small blind) folded before Flop


PokerStars Hand #171570003104:  Hold'em Limit ($3/$6 USD) - 2017/06/09 18:57:57 ET
Table 'Leonora' 6-max Seat #1 is the button
Seat 1: Chessnok ($116.50 in chips)
Seat 3: hairy1961 ($42.96 in chips)
Chessnok: posts small blind $1
hairy1961: posts big blind $3
*** HOLE CARDS ***
Chessnok: raises $3 to $6
hairy1961: calls $3
*** FLOP *** [8d Tc 2s]
hairy1961: bets $3
Chessnok: calls $3
*** TURN *** [8d Tc 2s] [Ts]
hairy1961: checks
Chessnok: checks
*** RIVER *** [8d Tc 2s Ts] [3d]
hairy1961: bets $6
Chessnok: calls $6
ssnrub joins the table at seat #2
*** SHOW DOWN ***
hairy1961: shows [2h 7s] (two pair, Tens and Deuces)
Chessnok: mucks hand
hairy1961 collected $29.50 from pot
*** SUMMARY ***
Total pot $30 | Rake $0.50
Board [8d Tc 2s Ts 3d]
Seat 1: Chessnok (button) (small blind) mucked
Seat 3: hairy1961 (big blind) showed [2h 7s] and won ($29.50) with two pair, Tens and Deuces


