PokerStars Hand #169013582418:  Hold'em Limit ($3/$6 USD) - 2017/04/14 3:28:44 ET
Table 'Leonteus' 6-max Seat #5 is the button
Seat 4: TbIP-TbIP 88 ($72 in chips)
Seat 5: nordschrott ($30 in chips)
nordschrott: posts small blind $1
sim5sim5: is sitting out
sim5sim5 leaves the table
TbIP-TbIP 88: posts big blind $3
*** HOLE CARDS ***
nordschrott: calls $2
TbIP-TbIP 88: checks
*** FLOP *** [Jh Ks 7c]
TbIP-TbIP 88: checks
nordschrott: bets $3
TbIP-TbIP 88: folds
Uncalled bet ($3) returned to nordschrott
nordschrott collected $5.88 from pot
*** SUMMARY ***
Total pot $6 | Rake $0.12
Board [Jh Ks 7c]
Seat 4: TbIP-TbIP 88 (big blind) folded on the Flop
Seat 5: nordschrott (button) (small blind) collected ($5.88)


PokerStars Hand #169013593859:  Hold'em Limit ($3/$6 USD) - 2017/04/14 3:29:20 ET
Table 'Leonteus' 6-max Seat #4 is the button
Seat 4: TbIP-TbIP 88 ($72 in chips)
Seat 5: nordschrott ($32.88 in chips)
TbIP-TbIP 88: posts small blind $1
nordschrott: posts big blind $3
*** HOLE CARDS ***
TbIP-TbIP 88: raises $3 to $6
nordschrott: calls $3
*** FLOP *** [2c 5s 9d]
nordschrott: checks
TbIP-TbIP 88: bets $3
nordschrott: calls $3
*** TURN *** [2c 5s 9d] [8d]
nordschrott: checks
TbIP-TbIP 88: bets $6
nordschrott: calls $6
*** RIVER *** [2c 5s 9d 8d] [4s]
nordschrott: checks
TbIP-TbIP 88: bets $6
nordschrott: calls $6
*** SHOW DOWN ***
TbIP-TbIP 88: shows [8s 8h] (three of a kind, Eights)
nordschrott: mucks hand
TbIP-TbIP 88 collected $41.50 from pot
*** SUMMARY ***
Total pot $42 | Rake $0.50
Board [2c 5s 9d 8d 4s]
Seat 4: TbIP-TbIP 88 (button) (small blind) showed [8s 8h] and won ($41.50) with three of a kind, Eights
Seat 5: nordschrott (big blind) mucked


