PokerStars Hand #171239619436:  Hold'em Limit ($3/$6 USD) - 2017/06/02 8:38:13 ET
Table 'Leonora II' 6-max Seat #4 is the button
Seat 1: aremom4e ($78 in chips)
Seat 4: Agrotait ($77.76 in chips)
Agrotait: posts small blind $1
aremom4e: posts big blind $3
*** HOLE CARDS ***
Agrotait: raises $3 to $6
aremom4e: folds
Uncalled bet ($3) returned to Agrotait
Agrotait collected $6 from pot
Agrotait: doesn't show hand
*** SUMMARY ***
Total pot $6 | Rake $0
Seat 1: aremom4e (big blind) folded before Flop
Seat 4: Agrotait (button) (small blind) collected ($6)


PokerStars Hand #171239606196:  Hold'em Limit ($3/$6 USD) - 2017/06/02 8:37:46 ET
Table 'Leonora II' 6-max Seat #1 is the button
Seat 1: aremom4e ($84 in chips)
Seat 4: Agrotait ($72 in chips)
aremom4e: posts small blind $1
Agrotait: posts big blind $3
*** HOLE CARDS ***
aremom4e: raises $3 to $6
Agrotait: calls $3
*** FLOP *** [3d 6s 2h]
TbIP-TbIP 88 joins the table at seat #2
Agrotait: checks
aremom4e: checks
*** TURN *** [3d 6s 2h] [Qh]
Agrotait: bets $6
aremom4e: folds
Uncalled bet ($6) returned to Agrotait
Agrotait collected $11.76 from pot
Agrotait: doesn't show hand
*** SUMMARY ***
Total pot $12 | Rake $0.24
Board [3d 6s 2h Qh]
Seat 1: aremom4e (button) (small blind) folded on the Turn
Seat 4: Agrotait (big blind) collected ($11.76)


PokerStars Hand #171240520253:  Hold'em Limit ($3/$6 USD) - 2017/06/02 9:09:00 ET
Table 'Leonora II' 6-max Seat #4 is the button
Seat 4: Agrotait ($204.82 in chips)
Seat 5: VELE 07 ($43.16 in chips)
Agrotait: posts small blind $1
VELE 07: posts big blind $3
*** HOLE CARDS ***
Agrotait: raises $3 to $6
VELE 07: calls $3
*** FLOP *** [3c Ad 8s]
VELE 07: bets $3
Agrotait: calls $3
*** TURN *** [3c Ad 8s] [3s]
VELE 07: bets $6
Agrotait: calls $6
*** RIVER *** [3c Ad 8s 3s] [8c]
VELE 07: bets $6
Agrotait: calls $6
*** SHOW DOWN ***
VELE 07: shows [8d 5c] (a full house, Eights full of Threes)
Agrotait: mucks hand
VELE 07 collected $41.50 from pot
*** SUMMARY ***
Total pot $42 | Rake $0.50
Board [3c Ad 8s 3s 8c]
Seat 4: Agrotait (button) (small blind) mucked
Seat 5: VELE 07 (big blind) showed [8d 5c] and won ($41.50) with a full house, Eights full of Threes


PokerStars Hand #171240493236:  Hold'em Limit ($3/$6 USD) - 2017/06/02 9:08:07 ET
Table 'Leonora II' 6-max Seat #4 is the button
Seat 4: Agrotait ($181.32 in chips)
Seat 5: VELE 07 ($67.40 in chips)
Agrotait: posts small blind $1
VELE 07: posts big blind $3
*** HOLE CARDS ***
Agrotait: raises $3 to $6
VELE 07: raises $3 to $9
Agrotait: calls $3
*** FLOP *** [5h Ad Jc]
VELE 07: bets $3
Agrotait: calls $3
*** TURN *** [5h Ad Jc] [3h]
VELE 07: bets $6
Agrotait: calls $6
*** RIVER *** [5h Ad Jc 3h] [4h]
VELE 07: bets $6
Agrotait: raises $6 to $12
VELE 07: calls $6
*** SHOW DOWN ***
Agrotait: shows [Qh 7h] (a flush, Queen high)
VELE 07: mucks hand
Agrotait collected $59.50 from pot
*** SUMMARY ***
Total pot $60 | Rake $0.50
Board [5h Ad Jc 3h 4h]
Seat 4: Agrotait (button) (small blind) showed [Qh 7h] and won ($59.50) with a flush, Queen high
Seat 5: VELE 07 (big blind) mucked


PokerStars Hand #171240511872:  Hold'em Limit ($3/$6 USD) - 2017/06/02 9:08:43 ET
Table 'Leonora II' 6-max Seat #5 is the button
Seat 4: Agrotait ($210.82 in chips)
Seat 5: VELE 07 ($37.40 in chips)
VELE 07: posts small blind $1
Agrotait: posts big blind $3
*** HOLE CARDS ***
VELE 07: raises $3 to $6
Agrotait: calls $3
*** FLOP *** [4c 3d 8d]
Agrotait: checks
VELE 07: checks
*** TURN *** [4c 3d 8d] [2s]
Agrotait: checks
VELE 07: checks
*** RIVER *** [4c 3d 8d 2s] [5d]
Agrotait: checks
VELE 07: checks
*** SHOW DOWN ***
Agrotait: shows [Td Qs] (high card Queen)
VELE 07: shows [Qc Kh] (high card King)
VELE 07 collected $11.76 from pot
*** SUMMARY ***
Total pot $12 | Rake $0.24
Board [4c 3d 8d 2s 5d]
Seat 4: Agrotait (big blind) showed [Td Qs] and lost with high card Queen
Seat 5: VELE 07 (button) (small blind) showed [Qc Kh] and won ($11.76) with high card King


PokerStars Hand #171240531529:  Hold'em Limit ($3/$6 USD) - 2017/06/02 9:09:22 ET
Table 'Leonora II' 6-max Seat #5 is the button
Seat 4: Agrotait ($183.82 in chips)
Seat 5: VELE 07 ($63.66 in chips)
VELE 07: posts small blind $1
Agrotait: posts big blind $3
*** HOLE CARDS ***
VELE 07: calls $2
Agrotait: checks
*** FLOP *** [9h Ac As]
Agrotait: checks
VELE 07: checks
*** TURN *** [9h Ac As] [6c]
Agrotait: bets $6
VELE 07: folds
Uncalled bet ($6) returned to Agrotait
Agrotait collected $5.88 from pot
Agrotait: doesn't show hand
*** SUMMARY ***
Total pot $6 | Rake $0.12
Board [9h Ac As 6c]
Seat 4: Agrotait (big blind) collected ($5.88)
Seat 5: VELE 07 (button) (small blind) folded on the Turn


PokerStars Hand #171240547687:  Hold'em Limit ($3/$6 USD) - 2017/06/02 9:09:53 ET
Table 'Leonora II' 6-max Seat #5 is the button
Seat 4: Agrotait ($185.70 in chips)
Seat 5: VELE 07 ($61.66 in chips)
VELE 07: posts small blind $1
Agrotait: posts big blind $3
*** HOLE CARDS ***
VELE 07: calls $2
Agrotait: checks
*** FLOP *** [Th Ts 2c]
Agrotait: bets $3
VELE 07: folds
Uncalled bet ($3) returned to Agrotait
Agrotait collected $5.88 from pot
Agrotait: doesn't show hand
*** SUMMARY ***
Total pot $6 | Rake $0.12
Board [Th Ts 2c]
Seat 4: Agrotait (big blind) collected ($5.88)
Seat 5: VELE 07 (button) (small blind) folded on the Flop


PokerStars Hand #171240556262:  Hold'em Limit ($3/$6 USD) - 2017/06/02 9:10:10 ET
Table 'Leonora II' 6-max Seat #4 is the button
Seat 4: Agrotait ($188.58 in chips)
Seat 5: VELE 07 ($58.66 in chips)
Agrotait: posts small blind $1
VELE 07: posts big blind $3
*** HOLE CARDS ***
Agrotait: folds
Uncalled bet ($2) returned to VELE 07
VELE 07 collected $2 from pot
*** SUMMARY ***
Total pot $2 | Rake $0
Seat 4: Agrotait (button) (small blind) folded before Flop
Seat 5: VELE 07 (big blind) collected ($2)


PokerStars Hand #171240589252:  Hold'em Limit ($3/$6 USD) - 2017/06/02 9:11:14 ET
Table 'Leonora II' 6-max Seat #4 is the button
Seat 4: Agrotait ($172.58 in chips)
Seat 5: VELE 07 ($74.16 in chips)
Agrotait: posts small blind $1
VELE 07: posts big blind $3
*** HOLE CARDS ***
Agrotait: folds
Uncalled bet ($2) returned to VELE 07
VELE 07 collected $2 from pot
*** SUMMARY ***
Total pot $2 | Rake $0
Seat 4: Agrotait (button) (small blind) folded before Flop
Seat 5: VELE 07 (big blind) collected ($2)


PokerStars Hand #171240559015:  Hold'em Limit ($3/$6 USD) - 2017/06/02 9:10:15 ET
Table 'Leonora II' 6-max Seat #5 is the button
Seat 4: Agrotait ($187.58 in chips)
Seat 5: VELE 07 ($59.66 in chips)
VELE 07: posts small blind $1
Agrotait: posts big blind $3
*** HOLE CARDS ***
VELE 07: calls $2
Agrotait: checks
*** FLOP *** [4s Tc 3h]
Agrotait: checks
VELE 07: checks
*** TURN *** [4s Tc 3h] [9d]
Agrotait: bets $6
VELE 07: calls $6
*** RIVER *** [4s Tc 3h 9d] [Td]
Agrotait: checks
VELE 07: bets $6
Agrotait: calls $6
*** SHOW DOWN ***
VELE 07: shows [8s 9s] (two pair, Tens and Nines)
Agrotait: mucks hand
VELE 07 collected $29.50 from pot
*** SUMMARY ***
Total pot $30 | Rake $0.50
Board [4s Tc 3h 9d Td]
Seat 4: Agrotait (big blind) mucked
Seat 5: VELE 07 (button) (small blind) showed [8s 9s] and won ($29.50) with two pair, Tens and Nines


PokerStars Hand #171240592818:  Hold'em Limit ($3/$6 USD) - 2017/06/02 9:11:21 ET
Table 'Leonora II' 6-max Seat #5 is the button
Seat 4: Agrotait ($171.58 in chips)
Seat 5: VELE 07 ($75.16 in chips)
VELE 07: posts small blind $1
Agrotait: posts big blind $3
*** HOLE CARDS ***
VELE 07: raises $3 to $6
Agrotait: folds
Uncalled bet ($3) returned to VELE 07
VELE 07 collected $6 from pot
VELE 07: doesn't show hand
*** SUMMARY ***
Total pot $6 | Rake $0
Seat 4: Agrotait (big blind) folded before Flop
Seat 5: VELE 07 (button) (small blind) collected ($6)


PokerStars Hand #171240604519:  Hold'em Limit ($3/$6 USD) - 2017/06/02 9:11:44 ET
Table 'Leonora II' 6-max Seat #5 is the button
Seat 4: Agrotait ($167.58 in chips)
Seat 5: VELE 07 ($79.16 in chips)
VELE 07: posts small blind $1
Agrotait: posts big blind $3
*** HOLE CARDS ***
VELE 07: calls $2
krytalex joins the table at seat #6
aleksey_tobik joins the table at seat #3
Agrotait: raises $3 to $6
VELE 07: calls $3
*** FLOP *** [6c 9c 5s]
Agrotait: bets $3
VELE 07: calls $3
*** TURN *** [6c 9c 5s] [9h]
Agrotait: bets $6
VELE 07: raises $6 to $12
Agrotait: calls $6
*** RIVER *** [6c 9c 5s 9h] [7d]
Agrotait: checks
VELE 07: bets $6
Agrotait: calls $6
*** SHOW DOWN ***
VELE 07: shows [5c Qs] (two pair, Nines and Fives)
Agrotait: shows [Kc Ks] (two pair, Kings and Nines)
Agrotait collected $53.50 from pot
*** SUMMARY ***
Total pot $54 | Rake $0.50
Board [6c 9c 5s 9h 7d]
Seat 4: Agrotait (big blind) showed [Kc Ks] and won ($53.50) with two pair, Kings and Nines
Seat 5: VELE 07 (button) (small blind) showed [5c Qs] and lost with two pair, Nines and Fives


PokerStars Hand #171244706006:  Hold'em Limit ($3/$6 USD) - 2017/06/02 11:15:46 ET
Table 'Leonora II' 6-max Seat #5 is the button
Seat 5: Clark205 ($57.60 in chips)
Seat 6: krytalex ($348.24 in chips)
Clark205: posts small blind $1
krytalex: posts big blind $3
*** HOLE CARDS ***
Clark205: folds
Uncalled bet ($2) returned to krytalex
krytalex collected $2 from pot
*** SUMMARY ***
Total pot $2 | Rake $0
Seat 5: Clark205 (button) (small blind) folded before Flop
Seat 6: krytalex (big blind) collected ($2)


PokerStars Hand #171244702458:  Hold'em Limit ($3/$6 USD) - 2017/06/02 11:15:40 ET
Table 'Leonora II' 6-max Seat #6 is the button
Seat 5: Clark205 ($56.60 in chips)
Seat 6: krytalex ($349.24 in chips)
krytalex: posts small blind $1
belik555: is sitting out
Mordnilap: is sitting out
Clark205: posts big blind $3
*** HOLE CARDS ***
krytalex: folds
Uncalled bet ($2) returned to Clark205
Clark205 collected $2 from pot
Clark205: doesn't show hand
*** SUMMARY ***
Total pot $2 | Rake $0
Seat 5: Clark205 (big blind) collected ($2)
Seat 6: krytalex (button) (small blind) folded before Flop


PokerStars Hand #171244709297:  Hold'em Limit ($3/$6 USD) - 2017/06/02 11:15:51 ET
Table 'Leonora II' 6-max Seat #6 is the button
Seat 5: Clark205 ($56.60 in chips)
Seat 6: krytalex ($349.24 in chips)
krytalex: posts small blind $1
Clark205: posts big blind $3
*** HOLE CARDS ***
belik555 leaves the table
krytalex: raises $3 to $6
Clark205: calls $3
*** FLOP *** [7c 4c Qd]
Clark205: checks
krytalex: bets $3
Clark205: raises $3 to $6
krytalex: calls $3
*** TURN *** [7c 4c Qd] [6c]
Clark205: bets $6
krytalex: calls $6
*** RIVER *** [7c 4c Qd 6c] [Kd]
Clark205: bets $6
krytalex: calls $6
*** SHOW DOWN ***
Clark205: shows [9d 7h] (a pair of Sevens)
krytalex: shows [7s 6h] (two pair, Sevens and Sixes)
krytalex collected $47.50 from pot
*** SUMMARY ***
Total pot $48 | Rake $0.50
Board [7c 4c Qd 6c Kd]
Seat 5: Clark205 (big blind) showed [9d 7h] and lost with a pair of Sevens
Seat 6: krytalex (button) (small blind) showed [7s 6h] and won ($47.50) with two pair, Sevens and Sixes


PokerStars Hand #171244731139:  Hold'em Limit ($3/$6 USD) - 2017/06/02 11:16:29 ET
Table 'Leonora II' 6-max Seat #5 is the button
Seat 5: Clark205 ($32.60 in chips)
Seat 6: krytalex ($372.74 in chips)
Clark205: posts small blind $1
krytalex: posts big blind $3
*** HOLE CARDS ***
Clark205: raises $3 to $6
krytalex: calls $3
*** FLOP *** [3d 6h Jc]
krytalex: checks
Clark205: bets $3
krytalex: calls $3
*** TURN *** [3d 6h Jc] [8s]
krytalex: checks
Clark205: checks
*** RIVER *** [3d 6h Jc 8s] [Js]
krytalex: checks
Clark205: bets $6
krytalex: folds
Uncalled bet ($6) returned to Clark205
Clark205 collected $17.64 from pot
Clark205: doesn't show hand
*** SUMMARY ***
Total pot $18 | Rake $0.36
Board [3d 6h Jc 8s Js]
Seat 5: Clark205 (button) (small blind) collected ($17.64)
Seat 6: krytalex (big blind) folded on the River


PokerStars Hand #171244766628:  Hold'em Limit ($3/$6 USD) - 2017/06/02 11:17:29 ET
Table 'Leonora II' 6-max Seat #5 is the button
Seat 5: Clark205 ($49.88 in chips)
Seat 6: krytalex ($354.74 in chips)
Clark205: posts small blind $1
krytalex: posts big blind $3
*** HOLE CARDS ***
Clark205: folds
Uncalled bet ($2) returned to krytalex
krytalex collected $2 from pot
*** SUMMARY ***
Total pot $2 | Rake $0
Seat 5: Clark205 (button) (small blind) folded before Flop
Seat 6: krytalex (big blind) collected ($2)


PokerStars Hand #171244751312:  Hold'em Limit ($3/$6 USD) - 2017/06/02 11:17:03 ET
Table 'Leonora II' 6-max Seat #6 is the button
Seat 5: Clark205 ($41.24 in chips)
Seat 6: krytalex ($363.74 in chips)
krytalex: posts small blind $1
Clark205: posts big blind $3
*** HOLE CARDS ***
krytalex: raises $3 to $6
EVBET joins the table at seat #1
Clark205: raises $3 to $9
krytalex: calls $3
*** FLOP *** [2s 4s 9h]
Clark205: bets $3
krytalex: folds
Uncalled bet ($3) returned to Clark205
Clark205 collected $17.64 from pot
*** SUMMARY ***
Total pot $18 | Rake $0.36
Board [2s 4s 9h]
Seat 5: Clark205 (big blind) collected ($17.64)
Seat 6: krytalex (button) (small blind) folded on the Flop


PokerStars Hand #171244793221:  Hold'em Limit ($3/$6 USD) - 2017/06/02 11:18:14 ET
Table 'Leonora II' 6-max Seat #6 is the button
Seat 1: EVBET ($311.46 in chips)
Seat 6: krytalex ($343.74 in chips)
krytalex: posts small blind $1
EVBET: posts big blind $3
*** HOLE CARDS ***
krytalex: folds
Uncalled bet ($2) returned to EVBET
EVBET collected $2 from pot
EVBET: doesn't show hand
*** SUMMARY ***
Total pot $2 | Rake $0
Seat 1: EVBET (big blind) collected ($2)
Seat 6: krytalex (button) (small blind) folded before Flop


PokerStars Hand #171244788366:  Hold'em Limit ($3/$6 USD) - 2017/06/02 11:18:05 ET
Table 'Leonora II' 6-max Seat #1 is the button
Seat 1: EVBET ($308.46 in chips)
Seat 6: krytalex ($346.74 in chips)
EVBET: posts small blind $1
krytalex: posts big blind $3
*** HOLE CARDS ***
EVBET: raises $3 to $6
krytalex: folds
Uncalled bet ($3) returned to EVBET
EVBET collected $6 from pot
EVBET: doesn't show hand
*** SUMMARY ***
Total pot $6 | Rake $0
Seat 1: EVBET (button) (small blind) collected ($6)
Seat 6: krytalex (big blind) folded before Flop


