PokerStars Hand #168335104972:  Hold'em Limit ($3/$6 USD) - 2017/03/30 14:39:04 ET
Table 'Leonid II' 6-max Seat #2 is the button
Seat 1: Zubasa07 ($329.50 in chips)
Seat 2: oldtimers XX ($10 in chips)
oldtimers XX: posts small blind $1
Zubasa07: posts big blind $3
*** HOLE CARDS ***
oldtimers XX: calls $2
Zubasa07: checks
*** FLOP *** [4s Jh Ah]
Zubasa07: checks
oldtimers XX: bets $3
Zubasa07: folds
Uncalled bet ($3) returned to oldtimers XX
oldtimers XX collected $5.88 from pot
oldtimers XX: doesn't show hand
*** SUMMARY ***
Total pot $6 | Rake $0.12
Board [4s Jh Ah]
Seat 1: Zubasa07 (big blind) folded on the Flop
Seat 2: oldtimers XX (button) (small blind) collected ($5.88)


PokerStars Hand #168335132479:  Hold'em Limit ($3/$6 USD) - 2017/03/30 14:39:36 ET
Table 'Leonid II' 6-max Seat #2 is the button
Seat 1: Zubasa07 ($329.50 in chips)
Seat 2: oldtimers XX ($9.88 in chips)
oldtimers XX: posts small blind $1
Zubasa07: posts big blind $3
*** HOLE CARDS ***
oldtimers XX: folds
Uncalled bet ($2) returned to Zubasa07
Zubasa07 collected $2 from pot
Zubasa07: doesn't show hand
*** SUMMARY ***
Total pot $2 | Rake $0
Seat 1: Zubasa07 (big blind) collected ($2)
Seat 2: oldtimers XX (button) (small blind) folded before Flop


PokerStars Hand #168335123367:  Hold'em Limit ($3/$6 USD) - 2017/03/30 14:39:25 ET
Table 'Leonid II' 6-max Seat #1 is the button
Seat 1: Zubasa07 ($326.50 in chips)
Seat 2: oldtimers XX ($12.88 in chips)
Zubasa07: posts small blind $1
oldtimers XX: posts big blind $3
*** HOLE CARDS ***
Zubasa07: raises $3 to $6
oldtimers XX: folds
Uncalled bet ($3) returned to Zubasa07
Zubasa07 collected $6 from pot
Zubasa07: doesn't show hand
*** SUMMARY ***
Total pot $6 | Rake $0
Seat 1: Zubasa07 (button) (small blind) collected ($6)
Seat 2: oldtimers XX (big blind) folded before Flop


PokerStars Hand #168335136260:  Hold'em Limit ($3/$6 USD) - 2017/03/30 14:39:40 ET
Table 'Leonid II' 6-max Seat #1 is the button
Seat 1: Zubasa07 ($330.50 in chips)
Seat 2: oldtimers XX ($8.88 in chips)
Zubasa07: posts small blind $1
oldtimers XX: posts big blind $3
*** HOLE CARDS ***
Zubasa07: folds
Uncalled bet ($2) returned to oldtimers XX
oldtimers XX collected $2 from pot
oldtimers XX: doesn't show hand
marod14 joins the table at seat #6
*** SUMMARY ***
Total pot $2 | Rake $0
Seat 1: Zubasa07 (button) (small blind) folded before Flop
Seat 2: oldtimers XX (big blind) collected ($2)


PokerStars Hand #168335869383:  Hold'em Limit ($3/$6 USD) - 2017/03/30 14:53:38 ET
Table 'Leonid II' 6-max Seat #4 is the button
Seat 2: oldtimers XX ($44.02 in chips)
Seat 4: boogi ($165.36 in chips)
vestimokrec will be allowed to play after the button
boogi: posts small blind $1
flynny1111: is sitting out
oldtimers XX: posts big blind $3
*** HOLE CARDS ***
flynny1111 leaves the table
boogi: raises $3 to $6
oldtimers XX: calls $3
*** FLOP *** [2c 2h 9h]
oldtimers XX: checks
boogi: checks
*** TURN *** [2c 2h 9h] [7c]
oldtimers XX: bets $6
boogi: folds
Uncalled bet ($6) returned to oldtimers XX
oldtimers XX collected $11.76 from pot
oldtimers XX: doesn't show hand
*** SUMMARY ***
Total pot $12 | Rake $0.24
Board [2c 2h 9h 7c]
Seat 2: oldtimers XX (big blind) collected ($11.76)
Seat 4: boogi (button) (small blind) folded on the Turn


PokerStars Hand #168335902465:  Hold'em Limit ($3/$6 USD) - 2017/03/30 14:54:16 ET
Table 'Leonid II' 6-max Seat #3 is the button
Seat 2: oldtimers XX ($48.78 in chips)
Seat 3: vestimokrec ($117 in chips)
vestimokrec: posts small blind $1
boogi: is sitting out
oldtimers XX: posts big blind $3
*** HOLE CARDS ***
vestimokrec: raises $3 to $6
oldtimers XX: calls $3
*** FLOP *** [8d 7h 7d]
boogi leaves the table
oldtimers XX: checks
vestimokrec: bets $3
oldtimers XX: calls $3
*** TURN *** [8d 7h 7d] [7s]
oldtimers XX: checks
vestimokrec: checks
*** RIVER *** [8d 7h 7d 7s] [Kd]
oldtimers XX: bets $6
vestimokrec: raises $6 to $12
oldtimers XX: calls $6
*** SHOW DOWN ***
vestimokrec: shows [6c 4c] (three of a kind, Sevens)
oldtimers XX: shows [Kh Ac] (a full house, Sevens full of Kings)
oldtimers XX collected $41.50 from pot
*** SUMMARY ***
Total pot $42 | Rake $0.50
Board [8d 7h 7d 7s Kd]
Seat 2: oldtimers XX (big blind) showed [Kh Ac] and won ($41.50) with a full house, Sevens full of Kings
Seat 3: vestimokrec (button) (small blind) showed [6c 4c] and lost with three of a kind, Sevens


PokerStars Hand #168335941373:  Hold'em Limit ($3/$6 USD) - 2017/03/30 14:55:00 ET
Table 'Leonid II' 6-max Seat #2 is the button
Seat 2: oldtimers XX ($69.28 in chips)
Seat 3: vestimokrec ($96 in chips)
oldtimers XX: posts small blind $1
vestimokrec: posts big blind $3
*** HOLE CARDS ***
oldtimers XX: calls $2
Zubasa07 joins the table at seat #4
vestimokrec: checks
*** FLOP *** [4c 3h Qs]
vestimokrec: checks
oldtimers XX: checks
*** TURN *** [4c 3h Qs] [Jh]
vestimokrec: checks
oldtimers XX: bets $6
vestimokrec: folds
Uncalled bet ($6) returned to oldtimers XX
oldtimers XX collected $5.88 from pot
oldtimers XX: doesn't show hand
*** SUMMARY ***
Total pot $6 | Rake $0.12
Board [4c 3h Qs Jh]
Seat 2: oldtimers XX (button) (small blind) collected ($5.88)
Seat 3: vestimokrec (big blind) folded on the Turn


PokerStars Hand #168340543221:  Hold'em Limit ($3/$6 USD) - 2017/03/30 16:20:13 ET
Table 'Leonid II' 6-max Seat #6 is the button
Seat 1: samurai.ru ($113.90 in chips)
Seat 6: solisten ($85.17 in chips)
solisten: posts small blind $1
samurai.ru: posts big blind $3
*** HOLE CARDS ***
solisten: calls $2
samurai.ru: raises $3 to $6
solisten: calls $3
*** FLOP *** [Ah 3d Qc]
samurai.ru: bets $3
solisten: folds
Uncalled bet ($3) returned to samurai.ru
samurai.ru collected $11.76 from pot
samurai.ru: doesn't show hand
*** SUMMARY ***
Total pot $12 | Rake $0.24
Board [Ah 3d Qc]
Seat 1: samurai.ru (big blind) collected ($11.76)
Seat 6: solisten (button) (small blind) folded on the Flop


PokerStars Hand #168340603394:  Hold'em Limit ($3/$6 USD) - 2017/03/30 16:21:17 ET
Table 'Leonid II' 6-max Seat #1 is the button
Seat 1: samurai.ru ($119.66 in chips)
Seat 5: Lobelt55 ($150 in chips)
samurai.ru: posts small blind $1
Lobelt55: posts big blind $3
*** HOLE CARDS ***
samurai.ru: raises $3 to $6
Lobelt55: folds
Uncalled bet ($3) returned to samurai.ru
Lobelt55 leaves the table
vestimokrec leaves the table
samurai.ru collected $6 from pot
samurai.ru: doesn't show hand
*** SUMMARY ***
Total pot $6 | Rake $0
Seat 1: samurai.ru (button) (small blind) collected ($6)
Seat 5: Lobelt55 (big blind) folded before Flop


