PokerStars Hand #149697822315:  Hold'em Limit ($3/$6 USD) - 2016/03/01 20:09:43 ET
Table 'Leonora' 6-max Seat #3 is the button
Seat 3: Snuffymo ($120 in chips)
Seat 4: VolkovDmitri ($120 in chips)
Snuffymo: posts small blind $1
VolkovDmitri: posts big blind $3
*** HOLE CARDS ***
Snuffymo: raises $3 to $6
VolkovDmitri: raises $3 to $9
Snuffymo: calls $3
*** FLOP *** [Kh Js 2c]
VolkovDmitri: bets $3
Snuffymo: calls $3
*** TURN *** [Kh Js 2c] [Ts]
VolkovDmitri: bets $6
Snuffymo: calls $6
*** RIVER *** [Kh Js 2c Ts] [Ac]
VolkovDmitri: checks
Snuffymo: checks
*** SHOW DOWN ***
VolkovDmitri: shows [8c 8d] (a pair of Eights)
Snuffymo: shows [7c Kd] (a pair of Kings)
Snuffymo collected $35.50 from pot
*** SUMMARY ***
Total pot $36 | Rake $0.50
Board [Kh Js 2c Ts Ac]
Seat 3: Snuffymo (button) (small blind) showed [7c Kd] and won ($35.50) with a pair of Kings
Seat 4: VolkovDmitri (big blind) showed [8c 8d] and lost with a pair of Eights


PokerStars Hand #149697866883:  Hold'em Limit ($3/$6 USD) - 2016/03/01 20:11:05 ET
Table 'Leonora' 6-max Seat #4 is the button
Seat 3: Snuffymo ($143 in chips)
Seat 4: VolkovDmitri ($120 in chips)
VolkovDmitri: posts small blind $1
Snuffymo: posts big blind $3
*** HOLE CARDS ***
VolkovDmitri: raises $3 to $6
Snuffymo: calls $3
*** FLOP *** [Ac 7c 4s]
Snuffymo: checks
VolkovDmitri: bets $3
Snuffymo: raises $3 to $6
VolkovDmitri: folds
Uncalled bet ($3) returned to Snuffymo
Snuffymo collected $17.64 from pot
Snuffymo: doesn't show hand
*** SUMMARY ***
Total pot $18 | Rake $0.36
Board [Ac 7c 4s]
Seat 3: Snuffymo (big blind) collected ($17.64)
Seat 4: VolkovDmitri (button) (small blind) folded on the Flop


PokerStars Hand #149697853553:  Hold'em Limit ($3/$6 USD) - 2016/03/01 20:10:40 ET
Table 'Leonora' 6-max Seat #3 is the button
Seat 3: Snuffymo ($128.50 in chips)
Seat 4: VolkovDmitri ($128.64 in chips)
Snuffymo: posts small blind $1
VolkovDmitri: posts big blind $3
*** HOLE CARDS ***
Snuffymo: raises $3 to $6
VolkovDmitri: calls $3
*** FLOP *** [5c 3c As]
VolkovDmitri: checks
Snuffymo: bets $3
VolkovDmitri: calls $3
*** TURN *** [5c 3c As] [9d]
VolkovDmitri: checks
Snuffymo: bets $6
VolkovDmitri: calls $6
*** RIVER *** [5c 3c As 9d] [2h]
VolkovDmitri: checks
Snuffymo: checks
*** SHOW DOWN ***
VolkovDmitri: shows [8c Kd] (high card Ace)
Snuffymo: shows [Qh 9h] (a pair of Nines)
Snuffymo collected $29.50 from pot
*** SUMMARY ***
Total pot $30 | Rake $0.50
Board [5c 3c As 9d 2h]
Seat 3: Snuffymo (button) (small blind) showed [Qh 9h] and won ($29.50) with a pair of Nines
Seat 4: VolkovDmitri (big blind) showed [8c Kd] and lost with high card Ace


PokerStars Hand #149697832959:  Hold'em Limit ($3/$6 USD) - 2016/03/01 20:10:03 ET
Table 'Leonora' 6-max Seat #4 is the button
Seat 3: Snuffymo ($137.50 in chips)
Seat 4: VolkovDmitri ($120 in chips)
VolkovDmitri: posts small blind $1
Snuffymo: posts big blind $3
*** HOLE CARDS ***
VolkovDmitri: raises $3 to $6
Snuffymo: calls $3
*** FLOP *** [4s Qc 2c]
Snuffymo: checks
VolkovDmitri: bets $3
Snuffymo: calls $3
*** TURN *** [4s Qc 2c] [9d]
Snuffymo: checks
VolkovDmitri: checks
*** RIVER *** [4s Qc 2c 9d] [Jh]
Snuffymo: checks
VolkovDmitri: checks
*** SHOW DOWN ***
Snuffymo: shows [6h 5c] (high card Queen)
VolkovDmitri: shows [7c 5s] (high card Queen - Jack+Nine+Seven kicker)
VolkovDmitri collected $17.64 from pot
*** SUMMARY ***
Total pot $18 | Rake $0.36
Board [4s Qc 2c 9d Jh]
Seat 3: Snuffymo (big blind) showed [6h 5c] and lost with high card Queen
Seat 4: VolkovDmitri (button) (small blind) showed [7c 5s] and won ($17.64) with high card Queen


PokerStars Hand #149697879133:  Hold'em Limit ($3/$6 USD) - 2016/03/01 20:11:27 ET
Table 'Leonora' 6-max Seat #4 is the button
Seat 3: Snuffymo ($150.64 in chips)
Seat 4: VolkovDmitri ($121 in chips)
VolkovDmitri: posts small blind $1
Snuffymo: posts big blind $3
*** HOLE CARDS ***
VolkovDmitri: raises $3 to $6
Snuffymo: raises $3 to $9
VolkovDmitri: calls $3
*** FLOP *** [7s Ts 8h]
Snuffymo: bets $3
VolkovDmitri: calls $3
*** TURN *** [7s Ts 8h] [2c]
Snuffymo: bets $6
VolkovDmitri: calls $6
*** RIVER *** [7s Ts 8h 2c] [6d]
Snuffymo: checks
VolkovDmitri: bets $6
Snuffymo: calls $6
*** SHOW DOWN ***
VolkovDmitri: shows [9s 4c] (a straight, Six to Ten)
Snuffymo: mucks hand
VolkovDmitri collected $47.50 from pot
*** SUMMARY ***
Total pot $48 | Rake $0.50
Board [7s Ts 8h 2c 6d]
Seat 3: Snuffymo (big blind) mucked
Seat 4: VolkovDmitri (button) (small blind) showed [9s 4c] and won ($47.50) with a straight, Six to Ten


PokerStars Hand #149697875720:  Hold'em Limit ($3/$6 USD) - 2016/03/01 20:11:21 ET
Table 'Leonora' 6-max Seat #3 is the button
Seat 3: Snuffymo ($151.64 in chips)
Seat 4: VolkovDmitri ($120 in chips)
Snuffymo: posts small blind $1
VolkovDmitri: posts big blind $3
*** HOLE CARDS ***
Snuffymo: folds
Uncalled bet ($2) returned to VolkovDmitri
VolkovDmitri collected $2 from pot
VolkovDmitri: doesn't show hand
*** SUMMARY ***
Total pot $2 | Rake $0
Seat 3: Snuffymo (button) (small blind) folded before Flop
Seat 4: VolkovDmitri (big blind) collected ($2)


PokerStars Hand #149697894675:  Hold'em Limit ($3/$6 USD) - 2016/03/01 20:11:55 ET
Table 'Leonora' 6-max Seat #3 is the button
Seat 3: Snuffymo ($126.64 in chips)
Seat 4: VolkovDmitri ($144.50 in chips)
Snuffymo: posts small blind $1
VolkovDmitri: posts big blind $3
*** HOLE CARDS ***
Snuffymo: raises $3 to $6
VolkovDmitri: calls $3
*** FLOP *** [5s As 4c]
VolkovDmitri: checks
Snuffymo: checks
*** TURN *** [5s As 4c] [Td]
VolkovDmitri: bets $6
Snuffymo: folds
Uncalled bet ($6) returned to VolkovDmitri
VolkovDmitri collected $11.76 from pot
VolkovDmitri: doesn't show hand
*** SUMMARY ***
Total pot $12 | Rake $0.24
Board [5s As 4c Td]
Seat 3: Snuffymo (button) (small blind) folded on the Turn
Seat 4: VolkovDmitri (big blind) collected ($11.76)


PokerStars Hand #149697912403:  Hold'em Limit ($3/$6 USD) - 2016/03/01 20:12:28 ET
Table 'Leonora' 6-max Seat #4 is the button
Seat 3: Snuffymo ($120.64 in chips)
Seat 4: VolkovDmitri ($150.26 in chips)
VolkovDmitri: posts small blind $1
Snuffymo: posts big blind $3
*** HOLE CARDS ***
VolkovDmitri: raises $3 to $6
Snuffymo: calls $3
*** FLOP *** [5c 9d Jd]
Snuffymo: checks
VolkovDmitri: bets $3
Snuffymo: calls $3
*** TURN *** [5c 9d Jd] [4h]
Snuffymo: checks
VolkovDmitri: checks
*** RIVER *** [5c 9d Jd 4h] [Kd]
Snuffymo: checks
VolkovDmitri: checks
*** SHOW DOWN ***
Snuffymo: shows [Tc 6c] (high card King)
VolkovDmitri: shows [6h Qs] (high card King - Queen kicker)
VolkovDmitri collected $17.64 from pot
*** SUMMARY ***
Total pot $18 | Rake $0.36
Board [5c 9d Jd 4h Kd]
Seat 3: Snuffymo (big blind) showed [Tc 6c] and lost with high card King
Seat 4: VolkovDmitri (button) (small blind) showed [6h Qs] and won ($17.64) with high card King


PokerStars Hand #149697991147:  Hold'em Limit ($3/$6 USD) - 2016/03/01 20:14:53 ET
Table 'Leonora' 6-max Seat #3 is the button
Seat 3: Snuffymo ($100.64 in chips)
Seat 4: VolkovDmitri ($169.42 in chips)
Snuffymo: posts small blind $1
VolkovDmitri: posts big blind $3
*** HOLE CARDS ***
Snuffymo: raises $3 to $6
VolkovDmitri: calls $3
*** FLOP *** [Th As 5d]
VolkovDmitri: checks
Snuffymo: bets $3
VolkovDmitri: folds
Uncalled bet ($3) returned to Snuffymo
Snuffymo collected $11.76 from pot
Snuffymo: doesn't show hand
*** SUMMARY ***
Total pot $12 | Rake $0.24
Board [Th As 5d]
Seat 3: Snuffymo (button) (small blind) collected ($11.76)
Seat 4: VolkovDmitri (big blind) folded on the Flop


PokerStars Hand #149697988437:  Hold'em Limit ($3/$6 USD) - 2016/03/01 20:14:48 ET
Table 'Leonora' 6-max Seat #4 is the button
Seat 3: Snuffymo ($99.64 in chips)
Seat 4: VolkovDmitri ($170.42 in chips)
VolkovDmitri: posts small blind $1
Snuffymo: posts big blind $3
*** HOLE CARDS ***
VolkovDmitri: folds
Uncalled bet ($2) returned to Snuffymo
Snuffymo collected $2 from pot
Snuffymo: doesn't show hand
*** SUMMARY ***
Total pot $2 | Rake $0
Seat 3: Snuffymo (big blind) collected ($2)
Seat 4: VolkovDmitri (button) (small blind) folded before Flop


PokerStars Hand #149697945598:  Hold'em Limit ($3/$6 USD) - 2016/03/01 20:13:29 ET
Table 'Leonora' 6-max Seat #3 is the button
Seat 3: Snuffymo ($111.64 in chips)
Seat 4: VolkovDmitri ($158.90 in chips)
Snuffymo: posts small blind $1
VolkovDmitri: posts big blind $3
*** HOLE CARDS ***
Snuffymo: raises $3 to $6
VolkovDmitri: calls $3
*** FLOP *** [5h 9s 8d]
VolkovDmitri: checks
Snuffymo is disconnected
Snuffymo is connected
Snuffymo has timed out
Snuffymo: checks
*** TURN *** [5h 9s 8d] [Kh]
VolkovDmitri: bets $6
Snuffymo: calls $6
*** RIVER *** [5h 9s 8d Kh] [2h]
VolkovDmitri: bets $6
Snuffymo: folds
Uncalled bet ($6) returned to VolkovDmitri
VolkovDmitri collected $23.52 from pot
VolkovDmitri: doesn't show hand
*** SUMMARY ***
Total pot $24 | Rake $0.48
Board [5h 9s 8d Kh 2h]
Seat 3: Snuffymo (button) (small blind) folded on the River
Seat 4: VolkovDmitri (big blind) collected ($23.52)


PokerStars Hand #149697999878:  Hold'em Limit ($3/$6 USD) - 2016/03/01 20:15:09 ET
Table 'Leonora' 6-max Seat #4 is the button
Seat 3: Snuffymo ($106.40 in chips)
Seat 4: VolkovDmitri ($163.42 in chips)
VolkovDmitri: posts small blind $1
Snuffymo: posts big blind $3
*** HOLE CARDS ***
VolkovDmitri: raises $3 to $6
Snuffymo: raises $3 to $9
VolkovDmitri: calls $3
*** FLOP *** [Qs 2d As]
Snuffymo: bets $3
VolkovDmitri: folds
Uncalled bet ($3) returned to Snuffymo
Snuffymo collected $17.64 from pot
Snuffymo: doesn't show hand
*** SUMMARY ***
Total pot $18 | Rake $0.36
Board [Qs 2d As]
Seat 3: Snuffymo (big blind) collected ($17.64)
Seat 4: VolkovDmitri (button) (small blind) folded on the Flop


PokerStars Hand #149698058990:  Hold'em Limit ($3/$6 USD) - 2016/03/01 20:17:00 ET
Table 'Leonora' 6-max Seat #4 is the button
Seat 3: Snuffymo ($135.04 in chips)
Seat 4: VolkovDmitri ($137.50 in chips)
VolkovDmitri: posts small blind $1
Snuffymo: posts big blind $3
*** HOLE CARDS ***
VolkovDmitri: raises $3 to $6
Snuffymo: folds
Uncalled bet ($3) returned to VolkovDmitri
VolkovDmitri collected $6 from pot
VolkovDmitri: doesn't show hand
*** SUMMARY ***
Total pot $6 | Rake $0
Seat 3: Snuffymo (big blind) folded before Flop
Seat 4: VolkovDmitri (button) (small blind) collected ($6)


PokerStars Hand #149698046227:  Hold'em Limit ($3/$6 USD) - 2016/03/01 20:16:36 ET
Table 'Leonora' 6-max Seat #3 is the button
Seat 3: Snuffymo ($153.04 in chips)
Seat 4: VolkovDmitri ($120 in chips)
Snuffymo: posts small blind $1
VolkovDmitri: posts big blind $3
*** HOLE CARDS ***
Snuffymo: raises $3 to $6
VolkovDmitri: raises $3 to $9
Snuffymo: calls $3
*** FLOP *** [3s 4c 4h]
VolkovDmitri: bets $3
Snuffymo: calls $3
*** TURN *** [3s 4c 4h] [Jc]
VolkovDmitri: bets $6
Snuffymo: calls $6
*** RIVER *** [3s 4c 4h Jc] [5c]
VolkovDmitri: checks
Snuffymo: checks
*** SHOW DOWN ***
VolkovDmitri: shows [8h Ac] (a pair of Fours)
Snuffymo: mucks hand
VolkovDmitri collected $35.50 from pot
*** SUMMARY ***
Total pot $36 | Rake $0.50
Board [3s 4c 4h Jc 5c]
Seat 3: Snuffymo (button) (small blind) mucked
Seat 4: VolkovDmitri (big blind) showed [8h Ac] and won ($35.50) with a pair of Fours


PokerStars Hand #149698029734:  Hold'em Limit ($3/$6 USD) - 2016/03/01 20:16:05 ET
Table 'Leonora' 6-max Seat #4 is the button
Seat 3: Snuffymo ($129.54 in chips)
Seat 4: VolkovDmitri ($139.42 in chips)
VolkovDmitri: posts small blind $1
Snuffymo: posts big blind $3
*** HOLE CARDS ***
VolkovDmitri: raises $3 to $6
Snuffymo: raises $3 to $9
VolkovDmitri: calls $3
*** FLOP *** [2h Ad 5d]
Snuffymo: bets $3
VolkovDmitri: calls $3
*** TURN *** [2h Ad 5d] [2c]
Snuffymo: bets $6
VolkovDmitri: calls $6
*** RIVER *** [2h Ad 5d 2c] [9s]
Snuffymo: bets $6
VolkovDmitri: calls $6
*** SHOW DOWN ***
Snuffymo: shows [Kd Kc] (two pair, Kings and Deuces)
VolkovDmitri: mucks hand
Snuffymo collected $47.50 from pot
*** SUMMARY ***
Total pot $48 | Rake $0.50
Board [2h Ad 5d 2c 9s]
Seat 3: Snuffymo (big blind) showed [Kd Kc] and won ($47.50) with two pair, Kings and Deuces
Seat 4: VolkovDmitri (button) (small blind) mucked


PokerStars Hand #149698009209:  Hold'em Limit ($3/$6 USD) - 2016/03/01 20:15:27 ET
Table 'Leonora' 6-max Seat #3 is the button
Seat 3: Snuffymo ($115.04 in chips)
Seat 4: VolkovDmitri ($154.42 in chips)
Snuffymo: posts small blind $1
VolkovDmitri: posts big blind $3
*** HOLE CARDS ***
Snuffymo: raises $3 to $6
VolkovDmitri: calls $3
*** FLOP *** [7h Kc Jd]
VolkovDmitri: checks
Snuffymo: bets $3
VolkovDmitri: calls $3
*** TURN *** [7h Kc Jd] [7s]
VolkovDmitri: checks
Snuffymo: bets $6
VolkovDmitri: calls $6
*** RIVER *** [7h Kc Jd 7s] [Qd]
VolkovDmitri: checks
Snuffymo: bets $6
VolkovDmitri: folds
Uncalled bet ($6) returned to Snuffymo
Snuffymo collected $29.50 from pot
Snuffymo: doesn't show hand
*** SUMMARY ***
Total pot $30 | Rake $0.50
Board [7h Kc Jd 7s Qd]
Seat 3: Snuffymo (button) (small blind) collected ($29.50)
Seat 4: VolkovDmitri (big blind) folded on the River


