PokerStars Hand #150531854873:  Hold'em Limit ($3/$6 USD) - 2016/03/18 6:59:07 ET
Table 'Leontina II' 6-max Seat #4 is the button
Seat 3: cutio ($93.66 in chips)
Seat 4: TbIP-TbIP 88 ($82.90 in chips)
TbIP-TbIP 88: posts small blind $1
cutio: posts big blind $3
*** HOLE CARDS ***
TbIP-TbIP 88: folds
Uncalled bet ($2) returned to cutio
cutio collected $2 from pot
cutio: doesn't show hand
*** SUMMARY ***
Total pot $2 | Rake $0
Seat 3: cutio (big blind) collected ($2)
Seat 4: TbIP-TbIP 88 (button) (small blind) folded before Flop


PokerStars Hand #150531844144:  Hold'em Limit ($3/$6 USD) - 2016/03/18 6:58:41 ET
Table 'Leontina II' 6-max Seat #3 is the button
Seat 3: cutio ($90.78 in chips)
Seat 4: TbIP-TbIP 88 ($85.90 in chips)
cutio: posts small blind $1
TbIP-TbIP 88: posts big blind $3
*** HOLE CARDS ***
cutio: calls $2
TbIP-TbIP 88: checks
*** FLOP *** [2c Qd 4h]
TbIP-TbIP 88: checks
cutio: checks
*** TURN *** [2c Qd 4h] [7h]
TbIP-TbIP 88: checks
cutio: checks
*** RIVER *** [2c Qd 4h 7h] [Td]
TbIP-TbIP 88: checks
cutio: checks
*** SHOW DOWN ***
TbIP-TbIP 88: shows [3h 9s] (high card Queen)
cutio: shows [3s Kh] (high card King)
cutio collected $5.88 from pot
*** SUMMARY ***
Total pot $6 | Rake $0.12
Board [2c Qd 4h 7h Td]
Seat 3: cutio (button) (small blind) showed [3s Kh] and won ($5.88) with high card King
Seat 4: TbIP-TbIP 88 (big blind) showed [3h 9s] and lost with high card Queen


PokerStars Hand #150531869653:  Hold'em Limit ($3/$6 USD) - 2016/03/18 6:59:44 ET
Table 'Leontina II' 6-max Seat #4 is the button
Seat 3: cutio ($106.18 in chips)
Seat 4: TbIP-TbIP 88 ($72 in chips)
TbIP-TbIP 88: posts small blind $1
cutio: posts big blind $3
*** HOLE CARDS ***
TbIP-TbIP 88: raises $3 to $6
cutio: calls $3
*** FLOP *** [6c 9h 2s]
cutio: checks
TbIP-TbIP 88: bets $3
cutio: calls $3
*** TURN *** [6c 9h 2s] [9c]
cutio: checks
TbIP-TbIP 88: checks
*** RIVER *** [6c 9h 2s 9c] [7h]
cutio: bets $6
TbIP-TbIP 88: folds
Uncalled bet ($6) returned to cutio
cutio collected $17.64 from pot
cutio: doesn't show hand
*** SUMMARY ***
Total pot $18 | Rake $0.36
Board [6c 9h 2s 9c 7h]
Seat 3: cutio (big blind) collected ($17.64)
Seat 4: TbIP-TbIP 88 (button) (small blind) folded on the River


PokerStars Hand #150531858313:  Hold'em Limit ($3/$6 USD) - 2016/03/18 6:59:16 ET
Table 'Leontina II' 6-max Seat #3 is the button
Seat 3: cutio ($94.66 in chips)
Seat 4: TbIP-TbIP 88 ($81.90 in chips)
cutio: posts small blind $1
TbIP-TbIP 88: posts big blind $3
*** HOLE CARDS ***
cutio: calls $2
TbIP-TbIP 88: checks
*** FLOP *** [Jd 2h 4s]
TbIP-TbIP 88: bets $3
cutio: calls $3
*** TURN *** [Jd 2h 4s] [7h]
TbIP-TbIP 88: bets $6
cutio: calls $6
*** RIVER *** [Jd 2h 4s 7h] [3c]
TbIP-TbIP 88: checks
cutio: checks
*** SHOW DOWN ***
TbIP-TbIP 88: shows [5c 2c] (a pair of Deuces)
cutio: shows [5h 4h] (a pair of Fours)
cutio collected $23.52 from pot
*** SUMMARY ***
Total pot $24 | Rake $0.48
Board [Jd 2h 4s 7h 3c]
Seat 3: cutio (button) (small blind) showed [5h 4h] and won ($23.52) with a pair of Fours
Seat 4: TbIP-TbIP 88 (big blind) showed [5c 2c] and lost with a pair of Deuces


PokerStars Hand #150531889884:  Hold'em Limit ($3/$6 USD) - 2016/03/18 7:00:33 ET
Table 'Leontina II' 6-max Seat #3 is the button
Seat 3: cutio ($109.82 in chips)
Seat 4: TbIP-TbIP 88 ($76.76 in chips)
cutio: posts small blind $1
TbIP-TbIP 88: posts big blind $3
*** HOLE CARDS ***
cutio: calls $2
TbIP-TbIP 88: checks
*** FLOP *** [7h 2d Ah]
TbIP-TbIP 88: checks
cutio: bets $3
SmellyToes4u joins the table at seat #5
TbIP-TbIP 88: folds
Uncalled bet ($3) returned to cutio
cutio collected $5.88 from pot
cutio: doesn't show hand
*** SUMMARY ***
Total pot $6 | Rake $0.12
Board [7h 2d Ah]
Seat 3: cutio (button) (small blind) collected ($5.88)
Seat 4: TbIP-TbIP 88 (big blind) folded on the Flop


PokerStars Hand #150531886515:  Hold'em Limit ($3/$6 USD) - 2016/03/18 7:00:25 ET
Table 'Leontina II' 6-max Seat #4 is the button
Seat 3: cutio ($108.82 in chips)
Seat 4: TbIP-TbIP 88 ($77.76 in chips)
TbIP-TbIP 88: posts small blind $1
cutio: posts big blind $3
*** HOLE CARDS ***
TbIP-TbIP 88: folds
Uncalled bet ($2) returned to cutio
cutio collected $2 from pot
cutio: doesn't show hand
*** SUMMARY ***
Total pot $2 | Rake $0
Seat 3: cutio (big blind) collected ($2)
Seat 4: TbIP-TbIP 88 (button) (small blind) folded before Flop


PokerStars Hand #150531882427:  Hold'em Limit ($3/$6 USD) - 2016/03/18 7:00:15 ET
Table 'Leontina II' 6-max Seat #3 is the button
Seat 3: cutio ($114.82 in chips)
Seat 4: TbIP-TbIP 88 ($72 in chips)
cutio: posts small blind $1
TbIP-TbIP 88: posts big blind $3
*** HOLE CARDS ***
cutio: calls $2
TbIP-TbIP 88: raises $3 to $6
cutio: calls $3
*** FLOP *** [4h Jh 6h]
TbIP-TbIP 88: bets $3
cutio: folds
Uncalled bet ($3) returned to TbIP-TbIP 88
TbIP-TbIP 88 collected $11.76 from pot
TbIP-TbIP 88: doesn't show hand
*** SUMMARY ***
Total pot $12 | Rake $0.24
Board [4h Jh 6h]
Seat 3: cutio (button) (small blind) folded on the Flop
Seat 4: TbIP-TbIP 88 (big blind) collected ($11.76)


PokerStars Hand #150531909851:  Hold'em Limit ($3/$6 USD) - 2016/03/18 7:01:21 ET
Table 'Leontina II' 6-max Seat #5 is the button
Seat 4: TbIP-TbIP 88 ($72.76 in chips)
Seat 5: SmellyToes4u ($57 in chips)
SmellyToes4u: posts small blind $1
TbIP-TbIP 88: posts big blind $3
*** HOLE CARDS ***
SmellyToes4u: folds
Uncalled bet ($2) returned to TbIP-TbIP 88
TbIP-TbIP 88 collected $2 from pot
TbIP-TbIP 88: doesn't show hand
SmellyToes4u leaves the table
*** SUMMARY ***
Total pot $2 | Rake $0
Seat 4: TbIP-TbIP 88 (big blind) collected ($2)
Seat 5: SmellyToes4u (button) (small blind) folded before Flop


PokerStars Hand #150531905485:  Hold'em Limit ($3/$6 USD) - 2016/03/18 7:01:10 ET
Table 'Leontina II' 6-max Seat #4 is the button
Seat 4: TbIP-TbIP 88 ($73.76 in chips)
Seat 5: SmellyToes4u ($56 in chips)
TbIP-TbIP 88: posts small blind $1
SmellyToes4u: posts big blind $3
*** HOLE CARDS ***
cutio leaves the table
TbIP-TbIP 88: folds
Uncalled bet ($2) returned to SmellyToes4u
SmellyToes4u collected $2 from pot
SmellyToes4u: doesn't show hand
*** SUMMARY ***
Total pot $2 | Rake $0
Seat 4: TbIP-TbIP 88 (button) (small blind) folded before Flop
Seat 5: SmellyToes4u (big blind) collected ($2)


PokerStars Hand #150532291064:  Hold'em Limit ($3/$6 USD) - 2016/03/18 7:15:05 ET
Table 'Leontina II' 6-max Seat #3 is the button
Seat 3: cutio ($16.98 in chips)
Seat 6: Molot7530 ($120 in chips)
cutio: posts small blind $1
TbIP-TbIP 88: is sitting out
Molot7530: posts big blind $3
*** HOLE CARDS ***
cutio: calls $2
TbIP-TbIP 88 leaves the table
Molot7530: checks
*** FLOP *** [3d 4s Kh]
Molot7530: bets $3
TbIP-TbIP 88 joins the table at seat #1
cutio: folds
Uncalled bet ($3) returned to Molot7530
Molot7530 collected $5.88 from pot
*** SUMMARY ***
Total pot $6 | Rake $0.12
Board [3d 4s Kh]
Seat 3: cutio (button) (small blind) folded on the Flop
Seat 6: Molot7530 (big blind) collected ($5.88)


PokerStars Hand #150534971033:  Hold'em Limit ($3/$6 USD) - 2016/03/18 8:43:52 ET
Table 'Leontina II' 6-max Seat #2 is the button
Seat 2: kvachka1 ($7.39 in chips)
Seat 4: belik555 ($86.53 in chips)
kvachka1: posts small blind $1
belik555: posts big blind $3
*** HOLE CARDS ***
kvachka1: calls $2
belik555: raises $3 to $6
kvachka1: calls $3
*** FLOP *** [6s 7s Qh]
belik555: bets $3
kvachka1: calls $1.39 and is all-in
Uncalled bet ($1.61) returned to belik555
*** TURN *** [6s 7s Qh] [Td]
*** RIVER *** [6s 7s Qh Td] [Qd]
*** SHOW DOWN ***
belik555: shows [Kh Qs] (three of a kind, Queens)
kvachka1: shows [9c 4c] (a pair of Queens)
belik555 collected $14.48 from pot
*** SUMMARY ***
Total pot $14.78 | Rake $0.30
Board [6s 7s Qh Td Qd]
Seat 2: kvachka1 (button) (small blind) showed [9c 4c] and lost with a pair of Queens
Seat 4: belik555 (big blind) showed [Kh Qs] and won ($14.48) with three of a kind, Queens


PokerStars Hand #150535435673:  Hold'em Limit ($3/$6 USD) - 2016/03/18 8:58:22 ET
Table 'Leontina II' 6-max Seat #4 is the button
Seat 3: Yooosha ($120 in chips)
Seat 4: belik555 ($93.62 in chips)
belik555: posts small blind $1
Yooosha: posts big blind $3
*** HOLE CARDS ***
belik555: raises $3 to $6
Yooosha: calls $3
*** FLOP *** [Ks Ts 2c]
Yooosha: checks
belik555: bets $3
Yooosha: calls $3
*** TURN *** [Ks Ts 2c] [Th]
Yooosha: checks
belik555: checks
*** RIVER *** [Ks Ts 2c Th] [9c]
Yooosha: bets $6
belik555: calls $6
*** SHOW DOWN ***
Yooosha: shows [8c Qs] (a pair of Tens)
belik555: shows [4c Qh] (a pair of Tens)
Yooosha collected $14.75 from pot
belik555 collected $14.75 from pot
*** SUMMARY ***
Total pot $30 | Rake $0.50
Board [Ks Ts 2c Th 9c]
Seat 3: Yooosha (big blind) showed [8c Qs] and won ($14.75) with a pair of Tens
Seat 4: belik555 (button) (small blind) showed [4c Qh] and won ($14.75) with a pair of Tens


PokerStars Hand #150535502121:  Hold'em Limit ($3/$6 USD) - 2016/03/18 9:00:37 ET
Table 'Leontina II' 6-max Seat #3 is the button
Seat 3: Yooosha ($134.25 in chips)
Seat 4: belik555 ($78.37 in chips)
Yooosha: posts small blind $1
belik555: posts big blind $3
*** HOLE CARDS ***
Yooosha: folds
Uncalled bet ($2) returned to belik555
belik555 collected $2 from pot
belik555: doesn't show hand
*** SUMMARY ***
Total pot $2 | Rake $0
Seat 3: Yooosha (button) (small blind) folded before Flop
Seat 4: belik555 (big blind) collected ($2)


PokerStars Hand #150535473221:  Hold'em Limit ($3/$6 USD) - 2016/03/18 8:59:39 ET
Table 'Leontina II' 6-max Seat #3 is the button
Seat 3: Yooosha ($119.75 in chips)
Seat 4: belik555 ($93.37 in chips)
Yooosha: posts small blind $1
belik555: posts big blind $3
*** HOLE CARDS ***
Yooosha: raises $3 to $6
belik555: raises $3 to $9
Yooosha: calls $3
*** FLOP *** [7c 2s 9d]
belik555: bets $3
Yooosha: calls $3
*** TURN *** [7c 2s 9d] [Ah]
belik555: checks
Yooosha: bets $6
belik555: calls $6
*** RIVER *** [7c 2s 9d Ah] [9s]
belik555: checks
Yooosha: checks
*** SHOW DOWN ***
belik555: shows [Qc Th] (a pair of Nines)
Yooosha: shows [7s Ac] (two pair, Aces and Nines)
Yooosha collected $35.50 from pot
*** SUMMARY ***
Total pot $36 | Rake $0.50
Board [7c 2s 9d Ah 9s]
Seat 3: Yooosha (button) (small blind) showed [7s Ac] and won ($35.50) with two pair, Aces and Nines
Seat 4: belik555 (big blind) showed [Qc Th] and lost with a pair of Nines


PokerStars Hand #150535527760:  Hold'em Limit ($3/$6 USD) - 2016/03/18 9:01:25 ET
Table 'Leontina II' 6-max Seat #6 is the button
Seat 4: belik555 ($72 in chips)
Seat 6: HAL9QQQ ($121 in chips)
HAL9QQQ: posts small blind $1
Yooosha: is sitting out
belik555: posts big blind $3
*** HOLE CARDS ***
Yooosha leaves the table
HAL9QQQ: folds
Uncalled bet ($2) returned to belik555
belik555 collected $2 from pot
belik555: doesn't show hand
*** SUMMARY ***
Total pot $2 | Rake $0
Seat 4: belik555 (big blind) collected ($2)
Seat 6: HAL9QQQ (button) (small blind) folded before Flop


PokerStars Hand #150535508406:  Hold'em Limit ($3/$6 USD) - 2016/03/18 9:00:49 ET
Table 'Leontina II' 6-max Seat #3 is the button
Seat 3: Yooosha ($130.25 in chips)
Seat 4: belik555 ($82.37 in chips)
Yooosha: posts small blind $1
belik555: posts big blind $3
*** HOLE CARDS ***
Yooosha: raises $3 to $6
belik555: raises $3 to $9
Yooosha: calls $3
*** FLOP *** [5c Ts 9s]
belik555: bets $3
Yooosha: calls $3
*** TURN *** [5c Ts 9s] [Tc]
HAL9QQQ joins the table at seat #6
belik555: bets $6
Yooosha: calls $6
*** RIVER *** [5c Ts 9s Tc] [Jh]
belik555: checks
Yooosha: checks
*** SHOW DOWN ***
belik555: shows [Qs As] (a pair of Tens)
Yooosha: shows [9d Qd] (two pair, Tens and Nines)
Yooosha collected $35.50 from pot
*** SUMMARY ***
Total pot $36 | Rake $0.50
Board [5c Ts 9s Tc Jh]
Seat 3: Yooosha (button) (small blind) showed [9d Qd] and won ($35.50) with two pair, Tens and Nines
Seat 4: belik555 (big blind) showed [Qs As] and lost with a pair of Tens


PokerStars Hand #150535593231:  Hold'em Limit ($3/$6 USD) - 2016/03/18 9:03:23 ET
Table 'Leontina II' 6-max Seat #1 is the button
Seat 1: batevanko68 ($42 in chips)
Seat 4: belik555 ($78.76 in chips)
batevanko68: posts small blind $1
belik555: posts big blind $3
*** HOLE CARDS ***
batevanko68: raises $3 to $6
belik555: folds
Uncalled bet ($3) returned to batevanko68
batevanko68 collected $6 from pot
batevanko68: doesn't show hand
*** SUMMARY ***
Total pot $6 | Rake $0
Seat 1: batevanko68 (button) (small blind) collected ($6)
Seat 4: belik555 (big blind) folded before Flop


PokerStars Hand #150535583576:  Hold'em Limit ($3/$6 USD) - 2016/03/18 9:03:06 ET
Table 'Leontina II' 6-max Seat #4 is the button
Seat 1: batevanko68 ($48 in chips)
Seat 4: belik555 ($73 in chips)
belik555: posts small blind $1
batevanko68: posts big blind $3
*** HOLE CARDS ***
belik555: raises $3 to $6
batevanko68: calls $3
*** FLOP *** [Qh 5h 4d]
batevanko68: checks
belik555: bets $3
batevanko68: folds
Uncalled bet ($3) returned to belik555
belik555 collected $11.76 from pot
belik555: doesn't show hand
*** SUMMARY ***
Total pot $12 | Rake $0.24
Board [Qh 5h 4d]
Seat 1: batevanko68 (big blind) folded on the Flop
Seat 4: belik555 (button) (small blind) collected ($11.76)


PokerStars Hand #150535618061:  Hold'em Limit ($3/$6 USD) - 2016/03/18 9:04:07 ET
Table 'Leontina II' 6-max Seat #1 is the button
Seat 1: batevanko68 ($59.50 in chips)
Seat 4: belik555 ($72 in chips)
batevanko68: posts small blind $1
belik555: posts big blind $3
*** HOLE CARDS ***
batevanko68: folds
Uncalled bet ($2) returned to belik555
belik555 collected $2 from pot
belik555: doesn't show hand
*** SUMMARY ***
Total pot $2 | Rake $0
Seat 1: batevanko68 (button) (small blind) folded before Flop
Seat 4: belik555 (big blind) collected ($2)


PokerStars Hand #150535602369:  Hold'em Limit ($3/$6 USD) - 2016/03/18 9:03:39 ET
Table 'Leontina II' 6-max Seat #4 is the button
Seat 1: batevanko68 ($45 in chips)
Seat 4: belik555 ($75.76 in chips)
belik555: posts small blind $1
batevanko68: posts big blind $3
*** HOLE CARDS ***
belik555: raises $3 to $6
batevanko68: calls $3
*** FLOP *** [5c 5s 7d]
batevanko68: checks
belik555: bets $3
batevanko68: calls $3
*** TURN *** [5c 5s 7d] [9s]
batevanko68: checks
belik555: checks
*** RIVER *** [5c 5s 7d 9s] [3d]
batevanko68: bets $6
belik555: calls $6
*** SHOW DOWN ***
batevanko68: shows [Jh 3s] (two pair, Fives and Threes)
belik555: mucks hand
batevanko68 collected $29.50 from pot
*** SUMMARY ***
Total pot $30 | Rake $0.50
Board [5c 5s 7d 9s 3d]
Seat 1: batevanko68 (big blind) showed [Jh 3s] and won ($29.50) with two pair, Fives and Threes
Seat 4: belik555 (button) (small blind) mucked


PokerStars Hand #150539210935:  Hold'em Limit ($3/$6 USD) - 2016/03/18 10:41:32 ET
Table 'Leontina II' 6-max Seat #3 is the button
Seat 2: Arsenavet ($71 in chips)
Seat 3: HAL9QQQ ($120.47 in chips)
HAL9QQQ: posts small blind $1
Ale4o: is sitting out
Arsenavet: posts big blind $3
*** HOLE CARDS ***
HAL9QQQ: folds
Uncalled bet ($2) returned to Arsenavet
Arsenavet collected $2 from pot
Arsenavet: doesn't show hand
*** SUMMARY ***
Total pot $2 | Rake $0
Seat 2: Arsenavet (big blind) collected ($2)
Seat 3: HAL9QQQ (button) (small blind) folded before Flop


PokerStars Hand #150540596133:  Hold'em Limit ($3/$6 USD) - 2016/03/18 11:16:58 ET
Table 'Leontina II' 6-max Seat #3 is the button
Seat 3: Mudager ($120 in chips)
Seat 4: Agniosius ($272.93 in chips)
Mudager: posts small blind $1
Agniosius: posts big blind $3
*** HOLE CARDS ***
Mudager: raises $3 to $6
Agniosius: calls $3
*** FLOP *** [7c 6h 2c]
Agniosius: checks
B_loJkl joins the table at seat #5
Mudager: bets $3
Agniosius: raises $3 to $6
B_loJkl leaves the table
Mudager: calls $3
*** TURN *** [7c 6h 2c] [6d]
B_loJkl joins the table at seat #5
Agniosius: bets $6
Mudager: calls $6
*** RIVER *** [7c 6h 2c 6d] [Qc]
Agniosius: bets $6
Mudager: calls $6
*** SHOW DOWN ***
Agniosius: shows [As 2d] (two pair, Sixes and Deuces)
Mudager: shows [7d 5d] (two pair, Sevens and Sixes)
Mudager collected $47.50 from pot
*** SUMMARY ***
Total pot $48 | Rake $0.50
Board [7c 6h 2c 6d Qc]
Seat 3: Mudager (button) (small blind) showed [7d 5d] and won ($47.50) with two pair, Sevens and Sixes
Seat 4: Agniosius (big blind) showed [As 2d] and lost with two pair, Sixes and Deuces


PokerStars Hand #150540898220:  Hold'em Limit ($3/$6 USD) - 2016/03/18 11:24:19 ET
Table 'Leontina II' 6-max Seat #6 is the button
Seat 3: Mudager ($139.30 in chips)
Seat 6: health_bar ($10.32 in chips)
health_bar: posts small blind $1
Mudager: posts big blind $3
*** HOLE CARDS ***
health_bar: raises $3 to $6
Mudager: raises $3 to $9
health_bar: raises $1.32 to $10.32 and is all-in
Betting is capped
Mudager: calls $1.32
*** FLOP *** [6c Js Td]
*** TURN *** [6c Js Td] [Ks]
*** RIVER *** [6c Js Td Ks] [7c]
*** SHOW DOWN ***
Mudager: shows [Jh Qc] (a pair of Jacks)
health_bar: shows [Ts Tc] (three of a kind, Tens)
health_bar collected $20.23 from pot
*** SUMMARY ***
Total pot $20.64 | Rake $0.41
Board [6c Js Td Ks 7c]
Seat 3: Mudager (big blind) showed [Jh Qc] and lost with a pair of Jacks
Seat 6: health_bar (button) (small blind) showed [Ts Tc] and won ($20.23) with three of a kind, Tens


PokerStars Hand #150540891891:  Hold'em Limit ($3/$6 USD) - 2016/03/18 11:24:10 ET
Table 'Leontina II' 6-max Seat #3 is the button
Seat 3: Mudager ($136.30 in chips)
Seat 6: health_bar ($13.32 in chips)
Mudager: posts small blind $1
health_bar: posts big blind $3
*** HOLE CARDS ***
Mudager: raises $3 to $6
health_bar: folds
Uncalled bet ($3) returned to Mudager
Mudager collected $6 from pot
Mudager: doesn't show hand
*** SUMMARY ***
Total pot $6 | Rake $0
Seat 3: Mudager (button) (small blind) collected ($6)
Seat 6: health_bar (big blind) folded before Flop


PokerStars Hand #150540888402:  Hold'em Limit ($3/$6 USD) - 2016/03/18 11:24:05 ET
Table 'Leontina II' 6-max Seat #6 is the button
Seat 3: Mudager ($135.30 in chips)
Seat 6: health_bar ($14.32 in chips)
health_bar: posts small blind $1
Mudager: posts big blind $3
*** HOLE CARDS ***
health_bar: folds
Uncalled bet ($2) returned to Mudager
Mudager collected $2 from pot
Mudager: doesn't show hand
*** SUMMARY ***
Total pot $2 | Rake $0
Seat 3: Mudager (big blind) collected ($2)
Seat 6: health_bar (button) (small blind) folded before Flop


PokerStars Hand #150540882846:  Hold'em Limit ($3/$6 USD) - 2016/03/18 11:23:57 ET
Table 'Leontina II' 6-max Seat #3 is the button
Seat 3: Mudager ($132.30 in chips)
Seat 6: health_bar ($17.32 in chips)
Mudager: posts small blind $1
health_bar: posts big blind $3
*** HOLE CARDS ***
Mudager: raises $3 to $6
health_bar: folds
Uncalled bet ($3) returned to Mudager
Mudager collected $6 from pot
Mudager: doesn't show hand
*** SUMMARY ***
Total pot $6 | Rake $0
Seat 3: Mudager (button) (small blind) collected ($6)
Seat 6: health_bar (big blind) folded before Flop


PokerStars Hand #150540941393:  Hold'em Limit ($3/$6 USD) - 2016/03/18 11:25:22 ET
Table 'Leontina II' 6-max Seat #3 is the button
Seat 3: Mudager ($120 in chips)
Seat 6: health_bar ($31.73 in chips)
Mudager: posts small blind $1
health_bar: posts big blind $3
*** HOLE CARDS ***
Mudager: folds
Uncalled bet ($2) returned to health_bar
health_bar collected $2 from pot
health_bar: doesn't show hand
*** SUMMARY ***
Total pot $2 | Rake $0
Seat 3: Mudager (button) (small blind) folded before Flop
Seat 6: health_bar (big blind) collected ($2)


PokerStars Hand #150540918005:  Hold'em Limit ($3/$6 USD) - 2016/03/18 11:24:48 ET
Table 'Leontina II' 6-max Seat #6 is the button
Seat 3: Mudager ($131.98 in chips)
Seat 6: health_bar ($17.23 in chips)
health_bar: posts small blind $1
Mudager: posts big blind $3
*** HOLE CARDS ***
health_bar: raises $3 to $6
Mudager: calls $3
*** FLOP *** [5c 4h 3s]
Mudager: checks
health_bar: bets $3
Mudager: calls $3
*** TURN *** [5c 4h 3s] [Td]
Mudager: checks
health_bar: bets $6
Mudager: calls $6
*** RIVER *** [5c 4h 3s Td] [4d]
Mudager: checks
health_bar: bets $2.23 and is all-in
Mudager: folds
Uncalled bet ($2.23) returned to health_bar
health_bar collected $29.50 from pot
health_bar: doesn't show hand
*** SUMMARY ***
Total pot $30 | Rake $0.50
Board [5c 4h 3s Td 4d]
Seat 3: Mudager (big blind) folded on the River
Seat 6: health_bar (button) (small blind) collected ($29.50)


PokerStars Hand #150540912906:  Hold'em Limit ($3/$6 USD) - 2016/03/18 11:24:40 ET
Table 'Leontina II' 6-max Seat #3 is the button
Seat 3: Mudager ($128.98 in chips)
Seat 6: health_bar ($20.23 in chips)
Mudager: posts small blind $1
health_bar: posts big blind $3
*** HOLE CARDS ***
Mudager: raises $3 to $6
health_bar: folds
Uncalled bet ($3) returned to Mudager
Mudager collected $6 from pot
*** SUMMARY ***
Total pot $6 | Rake $0
Seat 3: Mudager (button) (small blind) collected ($6)
Seat 6: health_bar (big blind) folded before Flop


PokerStars Hand #150540986980:  Hold'em Limit ($3/$6 USD) - 2016/03/18 11:26:29 ET
Table 'Leontina II' 6-max Seat #6 is the button
Seat 3: Mudager ($141.50 in chips)
Seat 6: health_bar ($10.73 in chips)
health_bar: posts small blind $1
Mudager: posts big blind $3
*** HOLE CARDS ***
health_bar: folds
Uncalled bet ($2) returned to Mudager
Mudager collected $2 from pot
Mudager: doesn't show hand
*** SUMMARY ***
Total pot $2 | Rake $0
Seat 3: Mudager (big blind) collected ($2)
Seat 6: health_bar (button) (small blind) folded before Flop


PokerStars Hand #150540982435:  Hold'em Limit ($3/$6 USD) - 2016/03/18 11:26:22 ET
Table 'Leontina II' 6-max Seat #3 is the button
Seat 3: Mudager ($138.50 in chips)
Seat 6: health_bar ($13.73 in chips)
Mudager: posts small blind $1
health_bar: posts big blind $3
*** HOLE CARDS ***
Mudager: raises $3 to $6
health_bar: folds
Uncalled bet ($3) returned to Mudager
Mudager collected $6 from pot
Mudager: doesn't show hand
*** SUMMARY ***
Total pot $6 | Rake $0
Seat 3: Mudager (button) (small blind) collected ($6)
Seat 6: health_bar (big blind) folded before Flop


PokerStars Hand #150540976412:  Hold'em Limit ($3/$6 USD) - 2016/03/18 11:26:13 ET
Table 'Leontina II' 6-max Seat #6 is the button
Seat 3: Mudager ($141.50 in chips)
Seat 6: health_bar ($10.73 in chips)
health_bar: posts small blind $1
Mudager: posts big blind $3
*** HOLE CARDS ***
health_bar: raises $3 to $6
Mudager: folds
Uncalled bet ($3) returned to health_bar
health_bar collected $6 from pot
health_bar: doesn't show hand
*** SUMMARY ***
Total pot $6 | Rake $0
Seat 3: Mudager (big blind) folded before Flop
Seat 6: health_bar (button) (small blind) collected ($6)


PokerStars Hand #150540971269:  Hold'em Limit ($3/$6 USD) - 2016/03/18 11:26:06 ET
Table 'Leontina II' 6-max Seat #3 is the button
Seat 3: Mudager ($138.50 in chips)
Seat 6: health_bar ($13.73 in chips)
Mudager: posts small blind $1
health_bar: posts big blind $3
*** HOLE CARDS ***
Mudager: raises $3 to $6
health_bar: folds
Uncalled bet ($3) returned to Mudager
Mudager collected $6 from pot
Mudager: doesn't show hand
*** SUMMARY ***
Total pot $6 | Rake $0
Seat 3: Mudager (button) (small blind) collected ($6)
Seat 6: health_bar (big blind) folded before Flop


PokerStars Hand #150540967986:  Hold'em Limit ($3/$6 USD) - 2016/03/18 11:26:01 ET
Table 'Leontina II' 6-max Seat #6 is the button
Seat 3: Mudager ($137.50 in chips)
Seat 6: health_bar ($14.73 in chips)
health_bar: posts small blind $1
Mudager: posts big blind $3
*** HOLE CARDS ***
health_bar: folds
Uncalled bet ($2) returned to Mudager
Mudager collected $2 from pot
Mudager: doesn't show hand
*** SUMMARY ***
Total pot $2 | Rake $0
Seat 3: Mudager (big blind) collected ($2)
Seat 6: health_bar (button) (small blind) folded before Flop


PokerStars Hand #150540962999:  Hold'em Limit ($3/$6 USD) - 2016/03/18 11:25:53 ET
Table 'Leontina II' 6-max Seat #3 is the button
Seat 3: Mudager ($134.50 in chips)
Seat 6: health_bar ($17.73 in chips)
Mudager: posts small blind $1
health_bar: posts big blind $3
*** HOLE CARDS ***
Mudager: raises $3 to $6
health_bar: folds
Uncalled bet ($3) returned to Mudager
Mudager collected $6 from pot
Mudager: doesn't show hand
*** SUMMARY ***
Total pot $6 | Rake $0
Seat 3: Mudager (button) (small blind) collected ($6)
Seat 6: health_bar (big blind) folded before Flop


PokerStars Hand #150540945543:  Hold'em Limit ($3/$6 USD) - 2016/03/18 11:25:28 ET
Table 'Leontina II' 6-max Seat #6 is the button
Seat 3: Mudager ($120 in chips)
Seat 6: health_bar ($32.73 in chips)
health_bar: posts small blind $1
Mudager: posts big blind $3
*** HOLE CARDS ***
health_bar: raises $3 to $6
Mudager: calls $3
*** FLOP *** [3h 4h 7s]
Mudager: checks
health_bar: bets $3
Mudager: calls $3
*** TURN *** [3h 4h 7s] [5c]
Mudager: checks
health_bar: bets $6
Mudager: calls $6
*** RIVER *** [3h 4h 7s 5c] [4d]
Mudager: checks
health_bar: checks
*** SHOW DOWN ***
Mudager: shows [9d 3d] (two pair, Fours and Threes)
health_bar: mucks hand
Mudager collected $29.50 from pot
*** SUMMARY ***
Total pot $30 | Rake $0.50
Board [3h 4h 7s 5c 4d]
Seat 3: Mudager (big blind) showed [9d 3d] and won ($29.50) with two pair, Fours and Threes
Seat 6: health_bar (button) (small blind) mucked


PokerStars Hand #150541009222:  Hold'em Limit ($3/$6 USD) - 2016/03/18 11:27:00 ET
Table 'Leontina II' 6-max Seat #3 is the button
Seat 3: Mudager ($133.77 in chips)
Seat 6: health_bar ($18.07 in chips)
Mudager: posts small blind $1
health_bar: posts big blind $3
*** HOLE CARDS ***
Mudager: raises $3 to $6
health_bar: calls $3
*** FLOP *** [Qc 9c 8s]
health_bar: checks
Mudager: bets $3
health_bar: folds
Uncalled bet ($3) returned to Mudager
Mudager collected $11.76 from pot
Mudager: doesn't show hand
*** SUMMARY ***
Total pot $12 | Rake $0.24
Board [Qc 9c 8s]
Seat 3: Mudager (button) (small blind) collected ($11.76)
Seat 6: health_bar (big blind) folded on the Flop


PokerStars Hand #150541005581:  Hold'em Limit ($3/$6 USD) - 2016/03/18 11:26:55 ET
Table 'Leontina II' 6-max Seat #6 is the button
Seat 3: Mudager ($132.77 in chips)
Seat 6: health_bar ($19.07 in chips)
health_bar: posts small blind $1
Mudager: posts big blind $3
*** HOLE CARDS ***
health_bar: folds
Uncalled bet ($2) returned to Mudager
Mudager collected $2 from pot
Mudager: doesn't show hand
*** SUMMARY ***
Total pot $2 | Rake $0
Seat 3: Mudager (big blind) collected ($2)
Seat 6: health_bar (button) (small blind) folded before Flop


PokerStars Hand #150540990470:  Hold'em Limit ($3/$6 USD) - 2016/03/18 11:26:34 ET
Table 'Leontina II' 6-max Seat #3 is the button
Seat 3: Mudager ($142.50 in chips)
Seat 6: health_bar ($9.73 in chips)
Mudager: posts small blind $1
health_bar: posts big blind $3
*** HOLE CARDS ***
Mudager: raises $3 to $6
health_bar: raises $3 to $9
Mudager: calls $3
*** FLOP *** [3s 2h 8s]
health_bar: bets $0.73 and is all-in
Mudager: calls $0.73
*** TURN *** [3s 2h 8s] [5c]
*** RIVER *** [3s 2h 8s 5c] [2s]
*** SHOW DOWN ***
health_bar: shows [4h 5h] (two pair, Fives and Deuces)
Mudager: shows [Jc 9h] (a pair of Deuces)
health_bar collected $19.07 from pot
*** SUMMARY ***
Total pot $19.46 | Rake $0.39
Board [3s 2h 8s 5c 2s]
Seat 3: Mudager (button) (small blind) showed [Jc 9h] and lost with a pair of Deuces
Seat 6: health_bar (big blind) showed [4h 5h] and won ($19.07) with two pair, Fives and Deuces


PokerStars Hand #150541019177:  Hold'em Limit ($3/$6 USD) - 2016/03/18 11:27:15 ET
Table 'Leontina II' 6-max Seat #6 is the button
Seat 3: Mudager ($139.53 in chips)
Seat 6: health_bar ($12.07 in chips)
health_bar: posts small blind $1
Mudager: posts big blind $3
*** HOLE CARDS ***
health_bar: calls $2
Mudager: raises $3 to $6
health_bar: calls $3
*** FLOP *** [2d Qd Kh]
Mudager: bets $3
health_bar: raises $3 to $6
Mudager: calls $3
*** TURN *** [2d Qd Kh] [3d]
Mudager: checks
health_bar: bets $0.07 and is all-in
Mudager: calls $0.07
*** RIVER *** [2d Qd Kh 3d] [Ac]
*** SHOW DOWN ***
Mudager: shows [Tc Ah] (a pair of Aces)
health_bar: shows [Ts Jh] (a straight, Ten to Ace)
health_bar collected $23.66 from pot
*** SUMMARY ***
Total pot $24.14 | Rake $0.48
Board [2d Qd Kh 3d Ac]
Seat 3: Mudager (big blind) showed [Tc Ah] and lost with a pair of Aces
Seat 6: health_bar (button) (small blind) showed [Ts Jh] and won ($23.66) with a straight, Ten to Ace


PokerStars Hand #150541040851:  Hold'em Limit ($3/$6 USD) - 2016/03/18 11:27:46 ET
Table 'Leontina II' 6-max Seat #3 is the button
Seat 3: Mudager ($127.46 in chips)
Seat 6: health_bar ($23.66 in chips)
Mudager: posts small blind $1
health_bar: posts big blind $3
*** HOLE CARDS ***
Mudager: raises $3 to $6
health_bar: calls $3
*** FLOP *** [3d Ts Kd]
health_bar: checks
Mudager: bets $3
health_bar: calls $3
*** TURN *** [3d Ts Kd] [9s]
health_bar: checks
Mudager: checks
*** RIVER *** [3d Ts Kd 9s] [2d]
health_bar: bets $6
Mudager: folds
Uncalled bet ($6) returned to health_bar
health_bar collected $17.64 from pot
health_bar: doesn't show hand
*** SUMMARY ***
Total pot $18 | Rake $0.36
Board [3d Ts Kd 9s 2d]
Seat 3: Mudager (button) (small blind) folded on the River
Seat 6: health_bar (big blind) collected ($17.64)


PokerStars Hand #150541059953:  Hold'em Limit ($3/$6 USD) - 2016/03/18 11:28:14 ET
Table 'Leontina II' 6-max Seat #6 is the button
Seat 3: Mudager ($120 in chips)
Seat 6: health_bar ($32.30 in chips)
health_bar: posts small blind $1
Mudager: posts big blind $3
*** HOLE CARDS ***
health_bar: calls $2
Mudager: raises $3 to $6
health_bar: calls $3
*** FLOP *** [5d 2h 2c]
Mudager: bets $3
health_bar: folds
Uncalled bet ($3) returned to Mudager
Mudager collected $11.76 from pot
Mudager: doesn't show hand
*** SUMMARY ***
Total pot $12 | Rake $0.24
Board [5d 2h 2c]
Seat 3: Mudager (big blind) collected ($11.76)
Seat 6: health_bar (button) (small blind) folded on the Flop


PokerStars Hand #150541089159:  Hold'em Limit ($3/$6 USD) - 2016/03/18 11:28:56 ET
Table 'Leontina II' 6-max Seat #6 is the button
Seat 3: Mudager ($128.76 in chips)
Seat 6: health_bar ($23.30 in chips)
health_bar: posts small blind $1
Mudager: posts big blind $3
*** HOLE CARDS ***
health_bar: folds
Uncalled bet ($2) returned to Mudager
Mudager collected $2 from pot
Mudager: doesn't show hand
*** SUMMARY ***
Total pot $2 | Rake $0
Seat 3: Mudager (big blind) collected ($2)
Seat 6: health_bar (button) (small blind) folded before Flop


PokerStars Hand #150541081295:  Hold'em Limit ($3/$6 USD) - 2016/03/18 11:28:45 ET
Table 'Leontina II' 6-max Seat #3 is the button
Seat 3: Mudager ($125.76 in chips)
Seat 6: health_bar ($26.30 in chips)
Mudager: posts small blind $1
health_bar: posts big blind $3
*** HOLE CARDS ***
Mudager: raises $3 to $6
health_bar: folds
Uncalled bet ($3) returned to Mudager
Mudager collected $6 from pot
*** SUMMARY ***
Total pot $6 | Rake $0
Seat 3: Mudager (button) (small blind) collected ($6)
Seat 6: health_bar (big blind) folded before Flop


PokerStars Hand #150541117066:  Hold'em Limit ($3/$6 USD) - 2016/03/18 11:29:36 ET
Table 'Leontina II' 6-max Seat #6 is the button
Seat 3: Mudager ($138.40 in chips)
Seat 6: health_bar ($13.30 in chips)
health_bar: posts small blind $1
Mudager: posts big blind $3
*** HOLE CARDS ***
health_bar: folds
Uncalled bet ($2) returned to Mudager
Mudager collected $2 from pot
Mudager: doesn't show hand
*** SUMMARY ***
Total pot $2 | Rake $0
Seat 3: Mudager (big blind) collected ($2)
Seat 6: health_bar (button) (small blind) folded before Flop


PokerStars Hand #150541092433:  Hold'em Limit ($3/$6 USD) - 2016/03/18 11:29:01 ET
Table 'Leontina II' 6-max Seat #3 is the button
Seat 3: Mudager ($129.76 in chips)
Seat 6: health_bar ($22.30 in chips)
Mudager: posts small blind $1
health_bar: posts big blind $3
*** HOLE CARDS ***
Mudager: raises $3 to $6
health_bar: calls $3
*** FLOP *** [7d 6s 2c]
health_bar: checks
Mudager: bets $3
health_bar: calls $3
*** TURN *** [7d 6s 2c] [Jd]
health_bar: checks
Mudager: bets $6
health_bar: folds
Uncalled bet ($6) returned to Mudager
Mudager collected $17.64 from pot
Mudager: doesn't show hand
*** SUMMARY ***
Total pot $18 | Rake $0.36
Board [7d 6s 2c Jd]
Seat 3: Mudager (button) (small blind) collected ($17.64)
Seat 6: health_bar (big blind) folded on the Turn


PokerStars Hand #150541120332:  Hold'em Limit ($3/$6 USD) - 2016/03/18 11:29:41 ET
Table 'Leontina II' 6-max Seat #3 is the button
Seat 3: Mudager ($139.40 in chips)
Seat 6: health_bar ($12.30 in chips)
Mudager: posts small blind $1
health_bar: posts big blind $3
*** HOLE CARDS ***
Mudager: raises $3 to $6
health_bar: folds
Uncalled bet ($3) returned to Mudager
Mudager collected $6 from pot
Mudager: doesn't show hand
*** SUMMARY ***
Total pot $6 | Rake $0
Seat 3: Mudager (button) (small blind) collected ($6)
Seat 6: health_bar (big blind) folded before Flop


PokerStars Hand #150541125530:  Hold'em Limit ($3/$6 USD) - 2016/03/18 11:29:49 ET
Table 'Leontina II' 6-max Seat #6 is the button
Seat 3: Mudager ($142.40 in chips)
Seat 6: health_bar ($9.30 in chips)
health_bar: posts small blind $1
Mudager: posts big blind $3
*** HOLE CARDS ***
health_bar: raises $3 to $6
Mudager: raises $3 to $9
health_bar: raises $0.30 to $9.30 and is all-in
Betting is capped
Mudager: calls $0.30
*** FLOP *** [Jh 8d 5h]
*** TURN *** [Jh 8d 5h] [3s]
*** RIVER *** [Jh 8d 5h 3s] [Ts]
*** SHOW DOWN ***
Mudager: shows [2c Qs] (high card Queen)
health_bar: shows [Td Tc] (three of a kind, Tens)
health_bar collected $18.23 from pot
*** SUMMARY ***
Total pot $18.60 | Rake $0.37
Board [Jh 8d 5h 3s Ts]
Seat 3: Mudager (big blind) showed [2c Qs] and lost with high card Queen
Seat 6: health_bar (button) (small blind) showed [Td Tc] and won ($18.23) with three of a kind, Tens


PokerStars Hand #150541138494:  Hold'em Limit ($3/$6 USD) - 2016/03/18 11:30:06 ET
Table 'Leontina II' 6-max Seat #3 is the button
Seat 3: Mudager ($133.10 in chips)
Seat 6: health_bar ($18.23 in chips)
Mudager: posts small blind $1
health_bar: posts big blind $3
*** HOLE CARDS ***
Mudager: raises $3 to $6
health_bar: raises $3 to $9
Mudager: calls $3
*** FLOP *** [7s As Qc]
health_bar: bets $3
Mudager: calls $3
*** TURN *** [7s As Qc] [3s]
health_bar: bets $6
Mudager: calls $6
*** RIVER *** [7s As Qc 3s] [9s]
health_bar: bets $0.23 and is all-in
Mudager: calls $0.23
*** SHOW DOWN ***
health_bar: shows [Td Jd] (high card Ace)
Mudager: shows [9d 8s] (a flush, Ace high)
Mudager collected $35.96 from pot
*** SUMMARY ***
Total pot $36.46 | Rake $0.50
Board [7s As Qc 3s 9s]
Seat 3: Mudager (button) (small blind) showed [9d 8s] and won ($35.96) with a flush, Ace high
Seat 6: health_bar (big blind) showed [Td Jd] and lost with high card Ace


