PokerStars Hand #162762886140:  Hold'em Limit ($3/$6 USD) - 2016/12/11 7:22:22 ET
Table 'Leonce' 6-max Seat #4 is the button
Seat 3: Kaukadiginte ($119 in chips)
Seat 4: Agrotait ($73 in chips)
Agrotait: posts small blind $1
Kaukadiginte: posts big blind $3
*** HOLE CARDS ***
Agrotait: raises $3 to $6
Kaukadiginte: calls $3
*** FLOP *** [2c 4s 7d]
Kaukadiginte: checks
Agrotait: bets $3
Kaukadiginte: calls $3
*** TURN *** [2c 4s 7d] [4d]
Kaukadiginte: checks
ZinZar joins the table at seat #5
Agrotait: bets $6
Kaukadiginte: calls $6
*** RIVER *** [2c 4s 7d 4d] [5c]
Kaukadiginte: checks
Agrotait: bets $6
Kaukadiginte: folds
Uncalled bet ($6) returned to Agrotait
Agrotait collected $29.50 from pot
Agrotait: doesn't show hand
*** SUMMARY ***
Total pot $30 | Rake $0.50
Board [2c 4s 7d 4d 5c]
Seat 3: Kaukadiginte (big blind) folded on the River
Seat 4: Agrotait (button) (small blind) collected ($29.50)


PokerStars Hand #162762909705:  Hold'em Limit ($3/$6 USD) - 2016/12/11 7:23:00 ET
Table 'Leonce' 6-max Seat #3 is the button
Seat 3: Kaukadiginte ($104 in chips)
Seat 4: Agrotait ($87.50 in chips)
Kaukadiginte: posts small blind $1
Agrotait: posts big blind $3
*** HOLE CARDS ***
Kaukadiginte: folds
Uncalled bet ($2) returned to Agrotait
Agrotait collected $2 from pot
Agrotait: doesn't show hand
*** SUMMARY ***
Total pot $2 | Rake $0
Seat 3: Kaukadiginte (button) (small blind) folded before Flop
Seat 4: Agrotait (big blind) collected ($2)


PokerStars Hand #162781025103:  Hold'em Limit ($3/$6 USD) - 2016/12/11 13:11:36 ET
Table 'Leonce' 6-max Seat #5 is the button
Seat 4: ToDaFelt ($247.54 in chips)
Seat 5: FaStBluff ($231.68 in chips)
FaStBluff: posts small blind $1
ToDaFelt: posts big blind $3
*** HOLE CARDS ***
FaStBluff: folds
Uncalled bet ($2) returned to ToDaFelt
ToDaFelt collected $2 from pot
ToDaFelt: doesn't show hand
*** SUMMARY ***
Total pot $2 | Rake $0
Seat 4: ToDaFelt (big blind) collected ($2)
Seat 5: FaStBluff (button) (small blind) folded before Flop


PokerStars Hand #162781001867:  Hold'em Limit ($3/$6 USD) - 2016/12/11 13:11:16 ET
Table 'Leonce' 6-max Seat #4 is the button
Seat 4: ToDaFelt ($241.78 in chips)
Seat 5: FaStBluff ($237.68 in chips)
ToDaFelt: posts small blind $1
FaStBluff: posts big blind $3
*** HOLE CARDS ***
ToDaFelt: raises $3 to $6
FaStBluff: calls $3
*** FLOP *** [8c Qc Kd]
FaStBluff: checks
ToDaFelt: bets $3
FaStBluff: folds
Uncalled bet ($3) returned to ToDaFelt
ToDaFelt collected $11.76 from pot
ToDaFelt: doesn't show hand
*** SUMMARY ***
Total pot $12 | Rake $0.24
Board [8c Qc Kd]
Seat 4: ToDaFelt (button) (small blind) collected ($11.76)
Seat 5: FaStBluff (big blind) folded on the Flop


PokerStars Hand #162780964476:  Hold'em Limit ($3/$6 USD) - 2016/12/11 13:10:44 ET
Table 'Leonce' 6-max Seat #5 is the button
Seat 4: ToDaFelt ($218.28 in chips)
Seat 5: FaStBluff ($261.68 in chips)
FaStBluff: posts small blind $1
parnishka11: is sitting out
ToDaFelt: posts big blind $3
*** HOLE CARDS ***
parnishka11 leaves the table
FaStBluff: raises $3 to $6
ToDaFelt: raises $3 to $9
FaStBluff: calls $3
*** FLOP *** [Kc 6c 7h]
ToDaFelt: bets $3
FaStBluff: calls $3
*** TURN *** [Kc 6c 7h] [Td]
ToDaFelt: bets $6
FaStBluff: calls $6
*** RIVER *** [Kc 6c 7h Td] [Qd]
ToDaFelt: bets $6
FaStBluff: calls $6
*** SHOW DOWN ***
ToDaFelt: shows [Tc Kd] (two pair, Kings and Tens)
FaStBluff: mucks hand
ToDaFelt collected $47.50 from pot
*** SUMMARY ***
Total pot $48 | Rake $0.50
Board [Kc 6c 7h Td Qd]
Seat 4: ToDaFelt (big blind) showed [Tc Kd] and won ($47.50) with two pair, Kings and Tens
Seat 5: FaStBluff (button) (small blind) mucked


PokerStars Hand #162781061032:  Hold'em Limit ($3/$6 USD) - 2016/12/11 13:12:07 ET
Table 'Leonce' 6-max Seat #4 is the button
Seat 4: ToDaFelt ($248.54 in chips)
Seat 6: titanfall23 ($37.51 in chips)
ToDaFelt: posts small blind $1
titanfall23: posts big blind $3
*** HOLE CARDS ***
ToDaFelt: raises $3 to $6
titanfall23: calls $3
*** FLOP *** [8d Ah 9h]
titanfall23: checks
ToDaFelt: bets $3
titanfall23: folds
Uncalled bet ($3) returned to ToDaFelt
ToDaFelt collected $11.76 from pot
ToDaFelt: doesn't show hand
*** SUMMARY ***
Total pot $12 | Rake $0.24
Board [8d Ah 9h]
Seat 4: ToDaFelt (button) (small blind) collected ($11.76)
Seat 6: titanfall23 (big blind) folded on the Flop


PokerStars Hand #162781140137:  Hold'em Limit ($3/$6 USD) - 2016/12/11 13:13:15 ET
Table 'Leonce' 6-max Seat #4 is the button
Seat 1: vestimokrec ($120 in chips)
Seat 4: ToDaFelt ($255.30 in chips)
ToDaFelt: posts small blind $1
vestimokrec: posts big blind $3
*** HOLE CARDS ***
ToDaFelt: raises $3 to $6
vestimokrec: calls $3
*** FLOP *** [Jc 3s 2s]
vestimokrec: checks
ToDaFelt: bets $3
vestimokrec: calls $3
*** TURN *** [Jc 3s 2s] [3h]
vestimokrec: checks
ToDaFelt: bets $6
vestimokrec: calls $6
*** RIVER *** [Jc 3s 2s 3h] [8c]
vestimokrec: checks
ToDaFelt: checks
*** SHOW DOWN ***
vestimokrec: shows [4c Kd] (a pair of Threes)
ToDaFelt: shows [6h 6c] (two pair, Sixes and Threes)
ToDaFelt collected $29.50 from pot
*** SUMMARY ***
Total pot $30 | Rake $0.50
Board [Jc 3s 2s 3h 8c]
Seat 1: vestimokrec (big blind) showed [4c Kd] and lost with a pair of Threes
Seat 4: ToDaFelt (button) (small blind) showed [6h 6c] and won ($29.50) with two pair, Sixes and Threes


PokerStars Hand #162781104335:  Hold'em Limit ($3/$6 USD) - 2016/12/11 13:12:44 ET
Table 'Leonce' 6-max Seat #6 is the button
Seat 4: ToDaFelt ($254.30 in chips)
Seat 6: titanfall23 ($31.51 in chips)
titanfall23: posts small blind $1
ToDaFelt: posts big blind $3
*** HOLE CARDS ***
vestimokrec joins the table at seat #1
titanfall23 has timed out while being disconnected
titanfall23: folds
Uncalled bet ($2) returned to ToDaFelt
ToDaFelt collected $2 from pot
ToDaFelt: doesn't show hand
*** SUMMARY ***
Total pot $2 | Rake $0
Seat 4: ToDaFelt (big blind) collected ($2)
Seat 6: titanfall23 (button) (small blind) folded before Flop


PokerStars Hand #162781180243:  Hold'em Limit ($3/$6 USD) - 2016/12/11 13:13:50 ET
Table 'Leonce' 6-max Seat #1 is the button
Seat 1: vestimokrec ($105 in chips)
Seat 4: ToDaFelt ($269.80 in chips)
vestimokrec: posts small blind $1
ToDaFelt: posts big blind $3
*** HOLE CARDS ***
vestimokrec: raises $3 to $6
ToDaFelt: calls $3
*** FLOP *** [3d 8s 7h]
ToDaFelt: checks
vestimokrec: bets $3
ToDaFelt: raises $3 to $6
vestimokrec: calls $3
*** TURN *** [3d 8s 7h] [4d]
ToDaFelt: bets $6
denn69 joins the table at seat #5
vestimokrec: calls $6
*** RIVER *** [3d 8s 7h 4d] [Kh]
ToDaFelt: bets $6
vestimokrec: raises $6 to $12
ToDaFelt: folds
Uncalled bet ($6) returned to vestimokrec
vestimokrec collected $47.50 from pot
vestimokrec: doesn't show hand
*** SUMMARY ***
Total pot $48 | Rake $0.50
Board [3d 8s 7h 4d Kh]
Seat 1: vestimokrec (button) (small blind) collected ($47.50)
Seat 4: ToDaFelt (big blind) folded on the River


PokerStars Hand #162787803493:  Hold'em Limit ($3/$6 USD) - 2016/12/11 14:49:28 ET
Table 'Leonce' 6-max Seat #6 is the button
Seat 4: ToDaFelt ($215.92 in chips)
Seat 6: feilinho ($124.99 in chips)
feilinho: posts small blind $1
DECAlpha: is sitting out
ToDaFelt: posts big blind $3
*** HOLE CARDS ***
feilinho: raises $3 to $6
ToDaFelt: folds
Uncalled bet ($3) returned to feilinho
DECAlpha said, ".... just fish...."
feilinho collected $6 from pot
*** SUMMARY ***
Total pot $6 | Rake $0
Seat 4: ToDaFelt (big blind) folded before Flop
Seat 6: feilinho (button) (small blind) collected ($6)


