PokerStars Hand #166592356654:  Hold'em Limit ($3/$6 USD) - 2017/02/22 5:17:45 ET
Table 'Leonce' 6-max Seat #4 is the button
Seat 1: hassan67 ($132.21 in chips)
Seat 4: Actionni13 ($217.14 in chips)
Actionni13: posts small blind $1
hassan67: posts big blind $3
*** HOLE CARDS ***
Actionni13: raises $3 to $6
hassan67: calls $3
*** FLOP *** [Ts 5s Jd]
hassan67: checks
Actionni13: bets $3
hassan67: raises $3 to $6
Actionni13: calls $3
*** TURN *** [Ts 5s Jd] [7d]
Luanto 14 joins the table at seat #3
hassan67: bets $6
Actionni13: calls $6
*** RIVER *** [Ts 5s Jd 7d] [5h]
hassan67: checks
Actionni13: bets $6
hassan67: folds
Uncalled bet ($6) returned to Actionni13
Actionni13 collected $35.50 from pot
Actionni13: doesn't show hand
*** SUMMARY ***
Total pot $36 | Rake $0.50
Board [Ts 5s Jd 7d 5h]
Seat 1: hassan67 (big blind) folded on the River
Seat 4: Actionni13 (button) (small blind) collected ($35.50)


PokerStars Hand #166592345723:  Hold'em Limit ($3/$6 USD) - 2017/02/22 5:17:19 ET
Table 'Leonce' 6-max Seat #1 is the button
Seat 1: hassan67 ($114.71 in chips)
Seat 4: Actionni13 ($235.14 in chips)
hassan67: posts small blind $1
Luanto 14: is sitting out
Actionni13: posts big blind $3
*** HOLE CARDS ***
hassan67: raises $3 to $6
Actionni13: raises $3 to $9
hassan67: calls $3
*** FLOP *** [5h Kc 6h]
Actionni13: bets $3
hassan67: calls $3
*** TURN *** [5h Kc 6h] [5d]
Luanto 14 leaves the table
Actionni13: bets $6
hassan67: raises $6 to $12
Actionni13: folds
Uncalled bet ($6) returned to hassan67
hassan67 collected $35.50 from pot
hassan67: doesn't show hand
*** SUMMARY ***
Total pot $36 | Rake $0.50
Board [5h Kc 6h 5d]
Seat 1: hassan67 (button) (small blind) collected ($35.50)
Seat 4: Actionni13 (big blind) folded on the Turn


PokerStars Hand #166593024144:  Hold'em Limit ($3/$6 USD) - 2017/02/22 5:43:29 ET
Table 'Leonce' 6-max Seat #1 is the button
Seat 1: ABATAPP ($137.49 in chips)
Seat 3: Luanto 14 ($104.79 in chips)
ABATAPP: posts small blind $1
Luanto 14: posts big blind $3
*** HOLE CARDS ***
ABATAPP: folds
Uncalled bet ($2) returned to Luanto 14
ABATAPP leaves the table
Luanto 14 collected $2 from pot
Luanto 14: doesn't show hand
*** SUMMARY ***
Total pot $2 | Rake $0
Seat 1: ABATAPP (button) (small blind) folded before Flop
Seat 3: Luanto 14 (big blind) collected ($2)


PokerStars Hand #166593021989:  Hold'em Limit ($3/$6 USD) - 2017/02/22 5:43:24 ET
Table 'Leonce' 6-max Seat #3 is the button
Seat 1: ABATAPP ($136.49 in chips)
Seat 3: Luanto 14 ($105.79 in chips)
Luanto 14: posts small blind $1
ABATAPP: posts big blind $3
*** HOLE CARDS ***
Luanto 14: folds
Uncalled bet ($2) returned to ABATAPP
ionellu leaves the table
ABATAPP collected $2 from pot
ABATAPP: doesn't show hand
*** SUMMARY ***
Total pot $2 | Rake $0
Seat 1: ABATAPP (big blind) collected ($2)
Seat 3: Luanto 14 (button) (small blind) folded before Flop


