PokerStars Hand #147593371297:  Hold'em Limit ($3/$6 USD) - 2016/01/24 9:46:38 ET
Table 'Leonteus II' 2-max Seat #1 is the button
Seat 1: BelSv ($78 in chips)
Seat 2: Profitables ($72.14 in chips)
BelSv: posts small blind $1
Profitables: posts big blind $3
*** HOLE CARDS ***
BelSv: raises $3 to $6
Profitables: calls $3
*** FLOP *** [7c 8c 6c]
Profitables: checks
BelSv: checks
*** TURN *** [7c 8c 6c] [2d]
Profitables: bets $6
BelSv: calls $6
*** RIVER *** [7c 8c 6c 2d] [2s]
Profitables: checks
BelSv: checks
*** SHOW DOWN ***
Profitables: shows [5h Td] (a pair of Deuces)
BelSv: shows [Tc Ks] (a pair of Deuces - King kicker)
BelSv collected $23.52 from pot
*** SUMMARY ***
Total pot $24 | Rake $0.48
Board [7c 8c 6c 2d 2s]
Seat 1: BelSv (button) (small blind) showed [Tc Ks] and won ($23.52) with a pair of Deuces
Seat 2: Profitables (big blind) showed [5h Td] and lost with a pair of Deuces


PokerStars Hand #147593357962:  Hold'em Limit ($3/$6 USD) - 2016/01/24 9:46:22 ET
Table 'Leonteus II' 2-max Seat #2 is the button
Seat 1: BelSv ($78 in chips)
Seat 2: Profitables ($51.64 in chips)
Profitables: posts small blind $1
BelSv: posts big blind $3
*** HOLE CARDS ***
Profitables: raises $3 to $6
BelSv: raises $3 to $9
Profitables: calls $3
*** FLOP *** [2h 8s 9c]
BelSv: bets $3
Profitables: raises $3 to $6
BelSv: calls $3
*** TURN *** [2h 8s 9c] [3d]
BelSv: checks
Profitables: bets $6
BelSv: calls $6
*** RIVER *** [2h 8s 9c 3d] [Jd]
BelSv: checks
Profitables: bets $6
BelSv: folds
Uncalled bet ($6) returned to Profitables
Profitables collected $41.50 from pot
Profitables: doesn't show hand
*** SUMMARY ***
Total pot $42 | Rake $0.50
Board [2h 8s 9c 3d Jd]
Seat 1: BelSv (big blind) folded on the River
Seat 2: Profitables (button) (small blind) collected ($41.50)


PokerStars Hand #147593340076:  Hold'em Limit ($3/$6 USD) - 2016/01/24 9:46:00 ET
Table 'Leonteus II' 2-max Seat #1 is the button
Seat 1: BelSv ($78 in chips)
Seat 2: Profitables ($43 in chips)
BelSv: posts small blind $1
Profitables: posts big blind $3
*** HOLE CARDS ***
BelSv: raises $3 to $6
Profitables: calls $3
*** FLOP *** [7h Qs 8h]
Profitables: checks
BelSv: bets $3
Profitables: calls $3
*** TURN *** [7h Qs 8h] [5c]
Profitables: checks
BelSv: checks
*** RIVER *** [7h Qs 8h 5c] [3c]
Profitables: bets $6
BelSv: folds
Uncalled bet ($6) returned to Profitables
Profitables collected $17.64 from pot
Profitables: doesn't show hand
*** SUMMARY ***
Total pot $18 | Rake $0.36
Board [7h Qs 8h 5c 3c]
Seat 1: BelSv (button) (small blind) folded on the River
Seat 2: Profitables (big blind) collected ($17.64)


PokerStars Hand #147593429522:  Hold'em Limit ($3/$6 USD) - 2016/01/24 9:47:34 ET
Table 'Leonteus II' 2-max Seat #1 is the button
Seat 1: BelSv ($104.02 in chips)
Seat 2: Profitables ($45.14 in chips)
BelSv: posts small blind $1
Profitables: posts big blind $3
*** HOLE CARDS ***
BelSv: raises $3 to $6
Profitables: calls $3
*** FLOP *** [7d Qs 3s]
Profitables: checks
BelSv: bets $3
Profitables: calls $3
*** TURN *** [7d Qs 3s] [3d]
Profitables: checks
BelSv: checks
*** RIVER *** [7d Qs 3s 3d] [4s]
Profitables: checks
BelSv: bets $6
Profitables: folds
Uncalled bet ($6) returned to BelSv
BelSv collected $17.64 from pot
BelSv: doesn't show hand
*** SUMMARY ***
Total pot $18 | Rake $0.36
Board [7d Qs 3s 3d 4s]
Seat 1: BelSv (button) (small blind) collected ($17.64)
Seat 2: Profitables (big blind) folded on the River


PokerStars Hand #147593418058:  Hold'em Limit ($3/$6 USD) - 2016/01/24 9:47:25 ET
Table 'Leonteus II' 2-max Seat #2 is the button
Seat 1: BelSv ($107.02 in chips)
Seat 2: Profitables ($42.14 in chips)
Profitables: posts small blind $1
BelSv: posts big blind $3
*** HOLE CARDS ***
Profitables: raises $3 to $6
BelSv: folds
Uncalled bet ($3) returned to Profitables
Profitables collected $6 from pot
Profitables: doesn't show hand
*** SUMMARY ***
Total pot $6 | Rake $0
Seat 1: BelSv (big blind) folded before Flop
Seat 2: Profitables (button) (small blind) collected ($6)


PokerStars Hand #147593400563:  Hold'em Limit ($3/$6 USD) - 2016/01/24 9:47:08 ET
Table 'Leonteus II' 2-max Seat #1 is the button
Seat 1: BelSv ($86.52 in chips)
Seat 2: Profitables ($63.14 in chips)
BelSv: posts small blind $1
Profitables: posts big blind $3
*** HOLE CARDS ***
BelSv: raises $3 to $6
Profitables: calls $3
*** FLOP *** [Kh Ad Th]
Profitables: checks
BelSv: bets $3
Profitables: calls $3
*** TURN *** [Kh Ad Th] [Jh]
Profitables: checks
BelSv: bets $6
Profitables: calls $6
*** RIVER *** [Kh Ad Th Jh] [5d]
Profitables: checks
BelSv: bets $6
Profitables: calls $6
*** SHOW DOWN ***
BelSv: shows [4c Qh] (a straight, Ten to Ace)
Profitables: mucks hand
BelSv collected $41.50 from pot
*** SUMMARY ***
Total pot $42 | Rake $0.50
Board [Kh Ad Th Jh 5d]
Seat 1: BelSv (button) (small blind) showed [4c Qh] and won ($41.50) with a straight, Ten to Ace
Seat 2: Profitables (big blind) mucked


PokerStars Hand #147593384127:  Hold'em Limit ($3/$6 USD) - 2016/01/24 9:46:53 ET
Table 'Leonteus II' 2-max Seat #2 is the button
Seat 1: BelSv ($89.52 in chips)
Seat 2: Profitables ($60.14 in chips)
Profitables: posts small blind $1
BelSv: posts big blind $3
*** HOLE CARDS ***
Profitables: raises $3 to $6
BelSv: folds
Uncalled bet ($3) returned to Profitables
Profitables collected $6 from pot
Profitables: doesn't show hand
*** SUMMARY ***
Total pot $6 | Rake $0
Seat 1: BelSv (big blind) folded before Flop
Seat 2: Profitables (button) (small blind) collected ($6)


PokerStars Hand #147593478553:  Hold'em Limit ($3/$6 USD) - 2016/01/24 9:48:21 ET
Table 'Leonteus II' 2-max Seat #1 is the button
Seat 1: BelSv ($120.94 in chips)
Seat 2: Profitables ($26.78 in chips)
BelSv: posts small blind $1
Profitables: posts big blind $3
*** HOLE CARDS ***
BelSv: raises $3 to $6
Profitables: calls $3
*** FLOP *** [3c Ah Jd]
Profitables: checks
BelSv: bets $3
Profitables: raises $3 to $6
BelSv: calls $3
*** TURN *** [3c Ah Jd] [Qd]
Profitables: bets $6
BelSv: calls $6
*** RIVER *** [3c Ah Jd Qd] [5d]
Profitables: bets $6
BelSv: calls $6
*** SHOW DOWN ***
Profitables: shows [Js 8s] (a pair of Jacks)
BelSv: shows [Kc Qh] (a pair of Queens)
BelSv collected $47.50 from pot
*** SUMMARY ***
Total pot $48 | Rake $0.50
Board [3c Ah Jd Qd 5d]
Seat 1: BelSv (button) (small blind) showed [Kc Qh] and won ($47.50) with a pair of Queens
Seat 2: Profitables (big blind) showed [Js 8s] and lost with a pair of Jacks


PokerStars Hand #147593470202:  Hold'em Limit ($3/$6 USD) - 2016/01/24 9:48:11 ET
Table 'Leonteus II' 2-max Seat #2 is the button
Seat 1: BelSv ($112.30 in chips)
Seat 2: Profitables ($35.78 in chips)
Profitables: posts small blind $1
BelSv: posts big blind $3
*** HOLE CARDS ***
Profitables: raises $3 to $6
BelSv: raises $3 to $9
Profitables: calls $3
*** FLOP *** [Qs 8s Ah]
BelSv: bets $3
Profitables: folds
Uncalled bet ($3) returned to BelSv
BelSv collected $17.64 from pot
BelSv: doesn't show hand
*** SUMMARY ***
Total pot $18 | Rake $0.36
Board [Qs 8s Ah]
Seat 1: BelSv (big blind) collected ($17.64)
Seat 2: Profitables (button) (small blind) folded on the Flop


PokerStars Hand #147593461416:  Hold'em Limit ($3/$6 USD) - 2016/01/24 9:48:02 ET
Table 'Leonteus II' 2-max Seat #1 is the button
Seat 1: BelSv ($121.30 in chips)
Seat 2: Profitables ($27.14 in chips)
BelSv: posts small blind $1
Profitables: posts big blind $3
*** HOLE CARDS ***
BelSv: raises $3 to $6
Profitables: calls $3
*** FLOP *** [8h 3h 5c]
Profitables: checks
BelSv: bets $3
Profitables: raises $3 to $6
BelSv: folds
Uncalled bet ($3) returned to Profitables
Profitables collected $17.64 from pot
Profitables: doesn't show hand
*** SUMMARY ***
Total pot $18 | Rake $0.36
Board [8h 3h 5c]
Seat 1: BelSv (button) (small blind) folded on the Flop
Seat 2: Profitables (big blind) collected ($17.64)


PokerStars Hand #147593451911:  Hold'em Limit ($3/$6 USD) - 2016/01/24 9:47:52 ET
Table 'Leonteus II' 2-max Seat #2 is the button
Seat 1: BelSv ($112.66 in chips)
Seat 2: Profitables ($36.14 in chips)
Profitables: posts small blind $1
BelSv: posts big blind $3
*** HOLE CARDS ***
Profitables: raises $3 to $6
BelSv: raises $3 to $9
Profitables: calls $3
*** FLOP *** [Kd Jh 6d]
BelSv: bets $3
Profitables: folds
Uncalled bet ($3) returned to BelSv
BelSv collected $17.64 from pot
BelSv: doesn't show hand
*** SUMMARY ***
Total pot $18 | Rake $0.36
Board [Kd Jh 6d]
Seat 1: BelSv (big blind) collected ($17.64)
Seat 2: Profitables (button) (small blind) folded on the Flop


PokerStars Hand #147593507380:  Hold'em Limit ($3/$6 USD) - 2016/01/24 9:48:56 ET
Table 'Leonteus II' 2-max Seat #2 is the button
Seat 1: BelSv ($144.44 in chips)
Seat 2: Profitables ($30 in chips)
Profitables: posts small blind $1
BelSv: posts big blind $3
*** HOLE CARDS ***
Profitables: raises $3 to $6
BelSv: raises $3 to $9
Profitables: raises $3 to $12
Betting is capped
BelSv: calls $3
*** FLOP *** [Tc Th Kh]
BelSv: checks
Profitables: bets $3
BelSv: raises $3 to $6
Profitables: raises $3 to $9
BelSv: raises $3 to $12
Betting is capped
Profitables: calls $3
*** TURN *** [Tc Th Kh] [5s]
BelSv: bets $6
Profitables: calls $6 and is all-in
*** RIVER *** [Tc Th Kh 5s] [Td]
*** SHOW DOWN ***
BelSv: shows [Ah Ts] (four of a kind, Tens)
Profitables: shows [Jd Ad] (three of a kind, Tens)
BelSv collected $59.50 from pot
*** SUMMARY ***
Total pot $60 | Rake $0.50
Board [Tc Th Kh 5s Td]
Seat 1: BelSv (big blind) showed [Ah Ts] and won ($59.50) with four of a kind, Tens
Seat 2: Profitables (button) (small blind) showed [Jd Ad] and lost with three of a kind, Tens


