PokerStars Hand #151808566351:  Hold'em Limit ($3/$6 USD) - 2016/04/12 9:38:03 ET
Table 'Leonisis' 6-max Seat #1 is the button
Seat 1: B_loJkl ($122.83 in chips)
Seat 6: Paulllchen ($141.14 in chips)
B_loJkl: posts small blind $1
Paulllchen: posts big blind $3
*** HOLE CARDS ***
B_loJkl: raises $3 to $6
Paulllchen: folds
Uncalled bet ($3) returned to B_loJkl
B_loJkl collected $6 from pot
B_loJkl: doesn't show hand
*** SUMMARY ***
Total pot $6 | Rake $0
Seat 1: B_loJkl (button) (small blind) collected ($6)
Seat 6: Paulllchen (big blind) folded before Flop


PokerStars Hand #151808545533:  Hold'em Limit ($3/$6 USD) - 2016/04/12 9:37:28 ET
Table 'Leonisis' 6-max Seat #6 is the button
Seat 1: B_loJkl ($137.83 in chips)
Seat 6: Paulllchen ($126.64 in chips)
Paulllchen: posts small blind $1
B_loJkl: posts big blind $3
*** HOLE CARDS ***
Paulllchen: raises $3 to $6
B_loJkl: raises $3 to $9
Paulllchen: calls $3
*** FLOP *** [8d 7s Qh]
TbIP-TbIP 88 leaves the table
B_loJkl: bets $3
Paulllchen: raises $3 to $6
B_loJkl: calls $3
*** TURN *** [8d 7s Qh] [Js]
B_loJkl: checks
Paulllchen: bets $6
B_loJkl: folds
Uncalled bet ($6) returned to Paulllchen
Paulllchen collected $29.50 from pot
*** SUMMARY ***
Total pot $30 | Rake $0.50
Board [8d 7s Qh Js]
Seat 1: B_loJkl (big blind) folded on the Turn
Seat 6: Paulllchen (button) (small blind) collected ($29.50)


PokerStars Hand #151808541644:  Hold'em Limit ($3/$6 USD) - 2016/04/12 9:37:21 ET
Table 'Leonisis' 6-max Seat #1 is the button
Seat 1: B_loJkl ($138.83 in chips)
Seat 6: Paulllchen ($125.64 in chips)
B_loJkl: posts small blind $1
TbIP-TbIP 88: is sitting out
Paulllchen: posts big blind $3
*** HOLE CARDS ***
B_loJkl: folds
Uncalled bet ($2) returned to Paulllchen
Paulllchen collected $2 from pot
*** SUMMARY ***
Total pot $2 | Rake $0
Seat 1: B_loJkl (button) (small blind) folded before Flop
Seat 6: Paulllchen (big blind) collected ($2)


PokerStars Hand #151808571006:  Hold'em Limit ($3/$6 USD) - 2016/04/12 9:38:11 ET
Table 'Leonisis' 6-max Seat #6 is the button
Seat 1: B_loJkl ($125.83 in chips)
Seat 6: Paulllchen ($138.14 in chips)
Paulllchen: posts small blind $1
B_loJkl: posts big blind $3
*** HOLE CARDS ***
Paulllchen: raises $3 to $6
B_loJkl: calls $3
*** FLOP *** [Kh 4c Qd]
Yell0wBack joins the table at seat #3
B_loJkl: checks
Paulllchen: bets $3
B_loJkl: folds
Uncalled bet ($3) returned to Paulllchen
Paulllchen collected $11.76 from pot
*** SUMMARY ***
Total pot $12 | Rake $0.24
Board [Kh 4c Qd]
Seat 1: B_loJkl (big blind) folded on the Flop
Seat 6: Paulllchen (button) (small blind) collected ($11.76)


PokerStars Hand #151809301620:  Hold'em Limit ($3/$6 USD) - 2016/04/12 9:58:54 ET
Table 'Leonisis' 6-max Seat #3 is the button
Seat 3: Yell0wBack ($423.45 in chips)
Seat 4: Zeeon ($64.76 in chips)
Yell0wBack: posts small blind $1
Zeeon: posts big blind $3
*** HOLE CARDS ***
Yell0wBack: raises $3 to $6
Zeeon: folds
Uncalled bet ($3) returned to Yell0wBack
Yell0wBack collected $6 from pot
Yell0wBack: doesn't show hand
*** SUMMARY ***
Total pot $6 | Rake $0
Seat 3: Yell0wBack (button) (small blind) collected ($6)
Seat 4: Zeeon (big blind) folded before Flop


PokerStars Hand #151809294672:  Hold'em Limit ($3/$6 USD) - 2016/04/12 9:58:41 ET
Table 'Leonisis' 6-max Seat #4 is the button
Seat 3: Yell0wBack ($429.45 in chips)
Seat 4: Zeeon ($59 in chips)
Zeeon: posts small blind $1
B_loJkl: is sitting out
Yell0wBack: posts big blind $3
*** HOLE CARDS ***
B_loJkl leaves the table
Zeeon: raises $3 to $6
Yell0wBack: calls $3
*** FLOP *** [8c 6d Kc]
B_loJkl joins the table at seat #5
Yell0wBack: checks
Zeeon: bets $3
Yell0wBack: folds
Uncalled bet ($3) returned to Zeeon
Zeeon collected $11.76 from pot
*** SUMMARY ***
Total pot $12 | Rake $0.24
Board [8c 6d Kc]
Seat 3: Yell0wBack (big blind) folded on the Flop
Seat 4: Zeeon (button) (small blind) collected ($11.76)


PokerStars Hand #151809444102:  Hold'em Limit ($3/$6 USD) - 2016/04/12 10:03:08 ET
Table 'Leonisis' 6-max Seat #5 is the button
Seat 3: Yell0wBack ($424.17 in chips)
Seat 5: B_loJkl ($179.45 in chips)
B_loJkl: posts small blind $1
Yell0wBack: posts big blind $3
*** HOLE CARDS ***
B_loJkl: folds
Uncalled bet ($2) returned to Yell0wBack
Yell0wBack collected $2 from pot
Yell0wBack: doesn't show hand
*** SUMMARY ***
Total pot $2 | Rake $0
Seat 3: Yell0wBack (big blind) collected ($2)
Seat 5: B_loJkl (button) (small blind) folded before Flop


PokerStars Hand #151809451234:  Hold'em Limit ($3/$6 USD) - 2016/04/12 10:03:20 ET
Table 'Leonisis' 6-max Seat #3 is the button
Seat 3: Yell0wBack ($425.17 in chips)
Seat 5: B_loJkl ($178.45 in chips)
Yell0wBack: posts small blind $1
B_loJkl: posts big blind $3
*** HOLE CARDS ***
Yell0wBack: raises $3 to $6
B_loJkl: calls $3
*** FLOP *** [4d 3c Qc]
B_loJkl: checks
Yell0wBack: bets $3
B_loJkl: folds
Uncalled bet ($3) returned to Yell0wBack
Yell0wBack collected $11.76 from pot
Yell0wBack: doesn't show hand
*** SUMMARY ***
Total pot $12 | Rake $0.24
Board [4d 3c Qc]
Seat 3: Yell0wBack (button) (small blind) collected ($11.76)
Seat 5: B_loJkl (big blind) folded on the Flop


PokerStars Hand #151809495842:  Hold'em Limit ($3/$6 USD) - 2016/04/12 10:04:33 ET
Table 'Leonisis' 6-max Seat #3 is the button
Seat 3: Yell0wBack ($448.43 in chips)
Seat 5: B_loJkl ($154.45 in chips)
Yell0wBack: posts small blind $1
B_loJkl: posts big blind $3
*** HOLE CARDS ***
Yell0wBack: folds
Uncalled bet ($2) returned to B_loJkl
B_loJkl collected $2 from pot
B_loJkl: doesn't show hand
*** SUMMARY ***
Total pot $2 | Rake $0
Seat 3: Yell0wBack (button) (small blind) folded before Flop
Seat 5: B_loJkl (big blind) collected ($2)


PokerStars Hand #151809463677:  Hold'em Limit ($3/$6 USD) - 2016/04/12 10:03:40 ET
Table 'Leonisis' 6-max Seat #5 is the button
Seat 3: Yell0wBack ($430.93 in chips)
Seat 5: B_loJkl ($172.45 in chips)
B_loJkl: posts small blind $1
Yell0wBack: posts big blind $3
*** HOLE CARDS ***
B_loJkl: raises $3 to $6
Yell0wBack: calls $3
*** FLOP *** [6d 4c 2d]
Yell0wBack: checks
B_loJkl: bets $3
Yell0wBack: raises $3 to $6
B_loJkl: calls $3
*** TURN *** [6d 4c 2d] [Tc]
Yell0wBack: bets $6
B_loJkl: calls $6
*** RIVER *** [6d 4c 2d Tc] [As]
Yell0wBack: checks
B_loJkl: checks
*** SHOW DOWN ***
Yell0wBack: shows [7d 6h] (a pair of Sixes)
B_loJkl: mucks hand
Yell0wBack collected $35.50 from pot
*** SUMMARY ***
Total pot $36 | Rake $0.50
Board [6d 4c 2d Tc As]
Seat 3: Yell0wBack (big blind) showed [7d 6h] and won ($35.50) with a pair of Sixes
Seat 5: B_loJkl (button) (small blind) mucked


PokerStars Hand #151809498884:  Hold'em Limit ($3/$6 USD) - 2016/04/12 10:04:38 ET
Table 'Leonisis' 6-max Seat #5 is the button
Seat 3: Yell0wBack ($447.43 in chips)
Seat 5: B_loJkl ($155.45 in chips)
B_loJkl: posts small blind $1
Yell0wBack: posts big blind $3
*** HOLE CARDS ***
B_loJkl: raises $3 to $6
Yell0wBack: calls $3
*** FLOP *** [9d 5s 9s]
Yell0wBack: checks
B_loJkl: checks
*** TURN *** [9d 5s 9s] [Qs]
Yell0wBack: bets $6
B_loJkl: calls $6
*** RIVER *** [9d 5s 9s Qs] [6h]
Yell0wBack: bets $6
B_loJkl: folds
Uncalled bet ($6) returned to Yell0wBack
Yell0wBack collected $23.52 from pot
Yell0wBack: doesn't show hand
*** SUMMARY ***
Total pot $24 | Rake $0.48
Board [9d 5s 9s Qs 6h]
Seat 3: Yell0wBack (big blind) collected ($23.52)
Seat 5: B_loJkl (button) (small blind) folded on the River


PokerStars Hand #151809532764:  Hold'em Limit ($3/$6 USD) - 2016/04/12 10:05:33 ET
Table 'Leonisis' 6-max Seat #5 is the button
Seat 3: Yell0wBack ($442.95 in chips)
Seat 5: B_loJkl ($158.97 in chips)
B_loJkl: posts small blind $1
Yell0wBack: posts big blind $3
*** HOLE CARDS ***
B_loJkl: raises $3 to $6
Yell0wBack: raises $3 to $9
B_loJkl: calls $3
*** FLOP *** [9d 7s 2c]
Yell0wBack: bets $3
B_loJkl: calls $3
*** TURN *** [9d 7s 2c] [Qd]
Yell0wBack: bets $6
B_loJkl: raises $6 to $12
Yell0wBack: calls $6
*** RIVER *** [9d 7s 2c Qd] [4h]
Yell0wBack: checks
B_loJkl: bets $6
Yell0wBack: folds
Uncalled bet ($6) returned to B_loJkl
B_loJkl collected $47.50 from pot
B_loJkl: doesn't show hand
*** SUMMARY ***
Total pot $48 | Rake $0.50
Board [9d 7s 2c Qd 4h]
Seat 3: Yell0wBack (big blind) folded on the River
Seat 5: B_loJkl (button) (small blind) collected ($47.50)


PokerStars Hand #151809525361:  Hold'em Limit ($3/$6 USD) - 2016/04/12 10:05:21 ET
Table 'Leonisis' 6-max Seat #5 is the button
Seat 3: Yell0wBack ($446.95 in chips)
Seat 5: B_loJkl ($154.97 in chips)
B_loJkl: posts small blind $1
Yell0wBack: posts big blind $3
*** HOLE CARDS ***
B_loJkl: raises $3 to $6
Yell0wBack: folds
Uncalled bet ($3) returned to B_loJkl
B_loJkl collected $6 from pot
B_loJkl: doesn't show hand
*** SUMMARY ***
Total pot $6 | Rake $0
Seat 3: Yell0wBack (big blind) folded before Flop
Seat 5: B_loJkl (button) (small blind) collected ($6)


PokerStars Hand #151809513284:  Hold'em Limit ($3/$6 USD) - 2016/04/12 10:05:01 ET
Table 'Leonisis' 6-max Seat #3 is the button
Seat 3: Yell0wBack ($458.95 in chips)
Seat 5: B_loJkl ($143.45 in chips)
Yell0wBack: posts small blind $1
B_loJkl: posts big blind $3
*** HOLE CARDS ***
Yell0wBack: raises $3 to $6
B_loJkl: calls $3
*** FLOP *** [7d 7c Qc]
B_loJkl: checks
Yell0wBack: bets $3
B_loJkl: raises $3 to $6
Yell0wBack: calls $3
*** TURN *** [7d 7c Qc] [3c]
B_loJkl: bets $6
Yell0wBack: folds
Uncalled bet ($6) returned to B_loJkl
B_loJkl collected $23.52 from pot
B_loJkl: doesn't show hand
*** SUMMARY ***
Total pot $24 | Rake $0.48
Board [7d 7c Qc 3c]
Seat 3: Yell0wBack (button) (small blind) folded on the Turn
Seat 5: B_loJkl (big blind) collected ($23.52)


PokerStars Hand #151809529685:  Hold'em Limit ($3/$6 USD) - 2016/04/12 10:05:28 ET
Table 'Leonisis' 6-max Seat #3 is the button
Seat 3: Yell0wBack ($443.95 in chips)
Seat 5: B_loJkl ($157.97 in chips)
Yell0wBack: posts small blind $1
B_loJkl: posts big blind $3
*** HOLE CARDS ***
Yell0wBack: folds
Uncalled bet ($2) returned to B_loJkl
B_loJkl collected $2 from pot
B_loJkl: doesn't show hand
*** SUMMARY ***
Total pot $2 | Rake $0
Seat 3: Yell0wBack (button) (small blind) folded before Flop
Seat 5: B_loJkl (big blind) collected ($2)


PokerStars Hand #151819661438:  Hold'em Limit ($3/$6 USD) - 2016/04/12 14:02:22 ET
Table 'Leonisis' 6-max Seat #4 is the button
Seat 4: conanboy ($371.43 in chips)
Seat 5: Great_Kang ($125.61 in chips)
conanboy: posts small blind $1
Great_Kang: posts big blind $3
*** HOLE CARDS ***
conanboy: folds
Uncalled bet ($2) returned to Great_Kang
Great_Kang collected $2 from pot
Great_Kang: doesn't show hand
*** SUMMARY ***
Total pot $2 | Rake $0
Seat 4: conanboy (button) (small blind) folded before Flop
Seat 5: Great_Kang (big blind) collected ($2)


PokerStars Hand #151819654011:  Hold'em Limit ($3/$6 USD) - 2016/04/12 14:02:13 ET
Table 'Leonisis' 6-max Seat #5 is the button
Seat 4: conanboy ($370.43 in chips)
Seat 5: Great_Kang ($126.61 in chips)
Great_Kang: posts small blind $1
conanboy: posts big blind $3
*** HOLE CARDS ***
Chefred leaves the table
Great_Kang: folds
Uncalled bet ($2) returned to conanboy
conanboy collected $2 from pot
conanboy: doesn't show hand
*** SUMMARY ***
Total pot $2 | Rake $0
Seat 4: conanboy (big blind) collected ($2)
Seat 5: Great_Kang (button) (small blind) folded before Flop


PokerStars Hand #151819666793:  Hold'em Limit ($3/$6 USD) - 2016/04/12 14:02:28 ET
Table 'Leonisis' 6-max Seat #5 is the button
Seat 4: conanboy ($370.43 in chips)
Seat 5: Great_Kang ($126.61 in chips)
Great_Kang: posts small blind $1
conanboy: posts big blind $3
*** HOLE CARDS ***
Great_Kang: raises $3 to $6
conanboy: raises $3 to $9
Great_Kang: calls $3
*** FLOP *** [Jd 4d 9s]
conanboy: bets $3
Great_Kang: folds
Uncalled bet ($3) returned to conanboy
conanboy collected $17.64 from pot
conanboy: doesn't show hand
*** SUMMARY ***
Total pot $18 | Rake $0.36
Board [Jd 4d 9s]
Seat 4: conanboy (big blind) collected ($17.64)
Seat 5: Great_Kang (button) (small blind) folded on the Flop


PokerStars Hand #151819707471:  Hold'em Limit ($3/$6 USD) - 2016/04/12 14:03:17 ET
Table 'Leonisis' 6-max Seat #4 is the button
Seat 4: conanboy ($379.07 in chips)
Seat 5: Great_Kang ($120 in chips)
conanboy: posts small blind $1
Great_Kang: posts big blind $3
*** HOLE CARDS ***
conanboy: folds
Uncalled bet ($2) returned to Great_Kang
Great_Kang collected $2 from pot
Great_Kang: doesn't show hand
*** SUMMARY ***
Total pot $2 | Rake $0
Seat 4: conanboy (button) (small blind) folded before Flop
Seat 5: Great_Kang (big blind) collected ($2)


PokerStars Hand #151819712315:  Hold'em Limit ($3/$6 USD) - 2016/04/12 14:03:23 ET
Table 'Leonisis' 6-max Seat #5 is the button
Seat 4: conanboy ($378.07 in chips)
Seat 5: Great_Kang ($121 in chips)
Great_Kang: posts small blind $1
conanboy: posts big blind $3
*** HOLE CARDS ***
Great_Kang: raises $3 to $6
conanboy: calls $3
*** FLOP *** [3s 4c 8c]
conanboy: checks
Great_Kang: bets $3
conanboy: raises $3 to $6
Great_Kang: calls $3
*** TURN *** [3s 4c 8c] [5c]
conanboy: bets $6
Great_Kang: raises $6 to $12
conanboy: calls $6
*** RIVER *** [3s 4c 8c 5c] [Qc]
conanboy: checks
Great_Kang: bets $6
conanboy: calls $6
*** SHOW DOWN ***
Great_Kang: shows [Qs Jc] (a flush, Queen high)
conanboy: mucks hand
Great_Kang collected $59.50 from pot
*** SUMMARY ***
Total pot $60 | Rake $0.50
Board [3s 4c 8c 5c Qc]
Seat 4: conanboy (big blind) mucked
Seat 5: Great_Kang (button) (small blind) showed [Qs Jc] and won ($59.50) with a flush, Queen high


PokerStars Hand #151819762902:  Hold'em Limit ($3/$6 USD) - 2016/04/12 14:04:23 ET
Table 'Leonisis' 6-max Seat #4 is the button
Seat 4: conanboy ($348.07 in chips)
Seat 5: Great_Kang ($150.50 in chips)
conanboy: posts small blind $1
Great_Kang: posts big blind $3
*** HOLE CARDS ***
conanboy: raises $3 to $6
Great_Kang: calls $3
*** FLOP *** [Jh Ks Qs]
Great_Kang: checks
conanboy: bets $3
Great_Kang: calls $3
*** TURN *** [Jh Ks Qs] [2d]
Great_Kang: checks
conanboy: bets $6
Pelurile leaves the table
Great_Kang: calls $6
*** RIVER *** [Jh Ks Qs 2d] [8s]
Great_Kang: checks
conanboy: checks
*** SHOW DOWN ***
Great_Kang: shows [3c Qd] (a pair of Queens)
conanboy: mucks hand
Great_Kang collected $29.50 from pot
*** SUMMARY ***
Total pot $30 | Rake $0.50
Board [Jh Ks Qs 2d 8s]
Seat 4: conanboy (button) (small blind) mucked
Seat 5: Great_Kang (big blind) showed [3c Qd] and won ($29.50) with a pair of Queens


PokerStars Hand #151819825625:  Hold'em Limit ($3/$6 USD) - 2016/04/12 14:05:36 ET
Table 'Leonisis' 6-max Seat #5 is the button
Seat 5: Great_Kang ($165 in chips)
Seat 6: diRon1980 ($50.92 in chips)
Great_Kang: posts small blind $1
diRon1980: posts big blind $3
*** HOLE CARDS ***
Great_Kang: raises $3 to $6
diRon1980: folds
Uncalled bet ($3) returned to Great_Kang
Great_Kang collected $6 from pot
Great_Kang: doesn't show hand
*** SUMMARY ***
Total pot $6 | Rake $0
Seat 5: Great_Kang (button) (small blind) collected ($6)
Seat 6: diRon1980 (big blind) folded before Flop


PokerStars Hand #151819839953:  Hold'em Limit ($3/$6 USD) - 2016/04/12 14:05:53 ET
Table 'Leonisis' 6-max Seat #6 is the button
Seat 5: Great_Kang ($168 in chips)
Seat 6: diRon1980 ($47.92 in chips)
diRon1980: posts small blind $1
Great_Kang: posts big blind $3
*** HOLE CARDS ***
diRon1980: raises $3 to $6
Great_Kang: raises $3 to $9
diRon1980: calls $3
*** FLOP *** [Qh 9c Qd]
Great_Kang: bets $3
diRon1980: calls $3
*** TURN *** [Qh 9c Qd] [Jd]
Great_Kang: checks
diRon1980: bets $6
Great_Kang: calls $6
*** RIVER *** [Qh 9c Qd Jd] [Th]
Great_Kang: checks
diRon1980: bets $6
Great_Kang: folds
Uncalled bet ($6) returned to diRon1980
diRon1980 collected $35.50 from pot
diRon1980: doesn't show hand
*** SUMMARY ***
Total pot $36 | Rake $0.50
Board [Qh 9c Qd Jd Th]
Seat 5: Great_Kang (big blind) folded on the River
Seat 6: diRon1980 (button) (small blind) collected ($35.50)


PokerStars Hand #151819894374:  Hold'em Limit ($3/$6 USD) - 2016/04/12 14:06:57 ET
Table 'Leonisis' 6-max Seat #5 is the button
Seat 5: Great_Kang ($150 in chips)
Seat 6: diRon1980 ($65.42 in chips)
Great_Kang: posts small blind $1
diRon1980: posts big blind $3
*** HOLE CARDS ***
Great_Kang: raises $3 to $6
diRon1980: calls $3
*** FLOP *** [Jc Ts 7h]
diRon1980: checks
Great_Kang: bets $3
diRon1980: folds
Uncalled bet ($3) returned to Great_Kang
Great_Kang collected $11.76 from pot
Great_Kang: doesn't show hand
*** SUMMARY ***
Total pot $12 | Rake $0.24
Board [Jc Ts 7h]
Seat 5: Great_Kang (button) (small blind) collected ($11.76)
Seat 6: diRon1980 (big blind) folded on the Flop


PokerStars Hand #151822604577:  Hold'em Limit ($3/$6 USD) - 2016/04/12 15:01:28 ET
Table 'Leonisis' 6-max Seat #3 is the button
Seat 1: dokaten ($145.28 in chips)
Seat 3: arocar ($48.38 in chips)
arocar: posts small blind $1
ValeryRon: is sitting out
dokaten: posts big blind $3
*** HOLE CARDS ***
arocar: calls $2
ValeryRon leaves the table
dokaten: checks
*** FLOP *** [4h 4s 3d]
dokaten: checks
arocar: checks
*** TURN *** [4h 4s 3d] [7h]
dokaten: checks
arocar: bets $6
dokaten: folds
Uncalled bet ($6) returned to arocar
arocar collected $5.88 from pot
arocar: doesn't show hand
*** SUMMARY ***
Total pot $6 | Rake $0.12
Board [4h 4s 3d 7h]
Seat 1: dokaten (big blind) folded on the Turn
Seat 3: arocar (button) (small blind) collected ($5.88)


PokerStars Hand #151822622662:  Hold'em Limit ($3/$6 USD) - 2016/04/12 15:01:51 ET
Table 'Leonisis' 6-max Seat #1 is the button
Seat 1: dokaten ($142.28 in chips)
Seat 3: arocar ($51.26 in chips)
dokaten: posts small blind $1
arocar: posts big blind $3
*** HOLE CARDS ***
dokaten: raises $3 to $6
arocar: calls $3
*** FLOP *** [4d Kh 4c]
arocar: checks
dokaten: bets $3
arocar: calls $3
*** TURN *** [4d Kh 4c] [Tc]
arocar: checks
dokaten: checks
*** RIVER *** [4d Kh 4c Tc] [8d]
arocar: bets $6
dokaten: calls $6
*** SHOW DOWN ***
arocar: shows [Ah 9d] (a pair of Fours)
dokaten: shows [Js As] (a pair of Fours - Ace+King+Jack kicker)
dokaten collected $29.50 from pot
*** SUMMARY ***
Total pot $30 | Rake $0.50
Board [4d Kh 4c Tc 8d]
Seat 1: dokaten (button) (small blind) showed [Js As] and won ($29.50) with a pair of Fours
Seat 3: arocar (big blind) showed [Ah 9d] and lost with a pair of Fours


PokerStars Hand #151822647021:  Hold'em Limit ($3/$6 USD) - 2016/04/12 15:02:20 ET
Table 'Leonisis' 6-max Seat #3 is the button
Seat 1: dokaten ($156.78 in chips)
Seat 3: arocar ($36.26 in chips)
arocar: posts small blind $1
dokaten: posts big blind $3
*** HOLE CARDS ***
arocar: raises $3 to $6
dokaten: folds
Uncalled bet ($3) returned to arocar
arocar collected $6 from pot
arocar: doesn't show hand
*** SUMMARY ***
Total pot $6 | Rake $0
Seat 1: dokaten (big blind) folded before Flop
Seat 3: arocar (button) (small blind) collected ($6)


PokerStars Hand #151822652949:  Hold'em Limit ($3/$6 USD) - 2016/04/12 15:02:27 ET
Table 'Leonisis' 6-max Seat #1 is the button
Seat 1: dokaten ($153.78 in chips)
Seat 3: arocar ($39.26 in chips)
dokaten: posts small blind $1
arocar: posts big blind $3
*** HOLE CARDS ***
dokaten: raises $3 to $6
arocar: calls $3
*** FLOP *** [Th 5h 6c]
arocar: checks
dokaten: checks
*** TURN *** [Th 5h 6c] [9c]
arocar: bets $6
dokaten: folds
Uncalled bet ($6) returned to arocar
arocar collected $11.76 from pot
arocar: doesn't show hand
*** SUMMARY ***
Total pot $12 | Rake $0.24
Board [Th 5h 6c 9c]
Seat 1: dokaten (button) (small blind) folded on the Turn
Seat 3: arocar (big blind) collected ($11.76)


