PokerStars Hand #149817959124:  Hold'em Limit ($3/$6 USD) - 2016/03/04 8:23:14 ET
Table 'Leontina' 10-max Seat #1 is the button
Seat 1: VolkovDmitri ($120 in chips)
Seat 2: ChicagoBull4 ($104.16 in chips)
VolkovDmitri: posts small blind $1
ChicagoBull4: posts big blind $3
*** HOLE CARDS ***
VolkovDmitri: raises $3 to $6
ChicagoBull4: calls $3
*** FLOP *** [2d 3h Qs]
ChicagoBull4: bets $3
VolkovDmitri: calls $3
*** TURN *** [2d 3h Qs] [5h]
ChicagoBull4: bets $6
VolkovDmitri: raises $6 to $12
ChicagoBull4: raises $6 to $18
VolkovDmitri: raises $6 to $24
Betting is capped
ChicagoBull4: calls $6
*** RIVER *** [2d 3h Qs 5h] [8s]
ChicagoBull4: bets $6
VolkovDmitri: raises $6 to $12
ChicagoBull4: calls $6
*** SHOW DOWN ***
VolkovDmitri: shows [4h 6h] (a straight, Deuce to Six)
ChicagoBull4: mucks hand
VolkovDmitri collected $89.50 from pot
*** SUMMARY ***
Total pot $90 | Rake $0.50
Board [2d 3h Qs 5h 8s]
Seat 1: VolkovDmitri (button) (small blind) showed [4h 6h] and won ($89.50) with a straight, Deuce to Six
Seat 2: ChicagoBull4 (big blind) mucked


PokerStars Hand #149818016592:  Hold'em Limit ($3/$6 USD) - 2016/03/04 8:24:51 ET
Table 'Leontina' 10-max Seat #1 is the button
Seat 1: VolkovDmitri ($137.50 in chips)
Seat 2: ChicagoBull4 ($85.66 in chips)
VolkovDmitri: posts small blind $1
ChicagoBull4: posts big blind $3
*** HOLE CARDS ***
VolkovDmitri: raises $3 to $6
ChicagoBull4: calls $3
*** FLOP *** [8h 4c 9h]
ChicagoBull4: checks
VolkovDmitri: bets $3
ChicagoBull4: calls $3
*** TURN *** [8h 4c 9h] [Js]
ChicagoBull4: checks
VolkovDmitri: bets $6
ChicagoBull4: folds
Uncalled bet ($6) returned to VolkovDmitri
VolkovDmitri collected $17.64 from pot
VolkovDmitri: doesn't show hand
*** SUMMARY ***
Total pot $18 | Rake $0.36
Board [8h 4c 9h Js]
Seat 1: VolkovDmitri (button) (small blind) collected ($17.64)
Seat 2: ChicagoBull4 (big blind) folded on the Turn


PokerStars Hand #149817990361:  Hold'em Limit ($3/$6 USD) - 2016/03/04 8:24:07 ET
Table 'Leontina' 10-max Seat #2 is the button
Seat 1: VolkovDmitri ($164.50 in chips)
Seat 2: ChicagoBull4 ($59.16 in chips)
ChicagoBull4: posts small blind $1
VolkovDmitri: posts big blind $3
*** HOLE CARDS ***
ChicagoBull4: raises $3 to $6
VolkovDmitri: raises $3 to $9
ChicagoBull4: calls $3
*** FLOP *** [4c 2h 8h]
VolkovDmitri: bets $3
ChicagoBull4: raises $3 to $6
VolkovDmitri: calls $3
*** TURN *** [4c 2h 8h] [8d]
VolkovDmitri: checks
ChicagoBull4: bets $6
VolkovDmitri: calls $6
*** RIVER *** [4c 2h 8h 8d] [Kd]
VolkovDmitri: checks
gofind joins the table at seat #5
ChicagoBull4: bets $6
VolkovDmitri: calls $6
*** SHOW DOWN ***
ChicagoBull4: shows [5s 4s] (two pair, Eights and Fours)
VolkovDmitri: mucks hand
ChicagoBull4 collected $53.50 from pot
*** SUMMARY ***
Total pot $54 | Rake $0.50
Board [4c 2h 8h 8d Kd]
Seat 1: VolkovDmitri (big blind) mucked
Seat 2: ChicagoBull4 (button) (small blind) showed [5s 4s] and won ($53.50) with two pair, Eights and Fours


PokerStars Hand #149818363529:  Hold'em Limit ($3/$6 USD) - 2016/03/04 8:34:17 ET
Table 'Leontina' 10-max Seat #2 is the button
Seat 1: VolkovDmitri ($183.53 in chips)
Seat 2: ChicagoBull4 ($18.54 in chips)
ChicagoBull4: posts small blind $1
PROFI8088: is sitting out
VolkovDmitri: posts big blind $3
*** HOLE CARDS ***
ChicagoBull4: folds
Uncalled bet ($2) returned to VolkovDmitri
PROFI8088 leaves the table
VolkovDmitri collected $2 from pot
*** SUMMARY ***
Total pot $2 | Rake $0
Seat 1: VolkovDmitri (big blind) collected ($2)
Seat 2: ChicagoBull4 (button) (small blind) folded before Flop


PokerStars Hand #149818367375:  Hold'em Limit ($3/$6 USD) - 2016/03/04 8:34:23 ET
Table 'Leontina' 10-max Seat #1 is the button
Seat 1: VolkovDmitri ($184.53 in chips)
Seat 2: ChicagoBull4 ($17.54 in chips)
VolkovDmitri: posts small blind $1
ChicagoBull4: posts big blind $3
*** HOLE CARDS ***
VolkovDmitri: raises $3 to $6
ChicagoBull4: calls $3
*** FLOP *** [Qd 4d Qc]
ChicagoBull4: bets $3
VolkovDmitri: calls $3
*** TURN *** [Qd 4d Qc] [4h]
ChicagoBull4: checks
VolkovDmitri: checks
*** RIVER *** [Qd 4d Qc 4h] [Kc]
ChicagoBull4: checks
VolkovDmitri: checks
*** SHOW DOWN ***
ChicagoBull4: shows [Ts 8s] (two pair, Queens and Fours)
VolkovDmitri: shows [7h Ac] (two pair, Queens and Fours - Ace kicker)
VolkovDmitri collected $17.64 from pot
*** SUMMARY ***
Total pot $18 | Rake $0.36
Board [Qd 4d Qc 4h Kc]
Seat 1: VolkovDmitri (button) (small blind) showed [7h Ac] and won ($17.64) with two pair, Queens and Fours
Seat 2: ChicagoBull4 (big blind) showed [Ts 8s] and lost with two pair, Queens and Fours


PokerStars Hand #149818392376:  Hold'em Limit ($3/$6 USD) - 2016/03/04 8:35:03 ET
Table 'Leontina' 10-max Seat #2 is the button
Seat 1: VolkovDmitri ($193.17 in chips)
Seat 2: ChicagoBull4 ($8.54 in chips)
ChicagoBull4: posts small blind $1
VolkovDmitri: posts big blind $3
*** HOLE CARDS ***
ChicagoBull4: raises $3 to $6
VolkovDmitri: raises $3 to $9
ChicagoBull4: calls $2.54 and is all-in
Uncalled bet ($0.46) returned to VolkovDmitri
*** FLOP *** [9d Ac 7h]
*** TURN *** [9d Ac 7h] [As]
*** RIVER *** [9d Ac 7h As] [Td]
*** SHOW DOWN ***
VolkovDmitri: shows [Ks Qd] (a pair of Aces)
ChicagoBull4: shows [8c 6d] (a straight, Six to Ten)
ChicagoBull4 collected $16.74 from pot
*** SUMMARY ***
Total pot $17.08 | Rake $0.34
Board [9d Ac 7h As Td]
Seat 1: VolkovDmitri (big blind) showed [Ks Qd] and lost with a pair of Aces
Seat 2: ChicagoBull4 (button) (small blind) showed [8c 6d] and won ($16.74) with a straight, Six to Ten


PokerStars Hand #149818406194:  Hold'em Limit ($3/$6 USD) - 2016/03/04 8:35:25 ET
Table 'Leontina' 10-max Seat #1 is the button
Seat 1: VolkovDmitri ($184.63 in chips)
Seat 2: ChicagoBull4 ($16.74 in chips)
VolkovDmitri: posts small blind $1
ChicagoBull4: posts big blind $3
*** HOLE CARDS ***
VolkovDmitri: raises $3 to $6
ChicagoBull4: raises $3 to $9
VolkovDmitri: calls $3
*** FLOP *** [2s 8d 4c]
ChicagoBull4: bets $3
VolkovDmitri: raises $3 to $6
ChicagoBull4: raises $1.74 to $7.74 and is all-in
VolkovDmitri: calls $1.74
*** TURN *** [2s 8d 4c] [Ad]
*** RIVER *** [2s 8d 4c Ad] [9h]
*** SHOW DOWN ***
ChicagoBull4: shows [As Td] (a pair of Aces)
VolkovDmitri: shows [Jd 9d] (a pair of Nines)
ChicagoBull4 collected $32.98 from pot
*** SUMMARY ***
Total pot $33.48 | Rake $0.50
Board [2s 8d 4c Ad 9h]
Seat 1: VolkovDmitri (button) (small blind) showed [Jd 9d] and lost with a pair of Nines
Seat 2: ChicagoBull4 (big blind) showed [As Td] and won ($32.98) with a pair of Aces


PokerStars Hand #149818426040:  Hold'em Limit ($3/$6 USD) - 2016/03/04 8:35:57 ET
Table 'Leontina' 10-max Seat #2 is the button
Seat 1: VolkovDmitri ($167.89 in chips)
Seat 2: ChicagoBull4 ($32.98 in chips)
ChicagoBull4: posts small blind $1
VolkovDmitri: posts big blind $3
*** HOLE CARDS ***
ChicagoBull4: raises $3 to $6
VolkovDmitri: calls $3
*** FLOP *** [2h 8c Jd]
VolkovDmitri: checks
ChicagoBull4: bets $3
VolkovDmitri: calls $3
*** TURN *** [2h 8c Jd] [4h]
VolkovDmitri: checks
ChicagoBull4: bets $6
VolkovDmitri: calls $6
*** RIVER *** [2h 8c Jd 4h] [Kd]
VolkovDmitri: bets $6
ChicagoBull4: raises $6 to $12
VolkovDmitri: calls $6
*** SHOW DOWN ***
ChicagoBull4: shows [Ks 2s] (two pair, Kings and Deuces)
VolkovDmitri: mucks hand
ChicagoBull4 collected $53.50 from pot
*** SUMMARY ***
Total pot $54 | Rake $0.50
Board [2h 8c Jd 4h Kd]
Seat 1: VolkovDmitri (big blind) mucked
Seat 2: ChicagoBull4 (button) (small blind) showed [Ks 2s] and won ($53.50) with two pair, Kings and Deuces


PokerStars Hand #149818460902:  Hold'em Limit ($3/$6 USD) - 2016/03/04 8:36:53 ET
Table 'Leontina' 10-max Seat #1 is the button
Seat 1: VolkovDmitri ($140.89 in chips)
Seat 2: ChicagoBull4 ($59.48 in chips)
VolkovDmitri: posts small blind $1
ChicagoBull4: posts big blind $3
*** HOLE CARDS ***
VolkovDmitri: raises $3 to $6
ChicagoBull4: calls $3
*** FLOP *** [2d 8s 9s]
ChicagoBull4: checks
VolkovDmitri: bets $3
ChicagoBull4: folds
Uncalled bet ($3) returned to VolkovDmitri
VolkovDmitri collected $11.76 from pot
VolkovDmitri: doesn't show hand
*** SUMMARY ***
Total pot $12 | Rake $0.24
Board [2d 8s 9s]
Seat 1: VolkovDmitri (button) (small blind) collected ($11.76)
Seat 2: ChicagoBull4 (big blind) folded on the Flop


PokerStars Hand #149818479812:  Hold'em Limit ($3/$6 USD) - 2016/03/04 8:37:23 ET
Table 'Leontina' 10-max Seat #2 is the button
Seat 1: VolkovDmitri ($146.65 in chips)
Seat 2: ChicagoBull4 ($53.48 in chips)
ChicagoBull4: posts small blind $1
VolkovDmitri: posts big blind $3
*** HOLE CARDS ***
ChicagoBull4: raises $3 to $6
VolkovDmitri: folds
Uncalled bet ($3) returned to ChicagoBull4
ChicagoBull4 collected $6 from pot
ChicagoBull4: doesn't show hand
*** SUMMARY ***
Total pot $6 | Rake $0
Seat 1: VolkovDmitri (big blind) folded before Flop
Seat 2: ChicagoBull4 (button) (small blind) collected ($6)


PokerStars Hand #149818486707:  Hold'em Limit ($3/$6 USD) - 2016/03/04 8:37:34 ET
Table 'Leontina' 10-max Seat #1 is the button
Seat 1: VolkovDmitri ($143.65 in chips)
Seat 2: ChicagoBull4 ($56.48 in chips)
VolkovDmitri: posts small blind $1
ChicagoBull4: posts big blind $3
*** HOLE CARDS ***
VolkovDmitri: raises $3 to $6
ChicagoBull4: calls $3
*** FLOP *** [7s Ac 5s]
ChicagoBull4: checks
VolkovDmitri: bets $3
ChicagoBull4: calls $3
*** TURN *** [7s Ac 5s] [3d]
ChicagoBull4: checks
VolkovDmitri: checks
*** RIVER *** [7s Ac 5s 3d] [5c]
ChicagoBull4: bets $6
VolkovDmitri: calls $6
*** SHOW DOWN ***
ChicagoBull4: shows [5d 6d] (three of a kind, Fives)
VolkovDmitri: mucks hand
ChicagoBull4 collected $29.50 from pot
*** SUMMARY ***
Total pot $30 | Rake $0.50
Board [7s Ac 5s 3d 5c]
Seat 1: VolkovDmitri (button) (small blind) mucked
Seat 2: ChicagoBull4 (big blind) showed [5d 6d] and won ($29.50) with three of a kind, Fives


PokerStars Hand #149818518909:  Hold'em Limit ($3/$6 USD) - 2016/03/04 8:38:25 ET
Table 'Leontina' 10-max Seat #2 is the button
Seat 1: VolkovDmitri ($128.65 in chips)
Seat 2: ChicagoBull4 ($70.98 in chips)
ChicagoBull4: posts small blind $1
VolkovDmitri: posts big blind $3
*** HOLE CARDS ***
ChicagoBull4: raises $3 to $6
VolkovDmitri: calls $3
*** FLOP *** [7h Ad 7d]
VolkovDmitri: checks
ChicagoBull4: bets $3
VolkovDmitri: folds
Uncalled bet ($3) returned to ChicagoBull4
ChicagoBull4 collected $11.76 from pot
ChicagoBull4: doesn't show hand
*** SUMMARY ***
Total pot $12 | Rake $0.24
Board [7h Ad 7d]
Seat 1: VolkovDmitri (big blind) folded on the Flop
Seat 2: ChicagoBull4 (button) (small blind) collected ($11.76)


PokerStars Hand #149818547150:  Hold'em Limit ($3/$6 USD) - 2016/03/04 8:39:10 ET
Table 'Leontina' 10-max Seat #1 is the button
Seat 1: VolkovDmitri ($122.65 in chips)
Seat 2: ChicagoBull4 ($76.74 in chips)
VolkovDmitri: posts small blind $1
ChicagoBull4: posts big blind $3
*** HOLE CARDS ***
VolkovDmitri: raises $3 to $6
ChicagoBull4: calls $3
*** FLOP *** [2h 3c 2d]
ChicagoBull4: checks
gofind joins the table at seat #5
VolkovDmitri: bets $3
ChicagoBull4: calls $3
*** TURN *** [2h 3c 2d] [5d]
ChicagoBull4: checks
VolkovDmitri: bets $6
ChicagoBull4: calls $6
*** RIVER *** [2h 3c 2d 5d] [5h]
ChicagoBull4: checks
VolkovDmitri: bets $6
ChicagoBull4: folds
Uncalled bet ($6) returned to VolkovDmitri
VolkovDmitri collected $29.50 from pot
VolkovDmitri: doesn't show hand
*** SUMMARY ***
Total pot $30 | Rake $0.50
Board [2h 3c 2d 5d 5h]
Seat 1: VolkovDmitri (button) (small blind) collected ($29.50)
Seat 2: ChicagoBull4 (big blind) folded on the River


PokerStars Hand #149818640594:  Hold'em Limit ($3/$6 USD) - 2016/03/04 8:41:38 ET
Table 'Leontina' 10-max Seat #2 is the button
Seat 1: VolkovDmitri ($120 in chips)
Seat 2: ChicagoBull4 ($103.68 in chips)
ChicagoBull4: posts small blind $1
VolkovDmitri: posts big blind $3
*** HOLE CARDS ***
ChicagoBull4: folds
Uncalled bet ($2) returned to VolkovDmitri
VolkovDmitri collected $2 from pot
*** SUMMARY ***
Total pot $2 | Rake $0
Seat 1: VolkovDmitri (big blind) collected ($2)
Seat 2: ChicagoBull4 (button) (small blind) folded before Flop


