PokerStars Hand #151169904171:  Hold'em Limit ($3/$6 USD) - 2016/03/30 12:23:29 ET
Table 'Leontina' 10-max Seat #7 is the button
Seat 5: Mizt3r X ($89 in chips)
Seat 7: Pandakey ($150.26 in chips)
Pandakey: posts small blind $1
Mizt3r X: posts big blind $3
*** HOLE CARDS ***
Pandakey: raises $3 to $6
Mizt3r X: folds
Uncalled bet ($3) returned to Pandakey
Pandakey collected $6 from pot
Pandakey: doesn't show hand
*** SUMMARY ***
Total pot $6 | Rake $0
Seat 5: Mizt3r X (big blind) folded before Flop
Seat 7: Pandakey (button) (small blind) collected ($6)


PokerStars Hand #151169900433:  Hold'em Limit ($3/$6 USD) - 2016/03/30 12:23:25 ET
Table 'Leontina' 10-max Seat #5 is the button
Seat 5: Mizt3r X ($90 in chips)
Seat 7: Pandakey ($149.26 in chips)
Mizt3r X: posts small blind $1
Pandakey: posts big blind $3
*** HOLE CARDS ***
Mizt3r X: folds
Uncalled bet ($2) returned to Pandakey
Pandakey collected $2 from pot
Pandakey: doesn't show hand
*** SUMMARY ***
Total pot $2 | Rake $0
Seat 5: Mizt3r X (button) (small blind) folded before Flop
Seat 7: Pandakey (big blind) collected ($2)


PokerStars Hand #151169892165:  Hold'em Limit ($3/$6 USD) - 2016/03/30 12:23:14 ET
Table 'Leontina' 10-max Seat #7 is the button
Seat 5: Mizt3r X ($96 in chips)
Seat 7: Pandakey ($143.50 in chips)
Pandakey: posts small blind $1
Mizt3r X: posts big blind $3
*** HOLE CARDS ***
Pandakey: raises $3 to $6
Mizt3r X: calls $3
*** FLOP *** [Qh 3s Th]
Mizt3r X: checks
Pandakey: bets $3
Mizt3r X: folds
Uncalled bet ($3) returned to Pandakey
Pandakey collected $11.76 from pot
Pandakey: doesn't show hand
*** SUMMARY ***
Total pot $12 | Rake $0.24
Board [Qh 3s Th]
Seat 5: Mizt3r X (big blind) folded on the Flop
Seat 7: Pandakey (button) (small blind) collected ($11.76)


PokerStars Hand #151169868033:  Hold'em Limit ($3/$6 USD) - 2016/03/30 12:22:43 ET
Table 'Leontina' 10-max Seat #5 is the button
Seat 5: Mizt3r X ($120 in chips)
Seat 7: Pandakey ($120 in chips)
Mizt3r X: posts small blind $1
Pandakey: posts big blind $3
*** HOLE CARDS ***
Mizt3r X: raises $3 to $6
Pandakey: raises $3 to $9
Mizt3r X: raises $3 to $12
Betting is capped
Pandakey: calls $3
*** FLOP *** [3c 6s 7d]
Pandakey: checks
Mizt3r X: checks
*** TURN *** [3c 6s 7d] [5d]
Pandakey: bets $6
Mizt3r X: calls $6
*** RIVER *** [3c 6s 7d 5d] [Th]
Pandakey: bets $6
Mizt3r X: calls $6
*** SHOW DOWN ***
Pandakey: shows [8d 8s] (a pair of Eights)
Mizt3r X: mucks hand
Pandakey collected $47.50 from pot
*** SUMMARY ***
Total pot $48 | Rake $0.50
Board [3c 6s 7d 5d Th]
Seat 5: Mizt3r X (button) (small blind) mucked
Seat 7: Pandakey (big blind) showed [8d 8s] and won ($47.50) with a pair of Eights


PokerStars Hand #151169951557:  Hold'em Limit ($3/$6 USD) - 2016/03/30 12:24:30 ET
Table 'Leontina' 10-max Seat #7 is the button
Seat 5: Mizt3r X ($76.76 in chips)
Seat 7: Pandakey ($161.66 in chips)
Pandakey: posts small blind $1
Mizt3r X: posts big blind $3
*** HOLE CARDS ***
Pandakey: raises $3 to $6
Mizt3r X: folds
Uncalled bet ($3) returned to Pandakey
Pandakey collected $6 from pot
Pandakey: doesn't show hand
*** SUMMARY ***
Total pot $6 | Rake $0
Seat 5: Mizt3r X (big blind) folded before Flop
Seat 7: Pandakey (button) (small blind) collected ($6)


PokerStars Hand #151169946768:  Hold'em Limit ($3/$6 USD) - 2016/03/30 12:24:24 ET
Table 'Leontina' 10-max Seat #5 is the button
Seat 5: Mizt3r X ($73.76 in chips)
Seat 7: Pandakey ($164.66 in chips)
Mizt3r X: posts small blind $1
Pandakey: posts big blind $3
*** HOLE CARDS ***
Mizt3r X: raises $3 to $6
Pandakey: folds
Uncalled bet ($3) returned to Mizt3r X
Mizt3r X collected $6 from pot
*** SUMMARY ***
Total pot $6 | Rake $0
Seat 5: Mizt3r X (button) (small blind) collected ($6)
Seat 7: Pandakey (big blind) folded before Flop


PokerStars Hand #151169942921:  Hold'em Limit ($3/$6 USD) - 2016/03/30 12:24:19 ET
Table 'Leontina' 10-max Seat #7 is the button
Seat 5: Mizt3r X ($72.76 in chips)
Seat 7: Pandakey ($165.66 in chips)
Pandakey: posts small blind $1
Mizt3r X: posts big blind $3
*** HOLE CARDS ***
Pandakey: folds
Uncalled bet ($2) returned to Mizt3r X
Mizt3r X collected $2 from pot
*** SUMMARY ***
Total pot $2 | Rake $0
Seat 5: Mizt3r X (big blind) collected ($2)
Seat 7: Pandakey (button) (small blind) folded before Flop


PokerStars Hand #151169939638:  Hold'em Limit ($3/$6 USD) - 2016/03/30 12:24:15 ET
Table 'Leontina' 10-max Seat #5 is the button
Seat 5: Mizt3r X ($73.76 in chips)
Seat 7: Pandakey ($164.66 in chips)
Mizt3r X: posts small blind $1
Pandakey: posts big blind $3
*** HOLE CARDS ***
Mizt3r X: folds
Uncalled bet ($2) returned to Pandakey
Pandakey collected $2 from pot
Pandakey: doesn't show hand
*** SUMMARY ***
Total pot $2 | Rake $0
Seat 5: Mizt3r X (button) (small blind) folded before Flop
Seat 7: Pandakey (big blind) collected ($2)


PokerStars Hand #151169930583:  Hold'em Limit ($3/$6 USD) - 2016/03/30 12:24:03 ET
Table 'Leontina' 10-max Seat #7 is the button
Seat 5: Mizt3r X ($79.76 in chips)
Seat 7: Pandakey ($158.90 in chips)
Pandakey: posts small blind $1
Mizt3r X: posts big blind $3
*** HOLE CARDS ***
Pandakey: raises $3 to $6
Mizt3r X: calls $3
*** FLOP *** [6c Qc Qd]
Mizt3r X: checks
Pandakey: bets $3
Mizt3r X: folds
Uncalled bet ($3) returned to Pandakey
Pandakey collected $11.76 from pot
Pandakey: doesn't show hand
*** SUMMARY ***
Total pot $12 | Rake $0.24
Board [6c Qc Qd]
Seat 5: Mizt3r X (big blind) folded on the Flop
Seat 7: Pandakey (button) (small blind) collected ($11.76)


PokerStars Hand #151169923573:  Hold'em Limit ($3/$6 USD) - 2016/03/30 12:23:54 ET
Table 'Leontina' 10-max Seat #5 is the button
Seat 5: Mizt3r X ($74 in chips)
Seat 7: Pandakey ($164.90 in chips)
Mizt3r X: posts small blind $1
Pandakey: posts big blind $3
*** HOLE CARDS ***
Mizt3r X: raises $3 to $6
Pandakey: calls $3
*** FLOP *** [Kh Th Ts]
Pandakey: checks
Mizt3r X: bets $3
Pandakey: folds
Uncalled bet ($3) returned to Mizt3r X
Mizt3r X collected $11.76 from pot
*** SUMMARY ***
Total pot $12 | Rake $0.24
Board [Kh Th Ts]
Seat 5: Mizt3r X (button) (small blind) collected ($11.76)
Seat 7: Pandakey (big blind) folded on the Flop


PokerStars Hand #151169917763:  Hold'em Limit ($3/$6 USD) - 2016/03/30 12:23:47 ET
Table 'Leontina' 10-max Seat #7 is the button
Seat 5: Mizt3r X ($77 in chips)
Seat 7: Pandakey ($161.90 in chips)
Pandakey: posts small blind $1
Mizt3r X: posts big blind $3
*** HOLE CARDS ***
Pandakey: raises $3 to $6
Mizt3r X: folds
Uncalled bet ($3) returned to Pandakey
Pandakey collected $6 from pot
Pandakey: doesn't show hand
*** SUMMARY ***
Total pot $6 | Rake $0
Seat 5: Mizt3r X (big blind) folded before Flop
Seat 7: Pandakey (button) (small blind) collected ($6)


PokerStars Hand #151169909241:  Hold'em Limit ($3/$6 USD) - 2016/03/30 12:23:36 ET
Table 'Leontina' 10-max Seat #5 is the button
Seat 5: Mizt3r X ($86 in chips)
Seat 7: Pandakey ($153.26 in chips)
Mizt3r X: posts small blind $1
Pandakey: posts big blind $3
*** HOLE CARDS ***
Mizt3r X: raises $3 to $6
Pandakey: raises $3 to $9
Mizt3r X: calls $3
*** FLOP *** [Kh 8c 6h]
Pandakey: bets $3
Mizt3r X: folds
Uncalled bet ($3) returned to Pandakey
Pandakey collected $17.64 from pot
Pandakey: doesn't show hand
*** SUMMARY ***
Total pot $18 | Rake $0.36
Board [Kh 8c 6h]
Seat 5: Mizt3r X (button) (small blind) folded on the Flop
Seat 7: Pandakey (big blind) collected ($17.64)


PokerStars Hand #151169987656:  Hold'em Limit ($3/$6 USD) - 2016/03/30 12:25:15 ET
Table 'Leontina' 10-max Seat #7 is the button
Seat 5: Mizt3r X ($66.76 in chips)
Seat 7: Pandakey ($171.16 in chips)
Pandakey: posts small blind $1
Mizt3r X: posts big blind $3
*** HOLE CARDS ***
Pandakey: raises $3 to $6
Mizt3r X: raises $3 to $9
Pandakey: calls $3
*** FLOP *** [7s Kh 6h]
Mizt3r X: bets $3
Pandakey: calls $3
*** TURN *** [7s Kh 6h] [7d]
Mizt3r X: bets $6
Pandakey: raises $6 to $12
Mizt3r X: calls $6
*** RIVER *** [7s Kh 6h 7d] [9c]
Mizt3r X: checks
Pandakey: checks
*** SHOW DOWN ***
Mizt3r X: shows [Tc As] (a pair of Sevens)
Pandakey: shows [6s Jh] (two pair, Sevens and Sixes)
Pandakey collected $47.50 from pot
*** SUMMARY ***
Total pot $48 | Rake $0.50
Board [7s Kh 6h 7d 9c]
Seat 5: Mizt3r X (big blind) showed [Tc As] and lost with a pair of Sevens
Seat 7: Pandakey (button) (small blind) showed [6s Jh] and won ($47.50) with two pair, Sevens and Sixes


PokerStars Hand #151169983285:  Hold'em Limit ($3/$6 USD) - 2016/03/30 12:25:10 ET
Table 'Leontina' 10-max Seat #5 is the button
Seat 5: Mizt3r X ($63.76 in chips)
Seat 7: Pandakey ($174.16 in chips)
Mizt3r X: posts small blind $1
Pandakey: posts big blind $3
*** HOLE CARDS ***
Mizt3r X: raises $3 to $6
Pandakey: folds
Uncalled bet ($3) returned to Mizt3r X
Mizt3r X collected $6 from pot
*** SUMMARY ***
Total pot $6 | Rake $0
Seat 5: Mizt3r X (button) (small blind) collected ($6)
Seat 7: Pandakey (big blind) folded before Flop


PokerStars Hand #151169979684:  Hold'em Limit ($3/$6 USD) - 2016/03/30 12:25:05 ET
Table 'Leontina' 10-max Seat #7 is the button
Seat 5: Mizt3r X ($62.76 in chips)
Seat 7: Pandakey ($175.16 in chips)
Pandakey: posts small blind $1
Mizt3r X: posts big blind $3
*** HOLE CARDS ***
Pandakey: folds
Uncalled bet ($2) returned to Mizt3r X
Mizt3r X collected $2 from pot
*** SUMMARY ***
Total pot $2 | Rake $0
Seat 5: Mizt3r X (big blind) collected ($2)
Seat 7: Pandakey (button) (small blind) folded before Flop


PokerStars Hand #151169975245:  Hold'em Limit ($3/$6 USD) - 2016/03/30 12:25:00 ET
Table 'Leontina' 10-max Seat #5 is the button
Seat 5: Mizt3r X ($59.76 in chips)
Seat 7: Pandakey ($178.16 in chips)
Mizt3r X: posts small blind $1
Pandakey: posts big blind $3
*** HOLE CARDS ***
Mizt3r X: raises $3 to $6
Pandakey: folds
Uncalled bet ($3) returned to Mizt3r X
Mizt3r X collected $6 from pot
*** SUMMARY ***
Total pot $6 | Rake $0
Seat 5: Mizt3r X (button) (small blind) collected ($6)
Seat 7: Pandakey (big blind) folded before Flop


PokerStars Hand #151169971632:  Hold'em Limit ($3/$6 USD) - 2016/03/30 12:24:55 ET
Table 'Leontina' 10-max Seat #7 is the button
Seat 5: Mizt3r X ($58.76 in chips)
Seat 7: Pandakey ($179.16 in chips)
Pandakey: posts small blind $1
Mizt3r X: posts big blind $3
*** HOLE CARDS ***
Pandakey: folds
Uncalled bet ($2) returned to Mizt3r X
Mizt3r X collected $2 from pot
*** SUMMARY ***
Total pot $2 | Rake $0
Seat 5: Mizt3r X (big blind) collected ($2)
Seat 7: Pandakey (button) (small blind) folded before Flop


PokerStars Hand #151169956363:  Hold'em Limit ($3/$6 USD) - 2016/03/30 12:24:36 ET
Table 'Leontina' 10-max Seat #5 is the button
Seat 5: Mizt3r X ($73.76 in chips)
Seat 7: Pandakey ($164.66 in chips)
Mizt3r X: posts small blind $1
Pandakey: posts big blind $3
*** HOLE CARDS ***
Mizt3r X: raises $3 to $6
Pandakey: calls $3
*** FLOP *** [4d 8s 7c]
Pandakey: checks
Mizt3r X: bets $3
Pandakey: calls $3
*** TURN *** [4d 8s 7c] [8d]
Pandakey: checks
Mizt3r X: checks
*** RIVER *** [4d 8s 7c 8d] [Th]
Pandakey: bets $6
Mizt3r X: calls $6
*** SHOW DOWN ***
Pandakey: shows [4h 6c] (two pair, Eights and Fours)
Mizt3r X: mucks hand
Pandakey collected $29.50 from pot
*** SUMMARY ***
Total pot $30 | Rake $0.50
Board [4d 8s 7c 8d Th]
Seat 5: Mizt3r X (button) (small blind) mucked
Seat 7: Pandakey (big blind) showed [4h 6c] and won ($29.50) with two pair, Eights and Fours


PokerStars Hand #151170041611:  Hold'em Limit ($3/$6 USD) - 2016/03/30 12:26:24 ET
Table 'Leontina' 10-max Seat #5 is the button
Seat 5: Mizt3r X ($56 in chips)
Seat 7: Pandakey ($240.42 in chips)
Mizt3r X: posts small blind $1
Pandakey: posts big blind $3
*** HOLE CARDS ***
Mizt3r X: raises $3 to $6
Pandakey: raises $3 to $9
Mizt3r X: calls $3
*** FLOP *** [6c Ks Tc]
Pandakey: bets $3
Mizt3r X: raises $3 to $6
Pandakey: folds
Uncalled bet ($3) returned to Mizt3r X
Mizt3r X collected $23.52 from pot
*** SUMMARY ***
Total pot $24 | Rake $0.48
Board [6c Ks Tc]
Seat 5: Mizt3r X (button) (small blind) collected ($23.52)
Seat 7: Pandakey (big blind) folded on the Flop


PokerStars Hand #151170034221:  Hold'em Limit ($3/$6 USD) - 2016/03/30 12:26:14 ET
Table 'Leontina' 10-max Seat #5 is the button
Seat 5: Mizt3r X ($60 in chips)
Seat 7: Pandakey ($236.42 in chips)
Mizt3r X: posts small blind $1
Pandakey: posts big blind $3
*** HOLE CARDS ***
Mizt3r X: folds
Uncalled bet ($2) returned to Pandakey
Pandakey collected $2 from pot
Pandakey: doesn't show hand
*** SUMMARY ***
Total pot $2 | Rake $0
Seat 5: Mizt3r X (button) (small blind) folded before Flop
Seat 7: Pandakey (big blind) collected ($2)


PokerStars Hand #151170017405:  Hold'em Limit ($3/$6 USD) - 2016/03/30 12:25:53 ET
Table 'Leontina' 10-max Seat #7 is the button
Seat 5: Mizt3r X ($18.76 in chips)
Seat 7: Pandakey ($218.16 in chips)
Pandakey: posts small blind $1
Mizt3r X: posts big blind $3
*** HOLE CARDS ***
Pandakey: raises $3 to $6
Mizt3r X: raises $3 to $9
Pandakey: calls $3
*** FLOP *** [Jd 5s 4d]
Mizt3r X: bets $3
Pandakey: raises $3 to $6
Mizt3r X: raises $3 to $9
Pandakey: raises $3 to $12
Betting is capped
Mizt3r X: calls $0.76 and is all-in
Uncalled bet ($2.24) returned to Pandakey
*** TURN *** [Jd 5s 4d] [Jc]
*** RIVER *** [Jd 5s 4d Jc] [3h]
*** SHOW DOWN ***
Mizt3r X: shows [Td Kd] (a pair of Jacks)
Pandakey: shows [9s 5c] (two pair, Jacks and Fives)
Pandakey collected $37.02 from pot
*** SUMMARY ***
Total pot $37.52 | Rake $0.50
Board [Jd 5s 4d Jc 3h]
Seat 5: Mizt3r X (big blind) showed [Td Kd] and lost with a pair of Jacks
Seat 7: Pandakey (button) (small blind) showed [9s 5c] and won ($37.02) with two pair, Jacks and Fives


PokerStars Hand #151170002217:  Hold'em Limit ($3/$6 USD) - 2016/03/30 12:25:34 ET
Table 'Leontina' 10-max Seat #5 is the button
Seat 5: Mizt3r X ($42.76 in chips)
Seat 7: Pandakey ($194.66 in chips)
Mizt3r X: posts small blind $1
Pandakey: posts big blind $3
*** HOLE CARDS ***
Mizt3r X: raises $3 to $6
Pandakey: raises $3 to $9
Mizt3r X: calls $3
*** FLOP *** [3c 4h 9h]
Pandakey: bets $3
Mizt3r X: calls $3
*** TURN *** [3c 4h 9h] [5h]
Pandakey: bets $6
Mizt3r X: calls $6
*** RIVER *** [3c 4h 9h 5h] [Kc]
Pandakey: bets $6
Mizt3r X: calls $6
*** SHOW DOWN ***
Pandakey: shows [4s 4c] (three of a kind, Fours)
Mizt3r X: mucks hand
Pandakey collected $47.50 from pot
*** SUMMARY ***
Total pot $48 | Rake $0.50
Board [3c 4h 9h 5h Kc]
Seat 5: Mizt3r X (button) (small blind) mucked
Seat 7: Pandakey (big blind) showed [4s 4c] and won ($47.50) with three of a kind, Fours


PokerStars Hand #151170052338:  Hold'em Limit ($3/$6 USD) - 2016/03/30 12:26:37 ET
Table 'Leontina' 10-max Seat #7 is the button
Seat 5: Mizt3r X ($67.52 in chips)
Seat 7: Pandakey ($228.42 in chips)
Pandakey: posts small blind $1
Mizt3r X: posts big blind $3
*** HOLE CARDS ***
Pandakey: raises $3 to $6
Mizt3r X: folds
Uncalled bet ($3) returned to Pandakey
Mizt3r X leaves the table
Pandakey collected $6 from pot
Pandakey: doesn't show hand
*** SUMMARY ***
Total pot $6 | Rake $0
Seat 5: Mizt3r X (big blind) folded before Flop
Seat 7: Pandakey (button) (small blind) collected ($6)


PokerStars Hand #151171394103:  Hold'em Limit ($3/$6 USD) - 2016/03/30 12:53:43 ET
Table 'Leontina' 10-max Seat #7 is the button
Seat 7: Pandakey ($234.92 in chips)
Seat 8: Helland ($115.64 in chips)
Pandakey: posts small blind $1
Helland: posts big blind $3
*** HOLE CARDS ***
Pandakey: folds
Uncalled bet ($2) returned to Helland
Helland collected $2 from pot
Helland: doesn't show hand
*** SUMMARY ***
Total pot $2 | Rake $0
Seat 7: Pandakey (button) (small blind) folded before Flop
Seat 8: Helland (big blind) collected ($2)


PokerStars Hand #151171380654:  Hold'em Limit ($3/$6 USD) - 2016/03/30 12:53:28 ET
Table 'Leontina' 10-max Seat #8 is the button
Seat 7: Pandakey ($243.92 in chips)
Seat 8: Helland ($107 in chips)
Helland: posts small blind $1
Pandakey: posts big blind $3
*** HOLE CARDS ***
Helland: raises $3 to $6
Pandakey: calls $3
*** FLOP *** [4d Tc 5c]
Pandakey: checks
Helland: bets $3
Pandakey: calls $3
*** TURN *** [4d Tc 5c] [3h]
Pandakey: checks
Helland: bets $6
Pandakey: folds
Uncalled bet ($6) returned to Helland
Helland collected $17.64 from pot
Helland: doesn't show hand
*** SUMMARY ***
Total pot $18 | Rake $0.36
Board [4d Tc 5c 3h]
Seat 7: Pandakey (big blind) folded on the Turn
Seat 8: Helland (button) (small blind) collected ($17.64)


PokerStars Hand #151171376980:  Hold'em Limit ($3/$6 USD) - 2016/03/30 12:53:24 ET
Table 'Leontina' 10-max Seat #7 is the button
Seat 7: Pandakey ($244.92 in chips)
Seat 8: Helland ($106 in chips)
Pandakey: posts small blind $1
Helland: posts big blind $3
*** HOLE CARDS ***
Pandakey: folds
Uncalled bet ($2) returned to Helland
Helland collected $2 from pot
Helland: doesn't show hand
*** SUMMARY ***
Total pot $2 | Rake $0
Seat 7: Pandakey (button) (small blind) folded before Flop
Seat 8: Helland (big blind) collected ($2)


PokerStars Hand #151171334838:  Hold'em Limit ($3/$6 USD) - 2016/03/30 12:52:35 ET
Table 'Leontina' 10-max Seat #8 is the button
Seat 7: Pandakey ($227.42 in chips)
Seat 8: Helland ($124 in chips)
Helland: posts small blind $1
Pandakey: posts big blind $3
*** HOLE CARDS ***
Helland: raises $3 to $6
Pandakey: raises $3 to $9
Helland: calls $3
*** FLOP *** [4h Kc 4d]
Pandakey: bets $3
Helland: calls $3
*** TURN *** [4h Kc 4d] [6d]
Pandakey: checks
Helland: checks
*** RIVER *** [4h Kc 4d 6d] [Kh]
Pandakey: bets $6
Helland: calls $6
*** SHOW DOWN ***
Pandakey: shows [Th Ac] (two pair, Kings and Fours)
Helland: mucks hand
Pandakey collected $35.50 from pot
*** SUMMARY ***
Total pot $36 | Rake $0.50
Board [4h Kc 4d 6d Kh]
Seat 7: Pandakey (big blind) showed [Th Ac] and won ($35.50) with two pair, Kings and Fours
Seat 8: Helland (button) (small blind) mucked


PokerStars Hand #151171430210:  Hold'em Limit ($3/$6 USD) - 2016/03/30 12:54:25 ET
Table 'Leontina' 10-max Seat #7 is the button
Seat 7: Pandakey ($214.92 in chips)
Seat 8: Helland ($135.14 in chips)
Pandakey: posts small blind $1
Helland: posts big blind $3
*** HOLE CARDS ***
Pandakey: raises $3 to $6
Helland: raises $3 to $9
Pandakey: calls $3
*** FLOP *** [7d Kd 7s]
Helland: bets $3
Pandakey: raises $3 to $6
Helland: calls $3
*** TURN *** [7d Kd 7s] [Tc]
Helland: checks
Pandakey: bets $6
Helland: calls $6
*** RIVER *** [7d Kd 7s Tc] [Td]
Helland: checks
Pandakey: bets $6
Helland: folds
Uncalled bet ($6) returned to Pandakey
Pandakey collected $41.50 from pot
Pandakey: doesn't show hand
*** SUMMARY ***
Total pot $42 | Rake $0.50
Board [7d Kd 7s Tc Td]
Seat 7: Pandakey (button) (small blind) collected ($41.50)
Seat 8: Helland (big blind) folded on the River


PokerStars Hand #151171413045:  Hold'em Limit ($3/$6 USD) - 2016/03/30 12:54:05 ET
Table 'Leontina' 10-max Seat #8 is the button
Seat 7: Pandakey ($229.92 in chips)
Seat 8: Helland ($120.64 in chips)
Helland: posts small blind $1
Pandakey: posts big blind $3
*** HOLE CARDS ***
Helland: raises $3 to $6
Pandakey: calls $3
*** FLOP *** [4c Ks 5d]
Pandakey: checks
Helland: bets $3
Pandakey: calls $3
*** TURN *** [4c Ks 5d] [5h]
Pandakey: checks
Helland: checks
*** RIVER *** [4c Ks 5d 5h] [6c]
Pandakey: bets $6
Helland: calls $6
*** SHOW DOWN ***
Pandakey: shows [7s 4s] (two pair, Fives and Fours)
Helland: shows [9s 9h] (two pair, Nines and Fives)
Helland collected $29.50 from pot
*** SUMMARY ***
Total pot $30 | Rake $0.50
Board [4c Ks 5d 5h 6c]
Seat 7: Pandakey (big blind) showed [7s 4s] and lost with two pair, Fives and Fours
Seat 8: Helland (button) (small blind) showed [9s 9h] and won ($29.50) with two pair, Nines and Fives


PokerStars Hand #151171409124:  Hold'em Limit ($3/$6 USD) - 2016/03/30 12:54:01 ET
Table 'Leontina' 10-max Seat #7 is the button
Seat 7: Pandakey ($230.92 in chips)
Seat 8: Helland ($119.64 in chips)
Pandakey: posts small blind $1
Helland: posts big blind $3
*** HOLE CARDS ***
Pandakey: folds
Uncalled bet ($2) returned to Helland
Helland collected $2 from pot
Helland: doesn't show hand
*** SUMMARY ***
Total pot $2 | Rake $0
Seat 7: Pandakey (button) (small blind) folded before Flop
Seat 8: Helland (big blind) collected ($2)


PokerStars Hand #151171397945:  Hold'em Limit ($3/$6 USD) - 2016/03/30 12:53:48 ET
Table 'Leontina' 10-max Seat #8 is the button
Seat 7: Pandakey ($233.92 in chips)
Seat 8: Helland ($116.64 in chips)
Helland: posts small blind $1
Pandakey: posts big blind $3
*** HOLE CARDS ***
Helland: raises $3 to $6
Pandakey: folds
Uncalled bet ($3) returned to Helland
Helland collected $6 from pot
Helland: doesn't show hand
*** SUMMARY ***
Total pot $6 | Rake $0
Seat 7: Pandakey (big blind) folded before Flop
Seat 8: Helland (button) (small blind) collected ($6)


PokerStars Hand #151171535306:  Hold'em Limit ($3/$6 USD) - 2016/03/30 12:56:49 ET
Table 'Leontina' 10-max Seat #8 is the button
Seat 7: Pandakey ($274.20 in chips)
Seat 8: Helland ($73.90 in chips)
Helland: posts small blind $1
Pandakey: posts big blind $3
*** HOLE CARDS ***
Helland: raises $3 to $6
Pandakey: raises $3 to $9
Helland: raises $3 to $12
Betting is capped
Pandakey: calls $3
*** FLOP *** [Qs 6c 5d]
Pandakey: checks
Helland: bets $3
Pandakey: calls $3
*** TURN *** [Qs 6c 5d] [4d]
Pandakey: checks
Helland: bets $6
Pandakey: calls $6
*** RIVER *** [Qs 6c 5d 4d] [5c]
Pandakey: checks
Helland: checks
*** SHOW DOWN ***
Pandakey: shows [As Ks] (a pair of Fives)
Helland: shows [Kd Ad] (a pair of Fives)
Pandakey collected $20.75 from pot
Helland collected $20.75 from pot
*** SUMMARY ***
Total pot $42 | Rake $0.50
Board [Qs 6c 5d 4d 5c]
Seat 7: Pandakey (big blind) showed [As Ks] and won ($20.75) with a pair of Fives
Seat 8: Helland (button) (small blind) showed [Kd Ad] and won ($20.75) with a pair of Fives


PokerStars Hand #151171554432:  Hold'em Limit ($3/$6 USD) - 2016/03/30 12:57:17 ET
Table 'Leontina' 10-max Seat #7 is the button
Seat 7: Pandakey ($273.95 in chips)
Seat 8: Helland ($73.65 in chips)
Pandakey: posts small blind $1
Helland: posts big blind $3
*** HOLE CARDS ***
Pandakey: raises $3 to $6
Helland: calls $3
*** FLOP *** [9d 3c Jd]
Helland: checks
Pandakey: bets $3
Helland: folds
Uncalled bet ($3) returned to Pandakey
Pandakey collected $11.76 from pot
Pandakey: doesn't show hand
*** SUMMARY ***
Total pot $12 | Rake $0.24
Board [9d 3c Jd]
Seat 7: Pandakey (button) (small blind) collected ($11.76)
Seat 8: Helland (big blind) folded on the Flop


PokerStars Hand #151171505954:  Hold'em Limit ($3/$6 USD) - 2016/03/30 12:56:06 ET
Table 'Leontina' 10-max Seat #7 is the button
Seat 7: Pandakey ($250.70 in chips)
Seat 8: Helland ($97.90 in chips)
Pandakey: posts small blind $1
Helland: posts big blind $3
*** HOLE CARDS ***
Pandakey: raises $3 to $6
Helland: calls $3
*** FLOP *** [8h 9c 4d]
Helland: checks
Pandakey: checks
*** TURN *** [8h 9c 4d] [Th]
Helland: checks
Pandakey: bets $6
Helland: raises $6 to $12
Pandakey: calls $6
*** RIVER *** [8h 9c 4d Th] [Qc]
Helland: bets $6
Pandakey: calls $6
*** SHOW DOWN ***
Helland: shows [Kd 6h] (high card King)
Pandakey: shows [Ts Ac] (a pair of Tens)
Pandakey collected $47.50 from pot
*** SUMMARY ***
Total pot $48 | Rake $0.50
Board [8h 9c 4d Th Qc]
Seat 7: Pandakey (button) (small blind) showed [Ts Ac] and won ($47.50) with a pair of Tens
Seat 8: Helland (big blind) showed [Kd 6h] and lost with high card King


PokerStars Hand #151171455246:  Hold'em Limit ($3/$6 USD) - 2016/03/30 12:54:54 ET
Table 'Leontina' 10-max Seat #8 is the button
Seat 7: Pandakey ($235.42 in chips)
Seat 8: Helland ($114.14 in chips)
Helland: posts small blind $1
Pandakey: posts big blind $3
*** HOLE CARDS ***
Helland: raises $3 to $6
Pandakey: calls $3
*** FLOP *** [Js 3h 7s]
Pandakey: checks
Helland: bets $3
Pandakey: folds
Uncalled bet ($3) returned to Helland
Helland collected $11.76 from pot
Helland: doesn't show hand
*** SUMMARY ***
Total pot $12 | Rake $0.24
Board [Js 3h 7s]
Seat 7: Pandakey (big blind) folded on the Flop
Seat 8: Helland (button) (small blind) collected ($11.76)


PokerStars Hand #151171466517:  Hold'em Limit ($3/$6 USD) - 2016/03/30 12:55:07 ET
Table 'Leontina' 10-max Seat #7 is the button
Seat 7: Pandakey ($229.42 in chips)
Seat 8: Helland ($119.90 in chips)
Pandakey: posts small blind $1
Helland: posts big blind $3
*** HOLE CARDS ***
Pandakey: raises $3 to $6
Helland: calls $3
*** FLOP *** [Qs As Jh]
Helland: checks
Pandakey: bets $3
Helland: folds
Uncalled bet ($3) returned to Pandakey
Pandakey collected $11.76 from pot
Pandakey: doesn't show hand
*** SUMMARY ***
Total pot $12 | Rake $0.24
Board [Qs As Jh]
Seat 7: Pandakey (button) (small blind) collected ($11.76)
Seat 8: Helland (big blind) folded on the Flop


PokerStars Hand #151171482129:  Hold'em Limit ($3/$6 USD) - 2016/03/30 12:55:30 ET
Table 'Leontina' 10-max Seat #7 is the button
Seat 7: Pandakey ($236.18 in chips)
Seat 8: Helland ($112.90 in chips)
Pandakey: posts small blind $1
Helland: posts big blind $3
*** HOLE CARDS ***
Pandakey: raises $3 to $6
Helland: folds
Uncalled bet ($3) returned to Pandakey
Pandakey collected $6 from pot
Pandakey: doesn't show hand
*** SUMMARY ***
Total pot $6 | Rake $0
Seat 7: Pandakey (button) (small blind) collected ($6)
Seat 8: Helland (big blind) folded before Flop


PokerStars Hand #151171478311:  Hold'em Limit ($3/$6 USD) - 2016/03/30 12:55:25 ET
Table 'Leontina' 10-max Seat #8 is the button
Seat 7: Pandakey ($235.18 in chips)
Seat 8: Helland ($113.90 in chips)
Helland: posts small blind $1
Pandakey: posts big blind $3
*** HOLE CARDS ***
Helland: folds
Uncalled bet ($2) returned to Pandakey
Pandakey collected $2 from pot
Pandakey: doesn't show hand
*** SUMMARY ***
Total pot $2 | Rake $0
Seat 7: Pandakey (big blind) collected ($2)
Seat 8: Helland (button) (small blind) folded before Flop


PokerStars Hand #151171562808:  Hold'em Limit ($3/$6 USD) - 2016/03/30 12:57:30 ET
Table 'Leontina' 10-max Seat #8 is the button
Seat 7: Pandakey ($279.71 in chips)
Seat 8: Helland ($67.65 in chips)
Helland: posts small blind $1
Pandakey: posts big blind $3
*** HOLE CARDS ***
Helland: raises $3 to $6
Pandakey: calls $3
*** FLOP *** [2h Tc 3h]
Pandakey: checks
Helland: bets $3
Pandakey: calls $3
*** TURN *** [2h Tc 3h] [7h]
Pandakey: checks
Helland: checks
*** RIVER *** [2h Tc 3h 7h] [4h]
Pandakey: checks
Helland: bets $6
Pandakey: folds
Uncalled bet ($6) returned to Helland
Helland collected $17.64 from pot
Helland: doesn't show hand
*** SUMMARY ***
Total pot $18 | Rake $0.36
Board [2h Tc 3h 7h 4h]
Seat 7: Pandakey (big blind) folded on the River
Seat 8: Helland (button) (small blind) collected ($17.64)


PokerStars Hand #151171620880:  Hold'em Limit ($3/$6 USD) - 2016/03/30 12:58:55 ET
Table 'Leontina' 10-max Seat #8 is the button
Seat 7: Pandakey ($246.71 in chips)
Seat 8: Helland ($99.79 in chips)
Helland: posts small blind $1
Pandakey: posts big blind $3
*** HOLE CARDS ***
Helland: raises $3 to $6
Pandakey: raises $3 to $9
Helland: calls $3
*** FLOP *** [7c 7h 4s]
Pandakey: bets $3
Helland: raises $3 to $6
Pandakey: calls $3
*** TURN *** [7c 7h 4s] [Th]
Pandakey: checks
Helland: bets $6
Pandakey: calls $6
*** RIVER *** [7c 7h 4s Th] [6c]
Pandakey: checks
Helland: bets $6
Pandakey: folds
Uncalled bet ($6) returned to Helland
Helland collected $41.50 from pot
Helland: doesn't show hand
*** SUMMARY ***
Total pot $42 | Rake $0.50
Board [7c 7h 4s Th 6c]
Seat 7: Pandakey (big blind) folded on the River
Seat 8: Helland (button) (small blind) collected ($41.50)


PokerStars Hand #151171584005:  Hold'em Limit ($3/$6 USD) - 2016/03/30 12:58:01 ET
Table 'Leontina' 10-max Seat #7 is the button
Seat 7: Pandakey ($270.71 in chips)
Seat 8: Helland ($76.29 in chips)
Pandakey: posts small blind $1
Helland: posts big blind $3
*** HOLE CARDS ***
Pandakey: raises $3 to $6
Helland: raises $3 to $9
Pandakey: calls $3
*** FLOP *** [Kc 2h 9s]
Helland: checks
Pandakey: bets $3
Helland: calls $3
*** TURN *** [Kc 2h 9s] [4d]
Helland: checks
Pandakey: bets $6
Helland: calls $6
*** RIVER *** [Kc 2h 9s 4d] [Qd]
Helland: bets $6
Pandakey: calls $6
*** SHOW DOWN ***
Helland: shows [Ah Qc] (a pair of Queens)
Pandakey: mucks hand
Helland collected $47.50 from pot
*** SUMMARY ***
Total pot $48 | Rake $0.50
Board [Kc 2h 9s 4d Qd]
Seat 7: Pandakey (button) (small blind) mucked
Seat 8: Helland (big blind) showed [Ah Qc] and won ($47.50) with a pair of Queens


PokerStars Hand #151171609661:  Hold'em Limit ($3/$6 USD) - 2016/03/30 12:58:39 ET
Table 'Leontina' 10-max Seat #8 is the button
Seat 7: Pandakey ($246.71 in chips)
Seat 8: Helland ($99.79 in chips)
Helland: posts small blind $1
Pandakey: posts big blind $3
*** HOLE CARDS ***
Helland: folds
Uncalled bet ($2) returned to Pandakey
Pandakey collected $2 from pot
Pandakey: doesn't show hand
*** SUMMARY ***
Total pot $2 | Rake $0
Seat 7: Pandakey (big blind) collected ($2)
Seat 8: Helland (button) (small blind) folded before Flop


PokerStars Hand #151171617965:  Hold'em Limit ($3/$6 USD) - 2016/03/30 12:58:51 ET
Table 'Leontina' 10-max Seat #7 is the button
Seat 7: Pandakey ($247.71 in chips)
Seat 8: Helland ($98.79 in chips)
Pandakey: posts small blind $1
Helland: posts big blind $3
*** HOLE CARDS ***
Pandakey: folds
Uncalled bet ($2) returned to Helland
Helland collected $2 from pot
Helland: doesn't show hand
*** SUMMARY ***
Total pot $2 | Rake $0
Seat 7: Pandakey (button) (small blind) folded before Flop
Seat 8: Helland (big blind) collected ($2)


PokerStars Hand #151171646658:  Hold'em Limit ($3/$6 USD) - 2016/03/30 12:59:33 ET
Table 'Leontina' 10-max Seat #7 is the button
Seat 7: Pandakey ($225.71 in chips)
Seat 8: Helland ($120.29 in chips)
Pandakey: posts small blind $1
Helland: posts big blind $3
*** HOLE CARDS ***
Pandakey: folds
Uncalled bet ($2) returned to Helland
Helland collected $2 from pot
Helland: doesn't show hand
*** SUMMARY ***
Total pot $2 | Rake $0
Seat 7: Pandakey (button) (small blind) folded before Flop
Seat 8: Helland (big blind) collected ($2)


PokerStars Hand #151171649743:  Hold'em Limit ($3/$6 USD) - 2016/03/30 12:59:37 ET
Table 'Leontina' 10-max Seat #8 is the button
Seat 7: Pandakey ($224.71 in chips)
Seat 8: Helland ($121.29 in chips)
Helland: posts small blind $1
Pandakey: posts big blind $3
*** HOLE CARDS ***
Helland: folds
Uncalled bet ($2) returned to Pandakey
Pandakey collected $2 from pot
Pandakey: doesn't show hand
*** SUMMARY ***
Total pot $2 | Rake $0
Seat 7: Pandakey (big blind) collected ($2)
Seat 8: Helland (button) (small blind) folded before Flop


PokerStars Hand #151171655906:  Hold'em Limit ($3/$6 USD) - 2016/03/30 12:59:46 ET
Table 'Leontina' 10-max Seat #7 is the button
Seat 7: Pandakey ($225.71 in chips)
Seat 8: Helland ($120.29 in chips)
Pandakey: posts small blind $1
Helland: posts big blind $3
*** HOLE CARDS ***
Pandakey: raises $3 to $6
Helland: calls $3
*** FLOP *** [9d 6d Ah]
Helland: checks
Pandakey: bets $3
Helland: calls $3
*** TURN *** [9d 6d Ah] [7d]
Helland: bets $6
Pandakey: calls $6
*** RIVER *** [9d 6d Ah 7d] [8h]
Helland: bets $6
Pandakey: calls $6
*** SHOW DOWN ***
Helland: shows [6c 7s] (two pair, Sevens and Sixes)
Pandakey: mucks hand
Helland collected $41.50 from pot
*** SUMMARY ***
Total pot $42 | Rake $0.50
Board [9d 6d Ah 7d 8h]
Seat 7: Pandakey (button) (small blind) mucked
Seat 8: Helland (big blind) showed [6c 7s] and won ($41.50) with two pair, Sevens and Sixes


PokerStars Hand #151171691755:  Hold'em Limit ($3/$6 USD) - 2016/03/30 13:00:37 ET
Table 'Leontina' 10-max Seat #8 is the button
Seat 7: Pandakey ($193.71 in chips)
Seat 8: Helland ($151.31 in chips)
Helland: posts small blind $1
Pandakey: posts big blind $3
*** HOLE CARDS ***
Helland: folds
Uncalled bet ($2) returned to Pandakey
Pandakey collected $2 from pot
Pandakey: doesn't show hand
*** SUMMARY ***
Total pot $2 | Rake $0
Seat 7: Pandakey (big blind) collected ($2)
Seat 8: Helland (button) (small blind) folded before Flop


PokerStars Hand #151171680238:  Hold'em Limit ($3/$6 USD) - 2016/03/30 13:00:21 ET
Table 'Leontina' 10-max Seat #7 is the button
Seat 7: Pandakey ($205.71 in chips)
Seat 8: Helland ($139.79 in chips)
Pandakey: posts small blind $1
Helland: posts big blind $3
*** HOLE CARDS ***
Pandakey: raises $3 to $6
Helland: raises $3 to $9
Pandakey: calls $3
*** FLOP *** [5h 8d 6h]
Helland: bets $3
Pandakey: calls $3
*** TURN *** [5h 8d 6h] [2s]
Helland: bets $6
Pandakey: folds
Uncalled bet ($6) returned to Helland
Helland collected $23.52 from pot
Helland: doesn't show hand
*** SUMMARY ***
Total pot $24 | Rake $0.48
Board [5h 8d 6h 2s]
Seat 7: Pandakey (button) (small blind) folded on the Turn
Seat 8: Helland (big blind) collected ($23.52)


