PokerStars Hand #165040411285:  Hold'em Limit ($3/$6 USD) - 2017/01/23 10:05:29 ET
Table 'Leontina II' 6-max Seat #4 is the button
Seat 3: Eklund_1891 ($142.56 in chips)
Seat 4: AzureCaper ($72 in chips)
AzureCaper: posts small blind $1
Eklund_1891: posts big blind $3
*** HOLE CARDS ***
AzureCaper: folds
Uncalled bet ($2) returned to Eklund_1891
Eklund_1891 collected $2 from pot
Eklund_1891: doesn't show hand
*** SUMMARY ***
Total pot $2 | Rake $0
Seat 3: Eklund_1891 (big blind) collected ($2)
Seat 4: AzureCaper (button) (small blind) folded before Flop


PokerStars Hand #165040461747:  Hold'em Limit ($3/$6 USD) - 2017/01/23 10:06:40 ET
Table 'Leontina II' 6-max Seat #3 is the button
Seat 3: Eklund_1891 ($155.96 in chips)
Seat 4: AzureCaper ($72 in chips)
Eklund_1891: posts small blind $1
AzureCaper: posts big blind $3
*** HOLE CARDS ***
Eklund_1891: folds
Uncalled bet ($2) returned to AzureCaper
AzureCaper collected $2 from pot
AzureCaper: doesn't show hand
*** SUMMARY ***
Total pot $2 | Rake $0
Seat 3: Eklund_1891 (button) (small blind) folded before Flop
Seat 4: AzureCaper (big blind) collected ($2)


PokerStars Hand #165040456826:  Hold'em Limit ($3/$6 USD) - 2017/01/23 10:06:33 ET
Table 'Leontina II' 6-max Seat #4 is the button
Seat 3: Eklund_1891 ($154.96 in chips)
Seat 4: AzureCaper ($72 in chips)
AzureCaper: posts small blind $1
Eklund_1891: posts big blind $3
*** HOLE CARDS ***
AzureCaper: folds
Uncalled bet ($2) returned to Eklund_1891
Eklund_1891 collected $2 from pot
Eklund_1891: doesn't show hand
*** SUMMARY ***
Total pot $2 | Rake $0
Seat 3: Eklund_1891 (big blind) collected ($2)
Seat 4: AzureCaper (button) (small blind) folded before Flop


PokerStars Hand #165040434147:  Hold'em Limit ($3/$6 USD) - 2017/01/23 10:06:01 ET
Table 'Leontina II' 6-max Seat #3 is the button
Seat 3: Eklund_1891 ($149.20 in chips)
Seat 4: AzureCaper ($75 in chips)
Eklund_1891: posts small blind $1
AzureCaper: posts big blind $3
*** HOLE CARDS ***
Eklund_1891: raises $3 to $6
AzureCaper: calls $3
*** FLOP *** [Kc Qh 3c]
AzureCaper: checks
Eklund_1891: checks
*** TURN *** [Kc Qh 3c] [Ah]
AzureCaper: checks
Eklund_1891: checks
*** RIVER *** [Kc Qh 3c Ah] [4s]
AzureCaper: checks
Eklund_1891: bets $6
AzureCaper: folds
Uncalled bet ($6) returned to Eklund_1891
Eklund_1891 collected $11.76 from pot
Eklund_1891: doesn't show hand
*** SUMMARY ***
Total pot $12 | Rake $0.24
Board [Kc Qh 3c Ah 4s]
Seat 3: Eklund_1891 (button) (small blind) collected ($11.76)
Seat 4: AzureCaper (big blind) folded on the River


PokerStars Hand #165040430030:  Hold'em Limit ($3/$6 USD) - 2017/01/23 10:05:55 ET
Table 'Leontina II' 6-max Seat #4 is the button
Seat 3: Eklund_1891 ($152.20 in chips)
Seat 4: AzureCaper ($72 in chips)
AzureCaper: posts small blind $1
Eklund_1891: posts big blind $3
*** HOLE CARDS ***
AzureCaper: raises $3 to $6
Eklund_1891: folds
Uncalled bet ($3) returned to AzureCaper
AzureCaper collected $6 from pot
AzureCaper: doesn't show hand
*** SUMMARY ***
Total pot $6 | Rake $0
Seat 3: Eklund_1891 (big blind) folded before Flop
Seat 4: AzureCaper (button) (small blind) collected ($6)


PokerStars Hand #165040417049:  Hold'em Limit ($3/$6 USD) - 2017/01/23 10:05:37 ET
Table 'Leontina II' 6-max Seat #3 is the button
Seat 3: Eklund_1891 ($143.56 in chips)
Seat 4: AzureCaper ($72 in chips)
Eklund_1891: posts small blind $1
AzureCaper: posts big blind $3
*** HOLE CARDS ***
Eklund_1891: raises $3 to $6
AzureCaper: calls $3
*** FLOP *** [9d 5c 8h]
AzureCaper: checks
Eklund_1891: bets $3
AzureCaper: calls $3
*** TURN *** [9d 5c 8h] [2c]
AzureCaper: checks
Eklund_1891: checks
*** RIVER *** [9d 5c 8h 2c] [8s]
AzureCaper: checks
Eklund_1891: checks
*** SHOW DOWN ***
AzureCaper: shows [6h Ks] (a pair of Eights)
Eklund_1891: shows [Kd Qs] (a pair of Eights - King+Queen kicker)
Eklund_1891 collected $17.64 from pot
*** SUMMARY ***
Total pot $18 | Rake $0.36
Board [9d 5c 8h 2c 8s]
Seat 3: Eklund_1891 (button) (small blind) showed [Kd Qs] and won ($17.64) with a pair of Eights
Seat 4: AzureCaper (big blind) showed [6h Ks] and lost with a pair of Eights


PokerStars Hand #165040497339:  Hold'em Limit ($3/$6 USD) - 2017/01/23 10:07:29 ET
Table 'Leontina II' 6-max Seat #3 is the button
Seat 3: Eklund_1891 ($175.24 in chips)
Seat 4: AzureCaper ($72 in chips)
Eklund_1891: posts small blind $1
AzureCaper: posts big blind $3
*** HOLE CARDS ***
Eklund_1891: raises $3 to $6
AzureCaper: folds
Uncalled bet ($3) returned to Eklund_1891
Eklund_1891 collected $6 from pot
Eklund_1891: doesn't show hand
*** SUMMARY ***
Total pot $6 | Rake $0
Seat 3: Eklund_1891 (button) (small blind) collected ($6)
Seat 4: AzureCaper (big blind) folded before Flop


PokerStars Hand #165040483856:  Hold'em Limit ($3/$6 USD) - 2017/01/23 10:07:11 ET
Table 'Leontina II' 6-max Seat #4 is the button
Seat 3: Eklund_1891 ($166.60 in chips)
Seat 4: AzureCaper ($72 in chips)
AzureCaper: posts small blind $1
Eklund_1891: posts big blind $3
*** HOLE CARDS ***
AzureCaper: raises $3 to $6
Eklund_1891: calls $3
*** FLOP *** [Js Ah Qs]
Eklund_1891: bets $3
AzureCaper: calls $3
*** TURN *** [Js Ah Qs] [Qh]
Eklund_1891: checks
AzureCaper: checks
*** RIVER *** [Js Ah Qs Qh] [Kd]
Eklund_1891: bets $6
maksi670 joins the table at seat #6
AzureCaper: folds
Uncalled bet ($6) returned to Eklund_1891
Eklund_1891 collected $17.64 from pot
Eklund_1891: doesn't show hand
niplot joins the table at seat #1
*** SUMMARY ***
Total pot $18 | Rake $0.36
Board [Js Ah Qs Qh Kd]
Seat 3: Eklund_1891 (big blind) collected ($17.64)
Seat 4: AzureCaper (button) (small blind) folded on the River


PokerStars Hand #165040478091:  Hold'em Limit ($3/$6 USD) - 2017/01/23 10:07:02 ET
Table 'Leontina II' 6-max Seat #3 is the button
Seat 3: Eklund_1891 ($163.60 in chips)
Seat 4: AzureCaper ($72 in chips)
Eklund_1891: posts small blind $1
AzureCaper: posts big blind $3
*** HOLE CARDS ***
Eklund_1891: raises $3 to $6
AzureCaper: folds
Uncalled bet ($3) returned to Eklund_1891
Eklund_1891 collected $6 from pot
Eklund_1891: doesn't show hand
*** SUMMARY ***
Total pot $6 | Rake $0
Seat 3: Eklund_1891 (button) (small blind) collected ($6)
Seat 4: AzureCaper (big blind) folded before Flop


PokerStars Hand #165040465421:  Hold'em Limit ($3/$6 USD) - 2017/01/23 10:06:45 ET
Table 'Leontina II' 6-max Seat #4 is the button
Seat 3: Eklund_1891 ($154.96 in chips)
Seat 4: AzureCaper ($73 in chips)
AzureCaper: posts small blind $1
Eklund_1891: posts big blind $3
*** HOLE CARDS ***
AzureCaper: raises $3 to $6
Eklund_1891: calls $3
*** FLOP *** [Ad Td 9s]
Eklund_1891: checks
AzureCaper: bets $3
Eklund_1891: calls $3
*** TURN *** [Ad Td 9s] [Th]
Eklund_1891: checks
AzureCaper: checks
*** RIVER *** [Ad Td 9s Th] [9d]
Eklund_1891: bets $6
AzureCaper: folds
Uncalled bet ($6) returned to Eklund_1891
Eklund_1891 collected $17.64 from pot
Eklund_1891: doesn't show hand
*** SUMMARY ***
Total pot $18 | Rake $0.36
Board [Ad Td 9s Th 9d]
Seat 3: Eklund_1891 (big blind) collected ($17.64)
Seat 4: AzureCaper (button) (small blind) folded on the River


PokerStars Hand #165041059846:  Hold'em Limit ($3/$6 USD) - 2017/01/23 10:20:21 ET
Table 'Leontina II' 6-max Seat #6 is the button
Seat 4: AzureCaper ($192.56 in chips)
Seat 6: maksi670 ($46.34 in chips)
maksi670: posts small blind $1
ice0034: is sitting out
AzureCaper: posts big blind $3
*** HOLE CARDS ***
maksi670: folds
Uncalled bet ($2) returned to AzureCaper
AzureCaper collected $2 from pot
AzureCaper: doesn't show hand
*** SUMMARY ***
Total pot $2 | Rake $0
Seat 4: AzureCaper (big blind) collected ($2)
Seat 6: maksi670 (button) (small blind) folded before Flop


PokerStars Hand #165041064106:  Hold'em Limit ($3/$6 USD) - 2017/01/23 10:20:26 ET
Table 'Leontina II' 6-max Seat #4 is the button
Seat 4: AzureCaper ($193.56 in chips)
Seat 6: maksi670 ($45.34 in chips)
AzureCaper: posts small blind $1
maksi670: posts big blind $3
*** HOLE CARDS ***
AzureCaper: raises $3 to $6
maksi670: folds
Uncalled bet ($3) returned to AzureCaper
AzureCaper collected $6 from pot
AzureCaper: doesn't show hand
*** SUMMARY ***
Total pot $6 | Rake $0
Seat 4: AzureCaper (button) (small blind) collected ($6)
Seat 6: maksi670 (big blind) folded before Flop


PokerStars Hand #165041069453:  Hold'em Limit ($3/$6 USD) - 2017/01/23 10:20:33 ET
Table 'Leontina II' 6-max Seat #6 is the button
Seat 4: AzureCaper ($196.56 in chips)
Seat 6: maksi670 ($42.34 in chips)
maksi670: posts small blind $1
AzureCaper: posts big blind $3
*** HOLE CARDS ***
maksi670: calls $2
AzureCaper: checks
*** FLOP *** [Ac 4h 9s]
AzureCaper: bets $3
ice0034 leaves the table
maksi670: calls $3
*** TURN *** [Ac 4h 9s] [Tc]
AzureCaper: checks
maksi670: checks
*** RIVER *** [Ac 4h 9s Tc] [3d]
AzureCaper: checks
maksi670: bets $6
AzureCaper: folds
Uncalled bet ($6) returned to maksi670
maksi670 collected $11.76 from pot
*** SUMMARY ***
Total pot $12 | Rake $0.24
Board [Ac 4h 9s Tc 3d]
Seat 4: AzureCaper (big blind) folded on the River
Seat 6: maksi670 (button) (small blind) collected ($11.76)


PokerStars Hand #165041083626:  Hold'em Limit ($3/$6 USD) - 2017/01/23 10:20:53 ET
Table 'Leontina II' 6-max Seat #4 is the button
Seat 4: AzureCaper ($190.56 in chips)
Seat 6: maksi670 ($48.10 in chips)
AzureCaper: posts small blind $1
maksi670: posts big blind $3
*** HOLE CARDS ***
AzureCaper: raises $3 to $6
maksi670: raises $3 to $9
AzureCaper: calls $3
*** FLOP *** [2h 4s Ad]
niplot joins the table at seat #1
maksi670: bets $3
AzureCaper: folds
Uncalled bet ($3) returned to maksi670
maksi670 collected $17.64 from pot
*** SUMMARY ***
Total pot $18 | Rake $0.36
Board [2h 4s Ad]
Seat 4: AzureCaper (button) (small blind) folded on the Flop
Seat 6: maksi670 (big blind) collected ($17.64)


PokerStars Hand #165051574265:  Hold'em Limit ($3/$6 USD) - 2017/01/23 13:49:25 ET
Table 'Leontina II' 6-max Seat #6 is the button
Seat 2: LouisB ($98 in chips)
Seat 6: maksimus16 ($148.26 in chips)
maksimus16: posts small blind $1
234599330: is sitting out
LouisB: posts big blind $3
*** HOLE CARDS ***
belik555 joins the table at seat #5
maksimus16: raises $3 to $6
LouisB: folds
Uncalled bet ($3) returned to maksimus16
234599330 leaves the table
maksimus16 collected $6 from pot
*** SUMMARY ***
Total pot $6 | Rake $0
Seat 2: LouisB (big blind) folded before Flop
Seat 6: maksimus16 (button) (small blind) collected ($6)


PokerStars Hand #165052871199:  Hold'em Limit ($3/$6 USD) - 2017/01/23 14:12:55 ET
Table 'Leontina II' 6-max Seat #2 is the button
Seat 1: sokol-max-PS ($294.65 in chips)
Seat 2: LouisB ($129.66 in chips)
LouisB: posts small blind $1
belik555: is sitting out
sokol-max-PS: posts big blind $3
*** HOLE CARDS ***
ragz2riche5 joins the table at seat #3
LouisB: raises $3 to $6
sokol-max-PS: raises $3 to $9
LouisB: calls $3
*** FLOP *** [Kc 8c 9s]
sokol-max-PS: bets $3
LouisB: calls $3
*** TURN *** [Kc 8c 9s] [5s]
sokol-max-PS: bets $6
LouisB: calls $6
*** RIVER *** [Kc 8c 9s 5s] [Kh]
sokol-max-PS: bets $6
LouisB: calls $6
*** SHOW DOWN ***
sokol-max-PS: shows [Ad Ks] (three of a kind, Kings)
LouisB: mucks hand
sokol-max-PS collected $47.50 from pot
*** SUMMARY ***
Total pot $48 | Rake $0.50
Board [Kc 8c 9s 5s Kh]
Seat 1: sokol-max-PS (big blind) showed [Ad Ks] and won ($47.50) with three of a kind, Kings
Seat 2: LouisB (button) (small blind) mucked


