PokerStars Hand #175216506756:  Hold'em Limit ($3/$6 USD) - 2017/09/04 18:10:01 ET
Table 'Leonora' 6-max Seat #5 is the button
Seat 3: jagnaras ($9 in chips)
Seat 5: GoliafUa ($140.50 in chips)
GoliafUa: posts small blind $1
jagnaras: posts big blind $3
*** HOLE CARDS ***
GoliafUa: raises $3 to $6
jagnaras: raises $3 to $9 and is all-in
GoliafUa: calls $3
*** FLOP *** [2h Ah As]
*** TURN *** [2h Ah As] [9d]
*** RIVER *** [2h Ah As 9d] [4d]
*** SHOW DOWN ***
jagnaras: shows [7s Kd] (a pair of Aces)
GoliafUa: shows [9s 4h] (two pair, Aces and Nines)
GoliafUa collected $17.64 from pot
*** SUMMARY ***
Total pot $18 | Rake $0.36
Board [2h Ah As 9d 4d]
Seat 3: jagnaras (big blind) showed [7s Kd] and lost with a pair of Aces
Seat 5: GoliafUa (button) (small blind) showed [9s 4h] and won ($17.64) with two pair, Aces and Nines


PokerStars Hand #175216491731:  Hold'em Limit ($3/$6 USD) - 2017/09/04 18:09:41 ET
Table 'Leonora' 6-max Seat #3 is the button
Seat 3: jagnaras ($30 in chips)
Seat 5: GoliafUa ($120 in chips)
jagnaras: posts small blind $1
GoliafUa: posts big blind $3
*** HOLE CARDS ***
jagnaras: calls $2
GoliafUa: raises $3 to $6
belik555 joins the table at seat #4
jagnaras: calls $3
*** FLOP *** [5c Js 8h]
GoliafUa: bets $3
jagnaras: calls $3
*** TURN *** [5c Js 8h] [4s]
GoliafUa: bets $6
jagnaras: calls $6
*** RIVER *** [5c Js 8h 4s] [Jh]
GoliafUa: bets $6
jagnaras: calls $6
*** SHOW DOWN ***
GoliafUa: shows [Tc Jc] (three of a kind, Jacks)
jagnaras: mucks hand
GoliafUa collected $41.50 from pot
*** SUMMARY ***
Total pot $42 | Rake $0.50
Board [5c Js 8h 4s Jh]
Seat 3: jagnaras (button) (small blind) mucked
Seat 5: GoliafUa (big blind) showed [Tc Jc] and won ($41.50) with three of a kind, Jacks


PokerStars Hand #175217809283:  Hold'em Limit ($3/$6 USD) - 2017/09/04 18:41:14 ET
Table 'Leonora' 6-max Seat #3 is the button
Seat 3: Blikon ($120 in chips)
Seat 4: B_loJkl ($150 in chips)
Blikon: posts small blind $1
B_loJkl: posts big blind $3
*** HOLE CARDS ***
Blikon: raises $3 to $6
B_loJkl: calls $3
*** FLOP *** [Ks 6d 3s]
B_loJkl: checks
Blikon: bets $3
B_loJkl: calls $3
*** TURN *** [Ks 6d 3s] [Kc]
B_loJkl: checks
Blikon: bets $6
B_loJkl: folds
Uncalled bet ($6) returned to Blikon
Blikon collected $17.64 from pot
*** SUMMARY ***
Total pot $18 | Rake $0.36
Board [Ks 6d 3s Kc]
Seat 3: Blikon (button) (small blind) collected ($17.64)
Seat 4: B_loJkl (big blind) folded on the Turn


PokerStars Hand #175217850549:  Hold'em Limit ($3/$6 USD) - 2017/09/04 18:42:16 ET
Table 'Leonora' 6-max Seat #3 is the button
Seat 3: Blikon ($146.02 in chips)
Seat 4: B_loJkl ($122.88 in chips)
Blikon: posts small blind $1
B_loJkl: posts big blind $3
*** HOLE CARDS ***
Blikon: folds
Uncalled bet ($2) returned to B_loJkl
B_loJkl collected $2 from pot
B_loJkl: doesn't show hand
*** SUMMARY ***
Total pot $2 | Rake $0
Seat 3: Blikon (button) (small blind) folded before Flop
Seat 4: B_loJkl (big blind) collected ($2)


PokerStars Hand #175217846028:  Hold'em Limit ($3/$6 USD) - 2017/09/04 18:42:09 ET
Table 'Leonora' 6-max Seat #4 is the button
Seat 3: Blikon ($149.02 in chips)
Seat 4: B_loJkl ($119.88 in chips)
B_loJkl: posts small blind $1
Blikon: posts big blind $3
*** HOLE CARDS ***
B_loJkl: raises $3 to $6
Blikon: folds
Uncalled bet ($3) returned to B_loJkl
B_loJkl collected $6 from pot
B_loJkl: doesn't show hand
*** SUMMARY ***
Total pot $6 | Rake $0
Seat 3: Blikon (big blind) folded before Flop
Seat 4: B_loJkl (button) (small blind) collected ($6)


PokerStars Hand #175217834464:  Hold'em Limit ($3/$6 USD) - 2017/09/04 18:41:52 ET
Table 'Leonora' 6-max Seat #3 is the button
Seat 3: Blikon ($128.52 in chips)
Seat 4: B_loJkl ($140.88 in chips)
Blikon: posts small blind $1
B_loJkl: posts big blind $3
*** HOLE CARDS ***
Blikon: raises $3 to $6
B_loJkl: calls $3
*** FLOP *** [Ah 9h 9s]
B_loJkl: checks
Blikon: bets $3
B_loJkl: calls $3
*** TURN *** [Ah 9h 9s] [7d]
B_loJkl: checks
Blikon: bets $6
B_loJkl: calls $6
*** RIVER *** [Ah 9h 9s 7d] [4s]
B_loJkl: checks
Blikon: bets $6
B_loJkl: calls $6
*** SHOW DOWN ***
Blikon: shows [9d Qh] (three of a kind, Nines)
B_loJkl: mucks hand
Blikon collected $41.50 from pot
*** SUMMARY ***
Total pot $42 | Rake $0.50
Board [Ah 9h 9s 7d 4s]
Seat 3: Blikon (button) (small blind) showed [9d Qh] and won ($41.50) with three of a kind, Nines
Seat 4: B_loJkl (big blind) mucked


PokerStars Hand #175217820776:  Hold'em Limit ($3/$6 USD) - 2017/09/04 18:41:31 ET
Table 'Leonora' 6-max Seat #4 is the button
Seat 3: Blikon ($128.64 in chips)
Seat 4: B_loJkl ($141 in chips)
B_loJkl: posts small blind $1
Blikon: posts big blind $3
*** HOLE CARDS ***
B_loJkl: raises $3 to $6
Blikon: calls $3
*** FLOP *** [Jh 8s 9d]
Blikon: checks
B_loJkl: checks
*** TURN *** [Jh 8s 9d] [8c]
Blikon: checks
B_loJkl: checks
*** RIVER *** [Jh 8s 9d 8c] [9c]
Blikon: checks
B_loJkl: checks
*** SHOW DOWN ***
Blikon: shows [7h 4h] (two pair, Nines and Eights)
B_loJkl: shows [6d 4s] (two pair, Nines and Eights)
Blikon collected $5.88 from pot
B_loJkl collected $5.88 from pot
*** SUMMARY ***
Total pot $12 | Rake $0.24
Board [Jh 8s 9d 8c 9c]
Seat 3: Blikon (big blind) showed [7h 4h] and won ($5.88) with two pair, Nines and Eights
Seat 4: B_loJkl (button) (small blind) showed [6d 4s] and won ($5.88) with two pair, Nines and Eights


PokerStars Hand #175217897336:  Hold'em Limit ($3/$6 USD) - 2017/09/04 18:43:27 ET
Table 'Leonora' 6-max Seat #3 is the button
Seat 3: Blikon ($156.04 in chips)
Seat 4: B_loJkl ($111.28 in chips)
Blikon: posts small blind $1
B_loJkl: posts big blind $3
*** HOLE CARDS ***
Blikon: folds
Uncalled bet ($2) returned to B_loJkl
B_loJkl collected $2 from pot
B_loJkl: doesn't show hand
*** SUMMARY ***
Total pot $2 | Rake $0
Seat 3: Blikon (button) (small blind) folded before Flop
Seat 4: B_loJkl (big blind) collected ($2)


PokerStars Hand #175217885351:  Hold'em Limit ($3/$6 USD) - 2017/09/04 18:43:09 ET
Table 'Leonora' 6-max Seat #4 is the button
Seat 3: Blikon ($138.54 in chips)
Seat 4: B_loJkl ($129.28 in chips)
B_loJkl: posts small blind $1
Blikon: posts big blind $3
*** HOLE CARDS ***
B_loJkl: raises $3 to $6
Blikon: raises $3 to $9
B_loJkl: calls $3
*** FLOP *** [Qh 8c 3c]
Blikon: bets $3
B_loJkl: calls $3
*** TURN *** [Qh 8c 3c] [2d]
Blikon: bets $6
B_loJkl: calls $6
*** RIVER *** [Qh 8c 3c 2d] [8s]
Blikon: bets $6
B_loJkl: folds
Uncalled bet ($6) returned to Blikon
Blikon collected $35.50 from pot
*** SUMMARY ***
Total pot $36 | Rake $0.50
Board [Qh 8c 3c 2d 8s]
Seat 3: Blikon (big blind) collected ($35.50)
Seat 4: B_loJkl (button) (small blind) folded on the River


PokerStars Hand #175217875608:  Hold'em Limit ($3/$6 USD) - 2017/09/04 18:42:54 ET
Table 'Leonora' 6-max Seat #3 is the button
Seat 3: Blikon ($147.54 in chips)
Seat 4: B_loJkl ($120.64 in chips)
Blikon: posts small blind $1
B_loJkl: posts big blind $3
*** HOLE CARDS ***
Blikon: raises $3 to $6
B_loJkl: calls $3
*** FLOP *** [3s 6h Jc]
B_loJkl: checks
Blikon: bets $3
B_loJkl: calls $3
*** TURN *** [3s 6h Jc] [4c]
B_loJkl: checks
Blikon: checks
*** RIVER *** [3s 6h Jc 4c] [Th]
B_loJkl: bets $6
Blikon: folds
Uncalled bet ($6) returned to B_loJkl
B_loJkl collected $17.64 from pot
B_loJkl: doesn't show hand
*** SUMMARY ***
Total pot $18 | Rake $0.36
Board [3s 6h Jc 4c Th]
Seat 3: Blikon (button) (small blind) folded on the River
Seat 4: B_loJkl (big blind) collected ($17.64)


PokerStars Hand #175217872109:  Hold'em Limit ($3/$6 USD) - 2017/09/04 18:42:49 ET
Table 'Leonora' 6-max Seat #4 is the button
Seat 3: Blikon ($150.54 in chips)
Seat 4: B_loJkl ($117.64 in chips)
B_loJkl: posts small blind $1
Blikon: posts big blind $3
*** HOLE CARDS ***
B_loJkl: raises $3 to $6
Blikon: folds
Uncalled bet ($3) returned to B_loJkl
B_loJkl collected $6 from pot
B_loJkl: doesn't show hand
*** SUMMARY ***
Total pot $6 | Rake $0
Seat 3: Blikon (big blind) folded before Flop
Seat 4: B_loJkl (button) (small blind) collected ($6)


PokerStars Hand #175217864722:  Hold'em Limit ($3/$6 USD) - 2017/09/04 18:42:38 ET
Table 'Leonora' 6-max Seat #3 is the button
Seat 3: Blikon ($156.54 in chips)
Seat 4: B_loJkl ($111.88 in chips)
Blikon: posts small blind $1
B_loJkl: posts big blind $3
*** HOLE CARDS ***
Blikon: raises $3 to $6
B_loJkl: calls $3
*** FLOP *** [8s 8c 4s]
B_loJkl: checks
Blikon: checks
*** TURN *** [8s 8c 4s] [Tc]
B_loJkl: bets $6
Blikon: folds
Uncalled bet ($6) returned to B_loJkl
B_loJkl collected $11.76 from pot
B_loJkl: doesn't show hand
*** SUMMARY ***
Total pot $12 | Rake $0.24
Board [8s 8c 4s Tc]
Seat 3: Blikon (button) (small blind) folded on the Turn
Seat 4: B_loJkl (big blind) collected ($11.76)


PokerStars Hand #175217853433:  Hold'em Limit ($3/$6 USD) - 2017/09/04 18:42:21 ET
Table 'Leonora' 6-max Seat #4 is the button
Seat 3: Blikon ($145.02 in chips)
Seat 4: B_loJkl ($123.88 in chips)
B_loJkl: posts small blind $1
Blikon: posts big blind $3
*** HOLE CARDS ***
B_loJkl: raises $3 to $6
Blikon: calls $3
*** FLOP *** [Th 8d 2d]
Blikon: checks
B_loJkl: checks
*** TURN *** [Th 8d 2d] [2c]
Blikon: bets $6
B_loJkl: calls $6
*** RIVER *** [Th 8d 2d 2c] [7h]
Blikon: bets $6
B_loJkl: folds
Uncalled bet ($6) returned to Blikon
Blikon collected $23.52 from pot
*** SUMMARY ***
Total pot $24 | Rake $0.48
Board [Th 8d 2d 2c 7h]
Seat 3: Blikon (big blind) collected ($23.52)
Seat 4: B_loJkl (button) (small blind) folded on the River


PokerStars Hand #175217940649:  Hold'em Limit ($3/$6 USD) - 2017/09/04 18:44:27 ET
Table 'Leonora' 6-max Seat #3 is the button
Seat 3: Blikon ($165.30 in chips)
Seat 4: B_loJkl ($100.92 in chips)
Blikon: posts small blind $1
B_loJkl: posts big blind $3
*** HOLE CARDS ***
Blikon: folds
Uncalled bet ($2) returned to B_loJkl
B_loJkl collected $2 from pot
B_loJkl: doesn't show hand
*** SUMMARY ***
Total pot $2 | Rake $0
Seat 3: Blikon (button) (small blind) folded before Flop
Seat 4: B_loJkl (big blind) collected ($2)


PokerStars Hand #175217937401:  Hold'em Limit ($3/$6 USD) - 2017/09/04 18:44:23 ET
Table 'Leonora' 6-max Seat #4 is the button
Seat 3: Blikon ($168.30 in chips)
Seat 4: B_loJkl ($97.92 in chips)
B_loJkl: posts small blind $1
Blikon: posts big blind $3
*** HOLE CARDS ***
B_loJkl: raises $3 to $6
Blikon: folds
Uncalled bet ($3) returned to B_loJkl
B_loJkl collected $6 from pot
B_loJkl: doesn't show hand
*** SUMMARY ***
Total pot $6 | Rake $0
Seat 3: Blikon (big blind) folded before Flop
Seat 4: B_loJkl (button) (small blind) collected ($6)


PokerStars Hand #175217934495:  Hold'em Limit ($3/$6 USD) - 2017/09/04 18:44:18 ET
Table 'Leonora' 6-max Seat #3 is the button
Seat 3: Blikon ($169.30 in chips)
Seat 4: B_loJkl ($96.92 in chips)
Blikon: posts small blind $1
B_loJkl: posts big blind $3
*** HOLE CARDS ***
Blikon: folds
Uncalled bet ($2) returned to B_loJkl
B_loJkl collected $2 from pot
B_loJkl: doesn't show hand
*** SUMMARY ***
Total pot $2 | Rake $0
Seat 3: Blikon (button) (small blind) folded before Flop
Seat 4: B_loJkl (big blind) collected ($2)


PokerStars Hand #175217924679:  Hold'em Limit ($3/$6 USD) - 2017/09/04 18:44:04 ET
Table 'Leonora' 6-max Seat #4 is the button
Seat 3: Blikon ($151.80 in chips)
Seat 4: B_loJkl ($114.92 in chips)
B_loJkl: posts small blind $1
Blikon: posts big blind $3
*** HOLE CARDS ***
B_loJkl: raises $3 to $6
Blikon: calls $3
*** FLOP *** [Ts 9h 7c]
Blikon: checks
B_loJkl: checks
*** TURN *** [Ts 9h 7c] [4s]
Blikon: bets $6
B_loJkl: calls $6
*** RIVER *** [Ts 9h 7c 4s] [Qc]
Blikon: bets $6
B_loJkl: calls $6
*** SHOW DOWN ***
Blikon: shows [7d Kh] (a pair of Sevens)
B_loJkl: mucks hand
Blikon collected $35.50 from pot
*** SUMMARY ***
Total pot $36 | Rake $0.50
Board [Ts 9h 7c 4s Qc]
Seat 3: Blikon (big blind) showed [7d Kh] and won ($35.50) with a pair of Sevens
Seat 4: B_loJkl (button) (small blind) mucked


PokerStars Hand #175217910695:  Hold'em Limit ($3/$6 USD) - 2017/09/04 18:43:47 ET
Table 'Leonora' 6-max Seat #3 is the button
Seat 3: Blikon ($160.80 in chips)
Seat 4: B_loJkl ($106.28 in chips)
Blikon: posts small blind $1
B_loJkl: posts big blind $3
*** HOLE CARDS ***
Blikon: raises $3 to $6
B_loJkl: calls $3
*** FLOP *** [5h 3c 2h]
B_loJkl: checks
Blikon: bets $3
B_loJkl: calls $3
*** TURN *** [5h 3c 2h] [Qd]
B_loJkl: checks
Blikon: checks
*** RIVER *** [5h 3c 2h Qd] [Jd]
B_loJkl: bets $6
Blikon: folds
Uncalled bet ($6) returned to B_loJkl
B_loJkl collected $17.64 from pot
B_loJkl: doesn't show hand
*** SUMMARY ***
Total pot $18 | Rake $0.36
Board [5h 3c 2h Qd Jd]
Seat 3: Blikon (button) (small blind) folded on the River
Seat 4: B_loJkl (big blind) collected ($17.64)


PokerStars Hand #175217900273:  Hold'em Limit ($3/$6 USD) - 2017/09/04 18:43:32 ET
Table 'Leonora' 6-max Seat #4 is the button
Seat 3: Blikon ($155.04 in chips)
Seat 4: B_loJkl ($112.28 in chips)
B_loJkl: posts small blind $1
Blikon: posts big blind $3
*** HOLE CARDS ***
B_loJkl: raises $3 to $6
Blikon: calls $3
*** FLOP *** [3d 4d Ah]
Blikon: checks
B_loJkl: checks
*** TURN *** [3d 4d Ah] [Qh]
Blikon: checks
B_loJkl: checks
*** RIVER *** [3d 4d Ah Qh] [4s]
Blikon: bets $6
B_loJkl: folds
Uncalled bet ($6) returned to Blikon
Blikon collected $11.76 from pot
*** SUMMARY ***
Total pot $12 | Rake $0.24
Board [3d 4d Ah Qh 4s]
Seat 3: Blikon (big blind) collected ($11.76)
Seat 4: B_loJkl (button) (small blind) folded on the River


PokerStars Hand #175217965354:  Hold'em Limit ($3/$6 USD) - 2017/09/04 18:45:05 ET
Table 'Leonora' 6-max Seat #4 is the button
Seat 3: Blikon ($190.32 in chips)
Seat 4: B_loJkl ($74.92 in chips)
B_loJkl: posts small blind $1
Blikon: posts big blind $3
*** HOLE CARDS ***
B_loJkl: raises $3 to $6
Blikon: folds
Uncalled bet ($3) returned to B_loJkl
B_loJkl collected $6 from pot
B_loJkl: doesn't show hand
*** SUMMARY ***
Total pot $6 | Rake $0
Seat 3: Blikon (big blind) folded before Flop
Seat 4: B_loJkl (button) (small blind) collected ($6)


PokerStars Hand #175217953165:  Hold'em Limit ($3/$6 USD) - 2017/09/04 18:44:46 ET
Table 'Leonora' 6-max Seat #3 is the button
Seat 3: Blikon ($175.82 in chips)
Seat 4: B_loJkl ($89.92 in chips)
Blikon: posts small blind $1
B_loJkl: posts big blind $3
*** HOLE CARDS ***
Blikon: raises $3 to $6
B_loJkl: calls $3
*** FLOP *** [Qh 6h Kd]
B_loJkl: checks
Blikon: bets $3
B_loJkl: calls $3
*** TURN *** [Qh 6h Kd] [Ah]
B_loJkl: checks
Blikon: bets $6
B_loJkl: calls $6
*** RIVER *** [Qh 6h Kd Ah] [7d]
B_loJkl: checks
Blikon: bets $6
B_loJkl: folds
Uncalled bet ($6) returned to Blikon
Blikon collected $29.50 from pot
*** SUMMARY ***
Total pot $30 | Rake $0.50
Board [Qh 6h Kd Ah 7d]
Seat 3: Blikon (button) (small blind) collected ($29.50)
Seat 4: B_loJkl (big blind) folded on the River


PokerStars Hand #175217943506:  Hold'em Limit ($3/$6 USD) - 2017/09/04 18:44:32 ET
Table 'Leonora' 6-max Seat #4 is the button
Seat 3: Blikon ($164.30 in chips)
Seat 4: B_loJkl ($101.92 in chips)
B_loJkl: posts small blind $1
Blikon: posts big blind $3
*** HOLE CARDS ***
B_loJkl: raises $3 to $6
Blikon: calls $3
*** FLOP *** [8d Ts 7d]
Blikon: checks
B_loJkl: checks
*** TURN *** [8d Ts 7d] [Kh]
Blikon: bets $6
B_loJkl: calls $6
*** RIVER *** [8d Ts 7d Kh] [2s]
Blikon: bets $6
B_loJkl: folds
Uncalled bet ($6) returned to Blikon
Blikon collected $23.52 from pot
*** SUMMARY ***
Total pot $24 | Rake $0.48
Board [8d Ts 7d Kh 2s]
Seat 3: Blikon (big blind) collected ($23.52)
Seat 4: B_loJkl (button) (small blind) folded on the River


PokerStars Hand #175218014868:  Hold'em Limit ($3/$6 USD) - 2017/09/04 18:46:20 ET
Table 'Leonora' 6-max Seat #4 is the button
Seat 3: Blikon ($194.48 in chips)
Seat 4: B_loJkl ($69.44 in chips)
B_loJkl: posts small blind $1
Blikon: posts big blind $3
*** HOLE CARDS ***
B_loJkl: raises $3 to $6
Blikon: raises $3 to $9
B_loJkl: calls $3
*** FLOP *** [9h 7c Jc]
Blikon: bets $3
B_loJkl: calls $3
*** TURN *** [9h 7c Jc] [Kd]
Blikon: bets $6
B_loJkl: calls $6
*** RIVER *** [9h 7c Jc Kd] [2c]
Blikon: bets $6
B_loJkl: folds
Uncalled bet ($6) returned to Blikon
Blikon collected $35.50 from pot
*** SUMMARY ***
Total pot $36 | Rake $0.50
Board [9h 7c Jc Kd 2c]
Seat 3: Blikon (big blind) collected ($35.50)
Seat 4: B_loJkl (button) (small blind) folded on the River


PokerStars Hand #175218009597:  Hold'em Limit ($3/$6 USD) - 2017/09/04 18:46:12 ET
Table 'Leonora' 6-max Seat #3 is the button
Seat 3: Blikon ($188.72 in chips)
Seat 4: B_loJkl ($75.44 in chips)
Blikon: posts small blind $1
B_loJkl: posts big blind $3
*** HOLE CARDS ***
Blikon: raises $3 to $6
B_loJkl: calls $3
*** FLOP *** [3d Jd Ks]
B_loJkl: checks
Blikon: bets $3
B_loJkl: folds
Uncalled bet ($3) returned to Blikon
Blikon collected $11.76 from pot
*** SUMMARY ***
Total pot $12 | Rake $0.24
Board [3d Jd Ks]
Seat 3: Blikon (button) (small blind) collected ($11.76)
Seat 4: B_loJkl (big blind) folded on the Flop


PokerStars Hand #175217999148:  Hold'em Limit ($3/$6 USD) - 2017/09/04 18:45:56 ET
Table 'Leonora' 6-max Seat #4 is the button
Seat 3: Blikon ($200.72 in chips)
Seat 4: B_loJkl ($63.92 in chips)
B_loJkl: posts small blind $1
Blikon: posts big blind $3
*** HOLE CARDS ***
B_loJkl: raises $3 to $6
Blikon: raises $3 to $9
B_loJkl: calls $3
*** FLOP *** [8d Td Jh]
Blikon: bets $3
B_loJkl: calls $3
*** TURN *** [8d Td Jh] [2c]
Blikon: checks
B_loJkl: bets $6
Blikon: folds
Uncalled bet ($6) returned to B_loJkl
B_loJkl collected $23.52 from pot
B_loJkl: doesn't show hand
*** SUMMARY ***
Total pot $24 | Rake $0.48
Board [8d Td Jh 2c]
Seat 3: Blikon (big blind) folded on the Turn
Seat 4: B_loJkl (button) (small blind) collected ($23.52)


PokerStars Hand #175217988682:  Hold'em Limit ($3/$6 USD) - 2017/09/04 18:45:40 ET
Table 'Leonora' 6-max Seat #4 is the button
Seat 3: Blikon ($193.08 in chips)
Seat 4: B_loJkl ($71.92 in chips)
B_loJkl: posts small blind $1
Blikon: posts big blind $3
*** HOLE CARDS ***
B_loJkl: raises $3 to $6
Blikon: calls $3
*** FLOP *** [Tc 5s Qd]
Blikon: checks
B_loJkl: bets $3
Blikon: raises $3 to $6
B_loJkl: folds
Uncalled bet ($3) returned to Blikon
Blikon collected $17.64 from pot
*** SUMMARY ***
Total pot $18 | Rake $0.36
Board [Tc 5s Qd]
Seat 3: Blikon (big blind) collected ($17.64)
Seat 4: B_loJkl (button) (small blind) folded on the Flop


PokerStars Hand #175217969082:  Hold'em Limit ($3/$6 USD) - 2017/09/04 18:45:10 ET
Table 'Leonora' 6-max Seat #3 is the button
Seat 3: Blikon ($187.32 in chips)
Seat 4: B_loJkl ($77.92 in chips)
Blikon: posts small blind $1
B_loJkl: posts big blind $3
*** HOLE CARDS ***
Blikon: raises $3 to $6
B_loJkl: calls $3
*** FLOP *** [9h Qh 5h]
B_loJkl: checks
Blikon: checks
*** TURN *** [9h Qh 5h] [Jh]
B_loJkl: checks
Blikon: checks
*** RIVER *** [9h Qh 5h Jh] [Jc]
B_loJkl: checks
Blikon: bets $6
B_loJkl: folds
Uncalled bet ($6) returned to Blikon
Blikon collected $11.76 from pot
*** SUMMARY ***
Total pot $12 | Rake $0.24
Board [9h Qh 5h Jh Jc]
Seat 3: Blikon (button) (small blind) collected ($11.76)
Seat 4: B_loJkl (big blind) folded on the River


PokerStars Hand #175218038271:  Hold'em Limit ($3/$6 USD) - 2017/09/04 18:46:55 ET
Table 'Leonora' 6-max Seat #3 is the button
Seat 3: Blikon ($198.98 in chips)
Seat 4: B_loJkl ($63.96 in chips)
Blikon: posts small blind $1
B_loJkl: posts big blind $3
*** HOLE CARDS ***
Blikon: raises $3 to $6
B_loJkl: calls $3
*** FLOP *** [2s Ts 5d]
B_loJkl: checks
Blikon: bets $3
B_loJkl: calls $3
*** TURN *** [2s Ts 5d] [Qc]
B_loJkl: checks
Blikon: checks
*** RIVER *** [2s Ts 5d Qc] [3h]
B_loJkl: bets $6
Blikon: calls $6
*** SHOW DOWN ***
B_loJkl: shows [Qd 8h] (a pair of Queens)
Blikon: mucks hand
B_loJkl collected $29.50 from pot
*** SUMMARY ***
Total pot $30 | Rake $0.50
Board [2s Ts 5d Qc 3h]
Seat 3: Blikon (button) (small blind) mucked
Seat 4: B_loJkl (big blind) showed [Qd 8h] and won ($29.50) with a pair of Queens


PokerStars Hand #175218026797:  Hold'em Limit ($3/$6 USD) - 2017/09/04 18:46:38 ET
Table 'Leonora' 6-max Seat #4 is the button
Seat 3: Blikon ($210.98 in chips)
Seat 4: B_loJkl ($52.44 in chips)
B_loJkl: posts small blind $1
Blikon: posts big blind $3
*** HOLE CARDS ***
B_loJkl: raises $3 to $6
Blikon: calls $3
*** FLOP *** [8h 2d 7c]
Blikon: checks
B_loJkl: checks
*** TURN *** [8h 2d 7c] [5d]
Blikon: checks
B_loJkl: checks
*** RIVER *** [8h 2d 7c 5d] [Js]
Blikon: checks
B_loJkl: bets $6
Blikon: calls $6
*** SHOW DOWN ***
B_loJkl: shows [4s Jc] (a pair of Jacks)
Blikon: mucks hand
B_loJkl collected $23.52 from pot
*** SUMMARY ***
Total pot $24 | Rake $0.48
Board [8h 2d 7c 5d Js]
Seat 3: Blikon (big blind) mucked
Seat 4: B_loJkl (button) (small blind) showed [4s Jc] and won ($23.52) with a pair of Jacks


PokerStars Hand #175218023715:  Hold'em Limit ($3/$6 USD) - 2017/09/04 18:46:33 ET
Table 'Leonora' 6-max Seat #3 is the button
Seat 3: Blikon ($211.98 in chips)
Seat 4: B_loJkl ($51.44 in chips)
Blikon: posts small blind $1
B_loJkl: posts big blind $3
*** HOLE CARDS ***
Blikon: folds
Uncalled bet ($2) returned to B_loJkl
B_loJkl collected $2 from pot
B_loJkl: doesn't show hand
*** SUMMARY ***
Total pot $2 | Rake $0
Seat 3: Blikon (button) (small blind) folded before Flop
Seat 4: B_loJkl (big blind) collected ($2)


PokerStars Hand #175218092292:  Hold'em Limit ($3/$6 USD) - 2017/09/04 18:48:18 ET
Table 'Leonora' 6-max Seat #4 is the button
Seat 3: Blikon ($233.62 in chips)
Seat 4: B_loJkl ($87.22 in chips)
B_loJkl: posts small blind $1
Blikon: posts big blind $3
*** HOLE CARDS ***
B_loJkl: raises $3 to $6
Blikon: calls $3
*** FLOP *** [Td Js Kc]
Blikon: checks
B_loJkl: bets $3
Blikon: raises $3 to $6
B_loJkl: calls $3
*** TURN *** [Td Js Kc] [9c]
Blikon: bets $6
B_loJkl: calls $6
*** RIVER *** [Td Js Kc 9c] [Kh]
Blikon: bets $6
B_loJkl: folds
Uncalled bet ($6) returned to Blikon
Blikon collected $35.50 from pot
*** SUMMARY ***
Total pot $36 | Rake $0.50
Board [Td Js Kc 9c Kh]
Seat 3: Blikon (big blind) collected ($35.50)
Seat 4: B_loJkl (button) (small blind) folded on the River


PokerStars Hand #175218084268:  Hold'em Limit ($3/$6 USD) - 2017/09/04 18:48:06 ET
Table 'Leonora' 6-max Seat #3 is the button
Seat 3: Blikon ($239.62 in chips)
Seat 4: B_loJkl ($21.46 in chips)
Blikon: posts small blind $1
B_loJkl: posts big blind $3
*** HOLE CARDS ***
Blikon: raises $3 to $6
B_loJkl: calls $3
*** FLOP *** [6h Ts 5c]
B_loJkl: checks
Blikon: checks
*** TURN *** [6h Ts 5c] [8h]
B_loJkl: bets $6
Blikon: folds
Uncalled bet ($6) returned to B_loJkl
B_loJkl collected $11.76 from pot
B_loJkl: doesn't show hand
*** SUMMARY ***
Total pot $12 | Rake $0.24
Board [6h Ts 5c 8h]
Seat 3: Blikon (button) (small blind) folded on the Turn
Seat 4: B_loJkl (big blind) collected ($11.76)


PokerStars Hand #175218073761:  Hold'em Limit ($3/$6 USD) - 2017/09/04 18:47:50 ET
Table 'Leonora' 6-max Seat #4 is the button
Seat 3: Blikon ($216.12 in chips)
Seat 4: B_loJkl ($45.46 in chips)
B_loJkl: posts small blind $1
Blikon: posts big blind $3
*** HOLE CARDS ***
B_loJkl: raises $3 to $6
Blikon: calls $3
*** FLOP *** [Jh Ts 9s]
Blikon: checks
B_loJkl: bets $3
Blikon: raises $3 to $6
B_loJkl: calls $3
*** TURN *** [Jh Ts 9s] [As]
Blikon: bets $6
B_loJkl: calls $6
*** RIVER *** [Jh Ts 9s As] [6h]
Blikon: bets $6
B_loJkl: calls $6
*** SHOW DOWN ***
Blikon: shows [6s 4s] (a flush, Ace high)
B_loJkl: mucks hand
Blikon collected $47.50 from pot
*** SUMMARY ***
Total pot $48 | Rake $0.50
Board [Jh Ts 9s As 6h]
Seat 3: Blikon (big blind) showed [6s 4s] and won ($47.50) with a flush, Ace high
Seat 4: B_loJkl (button) (small blind) mucked


PokerStars Hand #175218065151:  Hold'em Limit ($3/$6 USD) - 2017/09/04 18:47:36 ET
Table 'Leonora' 6-max Seat #3 is the button
Seat 3: Blikon ($207.48 in chips)
Seat 4: B_loJkl ($54.46 in chips)
Blikon: posts small blind $1
B_loJkl: posts big blind $3
*** HOLE CARDS ***
Blikon: raises $3 to $6
B_loJkl: calls $3
*** FLOP *** [2h 8c Th]
B_loJkl: checks
Blikon: bets $3
B_loJkl: calls $3
*** TURN *** [2h 8c Th] [Qs]
B_loJkl: checks
Blikon: bets $6
B_loJkl: folds
Uncalled bet ($6) returned to Blikon
Blikon collected $17.64 from pot
*** SUMMARY ***
Total pot $18 | Rake $0.36
Board [2h 8c Th Qs]
Seat 3: Blikon (button) (small blind) collected ($17.64)
Seat 4: B_loJkl (big blind) folded on the Turn


PokerStars Hand #175218050819:  Hold'em Limit ($3/$6 USD) - 2017/09/04 18:47:15 ET
Table 'Leonora' 6-max Seat #4 is the button
Seat 3: Blikon ($183.98 in chips)
Seat 4: B_loJkl ($78.46 in chips)
B_loJkl: posts small blind $1
Blikon: posts big blind $3
*** HOLE CARDS ***
B_loJkl: raises $3 to $6
Blikon: calls $3
*** FLOP *** [3h 7c 4s]
Blikon: checks
B_loJkl: bets $3
Blikon: raises $3 to $6
B_loJkl: calls $3
*** TURN *** [3h 7c 4s] [9h]
Blikon: bets $6
B_loJkl: calls $6
*** RIVER *** [3h 7c 4s 9h] [3d]
Blikon: bets $6
B_loJkl: calls $6
*** SHOW DOWN ***
Blikon: shows [9c 4d] (two pair, Nines and Fours)
B_loJkl: mucks hand
Blikon collected $47.50 from pot
*** SUMMARY ***
Total pot $48 | Rake $0.50
Board [3h 7c 4s 9h 3d]
Seat 3: Blikon (big blind) showed [9c 4d] and won ($47.50) with two pair, Nines and Fours
Seat 4: B_loJkl (button) (small blind) mucked


PokerStars Hand #175218128752:  Hold'em Limit ($3/$6 USD) - 2017/09/04 18:49:14 ET
Table 'Leonora' 6-max Seat #4 is the button
Seat 3: Blikon ($232.88 in chips)
Seat 4: B_loJkl ($86.26 in chips)
B_loJkl: posts small blind $1
Blikon: posts big blind $3
*** HOLE CARDS ***
B_loJkl: raises $3 to $6
Blikon: folds
Uncalled bet ($3) returned to B_loJkl
B_loJkl collected $6 from pot
B_loJkl: doesn't show hand
*** SUMMARY ***
Total pot $6 | Rake $0
Seat 3: Blikon (big blind) folded before Flop
Seat 4: B_loJkl (button) (small blind) collected ($6)


PokerStars Hand #175218116585:  Hold'em Limit ($3/$6 USD) - 2017/09/04 18:48:55 ET
Table 'Leonora' 6-max Seat #3 is the button
Seat 3: Blikon ($244.88 in chips)
Seat 4: B_loJkl ($74.74 in chips)
Blikon: posts small blind $1
B_loJkl: posts big blind $3
*** HOLE CARDS ***
Blikon: raises $3 to $6
B_loJkl: calls $3
*** FLOP *** [Ah Qh 9h]
B_loJkl: checks
Blikon: checks
*** TURN *** [Ah Qh 9h] [Jh]
B_loJkl: checks
Blikon: bets $6
B_loJkl: calls $6
*** RIVER *** [Ah Qh 9h Jh] [6d]
B_loJkl: checks
Blikon: checks
*** SHOW DOWN ***
B_loJkl: shows [7c Qd] (a pair of Queens)
Blikon: mucks hand
B_loJkl collected $23.52 from pot
*** SUMMARY ***
Total pot $24 | Rake $0.48
Board [Ah Qh 9h Jh 6d]
Seat 3: Blikon (button) (small blind) mucked
Seat 4: B_loJkl (big blind) showed [7c Qd] and won ($23.52) with a pair of Queens


PokerStars Hand #175218108375:  Hold'em Limit ($3/$6 USD) - 2017/09/04 18:48:43 ET
Table 'Leonora' 6-max Seat #4 is the button
Seat 3: Blikon ($256.88 in chips)
Seat 4: B_loJkl ($63.22 in chips)
B_loJkl: posts small blind $1
Blikon: posts big blind $3
*** HOLE CARDS ***
B_loJkl: raises $3 to $6
Blikon: calls $3
*** FLOP *** [4d Kh Qd]
Blikon: checks
B_loJkl: checks
*** TURN *** [4d Kh Qd] [Ah]
Blikon: bets $6
B_loJkl: raises $6 to $12
Blikon: folds
Uncalled bet ($6) returned to B_loJkl
B_loJkl collected $23.52 from pot
B_loJkl: doesn't show hand
*** SUMMARY ***
Total pot $24 | Rake $0.48
Board [4d Kh Qd Ah]
Seat 3: Blikon (big blind) folded on the Turn
Seat 4: B_loJkl (button) (small blind) collected ($23.52)


PokerStars Hand #175218102386:  Hold'em Limit ($3/$6 USD) - 2017/09/04 18:48:34 ET
Table 'Leonora' 6-max Seat #3 is the button
Seat 3: Blikon ($251.12 in chips)
Seat 4: B_loJkl ($69.22 in chips)
Blikon: posts small blind $1
B_loJkl: posts big blind $3
*** HOLE CARDS ***
Blikon: raises $3 to $6
B_loJkl: calls $3
*** FLOP *** [4c Qc 4d]
B_loJkl: checks
Blikon: bets $3
B_loJkl: folds
Uncalled bet ($3) returned to Blikon
Blikon collected $11.76 from pot
*** SUMMARY ***
Total pot $12 | Rake $0.24
Board [4c Qc 4d]
Seat 3: Blikon (button) (small blind) collected ($11.76)
Seat 4: B_loJkl (big blind) folded on the Flop


PokerStars Hand #175218151714:  Hold'em Limit ($3/$6 USD) - 2017/09/04 18:49:50 ET
Table 'Leonora' 6-max Seat #3 is the button
Seat 3: Blikon ($264.88 in chips)
Seat 4: B_loJkl ($53.26 in chips)
Blikon: posts small blind $1
B_loJkl: posts big blind $3
*** HOLE CARDS ***
Blikon: raises $3 to $6
B_loJkl: calls $3
*** FLOP *** [Ac 8s Qc]
B_loJkl: checks
Blikon: bets $3
B_loJkl: raises $3 to $6
Blikon: calls $3
*** TURN *** [Ac 8s Qc] [4s]
B_loJkl: bets $6
Blikon: calls $6
*** RIVER *** [Ac 8s Qc 4s] [6d]
B_loJkl: bets $6
Blikon: calls $6
*** SHOW DOWN ***
B_loJkl: shows [9s Td] (high card Ace)
Blikon: shows [Ts Qs] (a pair of Queens)
Blikon collected $47.50 from pot
*** SUMMARY ***
Total pot $48 | Rake $0.50
Board [Ac 8s Qc 4s 6d]
Seat 3: Blikon (button) (small blind) showed [Ts Qs] and won ($47.50) with a pair of Queens
Seat 4: B_loJkl (big blind) showed [9s Td] and lost with high card Ace


PokerStars Hand #175218142333:  Hold'em Limit ($3/$6 USD) - 2017/09/04 18:49:35 ET
Table 'Leonora' 6-max Seat #4 is the button
Seat 3: Blikon ($250.38 in chips)
Seat 4: B_loJkl ($68.26 in chips)
B_loJkl: posts small blind $1
Blikon: posts big blind $3
*** HOLE CARDS ***
B_loJkl: raises $3 to $6
Blikon: calls $3
*** FLOP *** [3s 8s 7s]
Blikon: checks
B_loJkl: bets $3
Blikon: calls $3
*** TURN *** [3s 8s 7s] [Qc]
Blikon: checks
rascal_319 joins the table at seat #5
B_loJkl: bets $6
Blikon: calls $6
*** RIVER *** [3s 8s 7s Qc] [Qd]
Blikon: checks
B_loJkl: checks
*** SHOW DOWN ***
Blikon: shows [Kd 7c] (two pair, Queens and Sevens)
B_loJkl: mucks hand
Blikon collected $29.50 from pot
*** SUMMARY ***
Total pot $30 | Rake $0.50
Board [3s 8s 7s Qc Qd]
Seat 3: Blikon (big blind) showed [Kd 7c] and won ($29.50) with two pair, Queens and Sevens
Seat 4: B_loJkl (button) (small blind) mucked


PokerStars Hand #175218131752:  Hold'em Limit ($3/$6 USD) - 2017/09/04 18:49:19 ET
Table 'Leonora' 6-max Seat #3 is the button
Seat 3: Blikon ($229.88 in chips)
Seat 4: B_loJkl ($89.26 in chips)
Blikon: posts small blind $1
B_loJkl: posts big blind $3
*** HOLE CARDS ***
Blikon: raises $3 to $6
B_loJkl: calls $3
*** FLOP *** [3c Ks 5c]
B_loJkl: checks
Blikon: bets $3
B_loJkl: calls $3
*** TURN *** [3c Ks 5c] [9d]
B_loJkl: checks
Blikon: bets $6
B_loJkl: calls $6
*** RIVER *** [3c Ks 5c 9d] [9h]
B_loJkl: checks
Blikon: bets $6
B_loJkl: calls $6
*** SHOW DOWN ***
Blikon: shows [Ad 5h] (two pair, Nines and Fives)
B_loJkl: mucks hand
Blikon collected $41.50 from pot
*** SUMMARY ***
Total pot $42 | Rake $0.50
Board [3c Ks 5c 9d 9h]
Seat 3: Blikon (button) (small blind) showed [Ad 5h] and won ($41.50) with two pair, Nines and Fives
Seat 4: B_loJkl (big blind) mucked


PokerStars Hand #175218253982:  Hold'em Limit ($3/$6 USD) - 2017/09/04 18:52:28 ET
Table 'Leonora' 6-max Seat #4 is the button
Seat 3: Blikon ($405.60 in chips)
Seat 4: B_loJkl ($71.36 in chips)
B_loJkl: posts small blind $1
rascal_319: is sitting out
Blikon: posts big blind $3
*** HOLE CARDS ***
B_loJkl: folds
Uncalled bet ($2) returned to Blikon
Blikon collected $2 from pot
rascal_319 leaves the table
*** SUMMARY ***
Total pot $2 | Rake $0
Seat 3: Blikon (big blind) collected ($2)
Seat 4: B_loJkl (button) (small blind) folded before Flop


PokerStars Hand #175218290965:  Hold'em Limit ($3/$6 USD) - 2017/09/04 18:53:25 ET
Table 'Leonora' 6-max Seat #3 is the button
Seat 3: Blikon ($396.74 in chips)
Seat 4: B_loJkl ($78.36 in chips)
Blikon: posts small blind $1
B_loJkl: posts big blind $3
*** HOLE CARDS ***
Blikon: raises $3 to $6
B_loJkl: calls $3
*** FLOP *** [4c 6s Th]
B_loJkl: checks
Blikon: bets $3
B_loJkl: folds
Uncalled bet ($3) returned to Blikon
Blikon collected $11.76 from pot
*** SUMMARY ***
Total pot $12 | Rake $0.24
Board [4c 6s Th]
Seat 3: Blikon (button) (small blind) collected ($11.76)
Seat 4: B_loJkl (big blind) folded on the Flop


PokerStars Hand #175218285493:  Hold'em Limit ($3/$6 USD) - 2017/09/04 18:53:17 ET
Table 'Leonora' 6-max Seat #4 is the button
Seat 3: Blikon ($388.10 in chips)
Seat 4: B_loJkl ($87.36 in chips)
B_loJkl: posts small blind $1
Blikon: posts big blind $3
*** HOLE CARDS ***
B_loJkl: raises $3 to $6
Blikon: raises $3 to $9
B_loJkl: calls $3
*** FLOP *** [Ac Td Ts]
Blikon: bets $3
B_loJkl: folds
Uncalled bet ($3) returned to Blikon
Blikon collected $17.64 from pot
*** SUMMARY ***
Total pot $18 | Rake $0.36
Board [Ac Td Ts]
Seat 3: Blikon (big blind) collected ($17.64)
Seat 4: B_loJkl (button) (small blind) folded on the Flop


PokerStars Hand #175218276194:  Hold'em Limit ($3/$6 USD) - 2017/09/04 18:53:03 ET
Table 'Leonora' 6-max Seat #3 is the button
Seat 3: Blikon ($409.10 in chips)
Seat 4: B_loJkl ($66.86 in chips)
Blikon: posts small blind $1
B_loJkl: posts big blind $3
*** HOLE CARDS ***
Blikon: raises $3 to $6
B_loJkl: calls $3
*** FLOP *** [7c Ks Qc]
B_loJkl: checks
Blikon: bets $3
B_loJkl: calls $3
*** TURN *** [7c Ks Qc] [As]
B_loJkl: checks
Blikon: bets $6
B_loJkl: calls $6
*** RIVER *** [7c Ks Qc As] [4c]
B_loJkl: checks
Blikon: bets $6
B_loJkl: raises $6 to $12
Blikon: folds
Uncalled bet ($6) returned to B_loJkl
B_loJkl collected $41.50 from pot
B_loJkl: doesn't show hand
*** SUMMARY ***
Total pot $42 | Rake $0.50
Board [7c Ks Qc As 4c]
Seat 3: Blikon (button) (small blind) folded on the River
Seat 4: B_loJkl (big blind) collected ($41.50)


PokerStars Hand #175218268256:  Hold'em Limit ($3/$6 USD) - 2017/09/04 18:52:50 ET
Table 'Leonora' 6-max Seat #4 is the button
Seat 3: Blikon ($385.60 in chips)
Seat 4: B_loJkl ($90.86 in chips)
B_loJkl: posts small blind $1
Blikon: posts big blind $3
*** HOLE CARDS ***
B_loJkl: raises $3 to $6
Blikon: raises $3 to $9
B_loJkl: calls $3
*** FLOP *** [Kh Tc Kc]
Blikon: bets $3
B_loJkl: calls $3
*** TURN *** [Kh Tc Kc] [6s]
Blikon: bets $6
B_loJkl: calls $6
*** RIVER *** [Kh Tc Kc 6s] [Td]
Blikon: bets $6
B_loJkl: calls $6
*** SHOW DOWN ***
Blikon: shows [Qd Qh] (two pair, Kings and Queens)
B_loJkl: mucks hand
Blikon collected $47.50 from pot
*** SUMMARY ***
Total pot $48 | Rake $0.50
Board [Kh Tc Kc 6s Td]
Seat 3: Blikon (big blind) showed [Qd Qh] and won ($47.50) with two pair, Kings and Queens
Seat 4: B_loJkl (button) (small blind) mucked


PokerStars Hand #175218257326:  Hold'em Limit ($3/$6 USD) - 2017/09/04 18:52:33 ET
Table 'Leonora' 6-max Seat #3 is the button
Seat 3: Blikon ($406.60 in chips)
Seat 4: B_loJkl ($70.36 in chips)
Blikon: posts small blind $1
B_loJkl: posts big blind $3
*** HOLE CARDS ***
Blikon: raises $3 to $6
B_loJkl: raises $3 to $9
Blikon: calls $3
*** FLOP *** [Kc 5c 9c]
B_loJkl: bets $3
Blikon: raises $3 to $6
B_loJkl: calls $3
*** TURN *** [Kc 5c 9c] [3d]
B_loJkl: checks
Blikon: bets $6
B_loJkl: calls $6
*** RIVER *** [Kc 5c 9c 3d] [3c]
B_loJkl: checks
Blikon: checks
*** SHOW DOWN ***
B_loJkl: shows [9h Qh] (two pair, Nines and Threes)
Blikon: mucks hand
B_loJkl collected $41.50 from pot
*** SUMMARY ***
Total pot $42 | Rake $0.50
Board [Kc 5c 9c 3d 3c]
Seat 3: Blikon (button) (small blind) mucked
Seat 4: B_loJkl (big blind) showed [9h Qh] and won ($41.50) with two pair, Nines and Threes


PokerStars Hand #175218324756:  Hold'em Limit ($3/$6 USD) - 2017/09/04 18:54:18 ET
Table 'Leonora' 6-max Seat #3 is the button
Seat 3: Blikon ($369 in chips)
Seat 4: B_loJkl ($104.36 in chips)
Blikon: posts small blind $1
B_loJkl: posts big blind $3
*** HOLE CARDS ***
Blikon: raises $3 to $6
B_loJkl: raises $3 to $9
Blikon: calls $3
*** FLOP *** [5d 3d Jd]
B_loJkl: bets $3
Blikon: calls $3
*** TURN *** [5d 3d Jd] [5s]
B_loJkl: bets $6
Blikon: folds
Uncalled bet ($6) returned to B_loJkl
B_loJkl collected $23.52 from pot
B_loJkl: doesn't show hand
*** SUMMARY ***
Total pot $24 | Rake $0.48
Board [5d 3d Jd 5s]
Seat 3: Blikon (button) (small blind) folded on the Turn
Seat 4: B_loJkl (big blind) collected ($23.52)


PokerStars Hand #175218313516:  Hold'em Limit ($3/$6 USD) - 2017/09/04 18:54:01 ET
Table 'Leonora' 6-max Seat #4 is the button
Seat 3: Blikon ($402 in chips)
Seat 4: B_loJkl ($71.86 in chips)
B_loJkl: posts small blind $1
Blikon: posts big blind $3
*** HOLE CARDS ***
B_loJkl: raises $3 to $6
Blikon: calls $3
*** FLOP *** [3d 7h Kh]
Blikon: checks
B_loJkl: bets $3
Blikon: calls $3
*** TURN *** [3d 7h Kh] [4s]
Blikon: checks
B_loJkl: bets $6
Blikon: raises $6 to $12
B_loJkl: raises $6 to $18
Blikon: calls $6
*** RIVER *** [3d 7h Kh 4s] [2d]
Blikon: checks
B_loJkl: bets $6
Blikon: calls $6
*** SHOW DOWN ***
B_loJkl: shows [Qh Ks] (a pair of Kings)
Blikon: mucks hand
B_loJkl collected $65.50 from pot
*** SUMMARY ***
Total pot $66 | Rake $0.50
Board [3d 7h Kh 4s 2d]
Seat 3: Blikon (big blind) mucked
Seat 4: B_loJkl (button) (small blind) showed [Qh Ks] and won ($65.50) with a pair of Kings


PokerStars Hand #175218296189:  Hold'em Limit ($3/$6 USD) - 2017/09/04 18:53:34 ET
Table 'Leonora' 6-max Seat #4 is the button
Seat 3: Blikon ($402.50 in chips)
Seat 4: B_loJkl ($72.36 in chips)
B_loJkl: posts small blind $1
Blikon: posts big blind $3
*** HOLE CARDS ***
B_loJkl: raises $3 to $6
Blikon: calls $3
*** FLOP *** [Ad 2c 8d]
Blikon: checks
B_loJkl: bets $3
Blikon: calls $3
*** TURN *** [Ad 2c 8d] [6h]
Blikon: checks
B_loJkl: bets $6
Blikon: calls $6
*** RIVER *** [Ad 2c 8d 6h] [Th]
Blikon: checks
B_loJkl: checks
*** SHOW DOWN ***
Blikon: shows [3c 4d] (high card Ace)
B_loJkl: shows [Qs 7s] (high card Ace - Queen kicker)
B_loJkl collected $29.50 from pot
*** SUMMARY ***
Total pot $30 | Rake $0.50
Board [Ad 2c 8d 6h Th]
Seat 3: Blikon (big blind) showed [3c 4d] and lost with high card Ace
Seat 4: B_loJkl (button) (small blind) showed [Qs 7s] and won ($29.50) with high card Ace


PokerStars Hand #175218358003:  Hold'em Limit ($3/$6 USD) - 2017/09/04 18:55:11 ET
Table 'Leonora' 6-max Seat #3 is the button
Seat 3: Blikon ($397.22 in chips)
Seat 4: B_loJkl ($156.88 in chips)
Blikon: posts small blind $1
B_loJkl: posts big blind $3
*** HOLE CARDS ***
Blikon: raises $3 to $6
B_loJkl: calls $3
*** FLOP *** [6c 7h 9c]
B_loJkl: checks
Blikon: checks
*** TURN *** [6c 7h 9c] [8h]
B_loJkl: checks
Blikon: checks
*** RIVER *** [6c 7h 9c 8h] [8d]
B_loJkl: checks
Blikon: checks
*** SHOW DOWN ***
B_loJkl: shows [6s Kh] (two pair, Eights and Sixes)
Blikon: mucks hand
B_loJkl collected $11.76 from pot
*** SUMMARY ***
Total pot $12 | Rake $0.24
Board [6c 7h 9c 8h 8d]
Seat 3: Blikon (button) (small blind) mucked
Seat 4: B_loJkl (big blind) showed [6s Kh] and won ($11.76) with two pair, Eights and Sixes


PokerStars Hand #175218350348:  Hold'em Limit ($3/$6 USD) - 2017/09/04 18:54:59 ET
Table 'Leonora' 6-max Seat #4 is the button
Seat 3: Blikon ($385.70 in chips)
Seat 4: B_loJkl ($168.88 in chips)
B_loJkl: posts small blind $1
Blikon: posts big blind $3
*** HOLE CARDS ***
B_loJkl: raises $3 to $6
Blikon: raises $3 to $9
B_loJkl: calls $3
*** FLOP *** [3s Jh Js]
Blikon: bets $3
B_loJkl: calls $3
*** TURN *** [3s Jh Js] [8d]
Blikon: bets $6
B_loJkl: folds
Uncalled bet ($6) returned to Blikon
Blikon collected $23.52 from pot
*** SUMMARY ***
Total pot $24 | Rake $0.48
Board [3s Jh Js 8d]
Seat 3: Blikon (big blind) collected ($23.52)
Seat 4: B_loJkl (button) (small blind) folded on the Turn


PokerStars Hand #175218341275:  Hold'em Limit ($3/$6 USD) - 2017/09/04 18:54:45 ET
Table 'Leonora' 6-max Seat #3 is the button
Seat 3: Blikon ($418.70 in chips)
Seat 4: B_loJkl ($136.38 in chips)
Blikon: posts small blind $1
B_loJkl: posts big blind $3
*** HOLE CARDS ***
Blikon: raises $3 to $6
B_loJkl: calls $3
*** FLOP *** [Td 7h Kc]
B_loJkl: checks
Blikon: bets $3
B_loJkl: calls $3
*** TURN *** [Td 7h Kc] [3d]
B_loJkl: checks
Blikon: bets $6
B_loJkl: raises $6 to $12
Blikon: raises $6 to $18
B_loJkl: calls $6
*** RIVER *** [Td 7h Kc 3d] [Qc]
B_loJkl: checks
Blikon: bets $6
B_loJkl: calls $6
*** SHOW DOWN ***
Blikon: shows [Ts 3h] (two pair, Tens and Threes)
B_loJkl: shows [Th 7s] (two pair, Tens and Sevens)
B_loJkl collected $65.50 from pot
*** SUMMARY ***
Total pot $66 | Rake $0.50
Board [Td 7h Kc 3d Qc]
Seat 3: Blikon (button) (small blind) showed [Ts 3h] and lost with two pair, Tens and Threes
Seat 4: B_loJkl (big blind) showed [Th 7s] and won ($65.50) with two pair, Tens and Sevens


PokerStars Hand #175218330951:  Hold'em Limit ($3/$6 USD) - 2017/09/04 18:54:28 ET
Table 'Leonora' 6-max Seat #4 is the button
Seat 3: Blikon ($357 in chips)
Seat 4: B_loJkl ($115.88 in chips)
B_loJkl: posts small blind $1
Blikon: posts big blind $3
*** HOLE CARDS ***
B_loJkl: raises $3 to $6
Blikon: raises $3 to $9
B_loJkl: calls $3
*** FLOP *** [2d 3c 4c]
Blikon: bets $3
B_loJkl: raises $3 to $6
Blikon: calls $3
*** TURN *** [2d 3c 4c] [Qs]
Blikon: checks
B_loJkl: checks
*** RIVER *** [2d 3c 4c Qs] [6s]
Blikon: checks
B_loJkl: bets $6
Blikon: calls $6
*** SHOW DOWN ***
B_loJkl: shows [9d 5h] (a straight, Deuce to Six)
Blikon: mucks hand
B_loJkl collected $41.50 from pot
*** SUMMARY ***
Total pot $42 | Rake $0.50
Board [2d 3c 4c Qs 6s]
Seat 3: Blikon (big blind) mucked
Seat 4: B_loJkl (button) (small blind) showed [9d 5h] and won ($41.50) with a straight, Deuce to Six


PokerStars Hand #175218386640:  Hold'em Limit ($3/$6 USD) - 2017/09/04 18:56:06 ET
Table 'Leonora' 6-max Seat #4 is the button
Seat 3: Blikon ($413.38 in chips)
Seat 4: B_loJkl ($139.64 in chips)
B_loJkl: posts small blind $1
Blikon: posts big blind $3
*** HOLE CARDS ***
B_loJkl: folds
Uncalled bet ($2) returned to Blikon
Blikon collected $2 from pot
*** SUMMARY ***
Total pot $2 | Rake $0
Seat 3: Blikon (big blind) collected ($2)
Seat 4: B_loJkl (button) (small blind) folded before Flop


PokerStars Hand #175218384042:  Hold'em Limit ($3/$6 USD) - 2017/09/04 18:56:01 ET
Table 'Leonora' 6-max Seat #3 is the button
Seat 3: Blikon ($414.38 in chips)
Seat 4: B_loJkl ($138.64 in chips)
Blikon: posts small blind $1
B_loJkl: posts big blind $3
*** HOLE CARDS ***
Blikon: folds
Uncalled bet ($2) returned to B_loJkl
B_loJkl collected $2 from pot
B_loJkl: doesn't show hand
*** SUMMARY ***
Total pot $2 | Rake $0
Seat 3: Blikon (button) (small blind) folded before Flop
Seat 4: B_loJkl (big blind) collected ($2)


PokerStars Hand #175218377255:  Hold'em Limit ($3/$6 USD) - 2017/09/04 18:55:47 ET
Table 'Leonora' 6-max Seat #4 is the button
Seat 3: Blikon ($405.74 in chips)
Seat 4: B_loJkl ($147.64 in chips)
B_loJkl: posts small blind $1
Blikon: posts big blind $3
*** HOLE CARDS ***
B_loJkl: raises $3 to $6
Blikon: calls $3
*** FLOP *** [5c As Ks]
Blikon: checks
B_loJkl: bets $3
Blikon: calls $3
*** TURN *** [5c As Ks] [Th]
Blikon: bets $6
B_loJkl: folds
Uncalled bet ($6) returned to Blikon
Blikon collected $17.64 from pot
*** SUMMARY ***
Total pot $18 | Rake $0.36
Board [5c As Ks Th]
Seat 3: Blikon (big blind) collected ($17.64)
Seat 4: B_loJkl (button) (small blind) folded on the Turn


PokerStars Hand #175218373044:  Hold'em Limit ($3/$6 USD) - 2017/09/04 18:55:39 ET
Table 'Leonora' 6-max Seat #3 is the button
Seat 3: Blikon ($402.74 in chips)
Seat 4: B_loJkl ($150.64 in chips)
Blikon: posts small blind $1
B_loJkl: posts big blind $3
*** HOLE CARDS ***
Blikon: raises $3 to $6
B_loJkl: folds
Uncalled bet ($3) returned to Blikon
Blikon collected $6 from pot
*** SUMMARY ***
Total pot $6 | Rake $0
Seat 3: Blikon (button) (small blind) collected ($6)
Seat 4: B_loJkl (big blind) folded before Flop


PokerStars Hand #175218366102:  Hold'em Limit ($3/$6 USD) - 2017/09/04 18:55:26 ET
Table 'Leonora' 6-max Seat #4 is the button
Seat 3: Blikon ($391.22 in chips)
Seat 4: B_loJkl ($162.64 in chips)
B_loJkl: posts small blind $1
Blikon: posts big blind $3
*** HOLE CARDS ***
B_loJkl: raises $3 to $6
Blikon: raises $3 to $9
B_loJkl: calls $3
*** FLOP *** [9c Jh 7h]
Blikon: bets $3
B_loJkl: calls $3
*** TURN *** [9c Jh 7h] [9s]
Blikon: checks
B_loJkl: checks
*** RIVER *** [9c Jh 7h 9s] [Kd]
Blikon: bets $6
B_loJkl: folds
Uncalled bet ($6) returned to Blikon
Blikon collected $23.52 from pot
*** SUMMARY ***
Total pot $24 | Rake $0.48
Board [9c Jh 7h 9s Kd]
Seat 3: Blikon (big blind) collected ($23.52)
Seat 4: B_loJkl (button) (small blind) folded on the River


PokerStars Hand #175218419134:  Hold'em Limit ($3/$6 USD) - 2017/09/04 18:57:09 ET
Table 'Leonora' 6-max Seat #3 is the button
Seat 3: Blikon ($363.38 in chips)
Seat 4: B_loJkl ($188.40 in chips)
Blikon: posts small blind $1
B_loJkl: posts big blind $3
*** HOLE CARDS ***
Blikon: raises $3 to $6
B_loJkl: raises $3 to $9
Blikon: calls $3
*** FLOP *** [Kd 6d Ks]
B_loJkl: bets $3
Blikon: calls $3
*** TURN *** [Kd 6d Ks] [5s]
B_loJkl: checks
Blikon: bets $6
B_loJkl: calls $6
*** RIVER *** [Kd 6d Ks 5s] [Ac]
B_loJkl: checks
Blikon: checks
*** SHOW DOWN ***
B_loJkl: shows [Th Qd] (a pair of Kings)
Blikon: shows [6h Qs] (two pair, Kings and Sixes)
Blikon collected $35.50 from pot
*** SUMMARY ***
Total pot $36 | Rake $0.50
Board [Kd 6d Ks 5s Ac]
Seat 3: Blikon (button) (small blind) showed [6h Qs] and won ($35.50) with two pair, Kings and Sixes
Seat 4: B_loJkl (big blind) showed [Th Qd] and lost with a pair of Kings


PokerStars Hand #175218399746:  Hold'em Limit ($3/$6 USD) - 2017/09/04 18:56:31 ET
Table 'Leonora' 6-max Seat #4 is the button
Seat 3: Blikon ($399.38 in chips)
Seat 4: B_loJkl ($153.14 in chips)
B_loJkl: posts small blind $1
Blikon: posts big blind $3
*** HOLE CARDS ***
B_loJkl: raises $3 to $6
Blikon: folds
Uncalled bet ($3) returned to B_loJkl
B_loJkl collected $6 from pot
B_loJkl: doesn't show hand
*** SUMMARY ***
Total pot $6 | Rake $0
Seat 3: Blikon (big blind) folded before Flop
Seat 4: B_loJkl (button) (small blind) collected ($6)


PokerStars Hand #175218402025:  Hold'em Limit ($3/$6 USD) - 2017/09/04 18:56:36 ET
Table 'Leonora' 6-max Seat #3 is the button
Seat 3: Blikon ($396.38 in chips)
Seat 4: B_loJkl ($156.14 in chips)
Blikon: posts small blind $1
B_loJkl: posts big blind $3
*** HOLE CARDS ***
Blikon: raises $3 to $6
B_loJkl: calls $3
*** FLOP *** [9c Kh 8c]
B_loJkl: checks
Blikon: bets $3
B_loJkl: calls $3
*** TURN *** [9c Kh 8c] [3h]
B_loJkl: checks
Blikon: bets $6
B_loJkl: raises $6 to $12
Blikon: calls $6
*** RIVER *** [9c Kh 8c 3h] [Ah]
B_loJkl: bets $6
Blikon: calls $6
*** SHOW DOWN ***
B_loJkl: shows [Jh 6h] (a flush, Ace high)
Blikon: mucks hand
B_loJkl collected $53.50 from pot
*** SUMMARY ***
Total pot $54 | Rake $0.50
Board [9c Kh 8c 3h Ah]
Seat 3: Blikon (button) (small blind) mucked
Seat 4: B_loJkl (big blind) showed [Jh 6h] and won ($53.50) with a flush, Ace high


PokerStars Hand #175218414789:  Hold'em Limit ($3/$6 USD) - 2017/09/04 18:57:00 ET
Table 'Leonora' 6-max Seat #4 is the button
Seat 3: Blikon ($369.38 in chips)
Seat 4: B_loJkl ($182.64 in chips)
B_loJkl: posts small blind $1
Blikon: posts big blind $3
*** HOLE CARDS ***
B_loJkl: raises $3 to $6
Blikon: calls $3
*** FLOP *** [6c 3c Qs]
Blikon: checks
B_loJkl: bets $3
Blikon: folds
Uncalled bet ($3) returned to B_loJkl
B_loJkl collected $11.76 from pot
B_loJkl: doesn't show hand
*** SUMMARY ***
Total pot $12 | Rake $0.24
Board [6c 3c Qs]
Seat 3: Blikon (big blind) folded on the Flop
Seat 4: B_loJkl (button) (small blind) collected ($11.76)


PokerStars Hand #175218433049:  Hold'em Limit ($3/$6 USD) - 2017/09/04 18:57:35 ET
Table 'Leonora' 6-max Seat #3 is the button
Seat 3: Blikon ($374.88 in chips)
Seat 4: B_loJkl ($176.16 in chips)
Blikon: posts small blind $1
B_loJkl: posts big blind $3
*** HOLE CARDS ***
Blikon: folds
Uncalled bet ($2) returned to B_loJkl
B_loJkl collected $2 from pot
B_loJkl: doesn't show hand
*** SUMMARY ***
Total pot $2 | Rake $0
Seat 3: Blikon (button) (small blind) folded before Flop
Seat 4: B_loJkl (big blind) collected ($2)


PokerStars Hand #175218427316:  Hold'em Limit ($3/$6 USD) - 2017/09/04 18:57:24 ET
Table 'Leonora' 6-max Seat #4 is the button
Seat 3: Blikon ($380.88 in chips)
Seat 4: B_loJkl ($170.40 in chips)
B_loJkl: posts small blind $1
Blikon: posts big blind $3
*** HOLE CARDS ***
B_loJkl: raises $3 to $6
Blikon: calls $3
*** FLOP *** [Jd 7d 3d]
Blikon: checks
B_loJkl: checks
*** TURN *** [Jd 7d 3d] [6d]
Blikon: checks
B_loJkl: bets $6
Blikon: folds
Uncalled bet ($6) returned to B_loJkl
B_loJkl collected $11.76 from pot
B_loJkl: doesn't show hand
*** SUMMARY ***
Total pot $12 | Rake $0.24
Board [Jd 7d 3d 6d]
Seat 3: Blikon (big blind) folded on the Turn
Seat 4: B_loJkl (button) (small blind) collected ($11.76)


PokerStars Hand #175218435217:  Hold'em Limit ($3/$6 USD) - 2017/09/04 18:57:40 ET
Table 'Leonora' 6-max Seat #4 is the button
Seat 3: Blikon ($373.88 in chips)
Seat 4: B_loJkl ($177.16 in chips)
B_loJkl: posts small blind $1
Blikon: posts big blind $3
*** HOLE CARDS ***
B_loJkl: raises $3 to $6
Blikon: raises $3 to $9
B_loJkl: calls $3
*** FLOP *** [2h 4h 9c]
Blikon: bets $3
B_loJkl: raises $3 to $6
Blikon: calls $3
*** TURN *** [2h 4h 9c] [6d]
Blikon: checks
B_loJkl: bets $6
Blikon: raises $6 to $12
B_loJkl: calls $6
*** RIVER *** [2h 4h 9c 6d] [5s]
Blikon: bets $6
B_loJkl: calls $6
*** SHOW DOWN ***
Blikon: shows [Ad Ah] (a pair of Aces)
B_loJkl: mucks hand
Blikon collected $65.50 from pot
*** SUMMARY ***
Total pot $66 | Rake $0.50
Board [2h 4h 9c 6d 5s]
Seat 3: Blikon (big blind) showed [Ad Ah] and won ($65.50) with a pair of Aces
Seat 4: B_loJkl (button) (small blind) mucked


PokerStars Hand #175218446440:  Hold'em Limit ($3/$6 USD) - 2017/09/04 18:58:01 ET
Table 'Leonora' 6-max Seat #3 is the button
Seat 3: Blikon ($406.38 in chips)
Seat 4: B_loJkl ($144.16 in chips)
Blikon: posts small blind $1
B_loJkl: posts big blind $3
*** HOLE CARDS ***
Blikon: raises $3 to $6
B_loJkl: raises $3 to $9
Blikon: raises $3 to $12
Betting is capped
B_loJkl: calls $3
*** FLOP *** [Ad 7c 8h]
B_loJkl: checks
Blikon: bets $3
B_loJkl: calls $3
*** TURN *** [Ad 7c 8h] [Js]
B_loJkl: checks
Blikon: bets $6
B_loJkl: calls $6
*** RIVER *** [Ad 7c 8h Js] [Qs]
B_loJkl: checks
Blikon: checks
*** SHOW DOWN ***
B_loJkl: shows [Ah 2h] (a pair of Aces)
Blikon: mucks hand
B_loJkl collected $41.50 from pot
*** SUMMARY ***
Total pot $42 | Rake $0.50
Board [Ad 7c 8h Js Qs]
Seat 3: Blikon (button) (small blind) mucked
Seat 4: B_loJkl (big blind) showed [Ah 2h] and won ($41.50) with a pair of Aces


PokerStars Hand #175218458322:  Hold'em Limit ($3/$6 USD) - 2017/09/04 18:58:24 ET
Table 'Leonora' 6-max Seat #4 is the button
Seat 3: Blikon ($385.38 in chips)
Seat 4: B_loJkl ($164.66 in chips)
B_loJkl: posts small blind $1
Blikon: posts big blind $3
*** HOLE CARDS ***
B_loJkl: raises $3 to $6
Blikon: calls $3
*** FLOP *** [Kh 2s 4c]
Blikon: checks
B_loJkl: bets $3
Blikon: raises $3 to $6
B_loJkl: calls $3
*** TURN *** [Kh 2s 4c] [8c]
Blikon: bets $6
B_loJkl: folds
Uncalled bet ($6) returned to Blikon
Blikon collected $23.52 from pot
*** SUMMARY ***
Total pot $24 | Rake $0.48
Board [Kh 2s 4c 8c]
Seat 3: Blikon (big blind) collected ($23.52)
Seat 4: B_loJkl (button) (small blind) folded on the Turn


PokerStars Hand #175218466578:  Hold'em Limit ($3/$6 USD) - 2017/09/04 18:58:40 ET
Table 'Leonora' 6-max Seat #3 is the button
Seat 3: Blikon ($396.90 in chips)
Seat 4: B_loJkl ($152.66 in chips)
Blikon: posts small blind $1
B_loJkl: posts big blind $3
*** HOLE CARDS ***
Blikon: raises $3 to $6
B_loJkl: calls $3
*** FLOP *** [5c 9s 2d]
B_loJkl: checks
Blikon: bets $3
B_loJkl: raises $3 to $6
Blikon: calls $3
*** TURN *** [5c 9s 2d] [3s]
B_loJkl: bets $6
Blikon: calls $6
*** RIVER *** [5c 9s 2d 3s] [5s]
B_loJkl: bets $6
Blikon: calls $6
*** SHOW DOWN ***
B_loJkl: shows [3h 2h] (two pair, Fives and Threes)
Blikon: shows [Qd 9d] (two pair, Nines and Fives)
Blikon collected $47.50 from pot
*** SUMMARY ***
Total pot $48 | Rake $0.50
Board [5c 9s 2d 3s 5s]
Seat 3: Blikon (button) (small blind) showed [Qd 9d] and won ($47.50) with two pair, Nines and Fives
Seat 4: B_loJkl (big blind) showed [3h 2h] and lost with two pair, Fives and Threes


PokerStars Hand #175218480310:  Hold'em Limit ($3/$6 USD) - 2017/09/04 18:59:06 ET
Table 'Leonora' 6-max Seat #4 is the button
Seat 3: Blikon ($420.40 in chips)
Seat 4: B_loJkl ($128.66 in chips)
B_loJkl: posts small blind $1
Blikon: posts big blind $3
*** HOLE CARDS ***
B_loJkl: raises $3 to $6
Blikon: calls $3
*** FLOP *** [Kd As 4h]
Blikon: checks
B_loJkl: bets $3
Blikon: raises $3 to $6
B_loJkl: calls $3
*** TURN *** [Kd As 4h] [8d]
Blikon: bets $6
B_loJkl: calls $6
*** RIVER *** [Kd As 4h 8d] [Jd]
Blikon: bets $6
B_loJkl: calls $6
*** SHOW DOWN ***
Blikon: shows [Jc 6d] (a pair of Jacks)
B_loJkl: mucks hand
Blikon collected $47.50 from pot
*** SUMMARY ***
Total pot $48 | Rake $0.50
Board [Kd As 4h 8d Jd]
Seat 3: Blikon (big blind) showed [Jc 6d] and won ($47.50) with a pair of Jacks
Seat 4: B_loJkl (button) (small blind) mucked


PokerStars Hand #175218488867:  Hold'em Limit ($3/$6 USD) - 2017/09/04 18:59:22 ET
Table 'Leonora' 6-max Seat #3 is the button
Seat 3: Blikon ($443.90 in chips)
Seat 4: B_loJkl ($104.66 in chips)
Blikon: posts small blind $1
B_loJkl: posts big blind $3
*** HOLE CARDS ***
Blikon: raises $3 to $6
B_loJkl: calls $3
*** FLOP *** [5h 4h Qs]
B_loJkl: checks
Blikon: bets $3
B_loJkl: raises $3 to $6
Blikon: calls $3
*** TURN *** [5h 4h Qs] [2s]
B_loJkl: bets $6
Blikon: raises $6 to $12
B_loJkl: calls $6
*** RIVER *** [5h 4h Qs 2s] [7c]
harrydonkey joins the table at seat #2
B_loJkl: checks
Blikon: bets $6
B_loJkl: calls $6
*** SHOW DOWN ***
Blikon: shows [3d 6c] (a straight, Three to Seven)
B_loJkl: mucks hand
Blikon collected $59.50 from pot
*** SUMMARY ***
Total pot $60 | Rake $0.50
Board [5h 4h Qs 2s 7c]
Seat 3: Blikon (button) (small blind) showed [3d 6c] and won ($59.50) with a straight, Three to Seven
Seat 4: B_loJkl (big blind) mucked


PokerStars Hand #175219213357:  Hold'em Limit ($3/$6 USD) - 2017/09/04 19:18:59 ET
Table 'Leonora' 6-max Seat #4 is the button
Seat 4: B_loJkl ($162.95 in chips)
Seat 5: angelomain ($119.24 in chips)
B_loJkl: posts small blind $1
angelomain: posts big blind $3
*** HOLE CARDS ***
B_loJkl: raises $3 to $6
angelomain: calls $3
*** FLOP *** [Ah Ts Kc]
angelomain: checks
B_loJkl: bets $3
angelomain: calls $3
*** TURN *** [Ah Ts Kc] [Td]
angelomain: checks
B_loJkl: checks
*** RIVER *** [Ah Ts Kc Td] [9c]
angelomain: checks
B_loJkl: checks
*** SHOW DOWN ***
angelomain: shows [4s Js] (a pair of Tens)
B_loJkl: shows [7c Jc] (a pair of Tens)
angelomain collected $8.82 from pot
B_loJkl collected $8.82 from pot
*** SUMMARY ***
Total pot $18 | Rake $0.36
Board [Ah Ts Kc Td 9c]
Seat 4: B_loJkl (button) (small blind) showed [7c Jc] and won ($8.82) with a pair of Tens
Seat 5: angelomain (big blind) showed [4s Js] and won ($8.82) with a pair of Tens


PokerStars Hand #175219208251:  Hold'em Limit ($3/$6 USD) - 2017/09/04 19:18:50 ET
Table 'Leonora' 6-max Seat #5 is the button
Seat 4: B_loJkl ($161.95 in chips)
Seat 5: angelomain ($120.24 in chips)
angelomain: posts small blind $1
harrydonkey: is sitting out
Cindym88: is sitting out
B_loJkl: posts big blind $3
*** HOLE CARDS ***
angelomain: folds
Uncalled bet ($2) returned to B_loJkl
B_loJkl collected $2 from pot
B_loJkl: doesn't show hand
Cindym88 leaves the table
*** SUMMARY ***
Total pot $2 | Rake $0
Seat 4: B_loJkl (big blind) collected ($2)
Seat 5: angelomain (button) (small blind) folded before Flop


PokerStars Hand #175219235325:  Hold'em Limit ($3/$6 USD) - 2017/09/04 19:19:36 ET
Table 'Leonora' 6-max Seat #5 is the button
Seat 4: B_loJkl ($162.77 in chips)
Seat 5: angelomain ($119.06 in chips)
angelomain: posts small blind $1
B_loJkl: posts big blind $3
*** HOLE CARDS ***
angelomain: calls $2
B_loJkl: checks
*** FLOP *** [4d Tc Qs]
B_loJkl: bets $3
angelomain: calls $3
*** TURN *** [4d Tc Qs] [Jd]
B_loJkl: checks
angelomain: bets $6
B_loJkl: folds
Uncalled bet ($6) returned to angelomain
angelomain collected $11.76 from pot
*** SUMMARY ***
Total pot $12 | Rake $0.24
Board [4d Tc Qs Jd]
Seat 4: B_loJkl (big blind) folded on the Turn
Seat 5: angelomain (button) (small blind) collected ($11.76)


PokerStars Hand #175219261195:  Hold'em Limit ($3/$6 USD) - 2017/09/04 19:20:20 ET
Table 'Leonora' 6-max Seat #5 is the button
Seat 4: B_loJkl ($159.77 in chips)
Seat 5: angelomain ($121.82 in chips)
angelomain: posts small blind $1
B_loJkl: posts big blind $3
*** HOLE CARDS ***
angelomain: folds
Uncalled bet ($2) returned to B_loJkl
B_loJkl collected $2 from pot
B_loJkl: doesn't show hand
*** SUMMARY ***
Total pot $2 | Rake $0
Seat 4: B_loJkl (big blind) collected ($2)
Seat 5: angelomain (button) (small blind) folded before Flop


PokerStars Hand #175219255940:  Hold'em Limit ($3/$6 USD) - 2017/09/04 19:20:11 ET
Table 'Leonora' 6-max Seat #4 is the button
Seat 4: B_loJkl ($156.77 in chips)
Seat 5: angelomain ($124.82 in chips)
B_loJkl: posts small blind $1
angelomain: posts big blind $3
*** HOLE CARDS ***
B_loJkl: raises $3 to $6
angelomain: folds
Uncalled bet ($3) returned to B_loJkl
B_loJkl collected $6 from pot
B_loJkl: doesn't show hand
*** SUMMARY ***
Total pot $6 | Rake $0
Seat 4: B_loJkl (button) (small blind) collected ($6)
Seat 5: angelomain (big blind) folded before Flop


