PokerStars Hand #152441979738:  Hold'em Limit ($3/$6 USD) - 2016/04/25 16:29:34 ET
Table 'Lepus III' 6-max Seat #3 is the button
Seat 3: liza3008 ($100 in chips)
Seat 4: AzureCaper ($72 in chips)
liza3008: posts small blind $1
AzureCaper: posts big blind $3
*** HOLE CARDS ***
liza3008: raises $3 to $6
AzureCaper: calls $3
*** FLOP *** [Qh Ad 7c]
AzureCaper: checks
liza3008: bets $3
AzureCaper: calls $3
*** TURN *** [Qh Ad 7c] [Kc]
AzureCaper: checks
liza3008: bets $6
AzureCaper: calls $6
*** RIVER *** [Qh Ad 7c Kc] [6d]
AzureCaper: bets $6
liza3008: calls $6
*** SHOW DOWN ***
AzureCaper: shows [2h As] (a pair of Aces)
liza3008: mucks hand
AzureCaper collected $41.50 from pot
*** SUMMARY ***
Total pot $42 | Rake $0.50
Board [Qh Ad 7c Kc 6d]
Seat 3: liza3008 (button) (small blind) mucked
Seat 4: AzureCaper (big blind) showed [2h As] and won ($41.50) with a pair of Aces


PokerStars Hand #152442062038:  Hold'em Limit ($3/$6 USD) - 2016/04/25 16:31:01 ET
Table 'Lepus III' 6-max Seat #3 is the button
Seat 3: liza3008 ($71.64 in chips)
Seat 4: AzureCaper ($99 in chips)
liza3008: posts small blind $1
AzureCaper: posts big blind $3
*** HOLE CARDS ***
liza3008: folds
Uncalled bet ($2) returned to AzureCaper
AzureCaper collected $2 from pot
AzureCaper: doesn't show hand
*** SUMMARY ***
Total pot $2 | Rake $0
Seat 3: liza3008 (button) (small blind) folded before Flop
Seat 4: AzureCaper (big blind) collected ($2)


PokerStars Hand #152442045496:  Hold'em Limit ($3/$6 USD) - 2016/04/25 16:30:43 ET
Table 'Lepus III' 6-max Seat #4 is the button
Seat 3: liza3008 ($63 in chips)
Seat 4: AzureCaper ($108 in chips)
AzureCaper: posts small blind $1
liza3008: posts big blind $3
*** HOLE CARDS ***
AzureCaper: raises $3 to $6
liza3008: calls $3
*** FLOP *** [Qd 8s 4h]
liza3008: checks
AzureCaper: bets $3
liza3008: raises $3 to $6
AzureCaper: folds
Uncalled bet ($3) returned to liza3008
liza3008 collected $17.64 from pot
liza3008: doesn't show hand
*** SUMMARY ***
Total pot $18 | Rake $0.36
Board [Qd 8s 4h]
Seat 3: liza3008 (big blind) collected ($17.64)
Seat 4: AzureCaper (button) (small blind) folded on the Flop


PokerStars Hand #152442035082:  Hold'em Limit ($3/$6 USD) - 2016/04/25 16:30:32 ET
Table 'Lepus III' 6-max Seat #3 is the button
Seat 3: liza3008 ($64 in chips)
Seat 4: AzureCaper ($107 in chips)
liza3008: posts small blind $1
AzureCaper: posts big blind $3
*** HOLE CARDS ***
liza3008: folds
Uncalled bet ($2) returned to AzureCaper
AzureCaper collected $2 from pot
AzureCaper: doesn't show hand
*** SUMMARY ***
Total pot $2 | Rake $0
Seat 3: liza3008 (button) (small blind) folded before Flop
Seat 4: AzureCaper (big blind) collected ($2)


PokerStars Hand #152442013422:  Hold'em Limit ($3/$6 USD) - 2016/04/25 16:30:09 ET
Table 'Lepus III' 6-max Seat #4 is the button
Seat 3: liza3008 ($79 in chips)
Seat 4: AzureCaper ($92.50 in chips)
AzureCaper: posts small blind $1
liza3008: posts big blind $3
*** HOLE CARDS ***
AzureCaper: raises $3 to $6
liza3008: calls $3
*** FLOP *** [Ac 6c Qc]
liza3008: checks
AzureCaper: bets $3
liza3008: calls $3
*** TURN *** [Ac 6c Qc] [2h]
liza3008: checks
AzureCaper: bets $6
liza3008: calls $6
*** RIVER *** [Ac 6c Qc 2h] [9c]
liza3008: checks
AzureCaper: checks
*** SHOW DOWN ***
liza3008: shows [6s Ks] (a pair of Sixes)
AzureCaper: shows [Qs Qh] (three of a kind, Queens)
AzureCaper collected $29.50 from pot
*** SUMMARY ***
Total pot $30 | Rake $0.50
Board [Ac 6c Qc 2h 9c]
Seat 3: liza3008 (big blind) showed [6s Ks] and lost with a pair of Sixes
Seat 4: AzureCaper (button) (small blind) showed [Qs Qh] and won ($29.50) with three of a kind, Queens


PokerStars Hand #152442089351:  Hold'em Limit ($3/$6 USD) - 2016/04/25 16:31:31 ET
Table 'Lepus III' 6-max Seat #3 is the button
Seat 3: liza3008 ($85.14 in chips)
Seat 4: AzureCaper ($85 in chips)
liza3008: posts small blind $1
AzureCaper: posts big blind $3
*** HOLE CARDS ***
liza3008: raises $3 to $6
AzureCaper: calls $3
*** FLOP *** [4d 7h Qh]
AzureCaper: checks
liza3008: checks
*** TURN *** [4d 7h Qh] [As]
AzureCaper: checks
liza3008: checks
*** RIVER *** [4d 7h Qh As] [5d]
AzureCaper: checks
liza3008: bets $6
AzureCaper: calls $6
*** SHOW DOWN ***
liza3008: shows [9h 6c] (high card Ace)
AzureCaper: shows [4h 8c] (a pair of Fours)
AzureCaper collected $23.52 from pot
*** SUMMARY ***
Total pot $24 | Rake $0.48
Board [4d 7h Qh As 5d]
Seat 3: liza3008 (button) (small blind) showed [9h 6c] and lost with high card Ace
Seat 4: AzureCaper (big blind) showed [4h 8c] and won ($23.52) with a pair of Fours


PokerStars Hand #152442069161:  Hold'em Limit ($3/$6 USD) - 2016/04/25 16:31:09 ET
Table 'Lepus III' 6-max Seat #4 is the button
Seat 3: liza3008 ($70.64 in chips)
Seat 4: AzureCaper ($100 in chips)
AzureCaper: posts small blind $1
liza3008: posts big blind $3
*** HOLE CARDS ***
AzureCaper: raises $3 to $6
liza3008: calls $3
*** FLOP *** [Ac Kh Qd]
liza3008: checks
AzureCaper: bets $3
liza3008: calls $3
*** TURN *** [Ac Kh Qd] [6c]
liza3008: checks
AzureCaper: checks
*** RIVER *** [Ac Kh Qd 6c] [Jd]
liza3008: bets $6
AzureCaper: calls $6
*** SHOW DOWN ***
liza3008: shows [2c Ah] (a pair of Aces)
AzureCaper: mucks hand
liza3008 collected $29.50 from pot
*** SUMMARY ***
Total pot $30 | Rake $0.50
Board [Ac Kh Qd 6c Jd]
Seat 3: liza3008 (big blind) showed [2c Ah] and won ($29.50) with a pair of Aces
Seat 4: AzureCaper (button) (small blind) mucked


PokerStars Hand #152442169701:  Hold'em Limit ($3/$6 USD) - 2016/04/25 16:32:56 ET
Table 'Lepus III' 6-max Seat #4 is the button
Seat 3: liza3008 ($60.78 in chips)
Seat 4: AzureCaper ($108.02 in chips)
AzureCaper: posts small blind $1
liza3008: posts big blind $3
*** HOLE CARDS ***
AzureCaper: folds
Uncalled bet ($2) returned to liza3008
liza3008 collected $2 from pot
*** SUMMARY ***
Total pot $2 | Rake $0
Seat 3: liza3008 (big blind) collected ($2)
Seat 4: AzureCaper (button) (small blind) folded before Flop


PokerStars Hand #152442138793:  Hold'em Limit ($3/$6 USD) - 2016/04/25 16:32:23 ET
Table 'Lepus III' 6-max Seat #3 is the button
Seat 3: liza3008 ($52.14 in chips)
Seat 4: AzureCaper ($117.02 in chips)
liza3008: posts small blind $1
AzureCaper: posts big blind $3
*** HOLE CARDS ***
liza3008: raises $3 to $6
AzureCaper: calls $3
*** FLOP *** [Qc 9d 8c]
AzureCaper: checks
liza3008: bets $3
AzureCaper: calls $3
*** TURN *** [Qc 9d 8c] [Tc]
AzureCaper: checks
liza3008: bets $6
AzureCaper: folds
Uncalled bet ($6) returned to liza3008
liza3008 collected $17.64 from pot
*** SUMMARY ***
Total pot $18 | Rake $0.36
Board [Qc 9d 8c Tc]
Seat 3: liza3008 (button) (small blind) collected ($17.64)
Seat 4: AzureCaper (big blind) folded on the Turn


PokerStars Hand #152442117418:  Hold'em Limit ($3/$6 USD) - 2016/04/25 16:32:01 ET
Table 'Lepus III' 6-max Seat #4 is the button
Seat 3: liza3008 ($73.14 in chips)
Seat 4: AzureCaper ($96.52 in chips)
AzureCaper: posts small blind $1
liza3008: posts big blind $3
*** HOLE CARDS ***
AzureCaper: raises $3 to $6
liza3008: calls $3
*** FLOP *** [Qd Ks 7h]
liza3008: checks
AzureCaper: bets $3
liza3008: calls $3
*** TURN *** [Qd Ks 7h] [7s]
liza3008: checks
AzureCaper: bets $6
liza3008: calls $6
*** RIVER *** [Qd Ks 7h 7s] [Jd]
liza3008: checks
AzureCaper: bets $6
liza3008: calls $6
*** SHOW DOWN ***
AzureCaper: shows [6h 7d] (three of a kind, Sevens)
liza3008: mucks hand
AzureCaper collected $41.50 from pot
*** SUMMARY ***
Total pot $42 | Rake $0.50
Board [Qd Ks 7h 7s Jd]
Seat 3: liza3008 (big blind) mucked
Seat 4: AzureCaper (button) (small blind) showed [6h 7d] and won ($41.50) with three of a kind, Sevens


PokerStars Hand #152442224878:  Hold'em Limit ($3/$6 USD) - 2016/04/25 16:33:56 ET
Table 'Lepus III' 6-max Seat #3 is the button
Seat 3: liza3008 ($40.78 in chips)
Seat 4: AzureCaper ($127.52 in chips)
liza3008: posts small blind $1
AzureCaper: posts big blind $3
*** HOLE CARDS ***
liza3008: raises $3 to $6
AzureCaper: folds
Uncalled bet ($3) returned to liza3008
liza3008 collected $6 from pot
liza3008: doesn't show hand
*** SUMMARY ***
Total pot $6 | Rake $0
Seat 3: liza3008 (button) (small blind) collected ($6)
Seat 4: AzureCaper (big blind) folded before Flop


PokerStars Hand #152442208517:  Hold'em Limit ($3/$6 USD) - 2016/04/25 16:33:38 ET
Table 'Lepus III' 6-max Seat #4 is the button
Seat 3: liza3008 ($43.78 in chips)
Seat 4: AzureCaper ($124.52 in chips)
AzureCaper: posts small blind $1
liza3008: posts big blind $3
*** HOLE CARDS ***
AzureCaper: raises $3 to $6
liza3008: folds
Uncalled bet ($3) returned to AzureCaper
AzureCaper collected $6 from pot
AzureCaper: doesn't show hand
*** SUMMARY ***
Total pot $6 | Rake $0
Seat 3: liza3008 (big blind) folded before Flop
Seat 4: AzureCaper (button) (small blind) collected ($6)


PokerStars Hand #152442175822:  Hold'em Limit ($3/$6 USD) - 2016/04/25 16:33:03 ET
Table 'Lepus III' 6-max Seat #3 is the button
Seat 3: liza3008 ($61.78 in chips)
Seat 4: AzureCaper ($107.02 in chips)
liza3008: posts small blind $1
AzureCaper: posts big blind $3
*** HOLE CARDS ***
liza3008: raises $3 to $6
AzureCaper: calls $3
*** FLOP *** [Qd 2d 3c]
AzureCaper: checks
liza3008: checks
*** TURN *** [Qd 2d 3c] [Kh]
AzureCaper: checks
liza3008: bets $6
AzureCaper: calls $6
*** RIVER *** [Qd 2d 3c Kh] [2c]
AzureCaper: checks
liza3008: bets $6
AzureCaper: calls $6
*** SHOW DOWN ***
liza3008: shows [6c 9s] (a pair of Deuces)
AzureCaper: shows [8s Qc] (two pair, Queens and Deuces)
AzureCaper collected $35.50 from pot
*** SUMMARY ***
Total pot $36 | Rake $0.50
Board [Qd 2d 3c Kh 2c]
Seat 3: liza3008 (button) (small blind) showed [6c 9s] and lost with a pair of Deuces
Seat 4: AzureCaper (big blind) showed [8s Qc] and won ($35.50) with two pair, Queens and Deuces


PokerStars Hand #152442264047:  Hold'em Limit ($3/$6 USD) - 2016/04/25 16:34:38 ET
Table 'Lepus III' 6-max Seat #4 is the button
Seat 3: liza3008 ($19.78 in chips)
Seat 4: AzureCaper ($148.02 in chips)
AzureCaper: posts small blind $1
liza3008: posts big blind $3
*** HOLE CARDS ***
AzureCaper: raises $3 to $6
liza3008: raises $3 to $9
AzureCaper: calls $3
*** FLOP *** [Jc Jh 5h]
liza3008: bets $3
AzureCaper: calls $3
*** TURN *** [Jc Jh 5h] [4h]
Kikimor1220 joins the table at seat #2
liza3008: bets $6
AzureCaper: raises $6 to $12
liza3008: calls $1.78 and is all-in
Uncalled bet ($4.22) returned to AzureCaper
*** RIVER *** [Jc Jh 5h 4h] [2d]
*** SHOW DOWN ***
liza3008: shows [Qh As] (a pair of Jacks)
AzureCaper: shows [6h 5c] (two pair, Jacks and Fives)
AzureCaper collected $39.06 from pot
*** SUMMARY ***
Total pot $39.56 | Rake $0.50
Board [Jc Jh 5h 4h 2d]
Seat 3: liza3008 (big blind) showed [Qh As] and lost with a pair of Jacks
Seat 4: AzureCaper (button) (small blind) showed [6h 5c] and won ($39.06) with two pair, Jacks and Fives


PokerStars Hand #152442254565:  Hold'em Limit ($3/$6 USD) - 2016/04/25 16:34:28 ET
Table 'Lepus III' 6-max Seat #3 is the button
Seat 3: liza3008 ($16.78 in chips)
Seat 4: AzureCaper ($151.02 in chips)
liza3008: posts small blind $1
AzureCaper: posts big blind $3
*** HOLE CARDS ***
liza3008: raises $3 to $6
AzureCaper: folds
Uncalled bet ($3) returned to liza3008
liza3008 collected $6 from pot
*** SUMMARY ***
Total pot $6 | Rake $0
Seat 3: liza3008 (button) (small blind) collected ($6)
Seat 4: AzureCaper (big blind) folded before Flop


PokerStars Hand #152442231982:  Hold'em Limit ($3/$6 USD) - 2016/04/25 16:34:04 ET
Table 'Lepus III' 6-max Seat #4 is the button
Seat 3: liza3008 ($43.78 in chips)
Seat 4: AzureCaper ($124.52 in chips)
AzureCaper: posts small blind $1
liza3008: posts big blind $3
*** HOLE CARDS ***
AzureCaper: raises $3 to $6
liza3008: calls $3
*** FLOP *** [7c 3h 5c]
liza3008: bets $3
AzureCaper: calls $3
*** TURN *** [7c 3h 5c] [Qd]
ehavai joins the table at seat #5
liza3008: bets $6
AzureCaper: raises $6 to $12
liza3008: calls $6
*** RIVER *** [7c 3h 5c Qd] [Jh]
ehavai leaves the table
liza3008: checks
AzureCaper: bets $6
liza3008: calls $6
*** SHOW DOWN ***
AzureCaper: shows [Qc Jc] (two pair, Queens and Jacks)
liza3008: mucks hand
AzureCaper collected $53.50 from pot
*** SUMMARY ***
Total pot $54 | Rake $0.50
Board [7c 3h 5c Qd Jh]
Seat 3: liza3008 (big blind) mucked
Seat 4: AzureCaper (button) (small blind) showed [Qc Jc] and won ($53.50) with two pair, Queens and Jacks


