PokerStars Hand #146349690652:  Hold'em Limit ($3/$6 USD) - 2016/01/02 16:00:38 ET
Table 'Lesath' 2-max Seat #2 is the button
Seat 1: elifnur2008 ($116.82 in chips)
Seat 2: lewandows720 ($4.86 in chips)
lewandows720: posts small blind $1
elifnur2008: posts big blind $3
*** HOLE CARDS ***
lewandows720: raises $1.86 to $4.86 and is all-in
elifnur2008: calls $1.86
*** FLOP *** [2c 4d As]
*** TURN *** [2c 4d As] [6h]
*** RIVER *** [2c 4d As 6h] [Qd]
*** SHOW DOWN ***
elifnur2008: shows [Ah Jc] (a pair of Aces)
lewandows720: shows [Jh Kh] (high card Ace)
elifnur2008 collected $9.53 from pot
*** SUMMARY ***
Total pot $9.72 | Rake $0.19
Board [2c 4d As 6h Qd]
Seat 1: elifnur2008 (big blind) showed [Ah Jc] and won ($9.53) with a pair of Aces
Seat 2: lewandows720 (button) (small blind) showed [Jh Kh] and lost with high card Ace


PokerStars Hand #146349671541:  Hold'em Limit ($3/$6 USD) - 2016/01/02 16:00:15 ET
Table 'Lesath' 2-max Seat #1 is the button
Seat 1: elifnur2008 ($96.32 in chips)
Seat 2: lewandows720 ($25.86 in chips)
elifnur2008: posts small blind $1
lewandows720: posts big blind $3
*** HOLE CARDS ***
elifnur2008: raises $3 to $6
lewandows720: calls $3
*** FLOP *** [8h 4h 2d]
lewandows720: checks
elifnur2008: bets $3
lewandows720: calls $3
*** TURN *** [8h 4h 2d] [6d]
lewandows720: checks
elifnur2008: bets $6
lewandows720: calls $6
*** RIVER *** [8h 4h 2d 6d] [Kd]
lewandows720: bets $6
elifnur2008: calls $6
*** SHOW DOWN ***
lewandows720: shows [7h Qs] (high card King)
elifnur2008: shows [5h 3h] (a straight, Deuce to Six)
elifnur2008 collected $41.50 from pot
*** SUMMARY ***
Total pot $42 | Rake $0.50
Board [8h 4h 2d 6d Kd]
Seat 1: elifnur2008 (button) (small blind) showed [5h 3h] and won ($41.50) with a straight, Deuce to Six
Seat 2: lewandows720 (big blind) showed [7h Qs] and lost with high card King


