PokerStars Hand #144959548415:  Hold'em Limit ($3/$6 USD) - 2015/12/07 6:59:23 ET
Table 'Lesath II' 2-max Seat #1 is the button
Seat 1: knysi ($29.46 in chips)
Seat 2: swarfiga755 ($75 in chips)
knysi: posts small blind $1
swarfiga755: posts big blind $3
*** HOLE CARDS ***
knysi: raises $3 to $6
swarfiga755: calls $3
*** FLOP *** [Jd 4c Tc]
swarfiga755: checks
knysi: bets $3
swarfiga755: folds
Uncalled bet ($3) returned to knysi
knysi collected $11.76 from pot
*** SUMMARY ***
Total pot $12 | Rake $0.24
Board [Jd 4c Tc]
Seat 1: knysi (button) (small blind) collected ($11.76)
Seat 2: swarfiga755 (big blind) folded on the Flop


PokerStars Hand #144959555356:  Hold'em Limit ($3/$6 USD) - 2015/12/07 6:59:37 ET
Table 'Lesath II' 2-max Seat #2 is the button
Seat 1: knysi ($35.22 in chips)
Seat 2: swarfiga755 ($72 in chips)
swarfiga755: posts small blind $1
knysi: posts big blind $3
*** HOLE CARDS ***
swarfiga755: raises $3 to $6
knysi: calls $3
*** FLOP *** [Qc 7c Jc]
knysi: checks
swarfiga755: bets $3
knysi: calls $3
*** TURN *** [Qc 7c Jc] [6s]
knysi: checks
swarfiga755: bets $6
knysi: calls $6
*** RIVER *** [Qc 7c Jc 6s] [Ts]
knysi: checks
swarfiga755: bets $6
knysi: raises $6 to $12
swarfiga755: raises $6 to $18
knysi: calls $6
*** SHOW DOWN ***
swarfiga755: shows [As Ks] (a straight, Ten to Ace)
knysi: shows [2c 3c] (a flush, Queen high)
knysi collected $65.50 from pot
*** SUMMARY ***
Total pot $66 | Rake $0.50
Board [Qc 7c Jc 6s Ts]
Seat 1: knysi (big blind) showed [2c 3c] and won ($65.50) with a flush, Queen high
Seat 2: swarfiga755 (button) (small blind) showed [As Ks] and lost with a straight, Ten to Ace


PokerStars Hand #144959593961:  Hold'em Limit ($3/$6 USD) - 2015/12/07 7:00:49 ET
Table 'Lesath II' 2-max Seat #2 is the button
Seat 1: knysi ($49.72 in chips)
Seat 2: swarfiga755 ($89.50 in chips)
swarfiga755: posts small blind $1
knysi: posts big blind $3
*** HOLE CARDS ***
swarfiga755: raises $3 to $6
knysi: calls $3
*** FLOP *** [7s 4s 2s]
knysi: checks
swarfiga755: bets $3
knysi: calls $3
*** TURN *** [7s 4s 2s] [7c]
knysi: checks
swarfiga755: bets $6
knysi: folds
Uncalled bet ($6) returned to swarfiga755
swarfiga755 collected $17.64 from pot
swarfiga755: doesn't show hand
*** SUMMARY ***
Total pot $18 | Rake $0.36
Board [7s 4s 2s 7c]
Seat 1: knysi (big blind) folded on the Turn
Seat 2: swarfiga755 (button) (small blind) collected ($17.64)


PokerStars Hand #144959584233:  Hold'em Limit ($3/$6 USD) - 2015/12/07 7:00:31 ET
Table 'Lesath II' 2-max Seat #1 is the button
Seat 1: knysi ($67.72 in chips)
Seat 2: swarfiga755 ($72 in chips)
knysi: posts small blind $1
swarfiga755: posts big blind $3
*** HOLE CARDS ***
knysi: raises $3 to $6
swarfiga755: calls $3
*** FLOP *** [8s 3s Td]
swarfiga755: checks
knysi: bets $3
swarfiga755: raises $3 to $6
knysi: calls $3
*** TURN *** [8s 3s Td] [2c]
swarfiga755: bets $6
knysi: calls $6
*** RIVER *** [8s 3s Td 2c] [9h]
swarfiga755: bets $6
knysi: folds
Uncalled bet ($6) returned to swarfiga755
swarfiga755 collected $35.50 from pot
swarfiga755: doesn't show hand
*** SUMMARY ***
Total pot $36 | Rake $0.50
Board [8s 3s Td 2c 9h]
Seat 1: knysi (button) (small blind) folded on the River
Seat 2: swarfiga755 (big blind) collected ($35.50)


PokerStars Hand #144959600756:  Hold'em Limit ($3/$6 USD) - 2015/12/07 7:01:01 ET
Table 'Lesath II' 2-max Seat #1 is the button
Seat 1: knysi ($40.72 in chips)
Seat 2: swarfiga755 ($98.14 in chips)
knysi: posts small blind $1
swarfiga755: posts big blind $3
*** HOLE CARDS ***
knysi: calls $2
swarfiga755: checks
*** FLOP *** [9s 9h 8d]
swarfiga755: checks
knysi: checks
*** TURN *** [9s 9h 8d] [Ks]
swarfiga755: checks
knysi: checks
*** RIVER *** [9s 9h 8d Ks] [Kd]
swarfiga755: checks
knysi: checks
*** SHOW DOWN ***
swarfiga755: shows [3c 4c] (two pair, Kings and Nines)
knysi: shows [2h 7h] (two pair, Kings and Nines)
swarfiga755 collected $2.94 from pot
knysi collected $2.94 from pot
*** SUMMARY ***
Total pot $6 | Rake $0.12
Board [9s 9h 8d Ks Kd]
Seat 1: knysi (button) (small blind) showed [2h 7h] and won ($2.94) with two pair, Kings and Nines
Seat 2: swarfiga755 (big blind) showed [3c 4c] and won ($2.94) with two pair, Kings and Nines


PokerStars Hand #144959626736:  Hold'em Limit ($3/$6 USD) - 2015/12/07 7:01:47 ET
Table 'Lesath II' 2-max Seat #1 is the button
Seat 1: knysi ($80.82 in chips)
Seat 2: swarfiga755 ($72 in chips)
knysi: posts small blind $1
swarfiga755: posts big blind $3
*** HOLE CARDS ***
knysi: raises $3 to $6
swarfiga755: calls $3
*** FLOP *** [Tc 6c Qh]
swarfiga755: checks
knysi: checks
*** TURN *** [Tc 6c Qh] [Ad]
swarfiga755: checks
knysi: checks
*** RIVER *** [Tc 6c Qh Ad] [9c]
swarfiga755: bets $6
knysi: folds
Uncalled bet ($6) returned to swarfiga755
swarfiga755 collected $11.76 from pot
swarfiga755: doesn't show hand
*** SUMMARY ***
Total pot $12 | Rake $0.24
Board [Tc 6c Qh Ad 9c]
Seat 1: knysi (button) (small blind) folded on the River
Seat 2: swarfiga755 (big blind) collected ($11.76)


PokerStars Hand #144959612118:  Hold'em Limit ($3/$6 USD) - 2015/12/07 7:01:22 ET
Table 'Lesath II' 2-max Seat #2 is the button
Seat 1: knysi ($40.66 in chips)
Seat 2: swarfiga755 ($98.08 in chips)
swarfiga755: posts small blind $1
knysi: posts big blind $3
*** HOLE CARDS ***
swarfiga755: raises $3 to $6
knysi: calls $3
*** FLOP *** [3s 3d 2h]
knysi: checks
swarfiga755: bets $3
knysi: calls $3
*** TURN *** [3s 3d 2h] [6h]
knysi: checks
swarfiga755: bets $6
knysi: raises $6 to $12
swarfiga755: raises $6 to $18
knysi: raises $6 to $24
Betting is capped
swarfiga755: calls $6
*** RIVER *** [3s 3d 2h 6h] [Qd]
knysi: bets $6
swarfiga755: raises $6 to $12
knysi: calls $1.66 and is all-in
Uncalled bet ($4.34) returned to swarfiga755
*** SHOW DOWN ***
swarfiga755: shows [4h 5c] (a straight, Deuce to Six)
knysi: shows [3h Qs] (a full house, Threes full of Queens)
knysi collected $80.82 from pot
*** SUMMARY ***
Total pot $81.32 | Rake $0.50
Board [3s 3d 2h 6h Qd]
Seat 1: knysi (big blind) showed [3h Qs] and won ($80.82) with a full house, Threes full of Queens
Seat 2: swarfiga755 (button) (small blind) showed [4h 5c] and lost with a straight, Deuce to Six


PokerStars Hand #144959658991:  Hold'em Limit ($3/$6 USD) - 2015/12/07 7:02:44 ET
Table 'Lesath II' 2-max Seat #2 is the button
Seat 1: knysi ($71.46 in chips)
Seat 2: swarfiga755 ($83.52 in chips)
swarfiga755: posts small blind $1
knysi: posts big blind $3
*** HOLE CARDS ***
swarfiga755: raises $3 to $6
knysi: calls $3
*** FLOP *** [6c 4h Ac]
knysi: checks
swarfiga755: bets $3
knysi: calls $3
*** TURN *** [6c 4h Ac] [2s]
knysi: checks
swarfiga755: bets $6
knysi: folds
Uncalled bet ($6) returned to swarfiga755
swarfiga755 collected $17.64 from pot
swarfiga755: doesn't show hand
*** SUMMARY ***
Total pot $18 | Rake $0.36
Board [6c 4h Ac 2s]
Seat 1: knysi (big blind) folded on the Turn
Seat 2: swarfiga755 (button) (small blind) collected ($17.64)


PokerStars Hand #144959651236:  Hold'em Limit ($3/$6 USD) - 2015/12/07 7:02:31 ET
Table 'Lesath II' 2-max Seat #1 is the button
Seat 1: knysi ($83.46 in chips)
Seat 2: swarfiga755 ($72 in chips)
knysi: posts small blind $1
swarfiga755: posts big blind $3
*** HOLE CARDS ***
knysi: raises $3 to $6
swarfiga755: calls $3
*** FLOP *** [6h Qh 2c]
swarfiga755: checks
knysi: checks
*** TURN *** [6h Qh 2c] [Kd]
swarfiga755: bets $6
knysi: calls $6
*** RIVER *** [6h Qh 2c Kd] [Ks]
swarfiga755: bets $6
knysi: folds
Uncalled bet ($6) returned to swarfiga755
swarfiga755 collected $23.52 from pot
swarfiga755: doesn't show hand
*** SUMMARY ***
Total pot $24 | Rake $0.48
Board [6h Qh 2c Kd Ks]
Seat 1: knysi (button) (small blind) folded on the River
Seat 2: swarfiga755 (big blind) collected ($23.52)


PokerStars Hand #144959642834:  Hold'em Limit ($3/$6 USD) - 2015/12/07 7:02:16 ET
Table 'Lesath II' 2-max Seat #2 is the button
Seat 1: knysi ($74.82 in chips)
Seat 2: swarfiga755 ($77.76 in chips)
swarfiga755: posts small blind $1
knysi: posts big blind $3
*** HOLE CARDS ***
swarfiga755: raises $3 to $6
knysi: calls $3
*** FLOP *** [Ad 9c Qh]
knysi: checks
swarfiga755: bets $3
knysi: calls $3
*** TURN *** [Ad 9c Qh] [As]
knysi: checks
swarfiga755: checks
*** RIVER *** [Ad 9c Qh As] [Jd]
knysi: bets $6
swarfiga755: folds
Uncalled bet ($6) returned to knysi
knysi collected $17.64 from pot
knysi: doesn't show hand
*** SUMMARY ***
Total pot $18 | Rake $0.36
Board [Ad 9c Qh As Jd]
Seat 1: knysi (big blind) collected ($17.64)
Seat 2: swarfiga755 (button) (small blind) folded on the River


PokerStars Hand #144959675918:  Hold'em Limit ($3/$6 USD) - 2015/12/07 7:03:14 ET
Table 'Lesath II' 2-max Seat #1 is the button
Seat 1: knysi ($62.46 in chips)
Seat 2: swarfiga755 ($92.16 in chips)
knysi: posts small blind $1
swarfiga755: posts big blind $3
*** HOLE CARDS ***
knysi: raises $3 to $6
swarfiga755: folds
Uncalled bet ($3) returned to knysi
knysi collected $6 from pot
knysi: doesn't show hand
*** SUMMARY ***
Total pot $6 | Rake $0
Seat 1: knysi (button) (small blind) collected ($6)
Seat 2: swarfiga755 (big blind) folded before Flop


PokerStars Hand #144959699484:  Hold'em Limit ($3/$6 USD) - 2015/12/07 7:03:54 ET
Table 'Lesath II' 2-max Seat #1 is the button
Seat 1: knysi ($69.96 in chips)
Seat 2: swarfiga755 ($83.80 in chips)
knysi: posts small blind $1
swarfiga755: posts big blind $3
*** HOLE CARDS ***
knysi: raises $3 to $6
swarfiga755: calls $3
*** FLOP *** [8c 8d 9d]
swarfiga755: checks
knysi: bets $3
swarfiga755: raises $3 to $6
knysi: calls $3
*** TURN *** [8c 8d 9d] [7c]
swarfiga755: bets $6
knysi: calls $6
*** RIVER *** [8c 8d 9d 7c] [9h]
swarfiga755: bets $6
knysi: calls $6
*** SHOW DOWN ***
swarfiga755: shows [4h 4d] (two pair, Nines and Eights)
knysi: shows [6c 6h] (two pair, Nines and Eights)
swarfiga755 collected $23.75 from pot
knysi collected $23.75 from pot
*** SUMMARY ***
Total pot $48 | Rake $0.50
Board [8c 8d 9d 7c 9h]
Seat 1: knysi (button) (small blind) showed [6c 6h] and won ($23.75) with two pair, Nines and Eights
Seat 2: swarfiga755 (big blind) showed [4h 4d] and won ($23.75) with two pair, Nines and Eights


PokerStars Hand #144959690906:  Hold'em Limit ($3/$6 USD) - 2015/12/07 7:03:39 ET
Table 'Lesath II' 2-max Seat #2 is the button
Seat 1: knysi ($55.46 in chips)
Seat 2: swarfiga755 ($98.80 in chips)
swarfiga755: posts small blind $1
knysi: posts big blind $3
*** HOLE CARDS ***
swarfiga755: raises $3 to $6
knysi: calls $3
*** FLOP *** [7c Tc 6s]
knysi: checks
swarfiga755: bets $3
knysi: calls $3
*** TURN *** [7c Tc 6s] [Jc]
knysi: checks
swarfiga755: bets $6
knysi: calls $6
*** RIVER *** [7c Tc 6s Jc] [Qh]
knysi: checks
swarfiga755: checks
*** SHOW DOWN ***
knysi: shows [8c Qc] (a flush, Queen high)
swarfiga755: mucks hand
knysi collected $29.50 from pot
*** SUMMARY ***
Total pot $30 | Rake $0.50
Board [7c Tc 6s Jc Qh]
Seat 1: knysi (big blind) showed [8c Qc] and won ($29.50) with a flush, Queen high
Seat 2: swarfiga755 (button) (small blind) mucked


PokerStars Hand #144959688328:  Hold'em Limit ($3/$6 USD) - 2015/12/07 7:03:34 ET
Table 'Lesath II' 2-max Seat #1 is the button
Seat 1: knysi ($56.46 in chips)
Seat 2: swarfiga755 ($97.80 in chips)
knysi: posts small blind $1
swarfiga755: posts big blind $3
*** HOLE CARDS ***
knysi: folds
Uncalled bet ($2) returned to swarfiga755
swarfiga755 collected $2 from pot
swarfiga755: doesn't show hand
*** SUMMARY ***
Total pot $2 | Rake $0
Seat 1: knysi (button) (small blind) folded before Flop
Seat 2: swarfiga755 (big blind) collected ($2)


PokerStars Hand #144959707333:  Hold'em Limit ($3/$6 USD) - 2015/12/07 7:04:07 ET
Table 'Lesath II' 2-max Seat #2 is the button
Seat 1: knysi ($69.71 in chips)
Seat 2: swarfiga755 ($83.55 in chips)
swarfiga755: posts small blind $1
knysi: posts big blind $3
*** HOLE CARDS ***
swarfiga755: raises $3 to $6
knysi: calls $3
*** FLOP *** [Qs 7h 3c]
knysi: checks
swarfiga755: bets $3
knysi: calls $3
*** TURN *** [Qs 7h 3c] [8h]
knysi: checks
swarfiga755: bets $6
knysi: raises $6 to $12
swarfiga755: folds
Uncalled bet ($6) returned to knysi
knysi collected $29.50 from pot
knysi: doesn't show hand
*** SUMMARY ***
Total pot $30 | Rake $0.50
Board [Qs 7h 3c 8h]
Seat 1: knysi (big blind) collected ($29.50)
Seat 2: swarfiga755 (button) (small blind) folded on the Turn


PokerStars Hand #144959748955:  Hold'em Limit ($3/$6 USD) - 2015/12/07 7:05:18 ET
Table 'Lesath II' 2-max Seat #1 is the button
Seat 1: knysi ($14.21 in chips)
Seat 2: swarfiga755 ($140.50 in chips)
knysi: posts small blind $1
swarfiga755: posts big blind $3
*** HOLE CARDS ***
knysi: raises $3 to $6
swarfiga755: raises $3 to $9
knysi: calls $3
*** FLOP *** [Qh Ac As]
swarfiga755: bets $3
knysi: folds
Uncalled bet ($3) returned to swarfiga755
swarfiga755 collected $17.64 from pot
swarfiga755: doesn't show hand
*** SUMMARY ***
Total pot $18 | Rake $0.36
Board [Qh Ac As]
Seat 1: knysi (button) (small blind) folded on the Flop
Seat 2: swarfiga755 (big blind) collected ($17.64)


PokerStars Hand #144959746272:  Hold'em Limit ($3/$6 USD) - 2015/12/07 7:05:14 ET
Table 'Lesath II' 2-max Seat #2 is the button
Seat 1: knysi ($17.21 in chips)
Seat 2: swarfiga755 ($137.50 in chips)
swarfiga755: posts small blind $1
knysi: posts big blind $3
*** HOLE CARDS ***
swarfiga755: raises $3 to $6
knysi: folds
Uncalled bet ($3) returned to swarfiga755
swarfiga755 collected $6 from pot
swarfiga755: doesn't show hand
*** SUMMARY ***
Total pot $6 | Rake $0
Seat 1: knysi (big blind) folded before Flop
Seat 2: swarfiga755 (button) (small blind) collected ($6)


PokerStars Hand #144959736601:  Hold'em Limit ($3/$6 USD) - 2015/12/07 7:04:57 ET
Table 'Lesath II' 2-max Seat #1 is the button
Seat 1: knysi ($44.21 in chips)
Seat 2: swarfiga755 ($111 in chips)
knysi: posts small blind $1
swarfiga755: posts big blind $3
*** HOLE CARDS ***
knysi: raises $3 to $6
swarfiga755: raises $3 to $9
knysi: calls $3
*** FLOP *** [7d 5d 2d]
swarfiga755: bets $3
knysi: raises $3 to $6
swarfiga755: calls $3
*** TURN *** [7d 5d 2d] [9d]
swarfiga755: bets $6
knysi: calls $6
*** RIVER *** [7d 5d 2d 9d] [9c]
swarfiga755: bets $6
knysi: calls $6
*** SHOW DOWN ***
swarfiga755: shows [Ad Qc] (a flush, Ace high)
knysi: mucks hand
swarfiga755 collected $53.50 from pot
*** SUMMARY ***
Total pot $54 | Rake $0.50
Board [7d 5d 2d 9d 9c]
Seat 1: knysi (button) (small blind) mucked
Seat 2: swarfiga755 (big blind) showed [Ad Qc] and won ($53.50) with a flush, Ace high


PokerStars Hand #144959734057:  Hold'em Limit ($3/$6 USD) - 2015/12/07 7:04:53 ET
Table 'Lesath II' 2-max Seat #2 is the button
Seat 1: knysi ($43.21 in chips)
Seat 2: swarfiga755 ($112 in chips)
swarfiga755: posts small blind $1
knysi: posts big blind $3
*** HOLE CARDS ***
swarfiga755: folds
Uncalled bet ($2) returned to knysi
knysi collected $2 from pot
knysi: doesn't show hand
*** SUMMARY ***
Total pot $2 | Rake $0
Seat 1: knysi (big blind) collected ($2)
Seat 2: swarfiga755 (button) (small blind) folded before Flop


PokerStars Hand #144959725872:  Hold'em Limit ($3/$6 USD) - 2015/12/07 7:04:39 ET
Table 'Lesath II' 2-max Seat #1 is the button
Seat 1: knysi ($67.21 in chips)
Seat 2: swarfiga755 ($88.50 in chips)
knysi: posts small blind $1
swarfiga755: posts big blind $3
*** HOLE CARDS ***
knysi: raises $3 to $6
swarfiga755: calls $3
*** FLOP *** [9h 3d As]
swarfiga755: checks
knysi: checks
*** TURN *** [9h 3d As] [6c]
swarfiga755: checks
knysi: bets $6
swarfiga755: raises $6 to $12
knysi: calls $6
*** RIVER *** [9h 3d As 6c] [4h]
swarfiga755: bets $6
knysi: calls $6
*** SHOW DOWN ***
swarfiga755: shows [6s 9d] (two pair, Nines and Sixes)
knysi: mucks hand
swarfiga755 collected $47.50 from pot
*** SUMMARY ***
Total pot $48 | Rake $0.50
Board [9h 3d As 6c 4h]
Seat 1: knysi (button) (small blind) mucked
Seat 2: swarfiga755 (big blind) showed [6s 9d] and won ($47.50) with two pair, Nines and Sixes


PokerStars Hand #144959723367:  Hold'em Limit ($3/$6 USD) - 2015/12/07 7:04:35 ET
Table 'Lesath II' 2-max Seat #2 is the button
Seat 1: knysi ($66.21 in chips)
Seat 2: swarfiga755 ($89.50 in chips)
swarfiga755: posts small blind $1
knysi: posts big blind $3
*** HOLE CARDS ***
swarfiga755: folds
Uncalled bet ($2) returned to knysi
knysi collected $2 from pot
knysi: doesn't show hand
*** SUMMARY ***
Total pot $2 | Rake $0
Seat 1: knysi (big blind) collected ($2)
Seat 2: swarfiga755 (button) (small blind) folded before Flop


PokerStars Hand #144959715095:  Hold'em Limit ($3/$6 USD) - 2015/12/07 7:04:21 ET
Table 'Lesath II' 2-max Seat #1 is the button
Seat 1: knysi ($84.21 in chips)
Seat 2: swarfiga755 ($72 in chips)
knysi: posts small blind $1
swarfiga755: posts big blind $3
*** HOLE CARDS ***
knysi: raises $3 to $6
swarfiga755: raises $3 to $9
knysi: calls $3
*** FLOP *** [8h 9d Ah]
swarfiga755: bets $3
knysi: calls $3
*** TURN *** [8h 9d Ah] [3d]
swarfiga755: bets $6
knysi: calls $6
*** RIVER *** [8h 9d Ah 3d] [Kd]
swarfiga755: bets $6
knysi: folds
Uncalled bet ($6) returned to swarfiga755
swarfiga755 collected $35.50 from pot
swarfiga755: doesn't show hand
*** SUMMARY ***
Total pot $36 | Rake $0.50
Board [8h 9d Ah 3d Kd]
Seat 1: knysi (button) (small blind) folded on the River
Seat 2: swarfiga755 (big blind) collected ($35.50)


PokerStars Hand #144959775284:  Hold'em Limit ($3/$6 USD) - 2015/12/07 7:06:03 ET
Table 'Lesath II' 2-max Seat #1 is the button
Seat 1: knysi ($17.01 in chips)
Seat 2: swarfiga755 ($136.72 in chips)
knysi: posts small blind $1
swarfiga755: posts big blind $3
*** HOLE CARDS ***
knysi: raises $3 to $6
swarfiga755: calls $3
*** FLOP *** [As 3c 5s]
swarfiga755: checks
knysi: checks
*** TURN *** [As 3c 5s] [Jc]
swarfiga755: checks
knysi: bets $6
swarfiga755: raises $6 to $12
knysi: calls $5.01 and is all-in
Uncalled bet ($0.99) returned to swarfiga755
*** RIVER *** [As 3c 5s Jc] [2s]
*** SHOW DOWN ***
swarfiga755: shows [Js 3h] (two pair, Jacks and Threes)
knysi: mucks hand
swarfiga755 collected $33.52 from pot
*** SUMMARY ***
Total pot $34.02 | Rake $0.50
Board [As 3c 5s Jc 2s]
Seat 1: knysi (button) (small blind) mucked
Seat 2: swarfiga755 (big blind) showed [Js 3h] and won ($33.52) with two pair, Jacks and Threes


PokerStars Hand #144959772640:  Hold'em Limit ($3/$6 USD) - 2015/12/07 7:05:59 ET
Table 'Lesath II' 2-max Seat #2 is the button
Seat 1: knysi ($20.01 in chips)
Seat 2: swarfiga755 ($133.72 in chips)
swarfiga755: posts small blind $1
knysi: posts big blind $3
*** HOLE CARDS ***
swarfiga755: raises $3 to $6
knysi: folds
Uncalled bet ($3) returned to swarfiga755
swarfiga755 collected $6 from pot
swarfiga755: doesn't show hand
*** SUMMARY ***
Total pot $6 | Rake $0
Seat 1: knysi (big blind) folded before Flop
Seat 2: swarfiga755 (button) (small blind) collected ($6)


PokerStars Hand #144959765573:  Hold'em Limit ($3/$6 USD) - 2015/12/07 7:05:47 ET
Table 'Lesath II' 2-max Seat #1 is the button
Seat 1: knysi ($10.21 in chips)
Seat 2: swarfiga755 ($143.93 in chips)
knysi: posts small blind $1
swarfiga755: posts big blind $3
*** HOLE CARDS ***
knysi: raises $3 to $6
swarfiga755: calls $3
*** FLOP *** [Ac 6d Ks]
swarfiga755: checks
knysi: checks
*** TURN *** [Ac 6d Ks] [8c]
swarfiga755: checks
knysi: bets $4.21 and is all-in
swarfiga755: calls $4.21
*** RIVER *** [Ac 6d Ks 8c] [5h]
*** SHOW DOWN ***
swarfiga755: shows [4s 6c] (a pair of Sixes)
knysi: shows [Kd Qs] (a pair of Kings)
knysi collected $20.01 from pot
*** SUMMARY ***
Total pot $20.42 | Rake $0.41
Board [Ac 6d Ks 8c 5h]
Seat 1: knysi (button) (small blind) showed [Kd Qs] and won ($20.01) with a pair of Kings
Seat 2: swarfiga755 (big blind) showed [4s 6c] and lost with a pair of Sixes


PokerStars Hand #144959757042:  Hold'em Limit ($3/$6 USD) - 2015/12/07 7:05:32 ET
Table 'Lesath II' 2-max Seat #1 is the button
Seat 1: knysi ($6.21 in chips)
Seat 2: swarfiga755 ($148.14 in chips)
knysi: posts small blind $1
swarfiga755: posts big blind $3
*** HOLE CARDS ***
knysi: folds
Uncalled bet ($2) returned to swarfiga755
swarfiga755 collected $2 from pot
swarfiga755: doesn't show hand
*** SUMMARY ***
Total pot $2 | Rake $0
Seat 1: knysi (button) (small blind) folded before Flop
Seat 2: swarfiga755 (big blind) collected ($2)


PokerStars Hand #144959754582:  Hold'em Limit ($3/$6 USD) - 2015/12/07 7:05:28 ET
Table 'Lesath II' 2-max Seat #2 is the button
Seat 1: knysi ($5.21 in chips)
Seat 2: swarfiga755 ($149.14 in chips)
swarfiga755: posts small blind $1
knysi: posts big blind $3
*** HOLE CARDS ***
swarfiga755: folds
Uncalled bet ($2) returned to knysi
knysi collected $2 from pot
knysi: doesn't show hand
*** SUMMARY ***
Total pot $2 | Rake $0
Seat 1: knysi (big blind) collected ($2)
Seat 2: swarfiga755 (button) (small blind) folded before Flop


PokerStars Hand #144959822241:  Hold'em Limit ($3/$6 USD) - 2015/12/07 7:07:22 ET
Table 'Lesath II' 2-max Seat #1 is the button
Seat 1: knysi ($64.34 in chips)
Seat 2: swarfiga755 ($120.81 in chips)
knysi: posts small blind $1
swarfiga755: posts big blind $3
*** HOLE CARDS ***
knysi: raises $3 to $6
swarfiga755: folds
Uncalled bet ($3) returned to knysi
knysi collected $6 from pot
knysi: doesn't show hand
*** SUMMARY ***
Total pot $6 | Rake $0
Seat 1: knysi (button) (small blind) collected ($6)
Seat 2: swarfiga755 (big blind) folded before Flop


PokerStars Hand #144959810544:  Hold'em Limit ($3/$6 USD) - 2015/12/07 7:07:03 ET
Table 'Lesath II' 2-max Seat #2 is the button
Seat 1: knysi ($32.42 in chips)
Seat 2: swarfiga755 ($153.23 in chips)
swarfiga755: posts small blind $1
knysi: posts big blind $3
*** HOLE CARDS ***
swarfiga755: raises $3 to $6
knysi: calls $3
*** FLOP *** [5h Td Ks]
knysi: checks
swarfiga755: bets $3
knysi: calls $3
*** TURN *** [5h Td Ks] [Ts]
knysi: checks
swarfiga755: bets $6
knysi: calls $6
*** RIVER *** [5h Td Ks Ts] [4c]
knysi: checks
swarfiga755: bets $6
knysi: raises $6 to $12
swarfiga755: raises $6 to $18
knysi: calls $5.42 and is all-in
Uncalled bet ($0.58) returned to swarfiga755
*** SHOW DOWN ***
swarfiga755: shows [5s 5d] (a full house, Fives full of Tens)
knysi: shows [Tc 5c] (a full house, Tens full of Fives)
knysi collected $64.34 from pot
*** SUMMARY ***
Total pot $64.84 | Rake $0.50
Board [5h Td Ks Ts 4c]
Seat 1: knysi (big blind) showed [Tc 5c] and won ($64.34) with a full house, Tens full of Fives
Seat 2: swarfiga755 (button) (small blind) showed [5s 5d] and lost with a full house, Fives full of Tens


PokerStars Hand #144959835554:  Hold'em Limit ($3/$6 USD) - 2015/12/07 7:07:45 ET
Table 'Lesath II' 2-max Seat #2 is the button
Seat 1: knysi ($60.34 in chips)
Seat 2: swarfiga755 ($124.57 in chips)
swarfiga755: posts small blind $1
knysi: posts big blind $3
*** HOLE CARDS ***
swarfiga755: raises $3 to $6
knysi: folds
Uncalled bet ($3) returned to swarfiga755
knysi leaves the table
swarfiga755 collected $6 from pot
swarfiga755: doesn't show hand
*** SUMMARY ***
Total pot $6 | Rake $0
Seat 1: knysi (big blind) folded before Flop
Seat 2: swarfiga755 (button) (small blind) collected ($6)


PokerStars Hand #144959832725:  Hold'em Limit ($3/$6 USD) - 2015/12/07 7:07:40 ET
Table 'Lesath II' 2-max Seat #1 is the button
Seat 1: knysi ($61.34 in chips)
Seat 2: swarfiga755 ($123.57 in chips)
knysi: posts small blind $1
swarfiga755: posts big blind $3
*** HOLE CARDS ***
knysi: folds
Uncalled bet ($2) returned to swarfiga755
swarfiga755 collected $2 from pot
swarfiga755: doesn't show hand
*** SUMMARY ***
Total pot $2 | Rake $0
Seat 1: knysi (button) (small blind) folded before Flop
Seat 2: swarfiga755 (big blind) collected ($2)


PokerStars Hand #144959826220:  Hold'em Limit ($3/$6 USD) - 2015/12/07 7:07:29 ET
Table 'Lesath II' 2-max Seat #2 is the button
Seat 1: knysi ($67.34 in chips)
Seat 2: swarfiga755 ($117.81 in chips)
swarfiga755: posts small blind $1
knysi: posts big blind $3
*** HOLE CARDS ***
swarfiga755: raises $3 to $6
knysi: calls $3
*** FLOP *** [2c Qs 7c]
knysi: checks
swarfiga755: bets $3
knysi: folds
Uncalled bet ($3) returned to swarfiga755
swarfiga755 collected $11.76 from pot
swarfiga755: doesn't show hand
*** SUMMARY ***
Total pot $12 | Rake $0.24
Board [2c Qs 7c]
Seat 1: knysi (big blind) folded on the Flop
Seat 2: swarfiga755 (button) (small blind) collected ($11.76)


