PokerStars Hand #159099328703:  Hold'em Limit ($3/$6 USD) - 2016/09/25 20:06:49 ET
Table 'Lesath' 6-max Seat #4 is the button
Seat 4: Actionni13 ($150 in chips)
Seat 5: jrisaacnet ($38.64 in chips)
Actionni13: posts small blind $1
jrisaacnet: posts big blind $3
*** HOLE CARDS ***
Actionni13: raises $3 to $6
jrisaacnet: folds
Uncalled bet ($3) returned to Actionni13
Actionni13 collected $6 from pot
Actionni13: doesn't show hand
*** SUMMARY ***
Total pot $6 | Rake $0
Seat 4: Actionni13 (button) (small blind) collected ($6)
Seat 5: jrisaacnet (big blind) folded before Flop


PokerStars Hand #159099318159:  Hold'em Limit ($3/$6 USD) - 2016/09/25 20:06:28 ET
Table 'Lesath' 6-max Seat #5 is the button
Seat 4: Actionni13 ($150 in chips)
Seat 5: jrisaacnet ($30 in chips)
BuzovaPro joins the table at seat #6
jrisaacnet: posts small blind $1
Actionni13: posts big blind $3
*** HOLE CARDS ***
jrisaacnet: calls $2
Actionni13: checks
*** FLOP *** [Ac 6d Qc]
Actionni13: bets $3
jrisaacnet: raises $3 to $6
Actionni13: calls $3
*** TURN *** [Ac 6d Qc] [Qs]
Actionni13: checks
jrisaacnet: checks
*** RIVER *** [Ac 6d Qc Qs] [9c]
Actionni13: checks
jrisaacnet: checks
*** SHOW DOWN ***
Actionni13: shows [6c 5s] (two pair, Queens and Sixes)
jrisaacnet: shows [9d 6h] (two pair, Queens and Nines)
jrisaacnet collected $17.64 from pot
*** SUMMARY ***
Total pot $18 | Rake $0.36
Board [Ac 6d Qc Qs 9c]
Seat 4: Actionni13 (big blind) showed [6c 5s] and lost with two pair, Queens and Sixes
Seat 5: jrisaacnet (button) (small blind) showed [9d 6h] and won ($17.64) with two pair, Queens and Nines


PokerStars Hand #159100201998:  Hold'em Limit ($3/$6 USD) - 2016/09/25 20:36:55 ET
Table 'Lesath' 6-max Seat #2 is the button
Seat 2: Pavel 0087 ($130.94 in chips)
Seat 4: Actionni13 ($244.27 in chips)
Pavel 0087: posts small blind $1
Actionni13: posts big blind $3
*** HOLE CARDS ***
Pavel 0087: folds
Uncalled bet ($2) returned to Actionni13
Actionni13 collected $2 from pot
Actionni13: doesn't show hand
*** SUMMARY ***
Total pot $2 | Rake $0
Seat 2: Pavel 0087 (button) (small blind) folded before Flop
Seat 4: Actionni13 (big blind) collected ($2)


PokerStars Hand #159100199177:  Hold'em Limit ($3/$6 USD) - 2016/09/25 20:36:49 ET
Table 'Lesath' 6-max Seat #4 is the button
Seat 2: Pavel 0087 ($133.94 in chips)
Seat 4: Actionni13 ($241.27 in chips)
Actionni13: posts small blind $1
Pavel 0087: posts big blind $3
*** HOLE CARDS ***
Actionni13: raises $3 to $6
Pavel 0087: folds
Uncalled bet ($3) returned to Actionni13
Actionni13 collected $6 from pot
Actionni13: doesn't show hand
*** SUMMARY ***
Total pot $6 | Rake $0
Seat 2: Pavel 0087 (big blind) folded before Flop
Seat 4: Actionni13 (button) (small blind) collected ($6)


PokerStars Hand #159100194482:  Hold'em Limit ($3/$6 USD) - 2016/09/25 20:36:39 ET
Table 'Lesath' 6-max Seat #2 is the button
Seat 2: Pavel 0087 ($128.18 in chips)
Seat 4: Actionni13 ($247.27 in chips)
Pavel 0087: posts small blind $1
Actionni13: posts big blind $3
*** HOLE CARDS ***
Pavel 0087: raises $3 to $6
Actionni13: calls $3
*** FLOP *** [2c Qc 8c]
Actionni13: checks
Pavel 0087: bets $3
Actionni13: folds
Uncalled bet ($3) returned to Pavel 0087
Pavel 0087 collected $11.76 from pot
Pavel 0087: doesn't show hand
*** SUMMARY ***
Total pot $12 | Rake $0.24
Board [2c Qc 8c]
Seat 2: Pavel 0087 (button) (small blind) collected ($11.76)
Seat 4: Actionni13 (big blind) folded on the Flop


PokerStars Hand #159100191364:  Hold'em Limit ($3/$6 USD) - 2016/09/25 20:36:32 ET
Table 'Lesath' 6-max Seat #4 is the button
Seat 2: Pavel 0087 ($131.18 in chips)
Seat 4: Actionni13 ($244.27 in chips)
Actionni13: posts small blind $1
Pavel 0087: posts big blind $3
*** HOLE CARDS ***
Actionni13: raises $3 to $6
Pavel 0087: folds
Uncalled bet ($3) returned to Actionni13
Actionni13 collected $6 from pot
Actionni13: doesn't show hand
*** SUMMARY ***
Total pot $6 | Rake $0
Seat 2: Pavel 0087 (big blind) folded before Flop
Seat 4: Actionni13 (button) (small blind) collected ($6)


PokerStars Hand #159100182732:  Hold'em Limit ($3/$6 USD) - 2016/09/25 20:36:13 ET
Table 'Lesath' 6-max Seat #2 is the button
Seat 2: Pavel 0087 ($119.66 in chips)
Seat 4: Actionni13 ($256.27 in chips)
Pavel 0087: posts small blind $1
Actionni13: posts big blind $3
*** HOLE CARDS ***
Pavel 0087: raises $3 to $6
Actionni13: calls $3
*** FLOP *** [Qh 6d 8s]
Actionni13: checks
Pavel 0087: checks
*** TURN *** [Qh 6d 8s] [8h]
Actionni13: checks
Pavel 0087: bets $6
Actionni13: calls $6
*** RIVER *** [Qh 6d 8s 8h] [Kh]
Actionni13: checks
Pavel 0087: bets $6
Actionni13: folds
Uncalled bet ($6) returned to Pavel 0087
Pavel 0087 collected $23.52 from pot
Pavel 0087: doesn't show hand
*** SUMMARY ***
Total pot $24 | Rake $0.48
Board [Qh 6d 8s 8h Kh]
Seat 2: Pavel 0087 (button) (small blind) collected ($23.52)
Seat 4: Actionni13 (big blind) folded on the River


PokerStars Hand #159100172903:  Hold'em Limit ($3/$6 USD) - 2016/09/25 20:35:52 ET
Table 'Lesath' 6-max Seat #4 is the button
Seat 2: Pavel 0087 ($113.90 in chips)
Seat 4: Actionni13 ($262.27 in chips)
Actionni13: posts small blind $1
BuzovaPro: is sitting out
Pavel 0087: posts big blind $3
*** HOLE CARDS ***
BuzovaPro leaves the table
Actionni13: calls $2
Pavel 0087: raises $3 to $6
Actionni13: calls $3
*** FLOP *** [Kd 9h 4s]
Pavel 0087: checks
Actionni13: checks
*** TURN *** [Kd 9h 4s] [Qd]
Pavel 0087: bets $6
Actionni13: folds
Uncalled bet ($6) returned to Pavel 0087
Pavel 0087 collected $11.76 from pot
Pavel 0087: doesn't show hand
*** SUMMARY ***
Total pot $12 | Rake $0.24
Board [Kd 9h 4s Qd]
Seat 2: Pavel 0087 (big blind) collected ($11.76)
Seat 4: Actionni13 (button) (small blind) folded on the Turn


