PokerStars Hand #148380346101:  Hold'em Limit ($3/$6 USD) - 2016/02/07 6:00:35 ET
Table 'Lesath III' 6-max Seat #3 is the button
Seat 3: BelSv ($78 in chips)
Seat 4: P0planu ($135.74 in chips)
Kylix will be allowed to play after the button
BelSv: posts small blind $1
P0planu: posts big blind $3
*** HOLE CARDS ***
BelSv: raises $3 to $6
matei1509 leaves the table
P0planu: calls $3
*** FLOP *** [6c 7c 2c]
P0planu: checks
BelSv: bets $3
perten joins the table at seat #6
P0planu: raises $3 to $6
BelSv: calls $3
*** TURN *** [6c 7c 2c] [5c]
P0planu: bets $6
BelSv: folds
Uncalled bet ($6) returned to P0planu
P0planu collected $23.52 from pot
P0planu: doesn't show hand
*** SUMMARY ***
Total pot $24 | Rake $0.48
Board [6c 7c 2c 5c]
Seat 3: BelSv (button) (small blind) folded on the Turn
Seat 4: P0planu (big blind) collected ($23.52)


PokerStars Hand #148381439624:  Hold'em Limit ($3/$6 USD) - 2016/02/07 6:32:17 ET
Table 'Lesath III' 6-max Seat #3 is the button
Seat 2: matei1509 ($89.19 in chips)
Seat 3: BelSv ($121.89 in chips)
BelSv: posts small blind $1
matei1509: posts big blind $3
*** HOLE CARDS ***
BelSv: folds
Uncalled bet ($2) returned to matei1509
matei1509 collected $2 from pot
matei1509: doesn't show hand
*** SUMMARY ***
Total pot $2 | Rake $0
Seat 2: matei1509 (big blind) collected ($2)
Seat 3: BelSv (button) (small blind) folded before Flop


PokerStars Hand #148381451644:  Hold'em Limit ($3/$6 USD) - 2016/02/07 6:32:37 ET
Table 'Lesath III' 6-max Seat #3 is the button
Seat 2: matei1509 ($84.19 in chips)
Seat 3: BelSv ($126.65 in chips)
BelSv: posts small blind $1
matei1509: posts big blind $3
*** HOLE CARDS ***
BelSv: folds
Uncalled bet ($2) returned to matei1509
matei1509 collected $2 from pot
matei1509: doesn't show hand
*** SUMMARY ***
Total pot $2 | Rake $0
Seat 2: matei1509 (big blind) collected ($2)
Seat 3: BelSv (button) (small blind) folded before Flop


PokerStars Hand #148381443137:  Hold'em Limit ($3/$6 USD) - 2016/02/07 6:32:23 ET
Table 'Lesath III' 6-max Seat #2 is the button
Seat 2: matei1509 ($90.19 in chips)
Seat 3: BelSv ($120.89 in chips)
matei1509: posts small blind $1
BelSv: posts big blind $3
*** HOLE CARDS ***
matei1509: raises $3 to $6
BelSv: calls $3
*** FLOP *** [8h 5s 3c]
BelSv: checks
RockKillerTY leaves the table
matei1509: checks
*** TURN *** [8h 5s 3c] [2h]
BelSv: bets $6
matei1509: folds
Uncalled bet ($6) returned to BelSv
BelSv collected $11.76 from pot
BelSv: doesn't show hand
*** SUMMARY ***
Total pot $12 | Rake $0.24
Board [8h 5s 3c 2h]
Seat 2: matei1509 (button) (small blind) folded on the Turn
Seat 3: BelSv (big blind) collected ($11.76)


PokerStars Hand #148381454747:  Hold'em Limit ($3/$6 USD) - 2016/02/07 6:32:42 ET
Table 'Lesath III' 6-max Seat #2 is the button
Seat 2: matei1509 ($85.19 in chips)
Seat 3: BelSv ($125.65 in chips)
matei1509: posts small blind $1
BelSv: posts big blind $3
*** HOLE CARDS ***
matei1509: raises $3 to $6
BelSv: folds
Uncalled bet ($3) returned to matei1509
matei1509 collected $6 from pot
matei1509: doesn't show hand
*** SUMMARY ***
Total pot $6 | Rake $0
Seat 2: matei1509 (button) (small blind) collected ($6)
Seat 3: BelSv (big blind) folded before Flop


PokerStars Hand #148381469111:  Hold'em Limit ($3/$6 USD) - 2016/02/07 6:33:06 ET
Table 'Lesath III' 6-max Seat #2 is the button
Seat 2: matei1509 ($105.69 in chips)
Seat 3: BelSv ($104.65 in chips)
matei1509: posts small blind $1
BelSv: posts big blind $3
*** HOLE CARDS ***
matei1509: folds
Uncalled bet ($2) returned to BelSv
BelSv collected $2 from pot
BelSv: doesn't show hand
*** SUMMARY ***
Total pot $2 | Rake $0
Seat 2: matei1509 (button) (small blind) folded before Flop
Seat 3: BelSv (big blind) collected ($2)


PokerStars Hand #148381458705:  Hold'em Limit ($3/$6 USD) - 2016/02/07 6:32:49 ET
Table 'Lesath III' 6-max Seat #3 is the button
Seat 2: matei1509 ($88.19 in chips)
Seat 3: BelSv ($122.65 in chips)
BelSv: posts small blind $1
matei1509: posts big blind $3
*** HOLE CARDS ***
BelSv: raises $3 to $6
matei1509: calls $3
*** FLOP *** [9d Tc 3d]
matei1509: checks
BelSv: checks
*** TURN *** [9d Tc 3d] [6d]
matei1509: checks
BelSv: bets $6
matei1509: raises $6 to $12
BelSv: calls $6
*** RIVER *** [9d Tc 3d 6d] [8c]
matei1509: bets $6
BelSv: folds
Uncalled bet ($6) returned to matei1509
matei1509 collected $35.50 from pot
matei1509: doesn't show hand
*** SUMMARY ***
Total pot $36 | Rake $0.50
Board [9d Tc 3d 6d 8c]
Seat 2: matei1509 (big blind) collected ($35.50)
Seat 3: BelSv (button) (small blind) folded on the River


PokerStars Hand #148381486253:  Hold'em Limit ($3/$6 USD) - 2016/02/07 6:33:35 ET
Table 'Lesath III' 6-max Seat #2 is the button
Seat 2: matei1509 ($80.69 in chips)
Seat 3: BelSv ($129.15 in chips)
matei1509: posts small blind $1
BelSv: posts big blind $3
*** HOLE CARDS ***
matei1509: raises $3 to $6
BelSv: folds
Uncalled bet ($3) returned to matei1509
matei1509 collected $6 from pot
matei1509: doesn't show hand
*** SUMMARY ***
Total pot $6 | Rake $0
Seat 2: matei1509 (button) (small blind) collected ($6)
Seat 3: BelSv (big blind) folded before Flop


PokerStars Hand #148381472204:  Hold'em Limit ($3/$6 USD) - 2016/02/07 6:33:11 ET
Table 'Lesath III' 6-max Seat #3 is the button
Seat 2: matei1509 ($104.69 in chips)
Seat 3: BelSv ($105.65 in chips)
BelSv: posts small blind $1
matei1509: posts big blind $3
*** HOLE CARDS ***
BelSv: raises $3 to $6
matei1509: calls $3
*** FLOP *** [2c Ac 6s]
matei1509: checks
BelSv: checks
*** TURN *** [2c Ac 6s] [5d]
matei1509: bets $6
BelSv: raises $6 to $12
matei1509: calls $6
*** RIVER *** [2c Ac 6s 5d] [9d]
matei1509: checks
BelSv: bets $6
matei1509: calls $6
*** SHOW DOWN ***
BelSv: shows [Ah 8d] (a pair of Aces)
matei1509: mucks hand
BelSv collected $47.50 from pot
*** SUMMARY ***
Total pot $48 | Rake $0.50
Board [2c Ac 6s 5d 9d]
Seat 2: matei1509 (big blind) mucked
Seat 3: BelSv (button) (small blind) showed [Ah 8d] and won ($47.50) with a pair of Aces


PokerStars Hand #148381499850:  Hold'em Limit ($3/$6 USD) - 2016/02/07 6:33:58 ET
Table 'Lesath III' 6-max Seat #2 is the button
Seat 2: matei1509 ($92.33 in chips)
Seat 3: BelSv ($117.15 in chips)
matei1509: posts small blind $1
BelSv: posts big blind $3
*** HOLE CARDS ***
matei1509: folds
Uncalled bet ($2) returned to BelSv
BelSv collected $2 from pot
BelSv: doesn't show hand
*** SUMMARY ***
Total pot $2 | Rake $0
Seat 2: matei1509 (button) (small blind) folded before Flop
Seat 3: BelSv (big blind) collected ($2)


PokerStars Hand #148381490624:  Hold'em Limit ($3/$6 USD) - 2016/02/07 6:33:42 ET
Table 'Lesath III' 6-max Seat #3 is the button
Seat 2: matei1509 ($83.69 in chips)
Seat 3: BelSv ($126.15 in chips)
BelSv: posts small blind $1
matei1509: posts big blind $3
*** HOLE CARDS ***
BelSv: raises $3 to $6
matei1509: calls $3
*** FLOP *** [As 3c 8s]
matei1509: checks
BelSv: bets $3
matei1509: calls $3
*** TURN *** [As 3c 8s] [6h]
matei1509: checks
BelSv: checks
*** RIVER *** [As 3c 8s 6h] [Ts]
matei1509: bets $6
BelSv: folds
Uncalled bet ($6) returned to matei1509
matei1509 collected $17.64 from pot
matei1509: doesn't show hand
*** SUMMARY ***
Total pot $18 | Rake $0.36
Board [As 3c 8s 6h Ts]
Seat 2: matei1509 (big blind) collected ($17.64)
Seat 3: BelSv (button) (small blind) folded on the River


PokerStars Hand #148381502708:  Hold'em Limit ($3/$6 USD) - 2016/02/07 6:34:02 ET
Table 'Lesath III' 6-max Seat #3 is the button
Seat 2: matei1509 ($91.33 in chips)
Seat 3: BelSv ($118.15 in chips)
BelSv: posts small blind $1
matei1509: posts big blind $3
*** HOLE CARDS ***
BelSv: raises $3 to $6
matei1509: calls $3
*** FLOP *** [4h Qh Jc]
matei1509: checks
BelSv: checks
*** TURN *** [4h Qh Jc] [8h]
matei1509: checks
BelSv: checks
*** RIVER *** [4h Qh Jc 8h] [Jd]
matei1509: checks
BelSv: checks
*** SHOW DOWN ***
matei1509: shows [2h 3c] (a pair of Jacks)
BelSv: shows [Kd 2c] (a pair of Jacks - King kicker)
BelSv collected $11.76 from pot
*** SUMMARY ***
Total pot $12 | Rake $0.24
Board [4h Qh Jc 8h Jd]
Seat 2: matei1509 (big blind) showed [2h 3c] and lost with a pair of Jacks
Seat 3: BelSv (button) (small blind) showed [Kd 2c] and won ($11.76) with a pair of Jacks


PokerStars Hand #148381515174:  Hold'em Limit ($3/$6 USD) - 2016/02/07 6:34:23 ET
Table 'Lesath III' 6-max Seat #2 is the button
Seat 2: matei1509 ($85.33 in chips)
Seat 3: BelSv ($123.91 in chips)
matei1509: posts small blind $1
BelSv: posts big blind $3
*** HOLE CARDS ***
matei1509: raises $3 to $6
BelSv: calls $3
*** FLOP *** [7c 6c 8s]
BelSv: checks
matei1509: bets $3
BelSv: calls $3
*** TURN *** [7c 6c 8s] [Jc]
BelSv: checks
matei1509: bets $6
BelSv: calls $6
*** RIVER *** [7c 6c 8s Jc] [9s]
BelSv: checks
matei1509: checks
*** SHOW DOWN ***
BelSv: shows [Td 6h] (a straight, Seven to Jack)
matei1509: mucks hand
BelSv collected $29.50 from pot
*** SUMMARY ***
Total pot $30 | Rake $0.50
Board [7c 6c 8s Jc 9s]
Seat 2: matei1509 (button) (small blind) mucked
Seat 3: BelSv (big blind) showed [Td 6h] and won ($29.50) with a straight, Seven to Jack


PokerStars Hand #148381526639:  Hold'em Limit ($3/$6 USD) - 2016/02/07 6:34:43 ET
Table 'Lesath III' 6-max Seat #3 is the button
Seat 2: matei1509 ($70.33 in chips)
Seat 3: BelSv ($138.41 in chips)
BelSv: posts small blind $1
matei1509: posts big blind $3
*** HOLE CARDS ***
BelSv: raises $3 to $6
matei1509: calls $3
*** FLOP *** [7d 5s Qc]
matei1509: checks
BelSv: bets $3
matei1509: calls $3
*** TURN *** [7d 5s Qc] [As]
matei1509: checks
BelSv: bets $6
matei1509: raises $6 to $12
BelSv: calls $6
*** RIVER *** [7d 5s Qc As] [Ad]
matei1509: bets $6
BelSv: calls $6
*** SHOW DOWN ***
matei1509: shows [9c Kh] (a pair of Aces)
BelSv: shows [Qh 3d] (two pair, Aces and Queens)
BelSv collected $53.50 from pot
*** SUMMARY ***
Total pot $54 | Rake $0.50
Board [7d 5s Qc As Ad]
Seat 2: matei1509 (big blind) showed [9c Kh] and lost with a pair of Aces
Seat 3: BelSv (button) (small blind) showed [Qh 3d] and won ($53.50) with two pair, Aces and Queens


PokerStars Hand #148381541756:  Hold'em Limit ($3/$6 USD) - 2016/02/07 6:35:08 ET
Table 'Lesath III' 6-max Seat #3 is the button
Seat 2: matei1509 ($42.33 in chips)
Seat 3: BelSv ($165.91 in chips)
BelSv: posts small blind $1
matei1509: posts big blind $3
*** HOLE CARDS ***
BelSv: raises $3 to $6
matei1509: folds
Uncalled bet ($3) returned to BelSv
BelSv collected $6 from pot
BelSv: doesn't show hand
*** SUMMARY ***
Total pot $6 | Rake $0
Seat 2: matei1509 (big blind) folded before Flop
Seat 3: BelSv (button) (small blind) collected ($6)


PokerStars Hand #148381538699:  Hold'em Limit ($3/$6 USD) - 2016/02/07 6:35:02 ET
Table 'Lesath III' 6-max Seat #2 is the button
Seat 2: matei1509 ($43.33 in chips)
Seat 3: BelSv ($164.91 in chips)
matei1509: posts small blind $1
BelSv: posts big blind $3
*** HOLE CARDS ***
matei1509: folds
Uncalled bet ($2) returned to BelSv
BelSv collected $2 from pot
BelSv: doesn't show hand
*** SUMMARY ***
Total pot $2 | Rake $0
Seat 2: matei1509 (button) (small blind) folded before Flop
Seat 3: BelSv (big blind) collected ($2)


PokerStars Hand #148381544956:  Hold'em Limit ($3/$6 USD) - 2016/02/07 6:35:13 ET
Table 'Lesath III' 6-max Seat #2 is the button
Seat 2: matei1509 ($39.33 in chips)
Seat 3: BelSv ($168.91 in chips)
matei1509: posts small blind $1
BelSv: posts big blind $3
*** HOLE CARDS ***
matei1509: folds
Uncalled bet ($2) returned to BelSv
BelSv collected $2 from pot
BelSv: doesn't show hand
*** SUMMARY ***
Total pot $2 | Rake $0
Seat 2: matei1509 (button) (small blind) folded before Flop
Seat 3: BelSv (big blind) collected ($2)


PokerStars Hand #148381547927:  Hold'em Limit ($3/$6 USD) - 2016/02/07 6:35:18 ET
Table 'Lesath III' 6-max Seat #3 is the button
Seat 2: matei1509 ($38.33 in chips)
Seat 3: BelSv ($169.91 in chips)
BelSv: posts small blind $1
matei1509: posts big blind $3
*** HOLE CARDS ***
BelSv: raises $3 to $6
matei1509: raises $3 to $9
BelSv: calls $3
*** FLOP *** [5d 7h 6d]
liuyan3442 leaves the table
matei1509: bets $3
BelSv: calls $3
*** TURN *** [5d 7h 6d] [Kh]
matei1509: bets $6
BelSv: raises $6 to $12
matei1509: calls $6
*** RIVER *** [5d 7h 6d Kh] [7c]
matei1509: checks
BelSv: bets $6
matei1509: calls $6
*** SHOW DOWN ***
BelSv: shows [Ks Qd] (two pair, Kings and Sevens)
matei1509: mucks hand
BelSv collected $59.50 from pot
*** SUMMARY ***
Total pot $60 | Rake $0.50
Board [5d 7h 6d Kh 7c]
Seat 2: matei1509 (big blind) mucked
Seat 3: BelSv (button) (small blind) showed [Ks Qd] and won ($59.50) with two pair, Kings and Sevens


PokerStars Hand #148381558789:  Hold'em Limit ($3/$6 USD) - 2016/02/07 6:35:36 ET
Table 'Lesath III' 6-max Seat #2 is the button
Seat 2: matei1509 ($8.33 in chips)
Seat 3: BelSv ($199.41 in chips)
matei1509: posts small blind $1
BelSv: posts big blind $3
*** HOLE CARDS ***
matei1509: folds
Uncalled bet ($2) returned to BelSv
BelSv collected $2 from pot
BelSv: doesn't show hand
*** SUMMARY ***
Total pot $2 | Rake $0
Seat 2: matei1509 (button) (small blind) folded before Flop
Seat 3: BelSv (big blind) collected ($2)


