PokerStars Hand #172643890051:  Hold'em Limit ($3/$6 USD) - 2017/07/05 14:12:10 ET
Table 'Lesath' 6-max Seat #6 is the button
Seat 1: Krazy90 ($123 in chips)
Seat 6: artecris ($301.54 in chips)
artecris: posts small blind $1
Krazy90: posts big blind $3
*** HOLE CARDS ***
artecris: folds
Uncalled bet ($2) returned to Krazy90
Krazy90 collected $2 from pot
Krazy90: doesn't show hand
*** SUMMARY ***
Total pot $2 | Rake $0
Seat 1: Krazy90 (big blind) collected ($2)
Seat 6: artecris (button) (small blind) folded before Flop


PokerStars Hand #172643881411:  Hold'em Limit ($3/$6 USD) - 2017/07/05 14:11:58 ET
Table 'Lesath' 6-max Seat #1 is the button
Seat 1: Krazy90 ($120 in chips)
Seat 6: artecris ($304.54 in chips)
Krazy90: posts small blind $1
Apanage: is sitting out
artecris: posts big blind $3
*** HOLE CARDS ***
sim5sim5 leaves the table
Krazy90: raises $3 to $6
artecris: folds
Uncalled bet ($3) returned to Krazy90
Krazy90 collected $6 from pot
Krazy90: doesn't show hand
*** SUMMARY ***
Total pot $6 | Rake $0
Seat 1: Krazy90 (button) (small blind) collected ($6)
Seat 6: artecris (big blind) folded before Flop


PokerStars Hand #172643846595:  Hold'em Limit ($3/$6 USD) - 2017/07/05 14:11:09 ET
Table 'Lesath' 6-max Seat #3 is the button
Seat 2: Apanage ($47.46 in chips)
Seat 3: sim5sim5 ($79.33 in chips)
sim5sim5: posts small blind $1
Apanage: posts big blind $3
*** HOLE CARDS ***
MForce007 leaves the table
sim5sim5: raises $3 to $6
Apanage: raises $3 to $9
sim5sim5: calls $3
*** FLOP *** [2h 8h Jh]
Apanage: bets $3
sim5sim5: raises $3 to $6
Apanage: calls $3
*** TURN *** [2h 8h Jh] [5d]
Apanage: checks
sim5sim5: bets $6
Apanage: calls $6
*** RIVER *** [2h 8h Jh 5d] [7s]
Apanage: checks
artecris joins the table at seat #6
sim5sim5: bets $6
Apanage: raises $6 to $12
sim5sim5: calls $6
*** SHOW DOWN ***
Apanage: shows [As Ac] (a pair of Aces)
sim5sim5: shows [Jc 7c] (two pair, Jacks and Sevens)
sim5sim5 collected $65.50 from pot
*** SUMMARY ***
Total pot $66 | Rake $0.50
Board [2h 8h Jh 5d 7s]
Seat 2: Apanage (big blind) showed [As Ac] and lost with a pair of Aces
Seat 3: sim5sim5 (button) (small blind) showed [Jc 7c] and won ($65.50) with two pair, Jacks and Sevens


PokerStars Hand #172644452843:  Hold'em Limit ($3/$6 USD) - 2017/07/05 14:25:19 ET
Table 'Lesath' 6-max Seat #2 is the button
Seat 2: Apanage ($156.86 in chips)
Seat 6: artecris ($265.19 in chips)
Apanage: posts small blind $1
MIBondiola: is sitting out
artecris: posts big blind $3
*** HOLE CARDS ***
MIBondiola leaves the table
Apanage: folds
Uncalled bet ($2) returned to artecris
artecris collected $2 from pot
artecris: doesn't show hand
*** SUMMARY ***
Total pot $2 | Rake $0
Seat 2: Apanage (button) (small blind) folded before Flop
Seat 6: artecris (big blind) collected ($2)


PokerStars Hand #172644467333:  Hold'em Limit ($3/$6 USD) - 2017/07/05 14:25:39 ET
Table 'Lesath' 6-max Seat #2 is the button
Seat 2: Apanage ($152.86 in chips)
Seat 6: artecris ($269.07 in chips)
Apanage: posts small blind $1
artecris: posts big blind $3
*** HOLE CARDS ***
Apanage: raises $3 to $6
artecris: calls $3
*** FLOP *** [4d 9d 7s]
artecris: checks
Apanage: bets $3
artecris: calls $3
*** TURN *** [4d 9d 7s] [7d]
artecris: checks
Apanage: bets $6
artecris: raises $6 to $12
Apanage: folds
Uncalled bet ($6) returned to artecris
artecris collected $29.50 from pot
artecris: doesn't show hand
*** SUMMARY ***
Total pot $30 | Rake $0.50
Board [4d 9d 7s 7d]
Seat 2: Apanage (button) (small blind) folded on the Turn
Seat 6: artecris (big blind) collected ($29.50)


PokerStars Hand #172644456594:  Hold'em Limit ($3/$6 USD) - 2017/07/05 14:25:24 ET
Table 'Lesath' 6-max Seat #6 is the button
Seat 2: Apanage ($155.86 in chips)
Seat 6: artecris ($266.19 in chips)
artecris: posts small blind $1
Apanage: posts big blind $3
*** HOLE CARDS ***
artecris: calls $2
Apanage: checks
*** FLOP *** [2d Jh 4c]
Apanage: checks
artecris: bets $3
Apanage: folds
Uncalled bet ($3) returned to artecris
artecris collected $5.88 from pot
artecris: doesn't show hand
*** SUMMARY ***
Total pot $6 | Rake $0.12
Board [2d Jh 4c]
Seat 2: Apanage (big blind) folded on the Flop
Seat 6: artecris (button) (small blind) collected ($5.88)


PokerStars Hand #172644497098:  Hold'em Limit ($3/$6 USD) - 2017/07/05 14:26:20 ET
Table 'Lesath' 6-max Seat #6 is the button
Seat 2: Apanage ($137.86 in chips)
Seat 6: artecris ($283.57 in chips)
artecris: posts small blind $1
Apanage: posts big blind $3
*** HOLE CARDS ***
artecris: raises $3 to $6
Apanage: calls $3
*** FLOP *** [Jh Ah 6c]
Apanage: checks
artecris: checks
*** TURN *** [Jh Ah 6c] [7s]
Apanage: bets $6
artecris: calls $6
*** RIVER *** [Jh Ah 6c 7s] [Ad]
Apanage: bets $6
artecris: calls $6
*** SHOW DOWN ***
Apanage: shows [5d Ac] (three of a kind, Aces)
artecris: mucks hand
Apanage collected $35.50 from pot
*** SUMMARY ***
Total pot $36 | Rake $0.50
Board [Jh Ah 6c 7s Ad]
Seat 2: Apanage (big blind) showed [5d Ac] and won ($35.50) with three of a kind, Aces
Seat 6: artecris (button) (small blind) mucked


PokerStars Hand #172644556327:  Hold'em Limit ($3/$6 USD) - 2017/07/05 14:27:43 ET
Table 'Lesath' 6-max Seat #2 is the button
Seat 2: Apanage ($155.36 in chips)
Seat 6: artecris ($249.57 in chips)
Apanage: posts small blind $1
SLK500: is sitting out
artecris: posts big blind $3
*** HOLE CARDS ***
Apanage: raises $3 to $6
artecris: calls $3
*** FLOP *** [Kh 4h 4c]
artecris: bets $3
Apanage: calls $3
*** TURN *** [Kh 4h 4c] [2c]
artecris: checks
Apanage: checks
*** RIVER *** [Kh 4h 4c 2c] [9s]
artecris: checks
Apanage: checks
*** SHOW DOWN ***
artecris: shows [8h 6h] (a pair of Fours)
Apanage: shows [Qd Jh] (a pair of Fours - King+Queen kicker)
Apanage collected $17.64 from pot
*** SUMMARY ***
Total pot $18 | Rake $0.36
Board [Kh 4h 4c 2c 9s]
Seat 2: Apanage (button) (small blind) showed [Qd Jh] and won ($17.64) with a pair of Fours
Seat 6: artecris (big blind) showed [8h 6h] and lost with a pair of Fours


PokerStars Hand #172644583813:  Hold'em Limit ($3/$6 USD) - 2017/07/05 14:28:21 ET
Table 'Lesath' 6-max Seat #2 is the button
Seat 2: Apanage ($172.64 in chips)
Seat 6: artecris ($231.57 in chips)
Apanage: posts small blind $1
artecris: posts big blind $3
*** HOLE CARDS ***
Apanage: folds
Uncalled bet ($2) returned to artecris
artecris collected $2 from pot
artecris: doesn't show hand
*** SUMMARY ***
Total pot $2 | Rake $0
Seat 2: Apanage (button) (small blind) folded before Flop
Seat 6: artecris (big blind) collected ($2)


PokerStars Hand #172644574555:  Hold'em Limit ($3/$6 USD) - 2017/07/05 14:28:08 ET
Table 'Lesath' 6-max Seat #6 is the button
Seat 2: Apanage ($164 in chips)
Seat 6: artecris ($240.57 in chips)
artecris: posts small blind $1
Apanage: posts big blind $3
*** HOLE CARDS ***
artecris: calls $2
Apanage: raises $3 to $6
artecris: calls $3
*** FLOP *** [Kd 7d Jc]
Apanage: bets $3
artecris: calls $3
*** TURN *** [Kd 7d Jc] [Ac]
Apanage: bets $6
artecris: folds
Uncalled bet ($6) returned to Apanage
Apanage collected $17.64 from pot
Apanage: doesn't show hand
*** SUMMARY ***
Total pot $18 | Rake $0.36
Board [Kd 7d Jc Ac]
Seat 2: Apanage (big blind) collected ($17.64)
Seat 6: artecris (button) (small blind) folded on the Turn


PokerStars Hand #172644623761:  Hold'em Limit ($3/$6 USD) - 2017/07/05 14:29:17 ET
Table 'Lesath' 6-max Seat #2 is the button
Seat 2: Apanage ($194.90 in chips)
Seat 6: artecris ($208.33 in chips)
Apanage: posts small blind $1
artecris: posts big blind $3
*** HOLE CARDS ***
Apanage: raises $3 to $6
artecris: calls $3
*** FLOP *** [Kc Js 6d]
artecris: checks
Apanage: bets $3
artecris: folds
Uncalled bet ($3) returned to Apanage
Apanage collected $11.76 from pot
Apanage: doesn't show hand
*** SUMMARY ***
Total pot $12 | Rake $0.24
Board [Kc Js 6d]
Seat 2: Apanage (button) (small blind) collected ($11.76)
Seat 6: artecris (big blind) folded on the Flop


PokerStars Hand #172644614556:  Hold'em Limit ($3/$6 USD) - 2017/07/05 14:29:04 ET
Table 'Lesath' 6-max Seat #6 is the button
Seat 2: Apanage ($189.14 in chips)
Seat 6: artecris ($214.33 in chips)
artecris: posts small blind $1
Apanage: posts big blind $3
*** HOLE CARDS ***
artecris: raises $3 to $6
Apanage: calls $3
*** FLOP *** [Ah 4d 5s]
Apanage: checks
artecris: checks
*** TURN *** [Ah 4d 5s] [Ts]
Apanage: bets $6
artecris: folds
Uncalled bet ($6) returned to Apanage
Apanage collected $11.76 from pot
Apanage: doesn't show hand
*** SUMMARY ***
Total pot $12 | Rake $0.24
Board [Ah 4d 5s Ts]
Seat 2: Apanage (big blind) collected ($11.76)
Seat 6: artecris (button) (small blind) folded on the Turn


PokerStars Hand #172644599572:  Hold'em Limit ($3/$6 USD) - 2017/07/05 14:28:43 ET
Table 'Lesath' 6-max Seat #2 is the button
Seat 2: Apanage ($165.64 in chips)
Seat 6: artecris ($238.33 in chips)
Apanage: posts small blind $1
artecris: posts big blind $3
*** HOLE CARDS ***
Apanage: raises $3 to $6
artecris: raises $3 to $9
Apanage: calls $3
*** FLOP *** [2h Kd 4d]
artecris: bets $3
Apanage: calls $3
*** TURN *** [2h Kd 4d] [6s]
SLK500 leaves the table
artecris: bets $6
Apanage: raises $6 to $12
artecris: calls $6
*** RIVER *** [2h Kd 4d 6s] [5s]
artecris: checks
Apanage: checks
*** SHOW DOWN ***
artecris: shows [8d Ad] (high card Ace)
Apanage: shows [5h 8h] (a pair of Fives)
Apanage collected $47.50 from pot
*** SUMMARY ***
Total pot $48 | Rake $0.50
Board [2h Kd 4d 6s 5s]
Seat 2: Apanage (button) (small blind) showed [5h 8h] and won ($47.50) with a pair of Fives
Seat 6: artecris (big blind) showed [8d Ad] and lost with high card Ace


PokerStars Hand #172644587112:  Hold'em Limit ($3/$6 USD) - 2017/07/05 14:28:26 ET
Table 'Lesath' 6-max Seat #6 is the button
Seat 2: Apanage ($171.64 in chips)
Seat 6: artecris ($232.57 in chips)
artecris: posts small blind $1
Apanage: posts big blind $3
*** HOLE CARDS ***
artecris: raises $3 to $6
Apanage: calls $3
*** FLOP *** [8c 5c 2h]
Apanage: checks
artecris: bets $3
Apanage: folds
Uncalled bet ($3) returned to artecris
artecris collected $11.76 from pot
artecris: doesn't show hand
*** SUMMARY ***
Total pot $12 | Rake $0.24
Board [8c 5c 2h]
Seat 2: Apanage (big blind) folded on the Flop
Seat 6: artecris (button) (small blind) collected ($11.76)


PokerStars Hand #172644643219:  Hold'em Limit ($3/$6 USD) - 2017/07/05 14:29:44 ET
Table 'Lesath' 6-max Seat #2 is the button
Seat 2: Apanage ($212.18 in chips)
Seat 6: artecris ($190.33 in chips)
Apanage: posts small blind $1
artecris: posts big blind $3
*** HOLE CARDS ***
Apanage: raises $3 to $6
artecris: calls $3
*** FLOP *** [Jc 6s 9c]
artecris: checks
Apanage: bets $3
artecris: calls $3
*** TURN *** [Jc 6s 9c] [2d]
artecris: checks
Apanage: checks
*** RIVER *** [Jc 6s 9c 2d] [Ks]
artecris: bets $6
Apanage: raises $6 to $12
artecris: raises $6 to $18
**Geka**555 joins the table at seat #4
Apanage: calls $6
*** SHOW DOWN ***
artecris: shows [Qd Tc] (a straight, Nine to King)
Apanage: mucks hand
artecris collected $53.50 from pot
*** SUMMARY ***
Total pot $54 | Rake $0.50
Board [Jc 6s 9c 2d Ks]
Seat 2: Apanage (button) (small blind) mucked
Seat 6: artecris (big blind) showed [Qd Tc] and won ($53.50) with a straight, Nine to King


PokerStars Hand #172644629517:  Hold'em Limit ($3/$6 USD) - 2017/07/05 14:29:25 ET
Table 'Lesath' 6-max Seat #6 is the button
Seat 2: Apanage ($200.66 in chips)
Seat 6: artecris ($202.33 in chips)
artecris: posts small blind $1
Apanage: posts big blind $3
*** HOLE CARDS ***
artecris: calls $2
Apanage: checks
*** FLOP *** [5d 6s Kc]
Apanage: checks
artecris: bets $3
Apanage: calls $3
*** TURN *** [5d 6s Kc] [2d]
Apanage: checks
artecris: bets $6
Apanage: calls $6
*** RIVER *** [5d 6s Kc 2d] [Js]
Apanage: checks
artecris: checks
*** SHOW DOWN ***
Apanage: shows [5s 2h] (two pair, Fives and Deuces)
artecris: mucks hand
Apanage collected $23.52 from pot
*** SUMMARY ***
Total pot $24 | Rake $0.48
Board [5d 6s Kc 2d Js]
Seat 2: Apanage (big blind) showed [5s 2h] and won ($23.52) with two pair, Fives and Deuces
Seat 6: artecris (button) (small blind) mucked


