PokerStars Hand #175189011698:  Hold'em Limit ($3/$6 USD) - 2017/09/04 7:06:23 ET
Table 'Lesya' 6-max Seat #4 is the button
Seat 4: dalton135 ($128.64 in chips)
Seat 6: t9pkin ($111 in chips)
dalton135: posts small blind $1
t9pkin: posts big blind $3
*** HOLE CARDS ***
dalton135: raises $3 to $6
t9pkin: calls $3
*** FLOP *** [4c 3h 9c]
t9pkin: checks
dalton135: bets $3
t9pkin: calls $3
*** TURN *** [4c 3h 9c] [9d]
t9pkin: checks
dalton135: bets $6
t9pkin: folds
Uncalled bet ($6) returned to dalton135
dalton135 collected $17.64 from pot
dalton135: doesn't show hand
*** SUMMARY ***
Total pot $18 | Rake $0.36
Board [4c 3h 9c 9d]
Seat 4: dalton135 (button) (small blind) collected ($17.64)
Seat 6: t9pkin (big blind) folded on the Turn


PokerStars Hand #175189006315:  Hold'em Limit ($3/$6 USD) - 2017/09/04 7:06:10 ET
Table 'Lesya' 6-max Seat #6 is the button
Seat 4: dalton135 ($120 in chips)
Seat 6: t9pkin ($120 in chips)
t9pkin: posts small blind $1
dalton135: posts big blind $3
*** HOLE CARDS ***
t9pkin: raises $3 to $6
dalton135: raises $3 to $9
t9pkin: calls $3
*** FLOP *** [Ks 6c Qh]
dalton135: bets $3
t9pkin: folds
Uncalled bet ($3) returned to dalton135
dalton135 collected $17.64 from pot
dalton135: doesn't show hand
*** SUMMARY ***
Total pot $18 | Rake $0.36
Board [Ks 6c Qh]
Seat 4: dalton135 (big blind) collected ($17.64)
Seat 6: t9pkin (button) (small blind) folded on the Flop


PokerStars Hand #175189032685:  Hold'em Limit ($3/$6 USD) - 2017/09/04 7:07:16 ET
Table 'Lesya' 6-max Seat #6 is the button
Seat 4: dalton135 ($121.28 in chips)
Seat 6: t9pkin ($117.50 in chips)
t9pkin: posts small blind $1
dalton135: posts big blind $3
*** HOLE CARDS ***
t9pkin: raises $3 to $6
dalton135: calls $3
*** FLOP *** [9c Ks 7c]
dalton135: checks
t9pkin: checks
*** TURN *** [9c Ks 7c] [2s]
dalton135: bets $6
t9pkin: calls $6
*** RIVER *** [9c Ks 7c 2s] [Th]
dalton135: bets $6
t9pkin: folds
Uncalled bet ($6) returned to dalton135
dalton135 collected $23.52 from pot
dalton135: doesn't show hand
*** SUMMARY ***
Total pot $24 | Rake $0.48
Board [9c Ks 7c 2s Th]
Seat 4: dalton135 (big blind) collected ($23.52)
Seat 6: t9pkin (button) (small blind) folded on the River


PokerStars Hand #175189030180:  Hold'em Limit ($3/$6 USD) - 2017/09/04 7:07:09 ET
Table 'Lesya' 6-max Seat #4 is the button
Seat 4: dalton135 ($122.28 in chips)
Seat 6: t9pkin ($116.50 in chips)
dalton135: posts small blind $1
t9pkin: posts big blind $3
*** HOLE CARDS ***
dalton135: folds
Uncalled bet ($2) returned to t9pkin
t9pkin collected $2 from pot
t9pkin: doesn't show hand
*** SUMMARY ***
Total pot $2 | Rake $0
Seat 4: dalton135 (button) (small blind) folded before Flop
Seat 6: t9pkin (big blind) collected ($2)


PokerStars Hand #175189018304:  Hold'em Limit ($3/$6 USD) - 2017/09/04 7:06:40 ET
Table 'Lesya' 6-max Seat #6 is the button
Seat 4: dalton135 ($137.28 in chips)
Seat 6: t9pkin ($102 in chips)
t9pkin: posts small blind $1
dalton135: posts big blind $3
*** HOLE CARDS ***
t9pkin: raises $3 to $6
dalton135: raises $3 to $9
t9pkin: calls $3
*** FLOP *** [6s Ts Kc]
dalton135: bets $3
t9pkin: raises $3 to $6
dalton135: calls $3
*** TURN *** [6s Ts Kc] [3h]
dalton135: checks
t9pkin: bets $6
dalton135: folds
Uncalled bet ($6) returned to t9pkin
t9pkin collected $29.50 from pot
t9pkin: doesn't show hand
*** SUMMARY ***
Total pot $30 | Rake $0.50
Board [6s Ts Kc 3h]
Seat 4: dalton135 (big blind) folded on the Turn
Seat 6: t9pkin (button) (small blind) collected ($29.50)


PokerStars Hand #175189042603:  Hold'em Limit ($3/$6 USD) - 2017/09/04 7:07:40 ET
Table 'Lesya' 6-max Seat #4 is the button
Seat 4: dalton135 ($132.80 in chips)
Seat 6: t9pkin ($105.50 in chips)
dalton135: posts small blind $1
t9pkin: posts big blind $3
*** HOLE CARDS ***
dalton135: raises $3 to $6
t9pkin: folds
Uncalled bet ($3) returned to dalton135
dalton135 collected $6 from pot
dalton135: doesn't show hand
*** SUMMARY ***
Total pot $6 | Rake $0
Seat 4: dalton135 (button) (small blind) collected ($6)
Seat 6: t9pkin (big blind) folded before Flop


PokerStars Hand #175189045063:  Hold'em Limit ($3/$6 USD) - 2017/09/04 7:07:46 ET
Table 'Lesya' 6-max Seat #6 is the button
Seat 4: dalton135 ($135.80 in chips)
Seat 6: t9pkin ($102.50 in chips)
t9pkin: posts small blind $1
dalton135: posts big blind $3
*** HOLE CARDS ***
t9pkin: raises $3 to $6
dalton135: calls $3
*** FLOP *** [9d As 5d]
dalton135: checks
t9pkin: bets $3
dalton135: folds
Uncalled bet ($3) returned to t9pkin
t9pkin collected $11.76 from pot
t9pkin: doesn't show hand
*** SUMMARY ***
Total pot $12 | Rake $0.24
Board [9d As 5d]
Seat 4: dalton135 (big blind) folded on the Flop
Seat 6: t9pkin (button) (small blind) collected ($11.76)


PokerStars Hand #175189068761:  Hold'em Limit ($3/$6 USD) - 2017/09/04 7:08:45 ET
Table 'Lesya' 6-max Seat #6 is the button
Seat 4: dalton135 ($140.44 in chips)
Seat 6: t9pkin ($97.26 in chips)
t9pkin: posts small blind $1
dalton135: posts big blind $3
*** HOLE CARDS ***
t9pkin: folds
Uncalled bet ($2) returned to dalton135
dalton135 collected $2 from pot
dalton135: doesn't show hand
*** SUMMARY ***
Total pot $2 | Rake $0
Seat 4: dalton135 (big blind) collected ($2)
Seat 6: t9pkin (button) (small blind) folded before Flop


PokerStars Hand #175189066491:  Hold'em Limit ($3/$6 USD) - 2017/09/04 7:08:39 ET
Table 'Lesya' 6-max Seat #4 is the button
Seat 4: dalton135 ($141.44 in chips)
Seat 6: t9pkin ($96.26 in chips)
dalton135: posts small blind $1
t9pkin: posts big blind $3
*** HOLE CARDS ***
dalton135: folds
Uncalled bet ($2) returned to t9pkin
t9pkin collected $2 from pot
t9pkin: doesn't show hand
*** SUMMARY ***
Total pot $2 | Rake $0
Seat 4: dalton135 (button) (small blind) folded before Flop
Seat 6: t9pkin (big blind) collected ($2)


PokerStars Hand #175189057245:  Hold'em Limit ($3/$6 USD) - 2017/09/04 7:08:16 ET
Table 'Lesya' 6-max Seat #6 is the button
Seat 4: dalton135 ($132.80 in chips)
Seat 6: t9pkin ($105.26 in chips)
t9pkin: posts small blind $1
dalton135: posts big blind $3
*** HOLE CARDS ***
t9pkin: raises $3 to $6
dalton135: raises $3 to $9
t9pkin: calls $3
*** FLOP *** [9h 5d 9c]
dalton135: checks
t9pkin: checks
*** TURN *** [9h 5d 9c] [9d]
dalton135: checks
t9pkin: checks
*** RIVER *** [9h 5d 9c 9d] [8h]
dalton135: checks
t9pkin: checks
*** SHOW DOWN ***
dalton135: shows [Kh Td] (three of a kind, Nines)
t9pkin: mucks hand
dalton135 collected $17.64 from pot
*** SUMMARY ***
Total pot $18 | Rake $0.36
Board [9h 5d 9c 9d 8h]
Seat 4: dalton135 (big blind) showed [Kh Td] and won ($17.64) with three of a kind, Nines
Seat 6: t9pkin (button) (small blind) mucked


PokerStars Hand #175189055037:  Hold'em Limit ($3/$6 USD) - 2017/09/04 7:08:11 ET
Table 'Lesya' 6-max Seat #4 is the button
Seat 4: dalton135 ($133.80 in chips)
Seat 6: t9pkin ($104.26 in chips)
dalton135: posts small blind $1
t9pkin: posts big blind $3
*** HOLE CARDS ***
dalton135: folds
Uncalled bet ($2) returned to t9pkin
t9pkin collected $2 from pot
t9pkin: doesn't show hand
*** SUMMARY ***
Total pot $2 | Rake $0
Seat 4: dalton135 (button) (small blind) folded before Flop
Seat 6: t9pkin (big blind) collected ($2)


PokerStars Hand #175189053048:  Hold'em Limit ($3/$6 USD) - 2017/09/04 7:08:06 ET
Table 'Lesya' 6-max Seat #6 is the button
Seat 4: dalton135 ($132.80 in chips)
Seat 6: t9pkin ($105.26 in chips)
t9pkin: posts small blind $1
dalton135: posts big blind $3
*** HOLE CARDS ***
t9pkin: folds
Uncalled bet ($2) returned to dalton135
dalton135 collected $2 from pot
dalton135: doesn't show hand
*** SUMMARY ***
Total pot $2 | Rake $0
Seat 4: dalton135 (big blind) collected ($2)
Seat 6: t9pkin (button) (small blind) folded before Flop


PokerStars Hand #175189050712:  Hold'em Limit ($3/$6 USD) - 2017/09/04 7:08:00 ET
Table 'Lesya' 6-max Seat #4 is the button
Seat 4: dalton135 ($129.80 in chips)
Seat 6: t9pkin ($108.26 in chips)
dalton135: posts small blind $1
t9pkin: posts big blind $3
*** HOLE CARDS ***
dalton135: raises $3 to $6
t9pkin: folds
Uncalled bet ($3) returned to dalton135
dalton135 collected $6 from pot
dalton135: doesn't show hand
*** SUMMARY ***
Total pot $6 | Rake $0
Seat 4: dalton135 (button) (small blind) collected ($6)
Seat 6: t9pkin (big blind) folded before Flop


PokerStars Hand #175189070730:  Hold'em Limit ($3/$6 USD) - 2017/09/04 7:08:50 ET
Table 'Lesya' 6-max Seat #4 is the button
Seat 4: dalton135 ($141.44 in chips)
Seat 6: t9pkin ($96.26 in chips)
dalton135: posts small blind $1
t9pkin: posts big blind $3
*** HOLE CARDS ***
dalton135: folds
Uncalled bet ($2) returned to t9pkin
t9pkin collected $2 from pot
t9pkin: doesn't show hand
*** SUMMARY ***
Total pot $2 | Rake $0
Seat 4: dalton135 (button) (small blind) folded before Flop
Seat 6: t9pkin (big blind) collected ($2)


PokerStars Hand #175189083674:  Hold'em Limit ($3/$6 USD) - 2017/09/04 7:09:22 ET
Table 'Lesya' 6-max Seat #4 is the button
Seat 4: dalton135 ($130.44 in chips)
Seat 6: t9pkin ($107.02 in chips)
dalton135: posts small blind $1
t9pkin: posts big blind $3
*** HOLE CARDS ***
dalton135: raises $3 to $6
t9pkin: folds
Uncalled bet ($3) returned to dalton135
dalton135 collected $6 from pot
dalton135: doesn't show hand
*** SUMMARY ***
Total pot $6 | Rake $0
Seat 4: dalton135 (button) (small blind) collected ($6)
Seat 6: t9pkin (big blind) folded before Flop


PokerStars Hand #175189085782:  Hold'em Limit ($3/$6 USD) - 2017/09/04 7:09:27 ET
Table 'Lesya' 6-max Seat #6 is the button
Seat 4: dalton135 ($133.44 in chips)
Seat 6: t9pkin ($104.02 in chips)
t9pkin: posts small blind $1
dalton135: posts big blind $3
*** HOLE CARDS ***
t9pkin: raises $3 to $6
dalton135: calls $3
*** FLOP *** [4s 2h 9h]
dalton135: bets $3
t9pkin: calls $3
*** TURN *** [4s 2h 9h] [5s]
dalton135: bets $6
t9pkin: calls $6
*** RIVER *** [4s 2h 9h 5s] [2c]
dalton135: bets $6
t9pkin: calls $6
*** SHOW DOWN ***
dalton135: shows [4h 7h] (two pair, Fours and Deuces)
t9pkin: shows [Kh 5h] (two pair, Fives and Deuces)
t9pkin collected $41.50 from pot
*** SUMMARY ***
Total pot $42 | Rake $0.50
Board [4s 2h 9h 5s 2c]
Seat 4: dalton135 (big blind) showed [4h 7h] and lost with two pair, Fours and Deuces
Seat 6: t9pkin (button) (small blind) showed [Kh 5h] and won ($41.50) with two pair, Fives and Deuces


PokerStars Hand #175189080935:  Hold'em Limit ($3/$6 USD) - 2017/09/04 7:09:15 ET
Table 'Lesya' 6-max Seat #6 is the button
Seat 4: dalton135 ($133.44 in chips)
Seat 6: t9pkin ($104.02 in chips)
t9pkin: posts small blind $1
dalton135: posts big blind $3
*** HOLE CARDS ***
t9pkin: raises $3 to $6
dalton135: folds
Uncalled bet ($3) returned to t9pkin
t9pkin collected $6 from pot
t9pkin: doesn't show hand
*** SUMMARY ***
Total pot $6 | Rake $0
Seat 4: dalton135 (big blind) folded before Flop
Seat 6: t9pkin (button) (small blind) collected ($6)


PokerStars Hand #175189077676:  Hold'em Limit ($3/$6 USD) - 2017/09/04 7:09:07 ET
Table 'Lesya' 6-max Seat #4 is the button
Seat 4: dalton135 ($134.44 in chips)
Seat 6: t9pkin ($103.02 in chips)
dalton135: posts small blind $1
t9pkin: posts big blind $3
*** HOLE CARDS ***
dalton135: folds
Uncalled bet ($2) returned to t9pkin
t9pkin collected $2 from pot
t9pkin: doesn't show hand
*** SUMMARY ***
Total pot $2 | Rake $0
Seat 4: dalton135 (button) (small blind) folded before Flop
Seat 6: t9pkin (big blind) collected ($2)


PokerStars Hand #175189073117:  Hold'em Limit ($3/$6 USD) - 2017/09/04 7:08:56 ET
Table 'Lesya' 6-max Seat #6 is the button
Seat 4: dalton135 ($140.44 in chips)
Seat 6: t9pkin ($97.26 in chips)
t9pkin: posts small blind $1
dalton135: posts big blind $3
*** HOLE CARDS ***
t9pkin: raises $3 to $6
dalton135: calls $3
*** FLOP *** [3c 5h Kc]
dalton135: checks
t9pkin: bets $3
dalton135: folds
Uncalled bet ($3) returned to t9pkin
t9pkin collected $11.76 from pot
t9pkin: doesn't show hand
*** SUMMARY ***
Total pot $12 | Rake $0.24
Board [3c 5h Kc]
Seat 4: dalton135 (big blind) folded on the Flop
Seat 6: t9pkin (button) (small blind) collected ($11.76)


