PokerStars Hand #161777068525:  Hold'em Limit ($3/$6 USD) - 2016/11/22 2:19:36 ET
Table 'Letaba' 6-max Seat #4 is the button
Seat 3: mistere3 ($59 in chips)
Seat 4: VolkovDmitri ($121 in chips)
VolkovDmitri: posts small blind $1
mistere3: posts big blind $3
*** HOLE CARDS ***
VolkovDmitri: raises $3 to $6
mistere3: calls $3
*** FLOP *** [Kd 3s 9s]
mistere3: checks
VolkovDmitri: bets $3
mistere3: folds
Uncalled bet ($3) returned to VolkovDmitri
VolkovDmitri collected $11.76 from pot
VolkovDmitri: doesn't show hand
*** SUMMARY ***
Total pot $12 | Rake $0.24
Board [Kd 3s 9s]
Seat 3: mistere3 (big blind) folded on the Flop
Seat 4: VolkovDmitri (button) (small blind) collected ($11.76)


PokerStars Hand #161777064810:  Hold'em Limit ($3/$6 USD) - 2016/11/22 2:19:22 ET
Table 'Letaba' 6-max Seat #3 is the button
Seat 3: mistere3 ($60 in chips)
Seat 4: VolkovDmitri ($120 in chips)
mistere3: posts small blind $1
VolkovDmitri: posts big blind $3
*** HOLE CARDS ***
mistere3: folds
Uncalled bet ($2) returned to VolkovDmitri
VolkovDmitri collected $2 from pot
VolkovDmitri: doesn't show hand
*** SUMMARY ***
Total pot $2 | Rake $0
Seat 3: mistere3 (button) (small blind) folded before Flop
Seat 4: VolkovDmitri (big blind) collected ($2)


PokerStars Hand #161777080435:  Hold'em Limit ($3/$6 USD) - 2016/11/22 2:20:19 ET
Table 'Letaba' 6-max Seat #4 is the button
Seat 3: mistere3 ($38 in chips)
Seat 4: VolkovDmitri ($141.26 in chips)
VolkovDmitri: posts small blind $1
mistere3: posts big blind $3
*** HOLE CARDS ***
VolkovDmitri: raises $3 to $6
mistere3: folds
Uncalled bet ($3) returned to VolkovDmitri
VolkovDmitri collected $6 from pot
VolkovDmitri: doesn't show hand
*** SUMMARY ***
Total pot $6 | Rake $0
Seat 3: mistere3 (big blind) folded before Flop
Seat 4: VolkovDmitri (button) (small blind) collected ($6)


PokerStars Hand #161777071814:  Hold'em Limit ($3/$6 USD) - 2016/11/22 2:19:47 ET
Table 'Letaba' 6-max Seat #3 is the button
Seat 3: mistere3 ($53 in chips)
Seat 4: VolkovDmitri ($126.76 in chips)
mistere3: posts small blind $1
VolkovDmitri: posts big blind $3
*** HOLE CARDS ***
mistere3: raises $3 to $6
VolkovDmitri: calls $3
*** FLOP *** [Ac As 2c]
VolkovDmitri: checks
mistere3: bets $3
VolkovDmitri: raises $3 to $6
mistere3: raises $3 to $9
VolkovDmitri: calls $3
*** TURN *** [Ac As 2c] [6c]
VolkovDmitri: checks
mistere3: checks
*** RIVER *** [Ac As 2c 6c] [2d]
VolkovDmitri: bets $6
mistere3: folds
Uncalled bet ($6) returned to VolkovDmitri
VolkovDmitri collected $29.50 from pot
VolkovDmitri: doesn't show hand
*** SUMMARY ***
Total pot $30 | Rake $0.50
Board [Ac As 2c 6c 2d]
Seat 3: mistere3 (button) (small blind) folded on the River
Seat 4: VolkovDmitri (big blind) collected ($29.50)


PokerStars Hand #161777082243:  Hold'em Limit ($3/$6 USD) - 2016/11/22 2:20:26 ET
Table 'Letaba' 6-max Seat #3 is the button
Seat 3: mistere3 ($35 in chips)
Seat 4: VolkovDmitri ($144.26 in chips)
mistere3: posts small blind $1
VolkovDmitri: posts big blind $3
*** HOLE CARDS ***
mistere3: raises $3 to $6
VolkovDmitri: raises $3 to $9
mistere3: calls $3
*** FLOP *** [Kc Jc 8d]
VolkovDmitri: bets $3
mistere3: calls $3
*** TURN *** [Kc Jc 8d] [3d]
VolkovDmitri: bets $6
mistere3: calls $6
*** RIVER *** [Kc Jc 8d 3d] [5c]
VolkovDmitri: checks
mistere3: bets $6
VolkovDmitri: calls $6
*** SHOW DOWN ***
mistere3: shows [Qc Jd] (a pair of Jacks)
VolkovDmitri: mucks hand
mistere3 collected $47.50 from pot
*** SUMMARY ***
Total pot $48 | Rake $0.50
Board [Kc Jc 8d 3d 5c]
Seat 3: mistere3 (button) (small blind) showed [Qc Jd] and won ($47.50) with a pair of Jacks
Seat 4: VolkovDmitri (big blind) mucked


PokerStars Hand #161777103548:  Hold'em Limit ($3/$6 USD) - 2016/11/22 2:21:44 ET
Table 'Letaba' 6-max Seat #3 is the button
Seat 3: mistere3 ($67.14 in chips)
Seat 4: VolkovDmitri ($120 in chips)
mistere3: posts small blind $1
VolkovDmitri: posts big blind $3
*** HOLE CARDS ***
mistere3: folds
Uncalled bet ($2) returned to VolkovDmitri
VolkovDmitri collected $2 from pot
VolkovDmitri: doesn't show hand
*** SUMMARY ***
Total pot $2 | Rake $0
Seat 3: mistere3 (button) (small blind) folded before Flop
Seat 4: VolkovDmitri (big blind) collected ($2)


PokerStars Hand #161777092778:  Hold'em Limit ($3/$6 USD) - 2016/11/22 2:21:05 ET
Table 'Letaba' 6-max Seat #4 is the button
Seat 3: mistere3 ($58.50 in chips)
Seat 4: VolkovDmitri ($120.26 in chips)
VolkovDmitri: posts small blind $1
mistere3: posts big blind $3
*** HOLE CARDS ***
VolkovDmitri: raises $3 to $6
mistere3: calls $3
*** FLOP *** [Kc 3d 2d]
mistere3: checks
VolkovDmitri: bets $3
mistere3: calls $3
*** TURN *** [Kc 3d 2d] [3h]
mistere3: checks
VolkovDmitri: checks
*** RIVER *** [Kc 3d 2d 3h] [Kh]
mistere3: bets $6
VolkovDmitri: folds
Uncalled bet ($6) returned to mistere3
mistere3 collected $17.64 from pot
*** SUMMARY ***
Total pot $18 | Rake $0.36
Board [Kc 3d 2d 3h Kh]
Seat 3: mistere3 (big blind) collected ($17.64)
Seat 4: VolkovDmitri (button) (small blind) folded on the River


PokerStars Hand #161777104906:  Hold'em Limit ($3/$6 USD) - 2016/11/22 2:21:49 ET
Table 'Letaba' 6-max Seat #4 is the button
Seat 3: mistere3 ($66.14 in chips)
Seat 4: VolkovDmitri ($121 in chips)
VolkovDmitri: posts small blind $1
mistere3: posts big blind $3
*** HOLE CARDS ***
VolkovDmitri: folds
Uncalled bet ($2) returned to mistere3
mistere3 collected $2 from pot
mistere3: doesn't show hand
*** SUMMARY ***
Total pot $2 | Rake $0
Seat 3: mistere3 (big blind) collected ($2)
Seat 4: VolkovDmitri (button) (small blind) folded before Flop


PokerStars Hand #161777110167:  Hold'em Limit ($3/$6 USD) - 2016/11/22 2:22:09 ET
Table 'Letaba' 6-max Seat #4 is the button
Seat 3: mistere3 ($72.90 in chips)
Seat 4: VolkovDmitri ($120 in chips)
VolkovDmitri: posts small blind $1
mistere3: posts big blind $3
*** HOLE CARDS ***
VolkovDmitri: raises $3 to $6
mistere3: calls $3
*** FLOP *** [6c 8h 4d]
mistere3: bets $3
VolkovDmitri: calls $3
*** TURN *** [6c 8h 4d] [As]
mistere3: checks
VolkovDmitri: checks
*** RIVER *** [6c 8h 4d As] [Qs]
mistere3: checks
VolkovDmitri: checks
*** SHOW DOWN ***
mistere3: shows [7d 8s] (a pair of Eights)
VolkovDmitri: mucks hand
mistere3 collected $17.64 from pot
*** SUMMARY ***
Total pot $18 | Rake $0.36
Board [6c 8h 4d As Qs]
Seat 3: mistere3 (big blind) showed [7d 8s] and won ($17.64) with a pair of Eights
Seat 4: VolkovDmitri (button) (small blind) mucked


PokerStars Hand #161777106264:  Hold'em Limit ($3/$6 USD) - 2016/11/22 2:21:54 ET
Table 'Letaba' 6-max Seat #3 is the button
Seat 3: mistere3 ($67.14 in chips)
Seat 4: VolkovDmitri ($120 in chips)
mistere3: posts small blind $1
VolkovDmitri: posts big blind $3
*** HOLE CARDS ***
mistere3: raises $3 to $6
VolkovDmitri: calls $3
*** FLOP *** [7h Ad 4c]
VolkovDmitri: checks
mistere3: bets $3
VolkovDmitri: folds
Uncalled bet ($3) returned to mistere3
mistere3 collected $11.76 from pot
mistere3: doesn't show hand
*** SUMMARY ***
Total pot $12 | Rake $0.24
Board [7h Ad 4c]
Seat 3: mistere3 (button) (small blind) collected ($11.76)
Seat 4: VolkovDmitri (big blind) folded on the Flop


PokerStars Hand #161777115562:  Hold'em Limit ($3/$6 USD) - 2016/11/22 2:22:28 ET
Table 'Letaba' 6-max Seat #3 is the button
Seat 3: mistere3 ($81.54 in chips)
Seat 4: VolkovDmitri ($120 in chips)
mistere3: posts small blind $1
VolkovDmitri: posts big blind $3
*** HOLE CARDS ***
mistere3: raises $3 to $6
VolkovDmitri: calls $3
*** FLOP *** [5d Kc 5c]
VolkovDmitri: checks
mistere3: bets $3
VolkovDmitri: raises $3 to $6
mistere3: calls $3
*** TURN *** [5d Kc 5c] [4h]
VolkovDmitri: bets $6
mistere3: calls $6
*** RIVER *** [5d Kc 5c 4h] [Js]
VolkovDmitri: checks
mistere3: bets $6
VolkovDmitri: folds
Uncalled bet ($6) returned to mistere3
mistere3 collected $35.50 from pot
mistere3: doesn't show hand
*** SUMMARY ***
Total pot $36 | Rake $0.50
Board [5d Kc 5c 4h Js]
Seat 3: mistere3 (button) (small blind) collected ($35.50)
Seat 4: VolkovDmitri (big blind) folded on the River


PokerStars Hand #161777127914:  Hold'em Limit ($3/$6 USD) - 2016/11/22 2:23:14 ET
Table 'Letaba' 6-max Seat #4 is the button
Seat 3: mistere3 ($99.04 in chips)
Seat 4: VolkovDmitri ($120 in chips)
VolkovDmitri: posts small blind $1
mistere3: posts big blind $3
*** HOLE CARDS ***
VolkovDmitri: raises $3 to $6
mistere3: calls $3
*** FLOP *** [Jd 9h Qh]
mistere3: checks
VolkovDmitri: bets $3
mistere3: calls $3
*** TURN *** [Jd 9h Qh] [6s]
mistere3: checks
VolkovDmitri: bets $6
mistere3: calls $6
*** RIVER *** [Jd 9h Qh 6s] [Qc]
mistere3: checks
VolkovDmitri: checks
*** SHOW DOWN ***
mistere3: shows [Jc 8c] (two pair, Queens and Jacks)
VolkovDmitri: mucks hand
mistere3 collected $29.50 from pot
*** SUMMARY ***
Total pot $30 | Rake $0.50
Board [Jd 9h Qh 6s Qc]
Seat 3: mistere3 (big blind) showed [Jc 8c] and won ($29.50) with two pair, Queens and Jacks
Seat 4: VolkovDmitri (button) (small blind) mucked


PokerStars Hand #161777136074:  Hold'em Limit ($3/$6 USD) - 2016/11/22 2:23:44 ET
Table 'Letaba' 6-max Seat #3 is the button
Seat 3: mistere3 ($113.54 in chips)
Seat 4: VolkovDmitri ($120 in chips)
mistere3: posts small blind $1
VolkovDmitri: posts big blind $3
*** HOLE CARDS ***
mistere3: raises $3 to $6
VolkovDmitri: raises $3 to $9
mistere3: calls $3
*** FLOP *** [Tc Qh 2c]
VolkovDmitri: bets $3
mistere3: folds
Uncalled bet ($3) returned to VolkovDmitri
VolkovDmitri collected $17.64 from pot
VolkovDmitri: doesn't show hand
*** SUMMARY ***
Total pot $18 | Rake $0.36
Board [Tc Qh 2c]
Seat 3: mistere3 (button) (small blind) folded on the Flop
Seat 4: VolkovDmitri (big blind) collected ($17.64)


PokerStars Hand #161777143534:  Hold'em Limit ($3/$6 USD) - 2016/11/22 2:24:11 ET
Table 'Letaba' 6-max Seat #4 is the button
Seat 3: mistere3 ($104.54 in chips)
Seat 4: VolkovDmitri ($128.64 in chips)
VolkovDmitri: posts small blind $1
mistere3: posts big blind $3
*** HOLE CARDS ***
VolkovDmitri: folds
Uncalled bet ($2) returned to mistere3
mistere3 collected $2 from pot
mistere3: doesn't show hand
*** SUMMARY ***
Total pot $2 | Rake $0
Seat 3: mistere3 (big blind) collected ($2)
Seat 4: VolkovDmitri (button) (small blind) folded before Flop


PokerStars Hand #161777159463:  Hold'em Limit ($3/$6 USD) - 2016/11/22 2:25:10 ET
Table 'Letaba' 6-max Seat #4 is the button
Seat 3: mistere3 ($96.54 in chips)
Seat 4: VolkovDmitri ($136.28 in chips)
VolkovDmitri: posts small blind $1
mistere3: posts big blind $3
*** HOLE CARDS ***
VolkovDmitri: raises $3 to $6
mistere3: folds
Uncalled bet ($3) returned to VolkovDmitri
VolkovDmitri collected $6 from pot
VolkovDmitri: doesn't show hand
*** SUMMARY ***
Total pot $6 | Rake $0
Seat 3: mistere3 (big blind) folded before Flop
Seat 4: VolkovDmitri (button) (small blind) collected ($6)


PokerStars Hand #161777147021:  Hold'em Limit ($3/$6 USD) - 2016/11/22 2:24:24 ET
Table 'Letaba' 6-max Seat #3 is the button
Seat 3: mistere3 ($105.54 in chips)
Seat 4: VolkovDmitri ($127.64 in chips)
mistere3: posts small blind $1
VolkovDmitri: posts big blind $3
*** HOLE CARDS ***
mistere3: raises $3 to $6
VolkovDmitri: calls $3
*** FLOP *** [Ac 4d 3c]
VolkovDmitri: checks
mistere3: bets $3
VolkovDmitri: calls $3
*** TURN *** [Ac 4d 3c] [7c]
VolkovDmitri: checks
mistere3: checks
*** RIVER *** [Ac 4d 3c 7c] [9h]
VolkovDmitri: bets $6
mistere3: folds
Uncalled bet ($6) returned to VolkovDmitri
VolkovDmitri collected $17.64 from pot
VolkovDmitri: doesn't show hand
*** SUMMARY ***
Total pot $18 | Rake $0.36
Board [Ac 4d 3c 7c 9h]
Seat 3: mistere3 (button) (small blind) folded on the River
Seat 4: VolkovDmitri (big blind) collected ($17.64)


PokerStars Hand #161777165067:  Hold'em Limit ($3/$6 USD) - 2016/11/22 2:25:30 ET
Table 'Letaba' 6-max Seat #4 is the button
Seat 3: mistere3 ($92.54 in chips)
Seat 4: VolkovDmitri ($140.28 in chips)
VolkovDmitri: posts small blind $1
mistere3: posts big blind $3
*** HOLE CARDS ***
VolkovDmitri: raises $3 to $6
mistere3: calls $3
*** FLOP *** [6c 6d 2c]
mistere3: checks
VolkovDmitri: bets $3
mistere3: raises $3 to $6
VolkovDmitri: calls $3
*** TURN *** [6c 6d 2c] [Jh]
mistere3: bets $6
VolkovDmitri: calls $6
*** RIVER *** [6c 6d 2c Jh] [7h]
mistere3: bets $6
VolkovDmitri: calls $6
*** SHOW DOWN ***
mistere3: shows [7c Jd] (two pair, Jacks and Sevens)
VolkovDmitri: mucks hand
mistere3 collected $47.50 from pot
*** SUMMARY ***
Total pot $48 | Rake $0.50
Board [6c 6d 2c Jh 7h]
Seat 3: mistere3 (big blind) showed [7c Jd] and won ($47.50) with two pair, Jacks and Sevens
Seat 4: VolkovDmitri (button) (small blind) mucked


PokerStars Hand #161777176046:  Hold'em Limit ($3/$6 USD) - 2016/11/22 2:26:10 ET
Table 'Letaba' 6-max Seat #3 is the button
Seat 3: mistere3 ($116.04 in chips)
Seat 4: VolkovDmitri ($120 in chips)
mistere3: posts small blind $1
VolkovDmitri: posts big blind $3
*** HOLE CARDS ***
mistere3: raises $3 to $6
VolkovDmitri: calls $3
*** FLOP *** [2d 3d 2c]
VolkovDmitri: checks
mistere3: bets $3
VolkovDmitri: calls $3
*** TURN *** [2d 3d 2c] [3s]
VolkovDmitri: checks
mistere3: checks
*** RIVER *** [2d 3d 2c 3s] [Kc]
VolkovDmitri: checks
mistere3: bets $6
VolkovDmitri: folds
Uncalled bet ($6) returned to mistere3
mistere3 collected $17.64 from pot
mistere3: doesn't show hand
*** SUMMARY ***
Total pot $18 | Rake $0.36
Board [2d 3d 2c 3s Kc]
Seat 3: mistere3 (button) (small blind) collected ($17.64)
Seat 4: VolkovDmitri (big blind) folded on the River


PokerStars Hand #161777193874:  Hold'em Limit ($3/$6 USD) - 2016/11/22 2:27:15 ET
Table 'Letaba' 6-max Seat #4 is the button
Seat 3: mistere3 ($127.32 in chips)
Seat 4: VolkovDmitri ($125.76 in chips)
VolkovDmitri: posts small blind $1
mistere3: posts big blind $3
*** HOLE CARDS ***
VolkovDmitri: raises $3 to $6
mistere3: calls $3
*** FLOP *** [2s 6h 7d]
mistere3: checks
VolkovDmitri: bets $3
mistere3: raises $3 to $6
VolkovDmitri: calls $3
*** TURN *** [2s 6h 7d] [3c]
mistere3: bets $6
VolkovDmitri: calls $6
*** RIVER *** [2s 6h 7d 3c] [6d]
mistere3: bets $6
VolkovDmitri: calls $6
*** SHOW DOWN ***
mistere3: shows [5s 7s] (two pair, Sevens and Sixes)
VolkovDmitri: mucks hand
mistere3 collected $47.50 from pot
*** SUMMARY ***
Total pot $48 | Rake $0.50
Board [2s 6h 7d 3c 6d]
Seat 3: mistere3 (big blind) showed [5s 7s] and won ($47.50) with two pair, Sevens and Sixes
Seat 4: VolkovDmitri (button) (small blind) mucked


PokerStars Hand #161777185990:  Hold'em Limit ($3/$6 USD) - 2016/11/22 2:26:46 ET
Table 'Letaba' 6-max Seat #4 is the button
Seat 3: mistere3 ($124.68 in chips)
Seat 4: VolkovDmitri ($120 in chips)
VolkovDmitri: posts small blind $1
mistere3: posts big blind $3
*** HOLE CARDS ***
VolkovDmitri: raises $3 to $6
mistere3: raises $3 to $9
VolkovDmitri: calls $3
*** FLOP *** [2d As Qh]
mistere3: bets $3
VolkovDmitri: folds
Uncalled bet ($3) returned to mistere3
mistere3 collected $17.64 from pot
mistere3: doesn't show hand
*** SUMMARY ***
Total pot $18 | Rake $0.36
Board [2d As Qh]
Seat 3: mistere3 (big blind) collected ($17.64)
Seat 4: VolkovDmitri (button) (small blind) folded on the Flop


PokerStars Hand #161777190722:  Hold'em Limit ($3/$6 USD) - 2016/11/22 2:27:03 ET
Table 'Letaba' 6-max Seat #3 is the button
Seat 3: mistere3 ($133.32 in chips)
Seat 4: VolkovDmitri ($120 in chips)
mistere3: posts small blind $1
VolkovDmitri: posts big blind $3
*** HOLE CARDS ***
mistere3: raises $3 to $6
VolkovDmitri: calls $3
*** FLOP *** [Ts Ks Jc]
VolkovDmitri: bets $3
mistere3: folds
Uncalled bet ($3) returned to VolkovDmitri
VolkovDmitri collected $11.76 from pot
VolkovDmitri: doesn't show hand
*** SUMMARY ***
Total pot $12 | Rake $0.24
Board [Ts Ks Jc]
Seat 3: mistere3 (button) (small blind) folded on the Flop
Seat 4: VolkovDmitri (big blind) collected ($11.76)


PokerStars Hand #161777203302:  Hold'em Limit ($3/$6 USD) - 2016/11/22 2:27:49 ET
Table 'Letaba' 6-max Seat #3 is the button
Seat 3: mistere3 ($150.82 in chips)
Seat 4: VolkovDmitri ($120 in chips)
mistere3: posts small blind $1
VolkovDmitri: posts big blind $3
*** HOLE CARDS ***
mistere3: raises $3 to $6
VolkovDmitri: calls $3
*** FLOP *** [Jh Jc Js]
VolkovDmitri: checks
mistere3: bets $3
VolkovDmitri: calls $3
*** TURN *** [Jh Jc Js] [Ts]
VolkovDmitri: checks
mistere3: checks
*** RIVER *** [Jh Jc Js Ts] [8h]
VolkovDmitri: bets $6
mistere3: calls $6
*** SHOW DOWN ***
VolkovDmitri: shows [7h 6s] (three of a kind, Jacks)
mistere3: shows [Ad Kh] (three of a kind, Jacks - Ace kicker)
mistere3 collected $29.50 from pot
*** SUMMARY ***
Total pot $30 | Rake $0.50
Board [Jh Jc Js Ts 8h]
Seat 3: mistere3 (button) (small blind) showed [Ad Kh] and won ($29.50) with three of a kind, Jacks
Seat 4: VolkovDmitri (big blind) showed [7h 6s] and lost with three of a kind, Jacks


PokerStars Hand #161777213044:  Hold'em Limit ($3/$6 USD) - 2016/11/22 2:28:25 ET
Table 'Letaba' 6-max Seat #4 is the button
Seat 3: mistere3 ($165.32 in chips)
Seat 4: VolkovDmitri ($120 in chips)
VolkovDmitri: posts small blind $1
mistere3: posts big blind $3
*** HOLE CARDS ***
VolkovDmitri: raises $3 to $6
mistere3: folds
Uncalled bet ($3) returned to VolkovDmitri
VolkovDmitri collected $6 from pot
VolkovDmitri: doesn't show hand
*** SUMMARY ***
Total pot $6 | Rake $0
Seat 3: mistere3 (big blind) folded before Flop
Seat 4: VolkovDmitri (button) (small blind) collected ($6)


PokerStars Hand #161777220521:  Hold'em Limit ($3/$6 USD) - 2016/11/22 2:28:52 ET
Table 'Letaba' 6-max Seat #4 is the button
Seat 3: mistere3 ($153.32 in chips)
Seat 4: VolkovDmitri ($131.64 in chips)
VolkovDmitri: posts small blind $1
mistere3: posts big blind $3
*** HOLE CARDS ***
VolkovDmitri: folds
Uncalled bet ($2) returned to mistere3
mistere3 collected $2 from pot
mistere3: doesn't show hand
*** SUMMARY ***
Total pot $2 | Rake $0
Seat 3: mistere3 (big blind) collected ($2)
Seat 4: VolkovDmitri (button) (small blind) folded before Flop


PokerStars Hand #161777215362:  Hold'em Limit ($3/$6 USD) - 2016/11/22 2:28:33 ET
Table 'Letaba' 6-max Seat #3 is the button
Seat 3: mistere3 ($162.32 in chips)
Seat 4: VolkovDmitri ($123 in chips)
mistere3: posts small blind $1
VolkovDmitri: posts big blind $3
*** HOLE CARDS ***
mistere3: raises $3 to $6
VolkovDmitri: calls $3
*** FLOP *** [2c Qc 6h]
VolkovDmitri: checks
mistere3: bets $3
VolkovDmitri: raises $3 to $6
mistere3: folds
Uncalled bet ($3) returned to VolkovDmitri
VolkovDmitri collected $17.64 from pot
VolkovDmitri: doesn't show hand
*** SUMMARY ***
Total pot $18 | Rake $0.36
Board [2c Qc 6h]
Seat 3: mistere3 (button) (small blind) folded on the Flop
Seat 4: VolkovDmitri (big blind) collected ($17.64)


PokerStars Hand #161777228627:  Hold'em Limit ($3/$6 USD) - 2016/11/22 2:29:22 ET
Table 'Letaba' 6-max Seat #4 is the button
Seat 3: mistere3 ($168.82 in chips)
Seat 4: VolkovDmitri ($120 in chips)
VolkovDmitri: posts small blind $1
mistere3: posts big blind $3
*** HOLE CARDS ***
VolkovDmitri: raises $3 to $6
mistere3: raises $3 to $9
VolkovDmitri: calls $3
*** FLOP *** [5s Jd Qh]
mistere3: bets $3
VolkovDmitri: raises $3 to $6
mistere3: calls $3
*** TURN *** [5s Jd Qh] [4h]
mistere3: checks
VolkovDmitri: bets $6
mistere3: calls $6
*** RIVER *** [5s Jd Qh 4h] [Jc]
mistere3: checks
VolkovDmitri: checks
*** SHOW DOWN ***
mistere3: shows [7c 7s] (two pair, Jacks and Sevens)
VolkovDmitri: shows [8d Qc] (two pair, Queens and Jacks)
VolkovDmitri collected $41.50 from pot
*** SUMMARY ***
Total pot $42 | Rake $0.50
Board [5s Jd Qh 4h Jc]
Seat 3: mistere3 (big blind) showed [7c 7s] and lost with two pair, Jacks and Sevens
Seat 4: VolkovDmitri (button) (small blind) showed [8d Qc] and won ($41.50) with two pair, Queens and Jacks


PokerStars Hand #161777222423:  Hold'em Limit ($3/$6 USD) - 2016/11/22 2:28:59 ET
Table 'Letaba' 6-max Seat #3 is the button
Seat 3: mistere3 ($154.32 in chips)
Seat 4: VolkovDmitri ($130.64 in chips)
mistere3: posts small blind $1
VolkovDmitri: posts big blind $3
*** HOLE CARDS ***
mistere3: raises $3 to $6
VolkovDmitri: calls $3
*** FLOP *** [8h 7c 9s]
VolkovDmitri: checks
mistere3: bets $3
VolkovDmitri: calls $3
*** TURN *** [8h 7c 9s] [Qc]
VolkovDmitri: checks
mistere3: checks
*** RIVER *** [8h 7c 9s Qc] [7h]
VolkovDmitri: bets $6
mistere3: calls $6
*** SHOW DOWN ***
VolkovDmitri: shows [4h 6c] (a pair of Sevens)
mistere3: shows [5c 5h] (two pair, Sevens and Fives)
mistere3 collected $29.50 from pot
*** SUMMARY ***
Total pot $30 | Rake $0.50
Board [8h 7c 9s Qc 7h]
Seat 3: mistere3 (button) (small blind) showed [5c 5h] and won ($29.50) with two pair, Sevens and Fives
Seat 4: VolkovDmitri (big blind) showed [4h 6c] and lost with a pair of Sevens


PokerStars Hand #161777239896:  Hold'em Limit ($3/$6 USD) - 2016/11/22 2:30:03 ET
Table 'Letaba' 6-max Seat #4 is the button
Seat 3: mistere3 ($146.82 in chips)
Seat 4: VolkovDmitri ($141.50 in chips)
VolkovDmitri: posts small blind $1
mistere3: posts big blind $3
*** HOLE CARDS ***
VolkovDmitri: raises $3 to $6
mistere3: folds
Uncalled bet ($3) returned to VolkovDmitri
VolkovDmitri collected $6 from pot
VolkovDmitri: doesn't show hand
*** SUMMARY ***
Total pot $6 | Rake $0
Seat 3: mistere3 (big blind) folded before Flop
Seat 4: VolkovDmitri (button) (small blind) collected ($6)


PokerStars Hand #161777242867:  Hold'em Limit ($3/$6 USD) - 2016/11/22 2:30:14 ET
Table 'Letaba' 6-max Seat #3 is the button
Seat 3: mistere3 ($143.82 in chips)
Seat 4: VolkovDmitri ($144.50 in chips)
mistere3: posts small blind $1
VolkovDmitri: posts big blind $3
*** HOLE CARDS ***
mistere3: raises $3 to $6
VolkovDmitri: folds
Uncalled bet ($3) returned to mistere3
mistere3 collected $6 from pot
mistere3: doesn't show hand
*** SUMMARY ***
Total pot $6 | Rake $0
Seat 3: mistere3 (button) (small blind) collected ($6)
Seat 4: VolkovDmitri (big blind) folded before Flop


PokerStars Hand #161777246780:  Hold'em Limit ($3/$6 USD) - 2016/11/22 2:30:29 ET
Table 'Letaba' 6-max Seat #4 is the button
Seat 3: mistere3 ($146.82 in chips)
Seat 4: VolkovDmitri ($141.50 in chips)
VolkovDmitri: posts small blind $1
mistere3: posts big blind $3
*** HOLE CARDS ***
VolkovDmitri: raises $3 to $6
mistere3: calls $3
*** FLOP *** [Tc 4d 4s]
mistere3: bets $3
VolkovDmitri: calls $3
*** TURN *** [Tc 4d 4s] [Td]
mistere3: bets $6
VolkovDmitri: calls $6
*** RIVER *** [Tc 4d 4s Td] [4h]
mistere3: bets $6
VolkovDmitri: calls $6
*** SHOW DOWN ***
mistere3: shows [8h Qd] (a full house, Fours full of Tens)
VolkovDmitri: shows [Js Ks] (a full house, Fours full of Tens)
mistere3 collected $20.75 from pot
VolkovDmitri collected $20.75 from pot
*** SUMMARY ***
Total pot $42 | Rake $0.50
Board [Tc 4d 4s Td 4h]
Seat 3: mistere3 (big blind) showed [8h Qd] and won ($20.75) with a full house, Fours full of Tens
Seat 4: VolkovDmitri (button) (small blind) showed [Js Ks] and won ($20.75) with a full house, Fours full of Tens


PokerStars Hand #161777276239:  Hold'em Limit ($3/$6 USD) - 2016/11/22 2:32:16 ET
Table 'Letaba' 6-max Seat #4 is the button
Seat 3: mistere3 ($131.57 in chips)
Seat 4: VolkovDmitri ($155.75 in chips)
VolkovDmitri: posts small blind $1
mistere3: posts big blind $3
*** HOLE CARDS ***
VolkovDmitri: raises $3 to $6
mistere3: calls $3
*** FLOP *** [Jh 4d 5d]
mistere3: checks
VolkovDmitri: bets $3
mistere3: folds
Uncalled bet ($3) returned to VolkovDmitri
VolkovDmitri collected $11.76 from pot
VolkovDmitri: doesn't show hand
*** SUMMARY ***
Total pot $12 | Rake $0.24
Board [Jh 4d 5d]
Seat 3: mistere3 (big blind) folded on the Flop
Seat 4: VolkovDmitri (button) (small blind) collected ($11.76)


PokerStars Hand #161777257779:  Hold'em Limit ($3/$6 USD) - 2016/11/22 2:31:09 ET
Table 'Letaba' 6-max Seat #3 is the button
Seat 3: mistere3 ($146.57 in chips)
Seat 4: VolkovDmitri ($141.25 in chips)
mistere3: posts small blind $1
VolkovDmitri: posts big blind $3
*** HOLE CARDS ***
mistere3: raises $3 to $6
VolkovDmitri: calls $3
*** FLOP *** [3h Qs 9d]
VolkovDmitri: checks
mistere3: bets $3
VolkovDmitri: raises $3 to $6
mistere3: raises $3 to $9
VolkovDmitri: calls $3
*** TURN *** [3h Qs 9d] [Ad]
VolkovDmitri: checks
mistere3: checks
*** RIVER *** [3h Qs 9d Ad] [9c]
VolkovDmitri: checks
mistere3: checks
*** SHOW DOWN ***
VolkovDmitri: shows [Qc 7s] (two pair, Queens and Nines)
mistere3: mucks hand
VolkovDmitri collected $29.50 from pot
*** SUMMARY ***
Total pot $30 | Rake $0.50
Board [3h Qs 9d Ad 9c]
Seat 3: mistere3 (button) (small blind) mucked
Seat 4: VolkovDmitri (big blind) showed [Qc 7s] and won ($29.50) with two pair, Queens and Nines


PokerStars Hand #161777303230:  Hold'em Limit ($3/$6 USD) - 2016/11/22 2:33:54 ET
Table 'Letaba' 6-max Seat #3 is the button
Seat 3: mistere3 ($83.57 in chips)
Seat 4: VolkovDmitri ($202.53 in chips)
mistere3: posts small blind $1
VolkovDmitri: posts big blind $3
*** HOLE CARDS ***
mistere3: folds
Uncalled bet ($2) returned to VolkovDmitri
VolkovDmitri collected $2 from pot
VolkovDmitri: doesn't show hand
*** SUMMARY ***
Total pot $2 | Rake $0
Seat 3: mistere3 (button) (small blind) folded before Flop
Seat 4: VolkovDmitri (big blind) collected ($2)


PokerStars Hand #161777300882:  Hold'em Limit ($3/$6 USD) - 2016/11/22 2:33:45 ET
Table 'Letaba' 6-max Seat #4 is the button
Seat 3: mistere3 ($86.57 in chips)
Seat 4: VolkovDmitri ($199.53 in chips)
VolkovDmitri: posts small blind $1
mistere3: posts big blind $3
*** HOLE CARDS ***
VolkovDmitri: raises $3 to $6
mistere3: folds
Uncalled bet ($3) returned to VolkovDmitri
VolkovDmitri collected $6 from pot
VolkovDmitri: doesn't show hand
*** SUMMARY ***
Total pot $6 | Rake $0
Seat 3: mistere3 (big blind) folded before Flop
Seat 4: VolkovDmitri (button) (small blind) collected ($6)


PokerStars Hand #161777292248:  Hold'em Limit ($3/$6 USD) - 2016/11/22 2:33:14 ET
Table 'Letaba' 6-max Seat #4 is the button
Seat 3: mistere3 ($101.57 in chips)
Seat 4: VolkovDmitri ($185.01 in chips)
VolkovDmitri: posts small blind $1
mistere3: posts big blind $3
*** HOLE CARDS ***
VolkovDmitri: raises $3 to $6
mistere3: folds
Uncalled bet ($3) returned to VolkovDmitri
VolkovDmitri collected $6 from pot
VolkovDmitri: doesn't show hand
*** SUMMARY ***
Total pot $6 | Rake $0
Seat 3: mistere3 (big blind) folded before Flop
Seat 4: VolkovDmitri (button) (small blind) collected ($6)


PokerStars Hand #161777282106:  Hold'em Limit ($3/$6 USD) - 2016/11/22 2:32:37 ET
Table 'Letaba' 6-max Seat #3 is the button
Seat 3: mistere3 ($125.57 in chips)
Seat 4: VolkovDmitri ($161.51 in chips)
mistere3: posts small blind $1
VolkovDmitri: posts big blind $3
*** HOLE CARDS ***
mistere3: raises $3 to $6
VolkovDmitri: raises $3 to $9
mistere3: calls $3
*** FLOP *** [Ts Jc 5d]
VolkovDmitri: bets $3
mistere3: calls $3
*** TURN *** [Ts Jc 5d] [Qc]
VolkovDmitri: bets $6
mistere3: calls $6
*** RIVER *** [Ts Jc 5d Qc] [3h]
VolkovDmitri: bets $6
mistere3: calls $6
*** SHOW DOWN ***
VolkovDmitri: shows [Kc 9s] (a straight, Nine to King)
mistere3: mucks hand
VolkovDmitri collected $47.50 from pot
*** SUMMARY ***
Total pot $48 | Rake $0.50
Board [Ts Jc 5d Qc 3h]
Seat 3: mistere3 (button) (small blind) mucked
Seat 4: VolkovDmitri (big blind) showed [Kc 9s] and won ($47.50) with a straight, Nine to King


PokerStars Hand #161777304593:  Hold'em Limit ($3/$6 USD) - 2016/11/22 2:33:59 ET
Table 'Letaba' 6-max Seat #4 is the button
Seat 3: mistere3 ($82.57 in chips)
Seat 4: VolkovDmitri ($203.53 in chips)
VolkovDmitri: posts small blind $1
mistere3: posts big blind $3
*** HOLE CARDS ***
VolkovDmitri: raises $3 to $6
mistere3: folds
Uncalled bet ($3) returned to VolkovDmitri
VolkovDmitri collected $6 from pot
VolkovDmitri: doesn't show hand
*** SUMMARY ***
Total pot $6 | Rake $0
Seat 3: mistere3 (big blind) folded before Flop
Seat 4: VolkovDmitri (button) (small blind) collected ($6)


PokerStars Hand #161777306203:  Hold'em Limit ($3/$6 USD) - 2016/11/22 2:34:05 ET
Table 'Letaba' 6-max Seat #3 is the button
Seat 3: mistere3 ($79.57 in chips)
Seat 4: VolkovDmitri ($206.53 in chips)
mistere3: posts small blind $1
VolkovDmitri: posts big blind $3
*** HOLE CARDS ***
mistere3: raises $3 to $6
VolkovDmitri: raises $3 to $9
mistere3: calls $3
*** FLOP *** [4d 4s 9s]
VolkovDmitri: bets $3
mistere3: calls $3
*** TURN *** [4d 4s 9s] [2d]
VolkovDmitri: bets $6
mistere3: folds
Uncalled bet ($6) returned to VolkovDmitri
VolkovDmitri collected $23.52 from pot
VolkovDmitri: doesn't show hand
*** SUMMARY ***
Total pot $24 | Rake $0.48
Board [4d 4s 9s 2d]
Seat 3: mistere3 (button) (small blind) folded on the Turn
Seat 4: VolkovDmitri (big blind) collected ($23.52)


PokerStars Hand #161777313156:  Hold'em Limit ($3/$6 USD) - 2016/11/22 2:34:30 ET
Table 'Letaba' 6-max Seat #4 is the button
Seat 3: mistere3 ($67.57 in chips)
Seat 4: VolkovDmitri ($218.05 in chips)
VolkovDmitri: posts small blind $1
mistere3: posts big blind $3
*** HOLE CARDS ***
VolkovDmitri: raises $3 to $6
mistere3: raises $3 to $9
VolkovDmitri: calls $3
*** FLOP *** [Ad Kd Td]
mistere3: bets $3
VolkovDmitri: calls $3
*** TURN *** [Ad Kd Td] [7c]
mistere3: checks
VolkovDmitri: bets $6
mistere3: raises $6 to $12
VolkovDmitri: folds
Uncalled bet ($6) returned to mistere3
mistere3 collected $35.50 from pot
mistere3: doesn't show hand
*** SUMMARY ***
Total pot $36 | Rake $0.50
Board [Ad Kd Td 7c]
Seat 3: mistere3 (big blind) collected ($35.50)
Seat 4: VolkovDmitri (button) (small blind) folded on the Turn


PokerStars Hand #161777357241:  Hold'em Limit ($3/$6 USD) - 2016/11/22 2:37:10 ET
Table 'Letaba' 6-max Seat #3 is the button
Seat 3: mistere3 ($72.07 in chips)
Seat 4: VolkovDmitri ($212.57 in chips)
mistere3: posts small blind $1
VolkovDmitri: posts big blind $3
*** HOLE CARDS ***
mistere3: folds
Uncalled bet ($2) returned to VolkovDmitri
VolkovDmitri collected $2 from pot
VolkovDmitri: doesn't show hand
*** SUMMARY ***
Total pot $2 | Rake $0
Seat 3: mistere3 (button) (small blind) folded before Flop
Seat 4: VolkovDmitri (big blind) collected ($2)


PokerStars Hand #161777332827:  Hold'em Limit ($3/$6 USD) - 2016/11/22 2:35:42 ET
Table 'Letaba' 6-max Seat #4 is the button
Seat 3: mistere3 ($84.07 in chips)
Seat 4: VolkovDmitri ($201.05 in chips)
VolkovDmitri: posts small blind $1
mistere3: posts big blind $3
*** HOLE CARDS ***
VolkovDmitri: raises $3 to $6
mistere3: calls $3
*** FLOP *** [9s Qc 6h]
mistere3: checks
VolkovDmitri: bets $3
mistere3: raises $3 to $6
VolkovDmitri: calls $3
*** TURN *** [9s Qc 6h] [Jd]
mistere3: checks
VolkovDmitri: bets $6
mistere3: folds
Uncalled bet ($6) returned to VolkovDmitri
VolkovDmitri collected $23.52 from pot
VolkovDmitri: doesn't show hand
*** SUMMARY ***
Total pot $24 | Rake $0.48
Board [9s Qc 6h Jd]
Seat 3: mistere3 (big blind) folded on the Turn
Seat 4: VolkovDmitri (button) (small blind) collected ($23.52)


PokerStars Hand #161777358685:  Hold'em Limit ($3/$6 USD) - 2016/11/22 2:37:15 ET
Table 'Letaba' 6-max Seat #4 is the button
Seat 3: mistere3 ($71.07 in chips)
Seat 4: VolkovDmitri ($213.57 in chips)
VolkovDmitri: posts small blind $1
mistere3: posts big blind $3
*** HOLE CARDS ***
VolkovDmitri: raises $3 to $6
mistere3: raises $3 to $9
VolkovDmitri: calls $3
*** FLOP *** [6s 8s Qd]
mistere3: bets $3
VolkovDmitri: raises $3 to $6
mistere3: calls $3
*** TURN *** [6s 8s Qd] [Ts]
mistere3: checks
VolkovDmitri: bets $6
mistere3: raises $6 to $12
VolkovDmitri: calls $6
*** RIVER *** [6s 8s Qd Ts] [Ah]
mistere3: bets $6
VolkovDmitri: folds
Uncalled bet ($6) returned to mistere3
mistere3 collected $53.50 from pot
mistere3: doesn't show hand
*** SUMMARY ***
Total pot $54 | Rake $0.50
Board [6s 8s Qd Ts Ah]
Seat 3: mistere3 (big blind) collected ($53.50)
Seat 4: VolkovDmitri (button) (small blind) folded on the River


PokerStars Hand #161777405638:  Hold'em Limit ($3/$6 USD) - 2016/11/22 2:40:05 ET
Table 'Letaba' 6-max Seat #4 is the button
Seat 3: mistere3 ($91.57 in chips)
Seat 4: VolkovDmitri ($192.33 in chips)
VolkovDmitri: posts small blind $1
mistere3: posts big blind $3
*** HOLE CARDS ***
VolkovDmitri: folds
Uncalled bet ($2) returned to mistere3
mistere3 collected $2 from pot
mistere3: doesn't show hand
*** SUMMARY ***
Total pot $2 | Rake $0
Seat 3: mistere3 (big blind) collected ($2)
Seat 4: VolkovDmitri (button) (small blind) folded before Flop


PokerStars Hand #161777385565:  Hold'em Limit ($3/$6 USD) - 2016/11/22 2:38:53 ET
Table 'Letaba' 6-max Seat #3 is the button
Seat 3: mistere3 ($97.57 in chips)
Seat 4: VolkovDmitri ($186.57 in chips)
mistere3: posts small blind $1
VolkovDmitri: posts big blind $3
*** HOLE CARDS ***
mistere3: raises $3 to $6
VolkovDmitri: calls $3
*** FLOP *** [8h 9d 2h]
VolkovDmitri: checks
mistere3: checks
*** TURN *** [8h 9d 2h] [2c]
VolkovDmitri: bets $6
mistere3: folds
Uncalled bet ($6) returned to VolkovDmitri
VolkovDmitri collected $11.76 from pot
VolkovDmitri: doesn't show hand
*** SUMMARY ***
Total pot $12 | Rake $0.24
Board [8h 9d 2h 2c]
Seat 3: mistere3 (button) (small blind) folded on the Turn
Seat 4: VolkovDmitri (big blind) collected ($11.76)


PokerStars Hand #161777426552:  Hold'em Limit ($3/$6 USD) - 2016/11/22 2:41:21 ET
Table 'Letaba' 6-max Seat #4 is the button
Seat 3: mistere3 ($68.57 in chips)
Seat 4: VolkovDmitri ($214.83 in chips)
VolkovDmitri: posts small blind $1
mistere3: posts big blind $3
*** HOLE CARDS ***
VolkovDmitri: raises $3 to $6
mistere3: calls $3
*** FLOP *** [Qd 4c 6d]
mistere3: checks
VolkovDmitri: bets $3
mistere3: raises $3 to $6
VolkovDmitri: raises $3 to $9
mistere3: calls $3
*** TURN *** [Qd 4c 6d] [4d]
mistere3: checks
VolkovDmitri: bets $6
mistere3: raises $6 to $12
VolkovDmitri: calls $6
*** RIVER *** [Qd 4c 6d 4d] [9h]
mistere3: bets $6
VolkovDmitri: calls $6
*** SHOW DOWN ***
mistere3: shows [6c Ad] (two pair, Sixes and Fours)
VolkovDmitri: shows [8s Qs] (two pair, Queens and Fours)
VolkovDmitri collected $65.50 from pot
*** SUMMARY ***
Total pot $66 | Rake $0.50
Board [Qd 4c 6d 4d 9h]
Seat 3: mistere3 (big blind) showed [6c Ad] and lost with two pair, Sixes and Fours
Seat 4: VolkovDmitri (button) (small blind) showed [8s Qs] and won ($65.50) with two pair, Queens and Fours


PokerStars Hand #161777408781:  Hold'em Limit ($3/$6 USD) - 2016/11/22 2:40:16 ET
Table 'Letaba' 6-max Seat #3 is the button
Seat 3: mistere3 ($92.57 in chips)
Seat 4: VolkovDmitri ($191.33 in chips)
mistere3: posts small blind $1
VolkovDmitri: posts big blind $3
*** HOLE CARDS ***
mistere3: raises $3 to $6
VolkovDmitri: raises $3 to $9
mistere3: calls $3
*** FLOP *** [5c Qc 6c]
VolkovDmitri: bets $3
mistere3: calls $3
*** TURN *** [5c Qc 6c] [5d]
VolkovDmitri: bets $6
mistere3: raises $6 to $12
VolkovDmitri: calls $6
*** RIVER *** [5c Qc 6c 5d] [7h]
VolkovDmitri: checks
mistere3: checks
*** SHOW DOWN ***
VolkovDmitri: shows [Qh Kc] (two pair, Queens and Fives)
mistere3: mucks hand
VolkovDmitri collected $47.50 from pot
*** SUMMARY ***
Total pot $48 | Rake $0.50
Board [5c Qc 6c 5d 7h]
Seat 3: mistere3 (button) (small blind) mucked
Seat 4: VolkovDmitri (big blind) showed [Qh Kc] and won ($47.50) with two pair, Queens and Fives


PokerStars Hand #161777435901:  Hold'em Limit ($3/$6 USD) - 2016/11/22 2:41:54 ET
Table 'Letaba' 6-max Seat #3 is the button
Seat 3: mistere3 ($35.57 in chips)
Seat 4: VolkovDmitri ($247.33 in chips)
mistere3: posts small blind $1
VolkovDmitri: posts big blind $3
*** HOLE CARDS ***
mistere3: raises $3 to $6
VolkovDmitri: folds
Uncalled bet ($3) returned to mistere3
mistere3 collected $6 from pot
mistere3: doesn't show hand
*** SUMMARY ***
Total pot $6 | Rake $0
Seat 3: mistere3 (button) (small blind) collected ($6)
Seat 4: VolkovDmitri (big blind) folded before Flop


PokerStars Hand #161777451806:  Hold'em Limit ($3/$6 USD) - 2016/11/22 2:42:50 ET
Table 'Letaba' 6-max Seat #3 is the button
Seat 3: mistere3 ($55.07 in chips)
Seat 4: VolkovDmitri ($226.97 in chips)
mistere3: posts small blind $1
VolkovDmitri: posts big blind $3
*** HOLE CARDS ***
mistere3: folds
Uncalled bet ($2) returned to VolkovDmitri
VolkovDmitri collected $2 from pot
VolkovDmitri: doesn't show hand
*** SUMMARY ***
Total pot $2 | Rake $0
Seat 3: mistere3 (button) (small blind) folded before Flop
Seat 4: VolkovDmitri (big blind) collected ($2)


PokerStars Hand #161777444486:  Hold'em Limit ($3/$6 USD) - 2016/11/22 2:42:24 ET
Table 'Letaba' 6-max Seat #3 is the button
Seat 3: mistere3 ($29.57 in chips)
Seat 4: VolkovDmitri ($252.97 in chips)
mistere3: posts small blind $1
VolkovDmitri: posts big blind $3
*** HOLE CARDS ***
mistere3: folds
Uncalled bet ($2) returned to VolkovDmitri
VolkovDmitri collected $2 from pot
VolkovDmitri: doesn't show hand
*** SUMMARY ***
Total pot $2 | Rake $0
Seat 3: mistere3 (button) (small blind) folded before Flop
Seat 4: VolkovDmitri (big blind) collected ($2)


PokerStars Hand #161777438704:  Hold'em Limit ($3/$6 USD) - 2016/11/22 2:42:04 ET
Table 'Letaba' 6-max Seat #4 is the button
Seat 3: mistere3 ($38.57 in chips)
Seat 4: VolkovDmitri ($244.33 in chips)
VolkovDmitri: posts small blind $1
mistere3: posts big blind $3
*** HOLE CARDS ***
VolkovDmitri: raises $3 to $6
mistere3: calls $3
*** FLOP *** [Qd 6d 2c]
mistere3: bets $3
VolkovDmitri: raises $3 to $6
mistere3: folds
Uncalled bet ($3) returned to VolkovDmitri
VolkovDmitri collected $17.64 from pot
VolkovDmitri: doesn't show hand
*** SUMMARY ***
Total pot $18 | Rake $0.36
Board [Qd 6d 2c]
Seat 3: mistere3 (big blind) folded on the Flop
Seat 4: VolkovDmitri (button) (small blind) collected ($17.64)


PokerStars Hand #161777445941:  Hold'em Limit ($3/$6 USD) - 2016/11/22 2:42:29 ET
Table 'Letaba' 6-max Seat #4 is the button
Seat 3: mistere3 ($28.57 in chips)
Seat 4: VolkovDmitri ($253.97 in chips)
VolkovDmitri: posts small blind $1
mistere3: posts big blind $3
*** HOLE CARDS ***
VolkovDmitri: raises $3 to $6
mistere3: raises $3 to $9
VolkovDmitri: raises $3 to $12
Betting is capped
mistere3: calls $3
*** FLOP *** [3s 8h 7d]
mistere3: bets $3
VolkovDmitri: calls $3
*** TURN *** [3s 8h 7d] [Ah]
mistere3: bets $6
VolkovDmitri: raises $6 to $12
mistere3: calls $6
*** RIVER *** [3s 8h 7d Ah] [Td]
mistere3: checks
VolkovDmitri: checks
*** SHOW DOWN ***
mistere3: shows [9d Th] (a pair of Tens)
VolkovDmitri: mucks hand
mistere3 collected $53.50 from pot
*** SUMMARY ***
Total pot $54 | Rake $0.50
Board [3s 8h 7d Ah Td]
Seat 3: mistere3 (big blind) showed [9d Th] and won ($53.50) with a pair of Tens
Seat 4: VolkovDmitri (button) (small blind) mucked


PokerStars Hand #161777453041:  Hold'em Limit ($3/$6 USD) - 2016/11/22 2:42:55 ET
Table 'Letaba' 6-max Seat #4 is the button
Seat 3: mistere3 ($54.07 in chips)
Seat 4: VolkovDmitri ($227.97 in chips)
VolkovDmitri: posts small blind $1
mistere3: posts big blind $3
*** HOLE CARDS ***
VolkovDmitri: raises $3 to $6
mistere3: folds
Uncalled bet ($3) returned to VolkovDmitri
VolkovDmitri collected $6 from pot
VolkovDmitri: doesn't show hand
*** SUMMARY ***
Total pot $6 | Rake $0
Seat 3: mistere3 (big blind) folded before Flop
Seat 4: VolkovDmitri (button) (small blind) collected ($6)


PokerStars Hand #161777479190:  Hold'em Limit ($3/$6 USD) - 2016/11/22 2:44:27 ET
Table 'Letaba' 6-max Seat #4 is the button
Seat 3: mistere3 ($27.07 in chips)
Seat 4: VolkovDmitri ($254.47 in chips)
VolkovDmitri: posts small blind $1
mistere3: posts big blind $3
*** HOLE CARDS ***
VolkovDmitri: raises $3 to $6
mistere3: folds
Uncalled bet ($3) returned to VolkovDmitri
VolkovDmitri collected $6 from pot
VolkovDmitri: doesn't show hand
*** SUMMARY ***
Total pot $6 | Rake $0
Seat 3: mistere3 (big blind) folded before Flop
Seat 4: VolkovDmitri (button) (small blind) collected ($6)


PokerStars Hand #161777455996:  Hold'em Limit ($3/$6 USD) - 2016/11/22 2:43:05 ET
Table 'Letaba' 6-max Seat #3 is the button
Seat 3: mistere3 ($51.07 in chips)
Seat 4: VolkovDmitri ($230.97 in chips)
mistere3: posts small blind $1
VolkovDmitri: posts big blind $3
*** HOLE CARDS ***
mistere3: raises $3 to $6
VolkovDmitri: calls $3
*** FLOP *** [9s 5h 9c]
VolkovDmitri: checks
mistere3: bets $3
VolkovDmitri: raises $3 to $6
mistere3: calls $3
*** TURN *** [9s 5h 9c] [Ah]
VolkovDmitri: checks
mistere3: bets $6
VolkovDmitri: calls $6
*** RIVER *** [9s 5h 9c Ah] [Kc]
VolkovDmitri: checks
mistere3: bets $6
VolkovDmitri: calls $6
*** SHOW DOWN ***
mistere3: shows [Tc Qh] (a pair of Nines)
VolkovDmitri: shows [5c 8d] (two pair, Nines and Fives)
VolkovDmitri collected $47.50 from pot
*** SUMMARY ***
Total pot $48 | Rake $0.50
Board [9s 5h 9c Ah Kc]
Seat 3: mistere3 (button) (small blind) showed [Tc Qh] and lost with a pair of Nines
Seat 4: VolkovDmitri (big blind) showed [5c 8d] and won ($47.50) with two pair, Nines and Fives


PokerStars Hand #161777484306:  Hold'em Limit ($3/$6 USD) - 2016/11/22 2:44:45 ET
Table 'Letaba' 6-max Seat #3 is the button
Seat 3: mistere3 ($24.07 in chips)
Seat 4: VolkovDmitri ($257.47 in chips)
mistere3: posts small blind $1
VolkovDmitri: posts big blind $3
*** HOLE CARDS ***
mistere3: raises $3 to $6
VolkovDmitri: raises $3 to $9
mistere3: calls $3
*** FLOP *** [8s 3d Js]
VolkovDmitri: bets $3
mistere3: calls $3
*** TURN *** [8s 3d Js] [4c]
VolkovDmitri: bets $6
mistere3: calls $6
*** RIVER *** [8s 3d Js 4c] [2c]
VolkovDmitri: checks
mistere3: checks
*** SHOW DOWN ***
VolkovDmitri: shows [Tc As] (high card Ace)
mistere3: shows [Ac 2d] (a pair of Deuces)
mistere3 collected $35.50 from pot
*** SUMMARY ***
Total pot $36 | Rake $0.50
Board [8s 3d Js 4c 2c]
Seat 3: mistere3 (button) (small blind) showed [Ac 2d] and won ($35.50) with a pair of Deuces
Seat 4: VolkovDmitri (big blind) showed [Tc As] and lost with high card Ace


PokerStars Hand #161777493775:  Hold'em Limit ($3/$6 USD) - 2016/11/22 2:45:18 ET
Table 'Letaba' 6-max Seat #4 is the button
Seat 3: mistere3 ($41.57 in chips)
Seat 4: VolkovDmitri ($239.47 in chips)
VolkovDmitri: posts small blind $1
mistere3: posts big blind $3
*** HOLE CARDS ***
VolkovDmitri: raises $3 to $6
mistere3: calls $3
*** FLOP *** [Qc Qh Th]
mistere3: bets $3
VolkovDmitri: calls $3
*** TURN *** [Qc Qh Th] [Ts]
mistere3: bets $6
VolkovDmitri: calls $6
*** RIVER *** [Qc Qh Th Ts] [Kd]
mistere3: bets $6
VolkovDmitri: calls $6
*** SHOW DOWN ***
mistere3: shows [Td 6c] (a full house, Tens full of Queens)
VolkovDmitri: mucks hand
mistere3 collected $41.50 from pot
*** SUMMARY ***
Total pot $42 | Rake $0.50
Board [Qc Qh Th Ts Kd]
Seat 3: mistere3 (big blind) showed [Td 6c] and won ($41.50) with a full house, Tens full of Queens
Seat 4: VolkovDmitri (button) (small blind) mucked


PokerStars Hand #161777506551:  Hold'em Limit ($3/$6 USD) - 2016/11/22 2:46:03 ET
Table 'Letaba' 6-max Seat #3 is the button
Seat 3: mistere3 ($62.07 in chips)
Seat 4: VolkovDmitri ($218.47 in chips)
mistere3: posts small blind $1
VolkovDmitri: posts big blind $3
*** HOLE CARDS ***
mistere3: raises $3 to $6
VolkovDmitri: calls $3
*** FLOP *** [7h Tc 3s]
VolkovDmitri: checks
mistere3: bets $3
VolkovDmitri: raises $3 to $6
mistere3: calls $3
*** TURN *** [7h Tc 3s] [5s]
VolkovDmitri: bets $6
mistere3: folds
Uncalled bet ($6) returned to VolkovDmitri
VolkovDmitri collected $23.52 from pot
VolkovDmitri: doesn't show hand
*** SUMMARY ***
Total pot $24 | Rake $0.48
Board [7h Tc 3s 5s]
Seat 3: mistere3 (button) (small blind) folded on the Turn
Seat 4: VolkovDmitri (big blind) collected ($23.52)


PokerStars Hand #161777516806:  Hold'em Limit ($3/$6 USD) - 2016/11/22 2:46:39 ET
Table 'Letaba' 6-max Seat #4 is the button
Seat 3: mistere3 ($50.07 in chips)
Seat 4: VolkovDmitri ($229.99 in chips)
VolkovDmitri: posts small blind $1
mistere3: posts big blind $3
*** HOLE CARDS ***
VolkovDmitri: raises $3 to $6
mistere3: raises $3 to $9
VolkovDmitri: calls $3
*** FLOP *** [Td Kd Kc]
mistere3: bets $3
VolkovDmitri: raises $3 to $6
mistere3: raises $3 to $9
VolkovDmitri: calls $3
*** TURN *** [Td Kd Kc] [4h]
mistere3: bets $6
VolkovDmitri: calls $6
*** RIVER *** [Td Kd Kc 4h] [Jc]
mistere3: checks
VolkovDmitri: checks
*** SHOW DOWN ***
mistere3: shows [Ac 6c] (a pair of Kings)
VolkovDmitri: shows [3h Tc] (two pair, Kings and Tens)
VolkovDmitri collected $47.50 from pot
*** SUMMARY ***
Total pot $48 | Rake $0.50
Board [Td Kd Kc 4h Jc]
Seat 3: mistere3 (big blind) showed [Ac 6c] and lost with a pair of Kings
Seat 4: VolkovDmitri (button) (small blind) showed [3h Tc] and won ($47.50) with two pair, Kings and Tens


PokerStars Hand #161777526430:  Hold'em Limit ($3/$6 USD) - 2016/11/22 2:47:12 ET
Table 'Letaba' 6-max Seat #3 is the button
Seat 3: mistere3 ($26.07 in chips)
Seat 4: VolkovDmitri ($253.49 in chips)
mistere3: posts small blind $1
VolkovDmitri: posts big blind $3
*** HOLE CARDS ***
mistere3: folds
Uncalled bet ($2) returned to VolkovDmitri
VolkovDmitri collected $2 from pot
VolkovDmitri: doesn't show hand
*** SUMMARY ***
Total pot $2 | Rake $0
Seat 3: mistere3 (button) (small blind) folded before Flop
Seat 4: VolkovDmitri (big blind) collected ($2)


PokerStars Hand #161777527940:  Hold'em Limit ($3/$6 USD) - 2016/11/22 2:47:17 ET
Table 'Letaba' 6-max Seat #4 is the button
Seat 3: mistere3 ($25.07 in chips)
Seat 4: VolkovDmitri ($254.49 in chips)
VolkovDmitri: posts small blind $1
mistere3: posts big blind $3
*** HOLE CARDS ***
VolkovDmitri: raises $3 to $6
mistere3: calls $3
*** FLOP *** [2h 7d Ks]
mistere3: checks
VolkovDmitri: bets $3
mistere3: raises $3 to $6
VolkovDmitri: calls $3
*** TURN *** [2h 7d Ks] [8s]
mistere3: checks
VolkovDmitri: bets $6
mistere3: raises $6 to $12
VolkovDmitri: raises $6 to $18
mistere3: calls $1.07 and is all-in
Uncalled bet ($4.93) returned to VolkovDmitri
*** RIVER *** [2h 7d Ks 8s] [Kd]
*** SHOW DOWN ***
mistere3: shows [8h 2d] (two pair, Kings and Eights)
VolkovDmitri: shows [8d Qc] (two pair, Kings and Eights - Queen kicker)
VolkovDmitri collected $49.64 from pot
*** SUMMARY ***
Total pot $50.14 | Rake $0.50
Board [2h 7d Ks 8s Kd]
Seat 3: mistere3 (big blind) showed [8h 2d] and lost with two pair, Kings and Eights
Seat 4: VolkovDmitri (button) (small blind) showed [8d Qc] and won ($49.64) with two pair, Kings and Eights


