PokerStars Hand #176914348981:  Hold'em Limit ($3/$6 USD) - 2017/10/14 15:20:53 ET
Table 'Letaba II' 6-max Seat #2 is the button
Seat 1: oostanovis ($71.32 in chips)
Seat 2: vestimokrec ($120 in chips)
xxPSRxx joins the table at seat #4
vestimokrec: posts small blind $1
GoliafUa: is sitting out
oostanovis: posts big blind $3
*** HOLE CARDS ***
vestimokrec: raises $3 to $6
oostanovis: calls $3
*** FLOP *** [Qh 8s Ts]
oostanovis: checks
vestimokrec: bets $3
oostanovis: folds
Uncalled bet ($3) returned to vestimokrec
vestimokrec collected $11.76 from pot
vestimokrec: doesn't show hand
GoliafUa leaves the table
*** SUMMARY ***
Total pot $12 | Rake $0.24
Board [Qh 8s Ts]
Seat 1: oostanovis (big blind) folded on the Flop
Seat 2: vestimokrec (button) (small blind) collected ($11.76)


PokerStars Hand #176914361898:  Hold'em Limit ($3/$6 USD) - 2017/10/14 15:21:09 ET
Table 'Letaba II' 6-max Seat #1 is the button
Seat 1: oostanovis ($65.32 in chips)
Seat 2: vestimokrec ($125.76 in chips)
oostanovis: posts small blind $1
vestimokrec: posts big blind $3
*** HOLE CARDS ***
oostanovis: raises $3 to $6
vestimokrec: calls $3
*** FLOP *** [Kd 5h 3d]
vestimokrec: checks
oostanovis: bets $3
vestimokrec: raises $3 to $6
oostanovis: calls $3
*** TURN *** [Kd 5h 3d] [6s]
vestimokrec: bets $6
oostanovis: calls $6
*** RIVER *** [Kd 5h 3d 6s] [7d]
vestimokrec: bets $6
oostanovis: raises $6 to $12
vestimokrec: folds
Uncalled bet ($6) returned to oostanovis
oostanovis collected $47.50 from pot
*** SUMMARY ***
Total pot $48 | Rake $0.50
Board [Kd 5h 3d 6s 7d]
Seat 1: oostanovis (button) (small blind) collected ($47.50)
Seat 2: vestimokrec (big blind) folded on the River


PokerStars Hand #176914473487:  Hold'em Limit ($3/$6 USD) - 2017/10/14 15:23:29 ET
Table 'Letaba II' 6-max Seat #6 is the button
Seat 4: xxPSRxx ($135.25 in chips)
Seat 6: sherlokmsk ($42.73 in chips)
sherlokmsk: posts small blind $1
xxPSRxx: posts big blind $3
*** HOLE CARDS ***
vestimokrec joins the table at seat #1
sherlokmsk: calls $2
xxPSRxx: checks
*** FLOP *** [2d 6h 7c]
xxPSRxx: bets $3
sherlokmsk: calls $3
*** TURN *** [2d 6h 7c] [Tc]
xxPSRxx: bets $6
sherlokmsk: calls $6
*** RIVER *** [2d 6h 7c Tc] [3d]
xxPSRxx: bets $6
sherlokmsk: folds
Uncalled bet ($6) returned to xxPSRxx
xxPSRxx collected $23.52 from pot
xxPSRxx: doesn't show hand
*** SUMMARY ***
Total pot $24 | Rake $0.48
Board [2d 6h 7c Tc 3d]
Seat 4: xxPSRxx (big blind) collected ($23.52)
Seat 6: sherlokmsk (button) (small blind) folded on the River


PokerStars Hand #176914536626:  Hold'em Limit ($3/$6 USD) - 2017/10/14 15:24:48 ET
Table 'Letaba II' 6-max Seat #1 is the button
Seat 1: vestimokrec ($121 in chips)
Seat 4: xxPSRxx ($137.77 in chips)
vestimokrec: posts small blind $1
xxPSRxx: posts big blind $3
*** HOLE CARDS ***
vestimokrec: raises $3 to $6
xxPSRxx: folds
Uncalled bet ($3) returned to vestimokrec
vestimokrec collected $6 from pot
vestimokrec: doesn't show hand
*** SUMMARY ***
Total pot $6 | Rake $0
Seat 1: vestimokrec (button) (small blind) collected ($6)
Seat 4: xxPSRxx (big blind) folded before Flop


PokerStars Hand #176914506163:  Hold'em Limit ($3/$6 USD) - 2017/10/14 15:24:10 ET
Table 'Letaba II' 6-max Seat #4 is the button
Seat 4: xxPSRxx ($146.77 in chips)
Seat 6: sherlokmsk ($30.73 in chips)
xxPSRxx: posts small blind $1
sherlokmsk: posts big blind $3
*** HOLE CARDS ***
xxPSRxx: raises $3 to $6
sherlokmsk: calls $3
*** FLOP *** [Ah 4c Jd]
sherlokmsk: checks
xxPSRxx: bets $3
sherlokmsk: calls $3
*** TURN *** [Ah 4c Jd] [3s]
sherlokmsk: checks
xxPSRxx: checks
*** RIVER *** [Ah 4c Jd 3s] [As]
sherlokmsk: bets $6
xxPSRxx: folds
Uncalled bet ($6) returned to sherlokmsk
sherlokmsk collected $17.64 from pot
sherlokmsk: doesn't show hand
*** SUMMARY ***
Total pot $18 | Rake $0.36
Board [Ah 4c Jd 3s As]
Seat 4: xxPSRxx (button) (small blind) folded on the River
Seat 6: sherlokmsk (big blind) collected ($17.64)


