PokerStars Hand #167987895606:  Hold'em Limit ($3/$6 USD) - 2017/03/23 8:14:31 ET
Table 'Letaba' 6-max Seat #4 is the button
Seat 3: Artachok ($76 in chips)
Seat 4: VolkovDmitri ($121 in chips)
VolkovDmitri: posts small blind $1
Artachok: posts big blind $3
*** HOLE CARDS ***
VolkovDmitri: raises $3 to $6
Artachok: calls $3
*** FLOP *** [Ah Jd Qs]
zenobia11 joins the table at seat #6
Artachok: checks
VolkovDmitri: bets $3
Artachok: calls $3
*** TURN *** [Ah Jd Qs] [Jh]
Artachok: checks
VolkovDmitri: checks
*** RIVER *** [Ah Jd Qs Jh] [8d]
Artachok: bets $6
VolkovDmitri: folds
Uncalled bet ($6) returned to Artachok
Artachok collected $17.64 from pot
Artachok: doesn't show hand
*** SUMMARY ***
Total pot $18 | Rake $0.36
Board [Ah Jd Qs Jh 8d]
Seat 3: Artachok (big blind) collected ($17.64)
Seat 4: VolkovDmitri (button) (small blind) folded on the River


PokerStars Hand #167987908025:  Hold'em Limit ($3/$6 USD) - 2017/03/23 8:14:58 ET
Table 'Letaba' 6-max Seat #3 is the button
Seat 3: Artachok ($84.64 in chips)
Seat 4: VolkovDmitri ($120 in chips)
Artachok: posts small blind $1
VolkovDmitri: posts big blind $3
*** HOLE CARDS ***
Artachok: folds
Uncalled bet ($2) returned to VolkovDmitri
VolkovDmitri collected $2 from pot
VolkovDmitri: doesn't show hand
*** SUMMARY ***
Total pot $2 | Rake $0
Seat 3: Artachok (button) (small blind) folded before Flop
Seat 4: VolkovDmitri (big blind) collected ($2)


