PokerStars Hand #166835869417:  Hold'em Limit ($3/$6 USD) - 2017/02/26 23:14:52 ET
Table 'Leto' 6-max Seat #1 is the button
Seat 1: LifeisagameX ($95.52 in chips)
Seat 3: xcgxcg2005 ($109 in chips)
LifeisagameX: posts small blind $1
xcgxcg2005: posts big blind $3
*** HOLE CARDS ***
LifeisagameX: raises $3 to $6
xcgxcg2005: raises $3 to $9
LifeisagameX: calls $3
*** FLOP *** [9c As 5c]
xcgxcg2005: bets $3
LifeisagameX: calls $3
*** TURN *** [9c As 5c] [Ad]
xcgxcg2005: bets $6
LifeisagameX: raises $6 to $12
xcgxcg2005: raises $6 to $18
LifeisagameX: calls $6
*** RIVER *** [9c As 5c Ad] [2d]
xcgxcg2005: bets $6
LifeisagameX: calls $6
*** SHOW DOWN ***
xcgxcg2005: shows [Ac 9s] (a full house, Aces full of Nines)
LifeisagameX: mucks hand
xcgxcg2005 collected $71.50 from pot
*** SUMMARY ***
Total pot $72 | Rake $0.50
Board [9c As 5c Ad 2d]
Seat 1: LifeisagameX (button) (small blind) mucked
Seat 3: xcgxcg2005 (big blind) showed [Ac 9s] and won ($71.50) with a full house, Aces full of Nines


PokerStars Hand #166835862767:  Hold'em Limit ($3/$6 USD) - 2017/02/26 23:14:30 ET
Table 'Leto' 6-max Seat #3 is the button
Seat 1: LifeisagameX ($84 in chips)
Seat 3: xcgxcg2005 ($121 in chips)
xcgxcg2005: posts small blind $1
LifeisagameX: posts big blind $3
*** HOLE CARDS ***
xcgxcg2005: raises $3 to $6
LifeisagameX: raises $3 to $9
xcgxcg2005: calls $3
*** FLOP *** [Jc 3h Th]
LifeisagameX: bets $3
xcgxcg2005: calls $3
*** TURN *** [Jc 3h Th] [5h]
LifeisagameX: bets $6
xcgxcg2005: folds
Uncalled bet ($6) returned to LifeisagameX
LifeisagameX collected $23.52 from pot
*** SUMMARY ***
Total pot $24 | Rake $0.48
Board [Jc 3h Th 5h]
Seat 1: LifeisagameX (big blind) collected ($23.52)
Seat 3: xcgxcg2005 (button) (small blind) folded on the Turn


PokerStars Hand #166835879049:  Hold'em Limit ($3/$6 USD) - 2017/02/26 23:15:24 ET
Table 'Leto' 6-max Seat #3 is the button
Seat 1: LifeisagameX ($84 in chips)
Seat 3: xcgxcg2005 ($144.50 in chips)
xcgxcg2005: posts small blind $1
LifeisagameX: posts big blind $3
*** HOLE CARDS ***
xcgxcg2005: raises $3 to $6
LifeisagameX: raises $3 to $9
maximumBOSS joins the table at seat #5
xcgxcg2005: calls $3
*** FLOP *** [8c Qh Tc]
LifeisagameX: bets $3
xcgxcg2005: folds
Uncalled bet ($3) returned to LifeisagameX
LifeisagameX collected $17.64 from pot
LifeisagameX: doesn't show hand
*** SUMMARY ***
Total pot $18 | Rake $0.36
Board [8c Qh Tc]
Seat 1: LifeisagameX (big blind) collected ($17.64)
Seat 3: xcgxcg2005 (button) (small blind) folded on the Flop


PokerStars Hand #166835885892:  Hold'em Limit ($3/$6 USD) - 2017/02/26 23:15:47 ET
Table 'Leto' 6-max Seat #1 is the button
Seat 1: LifeisagameX ($92.64 in chips)
Seat 3: xcgxcg2005 ($135.50 in chips)
LifeisagameX: posts small blind $1
xcgxcg2005: posts big blind $3
*** HOLE CARDS ***
LifeisagameX: raises $3 to $6
xcgxcg2005: raises $3 to $9
LifeisagameX: calls $3
*** FLOP *** [4h Qs 2c]
xcgxcg2005: bets $3
LifeisagameX: calls $3
*** TURN *** [4h Qs 2c] [9c]
xcgxcg2005: bets $6
LifeisagameX: calls $6
*** RIVER *** [4h Qs 2c 9c] [6c]
xcgxcg2005: checks
LifeisagameX: checks
*** SHOW DOWN ***
xcgxcg2005: shows [Kh Td] (high card King)
LifeisagameX: mucks hand
xcgxcg2005 collected $35.50 from pot
*** SUMMARY ***
Total pot $36 | Rake $0.50
Board [4h Qs 2c 9c 6c]
Seat 1: LifeisagameX (button) (small blind) mucked
Seat 3: xcgxcg2005 (big blind) showed [Kh Td] and won ($35.50) with high card King


PokerStars Hand #166835901749:  Hold'em Limit ($3/$6 USD) - 2017/02/26 23:16:41 ET
Table 'Leto' 6-max Seat #5 is the button
Seat 3: xcgxcg2005 ($149 in chips)
Seat 5: maximumBOSS ($117.39 in chips)
SassyShads will be allowed to play after the button
maximumBOSS: posts small blind $1
xcgxcg2005: posts big blind $3
*** HOLE CARDS ***
maximumBOSS: raises $3 to $6
xcgxcg2005: folds
Uncalled bet ($3) returned to maximumBOSS
maximumBOSS collected $6 from pot
maximumBOSS: doesn't show hand
*** SUMMARY ***
Total pot $6 | Rake $0
Seat 3: xcgxcg2005 (big blind) folded before Flop
Seat 5: maximumBOSS (button) (small blind) collected ($6)


PokerStars Hand #166836022087:  Hold'em Limit ($3/$6 USD) - 2017/02/26 23:23:36 ET
Table 'Leto' 6-max Seat #5 is the button
Seat 3: xcgxcg2005 ($140.81 in chips)
Seat 5: hairy1961 ($51 in chips)
hairy1961: posts small blind $1
xcgxcg2005: posts big blind $3
*** HOLE CARDS ***
hairy1961: folds
Uncalled bet ($2) returned to xcgxcg2005
xcgxcg2005 collected $2 from pot
xcgxcg2005: doesn't show hand
*** SUMMARY ***
Total pot $2 | Rake $0
Seat 3: xcgxcg2005 (big blind) collected ($2)
Seat 5: hairy1961 (button) (small blind) folded before Flop


PokerStars Hand #166836020626:  Hold'em Limit ($3/$6 USD) - 2017/02/26 23:23:31 ET
Table 'Leto' 6-max Seat #3 is the button
Seat 3: xcgxcg2005 ($141.81 in chips)
Seat 5: hairy1961 ($50 in chips)
xcgxcg2005: posts small blind $1
hairy1961: posts big blind $3
*** HOLE CARDS ***
xcgxcg2005: folds
Uncalled bet ($2) returned to hairy1961
hairy1961 collected $2 from pot
*** SUMMARY ***
Total pot $2 | Rake $0
Seat 3: xcgxcg2005 (button) (small blind) folded before Flop
Seat 5: hairy1961 (big blind) collected ($2)


PokerStars Hand #166836012945:  Hold'em Limit ($3/$6 USD) - 2017/02/26 23:23:04 ET
Table 'Leto' 6-max Seat #3 is the button
Seat 3: xcgxcg2005 ($141.81 in chips)
Seat 4: SassyShads ($131.21 in chips)
xcgxcg2005: posts small blind $1
SassyShads: posts big blind $3
*** HOLE CARDS ***
xcgxcg2005: folds
Uncalled bet ($2) returned to SassyShads
SassyShads collected $2 from pot
SassyShads: doesn't show hand
*** SUMMARY ***
Total pot $2 | Rake $0
Seat 3: xcgxcg2005 (button) (small blind) folded before Flop
Seat 4: SassyShads (big blind) collected ($2)


PokerStars Hand #166836036962:  Hold'em Limit ($3/$6 USD) - 2017/02/26 23:24:28 ET
Table 'Leto' 6-max Seat #5 is the button
Seat 3: xcgxcg2005 ($124.45 in chips)
Seat 5: hairy1961 ($66.50 in chips)
hairy1961: posts small blind $1
xcgxcg2005: posts big blind $3
*** HOLE CARDS ***
hairy1961: folds
Uncalled bet ($2) returned to xcgxcg2005
xcgxcg2005 collected $2 from pot
xcgxcg2005: doesn't show hand
*** SUMMARY ***
Total pot $2 | Rake $0
Seat 3: xcgxcg2005 (big blind) collected ($2)
Seat 5: hairy1961 (button) (small blind) folded before Flop


PokerStars Hand #166836031949:  Hold'em Limit ($3/$6 USD) - 2017/02/26 23:24:11 ET
Table 'Leto' 6-max Seat #3 is the button
Seat 3: xcgxcg2005 ($115.81 in chips)
Seat 5: hairy1961 ($75.50 in chips)
xcgxcg2005: posts small blind $1
hairy1961: posts big blind $3
*** HOLE CARDS ***
xcgxcg2005: raises $3 to $6
hairy1961: calls $3
*** FLOP *** [Kc 3c 5c]
hairy1961: checks
xcgxcg2005: bets $3
hairy1961: calls $3
*** TURN *** [Kc 3c 5c] [3d]
hairy1961: checks
xcgxcg2005: bets $6
hairy1961: folds
Uncalled bet ($6) returned to xcgxcg2005
xcgxcg2005 collected $17.64 from pot
xcgxcg2005: doesn't show hand
*** SUMMARY ***
Total pot $18 | Rake $0.36
Board [Kc 3c 5c 3d]
Seat 3: xcgxcg2005 (button) (small blind) collected ($17.64)
Seat 5: hairy1961 (big blind) folded on the Turn


PokerStars Hand #166836030516:  Hold'em Limit ($3/$6 USD) - 2017/02/26 23:24:06 ET
Table 'Leto' 6-max Seat #5 is the button
Seat 3: xcgxcg2005 ($114.81 in chips)
Seat 5: hairy1961 ($76.50 in chips)
hairy1961: posts small blind $1
xcgxcg2005: posts big blind $3
*** HOLE CARDS ***
hairy1961: folds
Uncalled bet ($2) returned to xcgxcg2005
xcgxcg2005 collected $2 from pot
xcgxcg2005: doesn't show hand
*** SUMMARY ***
Total pot $2 | Rake $0
Seat 3: xcgxcg2005 (big blind) collected ($2)
Seat 5: hairy1961 (button) (small blind) folded before Flop


PokerStars Hand #166836023658:  Hold'em Limit ($3/$6 USD) - 2017/02/26 23:23:42 ET
Table 'Leto' 6-max Seat #3 is the button
Seat 3: xcgxcg2005 ($141.81 in chips)
Seat 5: hairy1961 ($50 in chips)
xcgxcg2005: posts small blind $1
hairy1961: posts big blind $3
*** HOLE CARDS ***
xcgxcg2005: raises $3 to $6
hairy1961: raises $3 to $9
xcgxcg2005: calls $3
*** FLOP *** [8d 6s Jc]
hairy1961: bets $3
xcgxcg2005: raises $3 to $6
hairy1961: raises $3 to $9
xcgxcg2005: raises $3 to $12
Betting is capped
hairy1961: calls $3
*** TURN *** [8d 6s Jc] [Jh]
hairy1961: bets $6
xcgxcg2005: calls $6
*** RIVER *** [8d 6s Jc Jh] [5d]
hairy1961: bets $6
xcgxcg2005: folds
Uncalled bet ($6) returned to hairy1961
hairy1961 collected $53.50 from pot
*** SUMMARY ***
Total pot $54 | Rake $0.50
Board [8d 6s Jc Jh 5d]
Seat 3: xcgxcg2005 (button) (small blind) folded on the River
Seat 5: hairy1961 (big blind) collected ($53.50)


PokerStars Hand #166836048598:  Hold'em Limit ($3/$6 USD) - 2017/02/26 23:25:09 ET
Table 'Leto' 6-max Seat #3 is the button
Seat 3: xcgxcg2005 ($148.95 in chips)
Seat 5: hairy1961 ($41.50 in chips)
xcgxcg2005: posts small blind $1
hairy1961: posts big blind $3
*** HOLE CARDS ***
xcgxcg2005: folds
Uncalled bet ($2) returned to hairy1961
hairy1961 collected $2 from pot
*** SUMMARY ***
Total pot $2 | Rake $0
Seat 3: xcgxcg2005 (button) (small blind) folded before Flop
Seat 5: hairy1961 (big blind) collected ($2)


PokerStars Hand #166836046133:  Hold'em Limit ($3/$6 USD) - 2017/02/26 23:25:00 ET
Table 'Leto' 6-max Seat #5 is the button
Seat 3: xcgxcg2005 ($151.95 in chips)
Seat 5: hairy1961 ($38.50 in chips)
hairy1961: posts small blind $1
xcgxcg2005: posts big blind $3
*** HOLE CARDS ***
hairy1961: raises $3 to $6
xcgxcg2005: folds
Uncalled bet ($3) returned to hairy1961
hairy1961 collected $6 from pot
*** SUMMARY ***
Total pot $6 | Rake $0
Seat 3: xcgxcg2005 (big blind) folded before Flop
Seat 5: hairy1961 (button) (small blind) collected ($6)


PokerStars Hand #166836038783:  Hold'em Limit ($3/$6 USD) - 2017/02/26 23:24:34 ET
Table 'Leto' 6-max Seat #3 is the button
Seat 3: xcgxcg2005 ($125.45 in chips)
Seat 5: hairy1961 ($65.50 in chips)
xcgxcg2005: posts small blind $1
hairy1961: posts big blind $3
*** HOLE CARDS ***
xcgxcg2005: raises $3 to $6
hairy1961: calls $3
*** FLOP *** [Jc Jd 8s]
hairy1961: checks
xcgxcg2005: bets $3
hairy1961: calls $3
*** TURN *** [Jc Jd 8s] [Qs]
hairy1961: checks
xcgxcg2005: bets $6
hairy1961: calls $6
*** RIVER *** [Jc Jd 8s Qs] [Kd]
hairy1961: bets $6
xcgxcg2005: raises $6 to $12
hairy1961: calls $6
*** SHOW DOWN ***
xcgxcg2005: shows [Th Ac] (a straight, Ten to Ace)
hairy1961: mucks hand
xcgxcg2005 collected $53.50 from pot
*** SUMMARY ***
Total pot $54 | Rake $0.50
Board [Jc Jd 8s Qs Kd]
Seat 3: xcgxcg2005 (button) (small blind) showed [Th Ac] and won ($53.50) with a straight, Ten to Ace
Seat 5: hairy1961 (big blind) mucked


PokerStars Hand #166836054186:  Hold'em Limit ($3/$6 USD) - 2017/02/26 23:25:28 ET
Table 'Leto' 6-max Seat #3 is the button
Seat 3: xcgxcg2005 ($159.47 in chips)
Seat 5: hairy1961 ($30.50 in chips)
xcgxcg2005: posts small blind $1
hairy1961: posts big blind $3
*** HOLE CARDS ***
xcgxcg2005: folds
Uncalled bet ($2) returned to hairy1961
hairy1961 collected $2 from pot
*** SUMMARY ***
Total pot $2 | Rake $0
Seat 3: xcgxcg2005 (button) (small blind) folded before Flop
Seat 5: hairy1961 (big blind) collected ($2)


PokerStars Hand #166836050142:  Hold'em Limit ($3/$6 USD) - 2017/02/26 23:25:14 ET
Table 'Leto' 6-max Seat #5 is the button
Seat 3: xcgxcg2005 ($147.95 in chips)
Seat 5: hairy1961 ($42.50 in chips)
hairy1961: posts small blind $1
xcgxcg2005: posts big blind $3
*** HOLE CARDS ***
hairy1961: raises $3 to $6
xcgxcg2005: raises $3 to $9
hairy1961: calls $3
*** FLOP *** [9h 6c 2s]
xcgxcg2005: bets $3
hairy1961: calls $3
*** TURN *** [9h 6c 2s] [Kc]
xcgxcg2005: bets $6
hairy1961: folds
Uncalled bet ($6) returned to xcgxcg2005
xcgxcg2005 collected $23.52 from pot
xcgxcg2005: doesn't show hand
*** SUMMARY ***
Total pot $24 | Rake $0.48
Board [9h 6c 2s Kc]
Seat 3: xcgxcg2005 (big blind) collected ($23.52)
Seat 5: hairy1961 (button) (small blind) folded on the Turn


PokerStars Hand #166836057211:  Hold'em Limit ($3/$6 USD) - 2017/02/26 23:25:39 ET
Table 'Leto' 6-max Seat #3 is the button
Seat 3: xcgxcg2005 ($159.47 in chips)
Seat 5: hairy1961 ($30.50 in chips)
xcgxcg2005: posts small blind $1
hairy1961: posts big blind $3
*** HOLE CARDS ***
xcgxcg2005: folds
Uncalled bet ($2) returned to hairy1961
hairy1961 collected $2 from pot
*** SUMMARY ***
Total pot $2 | Rake $0
Seat 3: xcgxcg2005 (button) (small blind) folded before Flop
Seat 5: hairy1961 (big blind) collected ($2)


PokerStars Hand #166836055611:  Hold'em Limit ($3/$6 USD) - 2017/02/26 23:25:33 ET
Table 'Leto' 6-max Seat #5 is the button
Seat 3: xcgxcg2005 ($158.47 in chips)
Seat 5: hairy1961 ($31.50 in chips)
hairy1961: posts small blind $1
xcgxcg2005: posts big blind $3
*** HOLE CARDS ***
hairy1961: folds
Uncalled bet ($2) returned to xcgxcg2005
xcgxcg2005 collected $2 from pot
xcgxcg2005: doesn't show hand
*** SUMMARY ***
Total pot $2 | Rake $0
Seat 3: xcgxcg2005 (big blind) collected ($2)
Seat 5: hairy1961 (button) (small blind) folded before Flop


PokerStars Hand #166836067994:  Hold'em Limit ($3/$6 USD) - 2017/02/26 23:26:16 ET
Table 'Leto' 6-max Seat #5 is the button
Seat 3: xcgxcg2005 ($152.47 in chips)
Seat 5: hairy1961 ($37.14 in chips)
hairy1961: posts small blind $1
xcgxcg2005: posts big blind $3
*** HOLE CARDS ***
hairy1961: folds
Uncalled bet ($2) returned to xcgxcg2005
xcgxcg2005 collected $2 from pot
xcgxcg2005: doesn't show hand
*** SUMMARY ***
Total pot $2 | Rake $0
Seat 3: xcgxcg2005 (big blind) collected ($2)
Seat 5: hairy1961 (button) (small blind) folded before Flop


PokerStars Hand #166836069443:  Hold'em Limit ($3/$6 USD) - 2017/02/26 23:26:21 ET
Table 'Leto' 6-max Seat #3 is the button
Seat 3: xcgxcg2005 ($153.47 in chips)
Seat 5: hairy1961 ($36.14 in chips)
xcgxcg2005: posts small blind $1
hairy1961: posts big blind $3
*** HOLE CARDS ***
xcgxcg2005: raises $3 to $6
hairy1961: raises $3 to $9
xcgxcg2005: calls $3
*** FLOP *** [Kc Tc Qc]
hairy1961: bets $3
xcgxcg2005: calls $3
*** TURN *** [Kc Tc Qc] [Qd]
hairy1961: bets $6
xcgxcg2005: calls $6
*** RIVER *** [Kc Tc Qc Qd] [Ah]
hairy1961: bets $6
xcgxcg2005: calls $6
*** SHOW DOWN ***
hairy1961: shows [8s 8c] (two pair, Queens and Eights)
xcgxcg2005: shows [Td 7d] (two pair, Queens and Tens)
xcgxcg2005 collected $47.50 from pot
*** SUMMARY ***
Total pot $48 | Rake $0.50
Board [Kc Tc Qc Qd Ah]
Seat 3: xcgxcg2005 (button) (small blind) showed [Td 7d] and won ($47.50) with two pair, Queens and Tens
Seat 5: hairy1961 (big blind) showed [8s 8c] and lost with two pair, Queens and Eights


PokerStars Hand #166836066516:  Hold'em Limit ($3/$6 USD) - 2017/02/26 23:26:11 ET
Table 'Leto' 6-max Seat #3 is the button
Seat 3: xcgxcg2005 ($153.47 in chips)
Seat 5: hairy1961 ($36.14 in chips)
xcgxcg2005: posts small blind $1
hairy1961: posts big blind $3
*** HOLE CARDS ***
xcgxcg2005: folds
Uncalled bet ($2) returned to hairy1961
hairy1961 collected $2 from pot
*** SUMMARY ***
Total pot $2 | Rake $0
Seat 3: xcgxcg2005 (button) (small blind) folded before Flop
Seat 5: hairy1961 (big blind) collected ($2)


PokerStars Hand #166836062009:  Hold'em Limit ($3/$6 USD) - 2017/02/26 23:25:55 ET
Table 'Leto' 6-max Seat #5 is the button
Seat 3: xcgxcg2005 ($162.47 in chips)
Seat 5: hairy1961 ($27.50 in chips)
hairy1961: posts small blind $1
xcgxcg2005: posts big blind $3
*** HOLE CARDS ***
hairy1961: raises $3 to $6
xcgxcg2005: calls $3
*** FLOP *** [2d Js Td]
xcgxcg2005: checks
hairy1961: bets $3
xcgxcg2005: calls $3
*** TURN *** [2d Js Td] [9s]
xcgxcg2005: checks
hairy1961: bets $6
xcgxcg2005: folds
Uncalled bet ($6) returned to hairy1961
hairy1961 collected $17.64 from pot
*** SUMMARY ***
Total pot $18 | Rake $0.36
Board [2d Js Td 9s]
Seat 3: xcgxcg2005 (big blind) folded on the Turn
Seat 5: hairy1961 (button) (small blind) collected ($17.64)


PokerStars Hand #166836060352:  Hold'em Limit ($3/$6 USD) - 2017/02/26 23:25:50 ET
Table 'Leto' 6-max Seat #3 is the button
Seat 3: xcgxcg2005 ($159.47 in chips)
Seat 5: hairy1961 ($30.50 in chips)
xcgxcg2005: posts small blind $1
hairy1961: posts big blind $3
*** HOLE CARDS ***
xcgxcg2005: raises $3 to $6
hairy1961: folds
Uncalled bet ($3) returned to xcgxcg2005
xcgxcg2005 collected $6 from pot
xcgxcg2005: doesn't show hand
*** SUMMARY ***
Total pot $6 | Rake $0
Seat 3: xcgxcg2005 (button) (small blind) collected ($6)
Seat 5: hairy1961 (big blind) folded before Flop


PokerStars Hand #166836058757:  Hold'em Limit ($3/$6 USD) - 2017/02/26 23:25:44 ET
Table 'Leto' 6-max Seat #5 is the button
Seat 3: xcgxcg2005 ($158.47 in chips)
Seat 5: hairy1961 ($31.50 in chips)
hairy1961: posts small blind $1
xcgxcg2005: posts big blind $3
*** HOLE CARDS ***
hairy1961: folds
Uncalled bet ($2) returned to xcgxcg2005
xcgxcg2005 collected $2 from pot
xcgxcg2005: doesn't show hand
*** SUMMARY ***
Total pot $2 | Rake $0
Seat 3: xcgxcg2005 (big blind) collected ($2)
Seat 5: hairy1961 (button) (small blind) folded before Flop


PokerStars Hand #166836074733:  Hold'em Limit ($3/$6 USD) - 2017/02/26 23:26:40 ET
Table 'Leto' 6-max Seat #5 is the button
Seat 3: xcgxcg2005 ($176.97 in chips)
Seat 5: hairy1961 ($12.14 in chips)
hairy1961: posts small blind $1
xcgxcg2005: posts big blind $3
*** HOLE CARDS ***
mistere3 joins the table at seat #2
hairy1961: raises $3 to $6
xcgxcg2005: calls $3
*** FLOP *** [Js 3h Ks]
xcgxcg2005: checks
hairy1961: bets $3
xcgxcg2005: raises $3 to $6
hairy1961: raises $0.14 to $6.14 and is all-in
xcgxcg2005: calls $0.14
*** TURN *** [Js 3h Ks] [As]
*** RIVER *** [Js 3h Ks As] [6c]
*** SHOW DOWN ***
xcgxcg2005: shows [Kc Jc] (two pair, Kings and Jacks)
hairy1961: shows [Qc 3s] (a pair of Threes)
xcgxcg2005 collected $23.79 from pot
*** SUMMARY ***
Total pot $24.28 | Rake $0.49
Board [Js 3h Ks As 6c]
Seat 3: xcgxcg2005 (big blind) showed [Kc Jc] and won ($23.79) with two pair, Kings and Jacks
Seat 5: hairy1961 (button) (small blind) showed [Qc 3s] and lost with a pair of Threes


PokerStars Hand #166836080178:  Hold'em Limit ($3/$6 USD) - 2017/02/26 23:26:59 ET
Table 'Leto' 6-max Seat #3 is the button
Seat 2: mistere3 ($60 in chips)
Seat 3: xcgxcg2005 ($188.62 in chips)
xcgxcg2005: posts small blind $1
mistere3: posts big blind $3
*** HOLE CARDS ***
xcgxcg2005: folds
Uncalled bet ($2) returned to mistere3
mistere3 collected $2 from pot
mistere3: doesn't show hand
*** SUMMARY ***
Total pot $2 | Rake $0
Seat 2: mistere3 (big blind) collected ($2)
Seat 3: xcgxcg2005 (button) (small blind) folded before Flop


PokerStars Hand #166836088068:  Hold'em Limit ($3/$6 USD) - 2017/02/26 23:27:26 ET
Table 'Leto' 6-max Seat #3 is the button
Seat 2: mistere3 ($43 in chips)
Seat 3: xcgxcg2005 ($205.12 in chips)
xcgxcg2005: posts small blind $1
mistere3: posts big blind $3
*** HOLE CARDS ***
xcgxcg2005: raises $3 to $6
mistere3: calls $3
*** FLOP *** [Th Tc 8h]
mistere3: checks
xcgxcg2005: bets $3
mistere3: raises $3 to $6
xcgxcg2005: calls $3
*** TURN *** [Th Tc 8h] [As]
mistere3: checks
xcgxcg2005: bets $6
mistere3: folds
Uncalled bet ($6) returned to xcgxcg2005
xcgxcg2005 collected $23.52 from pot
xcgxcg2005: doesn't show hand
*** SUMMARY ***
Total pot $24 | Rake $0.48
Board [Th Tc 8h As]
Seat 2: mistere3 (big blind) folded on the Turn
Seat 3: xcgxcg2005 (button) (small blind) collected ($23.52)


PokerStars Hand #166836081569:  Hold'em Limit ($3/$6 USD) - 2017/02/26 23:27:03 ET
Table 'Leto' 6-max Seat #2 is the button
Seat 2: mistere3 ($61 in chips)
Seat 3: xcgxcg2005 ($187.62 in chips)
mistere3: posts small blind $1
xcgxcg2005: posts big blind $3
*** HOLE CARDS ***
mistere3: raises $3 to $6
xcgxcg2005: calls $3
*** FLOP *** [Kd 5s Th]
xcgxcg2005: checks
hairy1961 leaves the table
mistere3: bets $3
xcgxcg2005: raises $3 to $6
mistere3: calls $3
*** TURN *** [Kd 5s Th] [7c]
xcgxcg2005: bets $6
mistere3: calls $6
*** RIVER *** [Kd 5s Th 7c] [Tc]
xcgxcg2005: bets $6
mistere3: folds
Uncalled bet ($6) returned to xcgxcg2005
xcgxcg2005 collected $35.50 from pot
xcgxcg2005: doesn't show hand
*** SUMMARY ***
Total pot $36 | Rake $0.50
Board [Kd 5s Th 7c Tc]
Seat 2: mistere3 (button) (small blind) folded on the River
Seat 3: xcgxcg2005 (big blind) collected ($35.50)


PokerStars Hand #166836092742:  Hold'em Limit ($3/$6 USD) - 2017/02/26 23:27:43 ET
Table 'Leto' 6-max Seat #2 is the button
Seat 2: mistere3 ($31 in chips)
Seat 3: xcgxcg2005 ($216.64 in chips)
mistere3: posts small blind $1
xcgxcg2005: posts big blind $3
*** HOLE CARDS ***
mistere3: raises $3 to $6
xcgxcg2005: raises $3 to $9
mistere3: calls $3
*** FLOP *** [As 3h 2s]
xcgxcg2005: bets $3
mistere3: calls $3
*** TURN *** [As 3h 2s] [5c]
xcgxcg2005: bets $6
mistere3: raises $6 to $12
xcgxcg2005: raises $6 to $18
mistere3: calls $6
*** RIVER *** [As 3h 2s 5c] [4s]
xcgxcg2005: checks
mistere3: bets $1 and is all-in
xcgxcg2005: calls $1
*** SHOW DOWN ***
mistere3: shows [6s 7c] (a straight, Three to Seven)
xcgxcg2005: shows [Ad Qd] (a straight, Ace to Five)
mistere3 collected $61.50 from pot
*** SUMMARY ***
Total pot $62 | Rake $0.50
Board [As 3h 2s 5c 4s]
Seat 2: mistere3 (button) (small blind) showed [6s 7c] and won ($61.50) with a straight, Three to Seven
Seat 3: xcgxcg2005 (big blind) showed [Ad Qd] and lost with a straight, Ace to Five


PokerStars Hand #166836252361:  Hold'em Limit ($3/$6 USD) - 2017/02/26 23:37:19 ET
Table 'Leto' 6-max Seat #3 is the button
Seat 3: xcgxcg2005 ($130.56 in chips)
Seat 4: sarasa46 ($70.72 in chips)
xcgxcg2005: posts small blind $1
sarasa46: posts big blind $3
*** HOLE CARDS ***
xcgxcg2005: folds
Uncalled bet ($2) returned to sarasa46
sarasa46 collected $2 from pot
sarasa46: doesn't show hand
*** SUMMARY ***
Total pot $2 | Rake $0
Seat 3: xcgxcg2005 (button) (small blind) folded before Flop
Seat 4: sarasa46 (big blind) collected ($2)


PokerStars Hand #166836260277:  Hold'em Limit ($3/$6 USD) - 2017/02/26 23:37:47 ET
Table 'Leto' 6-max Seat #4 is the button
Seat 3: xcgxcg2005 ($110.56 in chips)
Seat 4: sarasa46 ($90.22 in chips)
sarasa46: posts small blind $1
xcgxcg2005: posts big blind $3
*** HOLE CARDS ***
sarasa46: raises $3 to $6
xcgxcg2005: raises $3 to $9
sarasa46: calls $3
*** FLOP *** [3d 8s Kh]
xcgxcg2005: bets $3
sarasa46: folds
Uncalled bet ($3) returned to xcgxcg2005
xcgxcg2005 collected $17.64 from pot
xcgxcg2005: doesn't show hand
*** SUMMARY ***
Total pot $18 | Rake $0.36
Board [3d 8s Kh]
Seat 3: xcgxcg2005 (big blind) collected ($17.64)
Seat 4: sarasa46 (button) (small blind) folded on the Flop


PokerStars Hand #166836258940:  Hold'em Limit ($3/$6 USD) - 2017/02/26 23:37:43 ET
Table 'Leto' 6-max Seat #3 is the button
Seat 3: xcgxcg2005 ($111.56 in chips)
Seat 4: sarasa46 ($89.22 in chips)
xcgxcg2005: posts small blind $1
sarasa46: posts big blind $3
*** HOLE CARDS ***
xcgxcg2005: folds
Uncalled bet ($2) returned to sarasa46
sarasa46 collected $2 from pot
sarasa46: doesn't show hand
*** SUMMARY ***
Total pot $2 | Rake $0
Seat 3: xcgxcg2005 (button) (small blind) folded before Flop
Seat 4: sarasa46 (big blind) collected ($2)


PokerStars Hand #166836253967:  Hold'em Limit ($3/$6 USD) - 2017/02/26 23:37:24 ET
Table 'Leto' 6-max Seat #4 is the button
Seat 3: xcgxcg2005 ($129.56 in chips)
Seat 4: sarasa46 ($71.72 in chips)
sarasa46: posts small blind $1
xcgxcg2005: posts big blind $3
*** HOLE CARDS ***
sarasa46: raises $3 to $6
xcgxcg2005: raises $3 to $9
sarasa46: calls $3
*** FLOP *** [9s 2h 9c]
xcgxcg2005: bets $3
sarasa46: calls $3
*** TURN *** [9s 2h 9c] [Qh]
xcgxcg2005: bets $6
sarasa46: raises $6 to $12
xcgxcg2005: folds
Uncalled bet ($6) returned to sarasa46
sarasa46 collected $35.50 from pot
sarasa46: doesn't show hand
*** SUMMARY ***
Total pot $36 | Rake $0.50
Board [9s 2h 9c Qh]
Seat 3: xcgxcg2005 (big blind) folded on the Turn
Seat 4: sarasa46 (button) (small blind) collected ($35.50)


PokerStars Hand #166836246547:  Hold'em Limit ($3/$6 USD) - 2017/02/26 23:36:57 ET
Table 'Leto' 6-max Seat #4 is the button
Seat 3: xcgxcg2005 ($98.06 in chips)
Seat 4: sarasa46 ($103.72 in chips)
sarasa46: posts small blind $1
xcgxcg2005: posts big blind $3
*** HOLE CARDS ***
sarasa46: raises $3 to $6
xcgxcg2005: calls $3
*** FLOP *** [Ad Js 9d]
xcgxcg2005: checks
sarasa46: bets $3
xcgxcg2005: calls $3
*** TURN *** [Ad Js 9d] [Td]
xcgxcg2005: bets $6
sarasa46: raises $6 to $12
xcgxcg2005: calls $6
*** RIVER *** [Ad Js 9d Td] [6h]
xcgxcg2005: bets $6
sarasa46: raises $6 to $12
xcgxcg2005: calls $6
*** SHOW DOWN ***
sarasa46: shows [Qs 8h] (a straight, Eight to Queen)
xcgxcg2005: shows [Qc Kh] (a straight, Ten to Ace)
xcgxcg2005 collected $65.50 from pot
*** SUMMARY ***
Total pot $66 | Rake $0.50
Board [Ad Js 9d Td 6h]
Seat 3: xcgxcg2005 (big blind) showed [Qc Kh] and won ($65.50) with a straight, Ten to Ace
Seat 4: sarasa46 (button) (small blind) showed [Qs 8h] and lost with a straight, Eight to Queen


PokerStars Hand #166836273800:  Hold'em Limit ($3/$6 USD) - 2017/02/26 23:38:37 ET
Table 'Leto' 6-max Seat #3 is the button
Seat 3: xcgxcg2005 ($101.20 in chips)
Seat 4: sarasa46 ($98.50 in chips)
xcgxcg2005: posts small blind $1
sarasa46: posts big blind $3
*** HOLE CARDS ***
xcgxcg2005: folds
Uncalled bet ($2) returned to sarasa46
sarasa46 collected $2 from pot
sarasa46: doesn't show hand
*** SUMMARY ***
Total pot $2 | Rake $0
Seat 3: xcgxcg2005 (button) (small blind) folded before Flop
Seat 4: sarasa46 (big blind) collected ($2)


PokerStars Hand #166836267550:  Hold'em Limit ($3/$6 USD) - 2017/02/26 23:38:14 ET
Table 'Leto' 6-max Seat #4 is the button
Seat 3: xcgxcg2005 ($113.20 in chips)
Seat 4: sarasa46 ($86.98 in chips)
sarasa46: posts small blind $1
xcgxcg2005: posts big blind $3
*** HOLE CARDS ***
sarasa46: raises $3 to $6
xcgxcg2005: raises $3 to $9
sarasa46: calls $3
*** FLOP *** [3s 2s Kh]
xcgxcg2005: bets $3
sarasa46: calls $3
*** TURN *** [3s 2s Kh] [6d]
xcgxcg2005: checks
sarasa46: checks
*** RIVER *** [3s 2s Kh 6d] [4d]
xcgxcg2005: checks
sarasa46: bets $6
xcgxcg2005: folds
Uncalled bet ($6) returned to sarasa46
sarasa46 collected $23.52 from pot
sarasa46: doesn't show hand
*** SUMMARY ***
Total pot $24 | Rake $0.48
Board [3s 2s Kh 6d 4d]
Seat 3: xcgxcg2005 (big blind) folded on the River
Seat 4: sarasa46 (button) (small blind) collected ($23.52)


PokerStars Hand #166836275090:  Hold'em Limit ($3/$6 USD) - 2017/02/26 23:38:42 ET
Table 'Leto' 6-max Seat #4 is the button
Seat 3: xcgxcg2005 ($100.20 in chips)
Seat 4: sarasa46 ($99.50 in chips)
sarasa46: posts small blind $1
xcgxcg2005: posts big blind $3
*** HOLE CARDS ***
sarasa46: raises $3 to $6
xcgxcg2005: raises $3 to $9
sarasa46: calls $3
*** FLOP *** [Th 2h 6c]
xcgxcg2005: bets $3
sarasa46: folds
Uncalled bet ($3) returned to xcgxcg2005
xcgxcg2005 collected $17.64 from pot
xcgxcg2005: doesn't show hand
*** SUMMARY ***
Total pot $18 | Rake $0.36
Board [Th 2h 6c]
Seat 3: xcgxcg2005 (big blind) collected ($17.64)
Seat 4: sarasa46 (button) (small blind) folded on the Flop


PokerStars Hand #166836263321:  Hold'em Limit ($3/$6 USD) - 2017/02/26 23:37:59 ET
Table 'Leto' 6-max Seat #3 is the button
Seat 3: xcgxcg2005 ($119.20 in chips)
Seat 4: sarasa46 ($81.22 in chips)
xcgxcg2005: posts small blind $1
sarasa46: posts big blind $3
*** HOLE CARDS ***
xcgxcg2005: raises $3 to $6
sarasa46: calls $3
*** FLOP *** [3d 4c 9c]
sarasa46: checks
xcgxcg2005: checks
*** TURN *** [3d 4c 9c] [9h]
sarasa46: bets $6
xcgxcg2005: folds
Uncalled bet ($6) returned to sarasa46
sarasa46 collected $11.76 from pot
sarasa46: doesn't show hand
*** SUMMARY ***
Total pot $12 | Rake $0.24
Board [3d 4c 9c 9h]
Seat 3: xcgxcg2005 (button) (small blind) folded on the Turn
Seat 4: sarasa46 (big blind) collected ($11.76)


PokerStars Hand #166836292581:  Hold'em Limit ($3/$6 USD) - 2017/02/26 23:39:46 ET
Table 'Leto' 6-max Seat #3 is the button
Seat 3: xcgxcg2005 ($105.34 in chips)
Seat 4: sarasa46 ($93 in chips)
xcgxcg2005: posts small blind $1
sarasa46: posts big blind $3
*** HOLE CARDS ***
xcgxcg2005: raises $3 to $6
sarasa46: calls $3
*** FLOP *** [Kd 5c 7h]
sarasa46: checks
xcgxcg2005: bets $3
sarasa46: calls $3
*** TURN *** [Kd 5c 7h] [Tc]
sarasa46: checks
xcgxcg2005: checks
*** RIVER *** [Kd 5c 7h Tc] [9h]
sarasa46: bets $6
xcgxcg2005: calls $6
*** SHOW DOWN ***
sarasa46: shows [9d Th] (two pair, Tens and Nines)
xcgxcg2005: mucks hand
sarasa46 collected $29.50 from pot
*** SUMMARY ***
Total pot $30 | Rake $0.50
Board [Kd 5c 7h Tc 9h]
Seat 3: xcgxcg2005 (button) (small blind) mucked
Seat 4: sarasa46 (big blind) showed [9d Th] and won ($29.50) with two pair, Tens and Nines


PokerStars Hand #166836285940:  Hold'em Limit ($3/$6 USD) - 2017/02/26 23:39:21 ET
Table 'Leto' 6-max Seat #4 is the button
Seat 3: xcgxcg2005 ($129.34 in chips)
Seat 4: sarasa46 ($69.50 in chips)
sarasa46: posts small blind $1
xcgxcg2005: posts big blind $3
*** HOLE CARDS ***
sarasa46: raises $3 to $6
xcgxcg2005: raises $3 to $9
sarasa46: calls $3
*** FLOP *** [8h 3c 2c]
xcgxcg2005: bets $3
sarasa46: calls $3
*** TURN *** [8h 3c 2c] [2d]
xcgxcg2005: checks
sarasa46: bets $6
xcgxcg2005: raises $6 to $12
sarasa46: raises $6 to $18
xcgxcg2005: folds
Uncalled bet ($6) returned to sarasa46
sarasa46 collected $47.50 from pot
sarasa46: doesn't show hand
*** SUMMARY ***
Total pot $48 | Rake $0.50
Board [8h 3c 2c 2d]
Seat 3: xcgxcg2005 (big blind) folded on the Turn
Seat 4: sarasa46 (button) (small blind) collected ($47.50)


PokerStars Hand #166836278807:  Hold'em Limit ($3/$6 USD) - 2017/02/26 23:38:55 ET
Table 'Leto' 6-max Seat #3 is the button
Seat 3: xcgxcg2005 ($108.84 in chips)
Seat 4: sarasa46 ($90.50 in chips)
xcgxcg2005: posts small blind $1
sarasa46: posts big blind $3
*** HOLE CARDS ***
xcgxcg2005: raises $3 to $6
sarasa46: calls $3
*** FLOP *** [5d 6c 7c]
sarasa46: checks
xcgxcg2005: bets $3
sarasa46: calls $3
*** TURN *** [5d 6c 7c] [Qd]
sarasa46: checks
xcgxcg2005: bets $6
sarasa46: calls $6
*** RIVER *** [5d 6c 7c Qd] [Td]
sarasa46: checks
xcgxcg2005: bets $6
sarasa46: calls $6
*** SHOW DOWN ***
xcgxcg2005: shows [4c 8h] (a straight, Four to Eight)
sarasa46: mucks hand
xcgxcg2005 collected $41.50 from pot
*** SUMMARY ***
Total pot $42 | Rake $0.50
Board [5d 6c 7c Qd Td]
Seat 3: xcgxcg2005 (button) (small blind) showed [4c 8h] and won ($41.50) with a straight, Four to Eight
Seat 4: sarasa46 (big blind) mucked


PokerStars Hand #166836302917:  Hold'em Limit ($3/$6 USD) - 2017/02/26 23:40:24 ET
Table 'Leto' 6-max Seat #3 is the button
Seat 3: xcgxcg2005 ($83.34 in chips)
Seat 4: sarasa46 ($114.50 in chips)
xcgxcg2005: posts small blind $1
sarasa46: posts big blind $3
*** HOLE CARDS ***
xcgxcg2005: raises $3 to $6
sarasa46: raises $3 to $9
xcgxcg2005: calls $3
*** FLOP *** [Ks 8h 5d]
sarasa46: bets $3
xcgxcg2005: raises $3 to $6
sarasa46: calls $3
*** TURN *** [Ks 8h 5d] [2s]
sarasa46: checks
xcgxcg2005: checks
*** RIVER *** [Ks 8h 5d 2s] [4d]
sarasa46: checks
xcgxcg2005: bets $6
sarasa46: calls $6
*** SHOW DOWN ***
xcgxcg2005: shows [Ah 5c] (a pair of Fives)
sarasa46: mucks hand
xcgxcg2005 collected $41.50 from pot
*** SUMMARY ***
Total pot $42 | Rake $0.50
Board [Ks 8h 5d 2s 4d]
Seat 3: xcgxcg2005 (button) (small blind) showed [Ah 5c] and won ($41.50) with a pair of Fives
Seat 4: sarasa46 (big blind) mucked


PokerStars Hand #166836309581:  Hold'em Limit ($3/$6 USD) - 2017/02/26 23:40:49 ET
Table 'Leto' 6-max Seat #4 is the button
Seat 3: xcgxcg2005 ($103.84 in chips)
Seat 4: sarasa46 ($93.50 in chips)
sarasa46: posts small blind $1
xcgxcg2005: posts big blind $3
*** HOLE CARDS ***
sarasa46: raises $3 to $6
xcgxcg2005: raises $3 to $9
sarasa46: calls $3
*** FLOP *** [9d 2s Ac]
xcgxcg2005: bets $3
sarasa46: folds
Uncalled bet ($3) returned to xcgxcg2005
xcgxcg2005 collected $17.64 from pot
xcgxcg2005: doesn't show hand
*** SUMMARY ***
Total pot $18 | Rake $0.36
Board [9d 2s Ac]
Seat 3: xcgxcg2005 (big blind) collected ($17.64)
Seat 4: sarasa46 (button) (small blind) folded on the Flop


PokerStars Hand #166836300074:  Hold'em Limit ($3/$6 USD) - 2017/02/26 23:40:14 ET
Table 'Leto' 6-max Seat #3 is the button
Seat 3: xcgxcg2005 ($87.34 in chips)
Seat 4: sarasa46 ($110.50 in chips)
xcgxcg2005: posts small blind $1
sarasa46: posts big blind $3
*** HOLE CARDS ***
xcgxcg2005: folds
Uncalled bet ($2) returned to sarasa46
sarasa46 collected $2 from pot
sarasa46: doesn't show hand
*** SUMMARY ***
Total pot $2 | Rake $0
Seat 3: xcgxcg2005 (button) (small blind) folded before Flop
Seat 4: sarasa46 (big blind) collected ($2)


PokerStars Hand #166836298562:  Hold'em Limit ($3/$6 USD) - 2017/02/26 23:40:08 ET
Table 'Leto' 6-max Seat #4 is the button
Seat 3: xcgxcg2005 ($90.34 in chips)
Seat 4: sarasa46 ($107.50 in chips)
sarasa46: posts small blind $1
xcgxcg2005: posts big blind $3
*** HOLE CARDS ***
sarasa46: raises $3 to $6
xcgxcg2005: folds
Uncalled bet ($3) returned to sarasa46
sarasa46 collected $6 from pot
sarasa46: doesn't show hand
*** SUMMARY ***
Total pot $6 | Rake $0
Seat 3: xcgxcg2005 (big blind) folded before Flop
Seat 4: sarasa46 (button) (small blind) collected ($6)


PokerStars Hand #166836301443:  Hold'em Limit ($3/$6 USD) - 2017/02/26 23:40:19 ET
Table 'Leto' 6-max Seat #4 is the button
Seat 3: xcgxcg2005 ($86.34 in chips)
Seat 4: sarasa46 ($111.50 in chips)
sarasa46: posts small blind $1
xcgxcg2005: posts big blind $3
*** HOLE CARDS ***
sarasa46: raises $3 to $6
xcgxcg2005: folds
Uncalled bet ($3) returned to sarasa46
sarasa46 collected $6 from pot
sarasa46: doesn't show hand
*** SUMMARY ***
Total pot $6 | Rake $0
Seat 3: xcgxcg2005 (big blind) folded before Flop
Seat 4: sarasa46 (button) (small blind) collected ($6)


PokerStars Hand #166836325000:  Hold'em Limit ($3/$6 USD) - 2017/02/26 23:41:46 ET
Table 'Leto' 6-max Seat #4 is the button
Seat 3: xcgxcg2005 ($88.24 in chips)
Seat 4: sarasa46 ($108 in chips)
sarasa46: posts small blind $1
xcgxcg2005: posts big blind $3
*** HOLE CARDS ***
sarasa46: raises $3 to $6
xcgxcg2005: folds
Uncalled bet ($3) returned to sarasa46
sarasa46 collected $6 from pot
sarasa46: doesn't show hand
*** SUMMARY ***
Total pot $6 | Rake $0
Seat 3: xcgxcg2005 (big blind) folded before Flop
Seat 4: sarasa46 (button) (small blind) collected ($6)


PokerStars Hand #166836319129:  Hold'em Limit ($3/$6 USD) - 2017/02/26 23:41:24 ET
Table 'Leto' 6-max Seat #3 is the button
Seat 3: xcgxcg2005 ($115.24 in chips)
Seat 4: sarasa46 ($81.50 in chips)
xcgxcg2005: posts small blind $1
sarasa46: posts big blind $3
*** HOLE CARDS ***
xcgxcg2005: raises $3 to $6
sarasa46: calls $3
*** FLOP *** [4s Ad Ts]
sarasa46: checks
xcgxcg2005: bets $3
sarasa46: calls $3
*** TURN *** [4s Ad Ts] [2c]
sarasa46: checks
xcgxcg2005: bets $6
sarasa46: raises $6 to $12
xcgxcg2005: calls $6
*** RIVER *** [4s Ad Ts 2c] [Kc]
sarasa46: bets $6
xcgxcg2005: calls $6
*** SHOW DOWN ***
sarasa46: shows [2d Ac] (two pair, Aces and Deuces)
xcgxcg2005: mucks hand
sarasa46 collected $53.50 from pot
*** SUMMARY ***
Total pot $54 | Rake $0.50
Board [4s Ad Ts 2c Kc]
Seat 3: xcgxcg2005 (button) (small blind) mucked
Seat 4: sarasa46 (big blind) showed [2d Ac] and won ($53.50) with two pair, Aces and Deuces


PokerStars Hand #166836313305:  Hold'em Limit ($3/$6 USD) - 2017/02/26 23:41:03 ET
Table 'Leto' 6-max Seat #3 is the button
Seat 3: xcgxcg2005 ($112.48 in chips)
Seat 4: sarasa46 ($84.50 in chips)
xcgxcg2005: posts small blind $1
sarasa46: posts big blind $3
*** HOLE CARDS ***
xcgxcg2005: raises $3 to $6
sarasa46: calls $3
*** FLOP *** [7c Qc 6c]
sarasa46: checks
xcgxcg2005: bets $3
sarasa46: folds
Uncalled bet ($3) returned to xcgxcg2005
xcgxcg2005 collected $11.76 from pot
xcgxcg2005: doesn't show hand
*** SUMMARY ***
Total pot $12 | Rake $0.24
Board [7c Qc 6c]
Seat 3: xcgxcg2005 (button) (small blind) collected ($11.76)
Seat 4: sarasa46 (big blind) folded on the Flop


PokerStars Hand #166836316851:  Hold'em Limit ($3/$6 USD) - 2017/02/26 23:41:16 ET
Table 'Leto' 6-max Seat #4 is the button
Seat 3: xcgxcg2005 ($118.24 in chips)
Seat 4: sarasa46 ($78.50 in chips)
sarasa46: posts small blind $1
xcgxcg2005: posts big blind $3
*** HOLE CARDS ***
sarasa46: raises $3 to $6
xcgxcg2005: folds
Uncalled bet ($3) returned to sarasa46
sarasa46 collected $6 from pot
sarasa46: doesn't show hand
*** SUMMARY ***
Total pot $6 | Rake $0
Seat 3: xcgxcg2005 (big blind) folded before Flop
Seat 4: sarasa46 (button) (small blind) collected ($6)


PokerStars Hand #166836332849:  Hold'em Limit ($3/$6 USD) - 2017/02/26 23:42:15 ET
Table 'Leto' 6-max Seat #4 is the button
Seat 3: xcgxcg2005 ($91 in chips)
Seat 4: sarasa46 ($105 in chips)
sarasa46: posts small blind $1
xcgxcg2005: posts big blind $3
*** HOLE CARDS ***
sarasa46: raises $3 to $6
xcgxcg2005: folds
Uncalled bet ($3) returned to sarasa46
sarasa46 collected $6 from pot
sarasa46: doesn't show hand
*** SUMMARY ***
Total pot $6 | Rake $0
Seat 3: xcgxcg2005 (big blind) folded before Flop
Seat 4: sarasa46 (button) (small blind) collected ($6)


PokerStars Hand #166836326597:  Hold'em Limit ($3/$6 USD) - 2017/02/26 23:41:52 ET
Table 'Leto' 6-max Seat #3 is the button
Seat 3: xcgxcg2005 ($85.24 in chips)
Seat 4: sarasa46 ($111 in chips)
xcgxcg2005: posts small blind $1
sarasa46: posts big blind $3
*** HOLE CARDS ***
xcgxcg2005: raises $3 to $6
sarasa46: calls $3
*** FLOP *** [Qh 5c 8s]
sarasa46: checks
xcgxcg2005: checks
*** TURN *** [Qh 5c 8s] [Jc]
sarasa46: checks
xcgxcg2005: bets $6
sarasa46: folds
Uncalled bet ($6) returned to xcgxcg2005
xcgxcg2005 collected $11.76 from pot
xcgxcg2005: doesn't show hand
*** SUMMARY ***
Total pot $12 | Rake $0.24
Board [Qh 5c 8s Jc]
Seat 3: xcgxcg2005 (button) (small blind) collected ($11.76)
Seat 4: sarasa46 (big blind) folded on the Turn


PokerStars Hand #166836337693:  Hold'em Limit ($3/$6 USD) - 2017/02/26 23:42:33 ET
Table 'Leto' 6-max Seat #3 is the button
Seat 3: xcgxcg2005 ($84 in chips)
Seat 4: sarasa46 ($112 in chips)
xcgxcg2005: posts small blind $1
sarasa46: posts big blind $3
*** HOLE CARDS ***
xcgxcg2005: raises $3 to $6
sarasa46: calls $3
*** FLOP *** [Qd 7c 3d]
sarasa46: checks
xcgxcg2005: checks
*** TURN *** [Qd 7c 3d] [Th]
sarasa46: checks
xcgxcg2005: bets $6
sarasa46: calls $6
*** RIVER *** [Qd 7c 3d Th] [Ac]
sarasa46: checks
xcgxcg2005: bets $6
sarasa46: calls $6
*** SHOW DOWN ***
xcgxcg2005: shows [Tc 5c] (a pair of Tens)
sarasa46: shows [2d Ts] (a pair of Tens)
sarasa46 collected $17.75 from pot
xcgxcg2005 collected $17.75 from pot
*** SUMMARY ***
Total pot $36 | Rake $0.50
Board [Qd 7c 3d Th Ac]
Seat 3: xcgxcg2005 (button) (small blind) showed [Tc 5c] and won ($17.75) with a pair of Tens
Seat 4: sarasa46 (big blind) showed [2d Ts] and won ($17.75) with a pair of Tens


PokerStars Hand #166836334640:  Hold'em Limit ($3/$6 USD) - 2017/02/26 23:42:21 ET
Table 'Leto' 6-max Seat #3 is the button
Seat 3: xcgxcg2005 ($88 in chips)
Seat 4: sarasa46 ($108 in chips)
xcgxcg2005: posts small blind $1
sarasa46: posts big blind $3
*** HOLE CARDS ***
xcgxcg2005: folds
Uncalled bet ($2) returned to sarasa46
sarasa46 collected $2 from pot
sarasa46: doesn't show hand
*** SUMMARY ***
Total pot $2 | Rake $0
Seat 3: xcgxcg2005 (button) (small blind) folded before Flop
Seat 4: sarasa46 (big blind) collected ($2)


PokerStars Hand #166836364490:  Hold'em Limit ($3/$6 USD) - 2017/02/26 23:43:54 ET
Table 'Leto' 6-max Seat #3 is the button
Seat 3: xcgxcg2005 ($127.39 in chips)
Seat 4: sarasa46 ($66.75 in chips)
xcgxcg2005: posts small blind $1
sarasa46: posts big blind $3
*** HOLE CARDS ***
xcgxcg2005: raises $3 to $6
sarasa46: folds
Uncalled bet ($3) returned to xcgxcg2005
xcgxcg2005 collected $6 from pot
xcgxcg2005: doesn't show hand
*** SUMMARY ***
Total pot $6 | Rake $0
Seat 3: xcgxcg2005 (button) (small blind) collected ($6)
Seat 4: sarasa46 (big blind) folded before Flop


PokerStars Hand #166836360868:  Hold'em Limit ($3/$6 USD) - 2017/02/26 23:43:41 ET
Table 'Leto' 6-max Seat #4 is the button
Seat 3: xcgxcg2005 ($118.75 in chips)
Seat 4: sarasa46 ($75.75 in chips)
sarasa46: posts small blind $1
xcgxcg2005: posts big blind $3
*** HOLE CARDS ***
sarasa46: raises $3 to $6
xcgxcg2005: raises $3 to $9
sarasa46: calls $3
*** FLOP *** [Kh Jc Ks]
xcgxcg2005: bets $3
sarasa46: folds
Uncalled bet ($3) returned to xcgxcg2005
xcgxcg2005 collected $17.64 from pot
xcgxcg2005: doesn't show hand
*** SUMMARY ***
Total pot $18 | Rake $0.36
Board [Kh Jc Ks]
Seat 3: xcgxcg2005 (big blind) collected ($17.64)
Seat 4: sarasa46 (button) (small blind) folded on the Flop


PokerStars Hand #166836366726:  Hold'em Limit ($3/$6 USD) - 2017/02/26 23:44:03 ET
Table 'Leto' 6-max Seat #4 is the button
Seat 3: xcgxcg2005 ($130.39 in chips)
Seat 4: sarasa46 ($63.75 in chips)
sarasa46: posts small blind $1
xcgxcg2005: posts big blind $3
*** HOLE CARDS ***
sarasa46: raises $3 to $6
xcgxcg2005: folds
Uncalled bet ($3) returned to sarasa46
sarasa46 collected $6 from pot
sarasa46: doesn't show hand
*** SUMMARY ***
Total pot $6 | Rake $0
Seat 3: xcgxcg2005 (big blind) folded before Flop
Seat 4: sarasa46 (button) (small blind) collected ($6)


PokerStars Hand #166836349347:  Hold'em Limit ($3/$6 USD) - 2017/02/26 23:43:16 ET
Table 'Leto' 6-max Seat #3 is the button
Seat 3: xcgxcg2005 ($104.25 in chips)
Seat 4: sarasa46 ($90.75 in chips)
xcgxcg2005: posts small blind $1
sarasa46: posts big blind $3
*** HOLE CARDS ***
xcgxcg2005: raises $3 to $6
sarasa46: calls $3
*** FLOP *** [Ad 8s Ks]
sarasa46: checks
xcgxcg2005: bets $3
sarasa46: calls $3
*** TURN *** [Ad 8s Ks] [Kh]
sarasa46: checks
xcgxcg2005: checks
*** RIVER *** [Ad 8s Ks Kh] [4s]
sarasa46: checks
xcgxcg2005: bets $6
sarasa46: calls $6
*** SHOW DOWN ***
xcgxcg2005: shows [4h 4d] (a full house, Fours full of Kings)
sarasa46: mucks hand
xcgxcg2005 collected $29.50 from pot
*** SUMMARY ***
Total pot $30 | Rake $0.50
Board [Ad 8s Ks Kh 4s]
Seat 3: xcgxcg2005 (button) (small blind) showed [4h 4d] and won ($29.50) with a full house, Fours full of Kings
Seat 4: sarasa46 (big blind) mucked


PokerStars Hand #166836343302:  Hold'em Limit ($3/$6 USD) - 2017/02/26 23:42:53 ET
Table 'Leto' 6-max Seat #4 is the button
Seat 3: xcgxcg2005 ($83.75 in chips)
Seat 4: sarasa46 ($111.75 in chips)
sarasa46: posts small blind $1
xcgxcg2005: posts big blind $3
*** HOLE CARDS ***
sarasa46: raises $3 to $6
xcgxcg2005: calls $3
*** FLOP *** [Ad 9s 3d]
xcgxcg2005: checks
sarasa46: bets $3
xcgxcg2005: raises $3 to $6
sarasa46: raises $3 to $9
xcgxcg2005: calls $3
*** TURN *** [Ad 9s 3d] [9d]
xcgxcg2005: checks
sarasa46: bets $6
xcgxcg2005: calls $6
*** RIVER *** [Ad 9s 3d 9d] [6s]
xcgxcg2005: checks
sarasa46: checks
*** SHOW DOWN ***
xcgxcg2005: shows [8d As] (two pair, Aces and Nines)
sarasa46: mucks hand
xcgxcg2005 collected $41.50 from pot
*** SUMMARY ***
Total pot $42 | Rake $0.50
Board [Ad 9s 3d 9d 6s]
Seat 3: xcgxcg2005 (big blind) showed [8d As] and won ($41.50) with two pair, Aces and Nines
Seat 4: sarasa46 (button) (small blind) mucked


