PokerStars Hand #174148518165:  Hold'em Limit ($3/$6 USD) - 2017/08/10 5:27:08 ET
Table 'Leto II' 6-max Seat #4 is the button
Seat 4: VolkovDmitri ($140.50 in chips)
Seat 6: luiscampo123 ($26 in chips)
VolkovDmitri: posts small blind $1
luiscampo123: posts big blind $3
*** HOLE CARDS ***
VolkovDmitri: raises $3 to $6
luiscampo123: raises $3 to $9
Fetish73 joins the table at seat #5
VolkovDmitri: calls $3
*** FLOP *** [Kh 6d 7h]
Psynto joins the table at seat #1
luiscampo123: bets $3
VolkovDmitri: calls $3
*** TURN *** [Kh 6d 7h] [As]
luiscampo123: bets $6
VolkovDmitri: folds
Uncalled bet ($6) returned to luiscampo123
luiscampo123 collected $23.52 from pot
*** SUMMARY ***
Total pot $24 | Rake $0.48
Board [Kh 6d 7h As]
Seat 4: VolkovDmitri (button) (small blind) folded on the Turn
Seat 6: luiscampo123 (big blind) collected ($23.52)


PokerStars Hand #174148508611:  Hold'em Limit ($3/$6 USD) - 2017/08/10 5:26:40 ET
Table 'Leto II' 6-max Seat #6 is the button
Seat 4: VolkovDmitri ($120 in chips)
Seat 6: luiscampo123 ($47 in chips)
luiscampo123: posts small blind $1
VolkovDmitri: posts big blind $3
*** HOLE CARDS ***
luiscampo123: raises $3 to $6
VolkovDmitri: calls $3
*** FLOP *** [4s 7d 6d]
VolkovDmitri: checks
luiscampo123: bets $3
VolkovDmitri: calls $3
*** TURN *** [4s 7d 6d] [9h]
VolkovDmitri: checks
luiscampo123: bets $6
VolkovDmitri: calls $6
*** RIVER *** [4s 7d 6d 9h] [4d]
VolkovDmitri: bets $6
luiscampo123: calls $6
*** SHOW DOWN ***
VolkovDmitri: shows [Qd 4h] (three of a kind, Fours)
luiscampo123: mucks hand
VolkovDmitri collected $41.50 from pot
*** SUMMARY ***
Total pot $42 | Rake $0.50
Board [4s 7d 6d 9h 4d]
Seat 4: VolkovDmitri (big blind) showed [Qd 4h] and won ($41.50) with three of a kind, Fours
Seat 6: luiscampo123 (button) (small blind) mucked


PokerStars Hand #174149774634:  Hold'em Limit ($3/$6 USD) - 2017/08/10 6:24:57 ET
Table 'Leto II' 6-max Seat #1 is the button
Seat 1: Psynto ($162.20 in chips)
Seat 2: LOOSECRAB ($163.77 in chips)
Psynto: posts small blind $1
LOOSECRAB: posts big blind $3
*** HOLE CARDS ***
Psynto: raises $3 to $6
LOOSECRAB: calls $3
*** FLOP *** [7d 7s Kc]
LOOSECRAB: checks
Psynto: bets $3
LOOSECRAB: folds
Uncalled bet ($3) returned to Psynto
Psynto collected $11.76 from pot
Psynto: doesn't show hand
*** SUMMARY ***
Total pot $12 | Rake $0.24
Board [7d 7s Kc]
Seat 1: Psynto (button) (small blind) collected ($11.76)
Seat 2: LOOSECRAB (big blind) folded on the Flop


PokerStars Hand #174149765229:  Hold'em Limit ($3/$6 USD) - 2017/08/10 6:24:32 ET
Table 'Leto II' 6-max Seat #2 is the button
Seat 1: Psynto ($168.20 in chips)
Seat 2: LOOSECRAB ($158.01 in chips)
LOOSECRAB: posts small blind $1
Psynto: posts big blind $3
*** HOLE CARDS ***
LOOSECRAB: raises $3 to $6
KHASHIMOV M joins the table at seat #4
Psynto: calls $3
*** FLOP *** [4s Kd 9c]
Psynto: checks
LOOSECRAB: checks
*** TURN *** [4s Kd 9c] [Jc]
manly70 leaves the table
Psynto: checks
LOOSECRAB: bets $6
Psynto: folds
Uncalled bet ($6) returned to LOOSECRAB
LOOSECRAB collected $11.76 from pot
*** SUMMARY ***
Total pot $12 | Rake $0.24
Board [4s Kd 9c Jc]
Seat 1: Psynto (big blind) folded on the Turn
Seat 2: LOOSECRAB (button) (small blind) collected ($11.76)


PokerStars Hand #174150288879:  Hold'em Limit ($3/$6 USD) - 2017/08/10 6:46:52 ET
Table 'Leto II' 6-max Seat #1 is the button
Seat 1: Psynto ($286.73 in chips)
Seat 3: vitamin168 ($6.53 in chips)
Psynto: posts small blind $1
vitamin168: posts big blind $3
*** HOLE CARDS ***
Psynto: raises $3 to $6
vitamin168: raises $0.53 to $6.53 and is all-in
Psynto: calls $0.53
*** FLOP *** [7d 9c 4d]
*** TURN *** [7d 9c 4d] [3h]
*** RIVER *** [7d 9c 4d 3h] [4s]
*** SHOW DOWN ***
vitamin168: shows [8s Th] (a pair of Fours)
Psynto: shows [Js 5s] (a pair of Fours - Jack kicker)
LOOSECRAB leaves the table
Psynto collected $12.80 from pot
*** SUMMARY ***
Total pot $13.06 | Rake $0.26
Board [7d 9c 4d 3h 4s]
Seat 1: Psynto (button) (small blind) showed [Js 5s] and won ($12.80) with a pair of Fours
Seat 3: vitamin168 (big blind) showed [8s Th] and lost with a pair of Fours


