PokerStars Hand #154266613879:  Hold'em Limit ($3/$6 USD) - 2016/06/04 5:04:09 ET
Table 'Leukothea' 6-max Seat #2 is the button
Seat 1: manly70 ($77.49 in chips)
Seat 2: kolaz03 ($72 in chips)
kolaz03: posts small blind $1
manly70: posts big blind $3
*** HOLE CARDS ***
kolaz03: raises $3 to $6
manly70: calls $3
*** FLOP *** [9c 6c 6s]
manly70: checks
kolaz03: bets $3
manly70: calls $3
*** TURN *** [9c 6c 6s] [Qh]
manly70: checks
kolaz03: bets $6
manly70: raises $6 to $12
kolaz03: folds
Uncalled bet ($6) returned to manly70
manly70 collected $29.50 from pot
*** SUMMARY ***
Total pot $30 | Rake $0.50
Board [9c 6c 6s Qh]
Seat 1: manly70 (big blind) collected ($29.50)
Seat 2: kolaz03 (button) (small blind) folded on the Turn


PokerStars Hand #154266624529:  Hold'em Limit ($3/$6 USD) - 2016/06/04 5:04:36 ET
Table 'Leukothea' 6-max Seat #2 is the button
Seat 1: manly70 ($90.99 in chips)
Seat 2: kolaz03 ($73 in chips)
kolaz03: posts small blind $1
manly70: posts big blind $3
*** HOLE CARDS ***
kolaz03: raises $3 to $6
manly70: calls $3
*** FLOP *** [7s 9s 6h]
manly70: checks
kolaz03: bets $3
manly70: raises $3 to $6
RabbitNrAS joins the table at seat #4
kolaz03: calls $3
*** TURN *** [7s 9s 6h] [6d]
manly70: bets $6
kolaz03: calls $6
*** RIVER *** [7s 9s 6h 6d] [Tc]
manly70: checks
kolaz03: bets $6
manly70: calls $6
*** SHOW DOWN ***
kolaz03: shows [Ks 8h] (a straight, Six to Ten)
manly70: mucks hand
kolaz03 collected $47.50 from pot
*** SUMMARY ***
Total pot $48 | Rake $0.50
Board [7s 9s 6h 6d Tc]
Seat 1: manly70 (big blind) mucked
Seat 2: kolaz03 (button) (small blind) showed [Ks 8h] and won ($47.50) with a straight, Six to Ten


PokerStars Hand #154266622183:  Hold'em Limit ($3/$6 USD) - 2016/06/04 5:04:30 ET
Table 'Leukothea' 6-max Seat #1 is the button
Seat 1: manly70 ($91.99 in chips)
Seat 2: kolaz03 ($72 in chips)
manly70: posts small blind $1
kolaz03: posts big blind $3
*** HOLE CARDS ***
manly70: folds
Uncalled bet ($2) returned to kolaz03
kolaz03 collected $2 from pot
kolaz03: doesn't show hand
*** SUMMARY ***
Total pot $2 | Rake $0
Seat 1: manly70 (button) (small blind) folded before Flop
Seat 2: kolaz03 (big blind) collected ($2)


PokerStars Hand #154266635495:  Hold'em Limit ($3/$6 USD) - 2016/06/04 5:05:05 ET
Table 'Leukothea' 6-max Seat #1 is the button
Seat 1: manly70 ($66.99 in chips)
Seat 2: kolaz03 ($96.50 in chips)
manly70: posts small blind $1
kolaz03: posts big blind $3
*** HOLE CARDS ***
manly70: raises $3 to $6
kolaz03: calls $3
*** FLOP *** [7d 3d 8h]
kolaz03: bets $3
manly70: raises $3 to $6
kolaz03: calls $3
*** TURN *** [7d 3d 8h] [7s]
kolaz03: checks
manly70: bets $6
kolaz03: calls $6
*** RIVER *** [7d 3d 8h 7s] [6d]
kolaz03: checks
manly70: bets $6
kolaz03: folds
Uncalled bet ($6) returned to manly70
manly70 collected $35.50 from pot
*** SUMMARY ***
Total pot $36 | Rake $0.50
Board [7d 3d 8h 7s 6d]
Seat 1: manly70 (button) (small blind) collected ($35.50)
Seat 2: kolaz03 (big blind) folded on the River


PokerStars Hand #154266703325:  Hold'em Limit ($3/$6 USD) - 2016/06/04 5:07:54 ET
Table 'Leukothea' 6-max Seat #2 is the button
Seat 2: kolaz03 ($103.67 in chips)
Seat 4: RabbitNrAS ($89.47 in chips)
Vincenzo Vs will be allowed to play after the button
kolaz03: posts small blind $1
RabbitNrAS: posts big blind $3
*** HOLE CARDS ***
kolaz03: raises $3 to $6
RabbitNrAS: raises $3 to $9
manly70 leaves the table
kolaz03: calls $3
*** FLOP *** [Qc 5h 5s]
RabbitNrAS: bets $3
kolaz03: calls $3
*** TURN *** [Qc 5h 5s] [Ts]
RabbitNrAS: bets $6
kolaz03: folds
Uncalled bet ($6) returned to RabbitNrAS
RabbitNrAS collected $23.52 from pot
RabbitNrAS: doesn't show hand
*** SUMMARY ***
Total pot $24 | Rake $0.48
Board [Qc 5h 5s Ts]
Seat 2: kolaz03 (button) (small blind) folded on the Turn
Seat 4: RabbitNrAS (big blind) collected ($23.52)


PokerStars Hand #154266862580:  Hold'em Limit ($3/$6 USD) - 2016/06/04 5:14:34 ET
Table 'Leukothea' 6-max Seat #5 is the button
Seat 4: RabbitNrAS ($108.07 in chips)
Seat 5: belik555 ($72 in chips)
belik555: posts small blind $1
TopDJTex: is sitting out
kolaz03: is sitting out
RabbitNrAS: posts big blind $3
*** HOLE CARDS ***
TopDJTex leaves the table
kolaz03 leaves the table
belik555: raises $3 to $6
RabbitNrAS: calls $3
*** FLOP *** [4h Ad 3c]
RabbitNrAS: checks
belik555: bets $3
RabbitNrAS: calls $3
*** TURN *** [4h Ad 3c] [2d]
RabbitNrAS: checks
belik555: checks
*** RIVER *** [4h Ad 3c 2d] [Qc]
RabbitNrAS: bets $6
belik555: calls $6
*** SHOW DOWN ***
RabbitNrAS: shows [5h Qd] (a straight, Ace to Five)
belik555: mucks hand
RabbitNrAS collected $29.50 from pot
*** SUMMARY ***
Total pot $30 | Rake $0.50
Board [4h Ad 3c 2d Qc]
Seat 4: RabbitNrAS (big blind) showed [5h Qd] and won ($29.50) with a straight, Ace to Five
Seat 5: belik555 (button) (small blind) mucked


PokerStars Hand #154266869837:  Hold'em Limit ($3/$6 USD) - 2016/06/04 5:14:52 ET
Table 'Leukothea' 6-max Seat #4 is the button
Seat 4: RabbitNrAS ($122.57 in chips)
Seat 5: belik555 ($72 in chips)
RabbitNrAS: posts small blind $1
belik555: posts big blind $3
*** HOLE CARDS ***
RabbitNrAS: raises $3 to $6
belik555: calls $3
*** FLOP *** [3c 2s 6h]
belik555: checks
RabbitNrAS: checks
*** TURN *** [3c 2s 6h] [8c]
belik555: bets $6
RabbitNrAS: calls $6
*** RIVER *** [3c 2s 6h 8c] [4h]
belik555: bets $6
RabbitNrAS: raises $6 to $12
belik555: calls $6
*** SHOW DOWN ***
RabbitNrAS: shows [Jd Kh] (high card King)
belik555: shows [Qs 8s] (a pair of Eights)
belik555 collected $47.50 from pot
*** SUMMARY ***
Total pot $48 | Rake $0.50
Board [3c 2s 6h 8c 4h]
Seat 4: RabbitNrAS (button) (small blind) showed [Jd Kh] and lost with high card King
Seat 5: belik555 (big blind) showed [Qs 8s] and won ($47.50) with a pair of Eights


PokerStars Hand #154266878256:  Hold'em Limit ($3/$6 USD) - 2016/06/04 5:15:13 ET
Table 'Leukothea' 6-max Seat #5 is the button
Seat 4: RabbitNrAS ($98.57 in chips)
Seat 5: belik555 ($95.50 in chips)
belik555: posts small blind $1
RabbitNrAS: posts big blind $3
*** HOLE CARDS ***
belik555: raises $3 to $6
RabbitNrAS: calls $3
*** FLOP *** [2d 3h Ah]
RabbitNrAS: checks
belik555: bets $3
RabbitNrAS: calls $3
*** TURN *** [2d 3h Ah] [6s]
RabbitNrAS: checks
belik555: checks
*** RIVER *** [2d 3h Ah 6s] [9s]
RabbitNrAS: bets $6
belik555: calls $6
*** SHOW DOWN ***
RabbitNrAS: shows [3c 5c] (a pair of Threes)
belik555: shows [9d Ts] (a pair of Nines)
belik555 collected $29.50 from pot
*** SUMMARY ***
Total pot $30 | Rake $0.50
Board [2d 3h Ah 6s 9s]
Seat 4: RabbitNrAS (big blind) showed [3c 5c] and lost with a pair of Threes
Seat 5: belik555 (button) (small blind) showed [9d Ts] and won ($29.50) with a pair of Nines


PokerStars Hand #154266898443:  Hold'em Limit ($3/$6 USD) - 2016/06/04 5:16:03 ET
Table 'Leukothea' 6-max Seat #4 is the button
Seat 4: RabbitNrAS ($95.21 in chips)
Seat 5: belik555 ($98 in chips)
RabbitNrAS: posts small blind $1
belik555: posts big blind $3
*** HOLE CARDS ***
RabbitNrAS: raises $3 to $6
belik555: calls $3
*** FLOP *** [9h Kd 4c]
belik555: checks
RabbitNrAS: checks
*** TURN *** [9h Kd 4c] [Ks]
belik555: bets $6
RabbitNrAS: calls $6
*** RIVER *** [9h Kd 4c Ks] [2c]
belik555: bets $6
RabbitNrAS: calls $6
*** SHOW DOWN ***
belik555: shows [7h 9s] (two pair, Kings and Nines)
RabbitNrAS: mucks hand
belik555 collected $35.50 from pot
*** SUMMARY ***
Total pot $36 | Rake $0.50
Board [9h Kd 4c Ks 2c]
Seat 4: RabbitNrAS (button) (small blind) mucked
Seat 5: belik555 (big blind) showed [7h 9s] and won ($35.50) with two pair, Kings and Nines


PokerStars Hand #154266885756:  Hold'em Limit ($3/$6 USD) - 2016/06/04 5:15:31 ET
Table 'Leukothea' 6-max Seat #4 is the button
Seat 4: RabbitNrAS ($83.57 in chips)
Seat 5: belik555 ($110 in chips)
RabbitNrAS: posts small blind $1
belik555: posts big blind $3
*** HOLE CARDS ***
RabbitNrAS: raises $3 to $6
belik555: folds
Uncalled bet ($3) returned to RabbitNrAS
RabbitNrAS collected $6 from pot
RabbitNrAS: doesn't show hand
*** SUMMARY ***
Total pot $6 | Rake $0
Seat 4: RabbitNrAS (button) (small blind) collected ($6)
Seat 5: belik555 (big blind) folded before Flop


PokerStars Hand #154266888511:  Hold'em Limit ($3/$6 USD) - 2016/06/04 5:15:38 ET
Table 'Leukothea' 6-max Seat #5 is the button
Seat 4: RabbitNrAS ($86.57 in chips)
Seat 5: belik555 ($107 in chips)
belik555: posts small blind $1
RabbitNrAS: posts big blind $3
*** HOLE CARDS ***
belik555: raises $3 to $6
RabbitNrAS: raises $3 to $9
belik555: calls $3
*** FLOP *** [Td Ts Jh]
RabbitNrAS: bets $3
belik555: folds
Uncalled bet ($3) returned to RabbitNrAS
RabbitNrAS collected $17.64 from pot
RabbitNrAS: doesn't show hand
*** SUMMARY ***
Total pot $18 | Rake $0.36
Board [Td Ts Jh]
Seat 4: RabbitNrAS (big blind) collected ($17.64)
Seat 5: belik555 (button) (small blind) folded on the Flop


PokerStars Hand #154266910073:  Hold'em Limit ($3/$6 USD) - 2016/06/04 5:16:32 ET
Table 'Leukothea' 6-max Seat #5 is the button
Seat 4: RabbitNrAS ($77.21 in chips)
Seat 5: belik555 ($115.50 in chips)
belik555: posts small blind $1
RabbitNrAS: posts big blind $3
*** HOLE CARDS ***
belik555: raises $3 to $6
RabbitNrAS: folds
Uncalled bet ($3) returned to belik555
belik555 collected $6 from pot
belik555: doesn't show hand
*** SUMMARY ***
Total pot $6 | Rake $0
Seat 4: RabbitNrAS (big blind) folded before Flop
Seat 5: belik555 (button) (small blind) collected ($6)


PokerStars Hand #154266912864:  Hold'em Limit ($3/$6 USD) - 2016/06/04 5:16:39 ET
Table 'Leukothea' 6-max Seat #4 is the button
Seat 4: RabbitNrAS ($74.21 in chips)
Seat 5: belik555 ($118.50 in chips)
RabbitNrAS: posts small blind $1
belik555: posts big blind $3
*** HOLE CARDS ***
RabbitNrAS: raises $3 to $6
belik555: calls $3
*** FLOP *** [8d Qd 7s]
belik555: checks
RabbitNrAS: bets $3
belik555: calls $3
*** TURN *** [8d Qd 7s] [2c]
belik555: checks
RabbitNrAS: bets $6
belik555: calls $6
*** RIVER *** [8d Qd 7s 2c] [Qs]
belik555: checks
RabbitNrAS: bets $6
belik555: calls $6
*** SHOW DOWN ***
RabbitNrAS: shows [Ks Ts] (a pair of Queens)
belik555: shows [Tc 7c] (two pair, Queens and Sevens)
belik555 collected $41.50 from pot
*** SUMMARY ***
Total pot $42 | Rake $0.50
Board [8d Qd 7s 2c Qs]
Seat 4: RabbitNrAS (button) (small blind) showed [Ks Ts] and lost with a pair of Queens
Seat 5: belik555 (big blind) showed [Tc 7c] and won ($41.50) with two pair, Queens and Sevens


PokerStars Hand #154266925633:  Hold'em Limit ($3/$6 USD) - 2016/06/04 5:17:12 ET
Table 'Leukothea' 6-max Seat #5 is the button
Seat 4: RabbitNrAS ($53.21 in chips)
Seat 5: belik555 ($139 in chips)
belik555: posts small blind $1
RabbitNrAS: posts big blind $3
*** HOLE CARDS ***
belik555: folds
Uncalled bet ($2) returned to RabbitNrAS
RabbitNrAS collected $2 from pot
RabbitNrAS: doesn't show hand
*** SUMMARY ***
Total pot $2 | Rake $0
Seat 4: RabbitNrAS (big blind) collected ($2)
Seat 5: belik555 (button) (small blind) folded before Flop


PokerStars Hand #154266927982:  Hold'em Limit ($3/$6 USD) - 2016/06/04 5:17:18 ET
Table 'Leukothea' 6-max Seat #4 is the button
Seat 4: RabbitNrAS ($54.21 in chips)
Seat 5: belik555 ($138 in chips)
RabbitNrAS: posts small blind $1
belik555: posts big blind $3
*** HOLE CARDS ***
RabbitNrAS: raises $3 to $6
belik555: calls $3
*** FLOP *** [6c 3d 3s]
belik555: checks
RabbitNrAS: bets $3
belik555: calls $3
*** TURN *** [6c 3d 3s] [Qs]
belik555: checks
RabbitNrAS: bets $6
belik555: calls $6
*** RIVER *** [6c 3d 3s Qs] [8d]
belik555: checks
RabbitNrAS: bets $6
belik555: calls $6
*** SHOW DOWN ***
RabbitNrAS: shows [9s 8s] (two pair, Eights and Threes)
belik555: shows [8c Kh] (two pair, Eights and Threes - King kicker)
belik555 collected $41.50 from pot
krossguard joins the table at seat #6
*** SUMMARY ***
Total pot $42 | Rake $0.50
Board [6c 3d 3s Qs 8d]
Seat 4: RabbitNrAS (button) (small blind) showed [9s 8s] and lost with two pair, Eights and Threes
Seat 5: belik555 (big blind) showed [8c Kh] and won ($41.50) with two pair, Eights and Threes


PokerStars Hand #154267375996:  Hold'em Limit ($3/$6 USD) - 2016/06/04 5:35:22 ET
Table 'Leukothea' 6-max Seat #4 is the button
Seat 1: kdcl ($153.56 in chips)
Seat 4: kolaz03 ($72 in chips)
kolaz03: posts small blind $1
kdcl: posts big blind $3
*** HOLE CARDS ***
kolaz03: raises $3 to $6
Budai_nsd leaves the table
kdcl: folds
Uncalled bet ($3) returned to kolaz03
kolaz03 collected $6 from pot
kolaz03: doesn't show hand
*** SUMMARY ***
Total pot $6 | Rake $0
Seat 1: kdcl (big blind) folded before Flop
Seat 4: kolaz03 (button) (small blind) collected ($6)


