PokerStars Hand #173093166023:  Hold'em Limit ($3/$6 USD) - 2017/07/16 3:16:27 ET
Table 'Leukothea II' 6-max Seat #5 is the button
Seat 1: a.v.kopli ($190.97 in chips)
Seat 5: AzureCaper ($100.75 in chips)
AzureCaper: posts small blind $1
a.v.kopli: posts big blind $3
*** HOLE CARDS ***
AzureCaper: folds
Uncalled bet ($2) returned to a.v.kopli
a.v.kopli collected $2 from pot
*** SUMMARY ***
Total pot $2 | Rake $0
Seat 1: a.v.kopli (big blind) collected ($2)
Seat 5: AzureCaper (button) (small blind) folded before Flop


PokerStars Hand #173093162098:  Hold'em Limit ($3/$6 USD) - 2017/07/16 3:16:13 ET
Table 'Leukothea II' 6-max Seat #1 is the button
Seat 1: a.v.kopli ($185.21 in chips)
Seat 5: AzureCaper ($106.75 in chips)
a.v.kopli: posts small blind $1
AzureCaper: posts big blind $3
*** HOLE CARDS ***
a.v.kopli: raises $3 to $6
AzureCaper: calls $3
*** FLOP *** [7d 7c 8c]
dmonr leaves the table
AzureCaper: checks
a.v.kopli: bets $3
AzureCaper: folds
Uncalled bet ($3) returned to a.v.kopli
a.v.kopli collected $11.76 from pot
*** SUMMARY ***
Total pot $12 | Rake $0.24
Board [7d 7c 8c]
Seat 1: a.v.kopli (button) (small blind) collected ($11.76)
Seat 5: AzureCaper (big blind) folded on the Flop


