PokerStars Hand #156464102029:  Hold'em Limit ($3/$6 USD) - 2016/07/26 9:13:00 ET
Table 'Leukothea III' 6-max Seat #4 is the button
Seat 4: Agrotait ($72 in chips)
Seat 5: jeffasam ($407.13 in chips)
Agrotait: posts small blind $1
jeffasam: posts big blind $3
*** HOLE CARDS ***
Agrotait: raises $3 to $6
jeffasam: calls $3
*** FLOP *** [7s Ad Tc]
jeffasam: checks
Agrotait: bets $3
jeffasam: folds
Uncalled bet ($3) returned to Agrotait
Agrotait collected $11.76 from pot
Agrotait: doesn't show hand
*** SUMMARY ***
Total pot $12 | Rake $0.24
Board [7s Ad Tc]
Seat 4: Agrotait (button) (small blind) collected ($11.76)
Seat 5: jeffasam (big blind) folded on the Flop


PokerStars Hand #156464108216:  Hold'em Limit ($3/$6 USD) - 2016/07/26 9:13:12 ET
Table 'Leukothea III' 6-max Seat #5 is the button
Seat 4: Agrotait ($77.76 in chips)
Seat 5: jeffasam ($401.13 in chips)
jeffasam: posts small blind $1
Agrotait: posts big blind $3
*** HOLE CARDS ***
jeffasam: raises $3 to $6
Agrotait: calls $3
*** FLOP *** [5c 9c 6h]
Agrotait: bets $3
jeffasam: raises $3 to $6
Agrotait: raises $3 to $9
jeffasam: calls $3
*** TURN *** [5c 9c 6h] [7d]
Agrotait: bets $6
jeffasam: calls $6
*** RIVER *** [5c 9c 6h 7d] [5s]
vitamin168 joins the table at seat #3
Agrotait: bets $6
jeffasam: folds
Uncalled bet ($6) returned to Agrotait
Agrotait collected $41.50 from pot
Agrotait: doesn't show hand
*** SUMMARY ***
Total pot $42 | Rake $0.50
Board [5c 9c 6h 7d 5s]
Seat 4: Agrotait (big blind) collected ($41.50)
Seat 5: jeffasam (button) (small blind) folded on the River


PokerStars Hand #156464120337:  Hold'em Limit ($3/$6 USD) - 2016/07/26 9:13:36 ET
Table 'Leukothea III' 6-max Seat #4 is the button
Seat 4: Agrotait ($98.26 in chips)
Seat 5: jeffasam ($380.13 in chips)
Agrotait: posts small blind $1
jeffasam: posts big blind $3
*** HOLE CARDS ***
Agrotait: raises $3 to $6
jeffasam: folds
Uncalled bet ($3) returned to Agrotait
Brando Jr joins the table at seat #2
Agrotait collected $6 from pot
Agrotait: doesn't show hand
*** SUMMARY ***
Total pot $6 | Rake $0
Seat 4: Agrotait (button) (small blind) collected ($6)
Seat 5: jeffasam (big blind) folded before Flop


PokerStars Hand #156471359384:  Hold'em Limit ($3/$6 USD) - 2016/07/26 12:42:39 ET
Table 'Leukothea III' 6-max Seat #4 is the button
Seat 3: AA_ILI ($75.75 in chips)
Seat 4: dokaten ($153.50 in chips)
dokaten: posts small blind $1
Mustafatyrk: is sitting out
kolaz03: is sitting out
AA_ILI: posts big blind $3
*** HOLE CARDS ***
kolaz03 leaves the table
Fabulous108 joins the table at seat #5
dokaten: calls $2
AA_ILI: raises $3 to $6
dokaten: calls $3
*** FLOP *** [3h 2s Th]
AA_ILI: bets $3
dokaten: folds
Uncalled bet ($3) returned to AA_ILI
AA_ILI collected $11.76 from pot
*** SUMMARY ***
Total pot $12 | Rake $0.24
Board [3h 2s Th]
Seat 3: AA_ILI (big blind) collected ($11.76)
Seat 4: dokaten (button) (small blind) folded on the Flop


