PokerStars Hand #162304568172:  Hold'em Limit ($3/$6 USD) - 2016/12/02 15:01:46 ET
Table 'Leukothea II' 6-max Seat #4 is the button
Seat 3: Alnikon ($134.14 in chips)
Seat 4: Krazy90 ($128.64 in chips)
Krazy90: posts small blind $1
Alnikon: posts big blind $3
*** HOLE CARDS ***
Krazy90: raises $3 to $6
sismos404 joins the table at seat #6
Alnikon: folds
Uncalled bet ($3) returned to Krazy90
noda_ace joins the table at seat #2
Krazy90 collected $6 from pot
Krazy90: doesn't show hand
*** SUMMARY ***
Total pot $6 | Rake $0
Seat 3: Alnikon (big blind) folded before Flop
Seat 4: Krazy90 (button) (small blind) collected ($6)


PokerStars Hand #162304550078:  Hold'em Limit ($3/$6 USD) - 2016/12/02 15:01:25 ET
Table 'Leukothea II' 6-max Seat #3 is the button
Seat 3: Alnikon ($143.14 in chips)
Seat 4: Krazy90 ($120 in chips)
Alnikon: posts small blind $1
Krazy90: posts big blind $3
*** HOLE CARDS ***
Alnikon: calls $2
Krazy90: raises $3 to $6
Alnikon: calls $3
*** FLOP *** [4h Th 6c]
Krazy90: bets $3
Alnikon: calls $3
*** TURN *** [4h Th 6c] [7d]
Krazy90: checks
Alnikon: checks
*** RIVER *** [4h Th 6c 7d] [9s]
Krazy90: checks
Alnikon: checks
*** SHOW DOWN ***
Krazy90: shows [Qd Jc] (high card Queen)
Alnikon: mucks hand
Krazy90 collected $17.64 from pot
*** SUMMARY ***
Total pot $18 | Rake $0.36
Board [4h Th 6c 7d 9s]
Seat 3: Alnikon (button) (small blind) mucked
Seat 4: Krazy90 (big blind) showed [Qd Jc] and won ($17.64) with high card Queen


PokerStars Hand #162304576361:  Hold'em Limit ($3/$6 USD) - 2016/12/02 15:01:55 ET
Table 'Leukothea II' 6-max Seat #3 is the button
Seat 3: Alnikon ($131.14 in chips)
Seat 4: Krazy90 ($131.64 in chips)
Alnikon: posts small blind $1
Krazy90: posts big blind $3
*** HOLE CARDS ***
Alnikon: raises $3 to $6
Krazy90: calls $3
*** FLOP *** [Th 2d 5c]
Krazy90: checks
Alnikon: checks
*** TURN *** [Th 2d 5c] [7c]
Krazy90: bets $6
Alnikon: calls $6
*** RIVER *** [Th 2d 5c 7c] [6h]
Krazy90: checks
Alnikon: checks
*** SHOW DOWN ***
Krazy90: shows [4h 5s] (a pair of Fives)
Alnikon: mucks hand
Krazy90 collected $23.52 from pot
*** SUMMARY ***
Total pot $24 | Rake $0.48
Board [Th 2d 5c 7c 6h]
Seat 3: Alnikon (button) (small blind) mucked
Seat 4: Krazy90 (big blind) showed [4h 5s] and won ($23.52) with a pair of Fives


PokerStars Hand #162307952968:  Hold'em Limit ($3/$6 USD) - 2016/12/02 16:02:40 ET
Table 'Leukothea II' 6-max Seat #1 is the button
Seat 1: ABATAPP ($178.35 in chips)
Seat 4: AndersN ($97.65 in chips)
ABATAPP: posts small blind $1
AndersN: posts big blind $3
*** HOLE CARDS ***
ABATAPP: raises $3 to $6
AndersN: calls $3
*** FLOP *** [4c Qd As]
AndersN: checks
ABATAPP: bets $3
AndersN: folds
Uncalled bet ($3) returned to ABATAPP
ABATAPP collected $11.76 from pot
ABATAPP: doesn't show hand
*** SUMMARY ***
Total pot $12 | Rake $0.24
Board [4c Qd As]
Seat 1: ABATAPP (button) (small blind) collected ($11.76)
Seat 4: AndersN (big blind) folded on the Flop


PokerStars Hand #162307922265:  Hold'em Limit ($3/$6 USD) - 2016/12/02 16:02:06 ET
Table 'Leukothea II' 6-max Seat #1 is the button
Seat 1: ABATAPP ($166.85 in chips)
Seat 4: AndersN ($110.01 in chips)
ABATAPP: posts small blind $1
Chessnok: is sitting out
AndersN: posts big blind $3
*** HOLE CARDS ***
ABATAPP: raises $3 to $6
AndersN: raises $3 to $9
ABATAPP: calls $3
*** FLOP *** [4h Qd Th]
AndersN: bets $3
ABATAPP: folds
Uncalled bet ($3) returned to AndersN
AndersN collected $17.64 from pot
AndersN: doesn't show hand
*** SUMMARY ***
Total pot $18 | Rake $0.36
Board [4h Qd Th]
Seat 1: ABATAPP (button) (small blind) folded on the Flop
Seat 4: AndersN (big blind) collected ($17.64)


PokerStars Hand #162307933631:  Hold'em Limit ($3/$6 USD) - 2016/12/02 16:02:19 ET
Table 'Leukothea II' 6-max Seat #4 is the button
Seat 1: ABATAPP ($157.85 in chips)
Seat 4: AndersN ($118.65 in chips)
AndersN: posts small blind $1
ABATAPP: posts big blind $3
*** HOLE CARDS ***
AndersN: raises $3 to $6
ABATAPP: calls $3
*** FLOP *** [Jd Qs Js]
ABATAPP: checks
AndersN: bets $3
ABATAPP: calls $3
*** TURN *** [Jd Qs Js] [Qc]
ABATAPP: checks
AndersN: bets $6
ABATAPP: calls $6
*** RIVER *** [Jd Qs Js Qc] [7d]
ABATAPP: checks
AndersN: bets $6
ABATAPP: calls $6
*** SHOW DOWN ***
AndersN: shows [Ks 3s] (two pair, Queens and Jacks)
ABATAPP: shows [9c Ad] (two pair, Queens and Jacks - Ace kicker)
ABATAPP collected $41.50 from pot
*** SUMMARY ***
Total pot $42 | Rake $0.50
Board [Jd Qs Js Qc 7d]
Seat 1: ABATAPP (big blind) showed [9c Ad] and won ($41.50) with two pair, Queens and Jacks
Seat 4: AndersN (button) (small blind) showed [Ks 3s] and lost with two pair, Queens and Jacks


PokerStars Hand #162307980528:  Hold'em Limit ($3/$6 USD) - 2016/12/02 16:03:10 ET
Table 'Leukothea II' 6-max Seat #1 is the button
Seat 1: ABATAPP ($198.61 in chips)
Seat 4: AndersN ($76.65 in chips)
ABATAPP: posts small blind $1
AndersN: posts big blind $3
*** HOLE CARDS ***
ABATAPP: folds
Uncalled bet ($2) returned to AndersN
AndersN collected $2 from pot
AndersN: doesn't show hand
*** SUMMARY ***
Total pot $2 | Rake $0
Seat 1: ABATAPP (button) (small blind) folded before Flop
Seat 4: AndersN (big blind) collected ($2)


PokerStars Hand #162307964392:  Hold'em Limit ($3/$6 USD) - 2016/12/02 16:02:52 ET
Table 'Leukothea II' 6-max Seat #4 is the button
Seat 1: ABATAPP ($184.11 in chips)
Seat 4: AndersN ($91.65 in chips)
AndersN: posts small blind $1
ABATAPP: posts big blind $3
*** HOLE CARDS ***
AndersN: raises $3 to $6
ABATAPP: calls $3
*** FLOP *** [Ac 5h 4d]
ABATAPP: checks
AndersN: bets $3
ABATAPP: calls $3
*** TURN *** [Ac 5h 4d] [7s]
ABATAPP: checks
AndersN: bets $6
ABATAPP: calls $6
*** RIVER *** [Ac 5h 4d 7s] [5s]
ABATAPP: checks
AndersN: checks
*** SHOW DOWN ***
ABATAPP: shows [Ad 7c] (two pair, Aces and Sevens)
AndersN: mucks hand
ABATAPP collected $29.50 from pot
*** SUMMARY ***
Total pot $30 | Rake $0.50
Board [Ac 5h 4d 7s 5s]
Seat 1: ABATAPP (big blind) showed [Ad 7c] and won ($29.50) with two pair, Aces and Sevens
Seat 4: AndersN (button) (small blind) mucked


PokerStars Hand #162307985146:  Hold'em Limit ($3/$6 USD) - 2016/12/02 16:03:14 ET
Table 'Leukothea II' 6-max Seat #4 is the button
Seat 1: ABATAPP ($197.61 in chips)
Seat 4: AndersN ($77.65 in chips)
AndersN: posts small blind $1
ABATAPP: posts big blind $3
*** HOLE CARDS ***
AndersN: raises $3 to $6
ABATAPP: calls $3
*** FLOP *** [7s 8c 4c]
ABATAPP: checks
AndersN: bets $3
ABATAPP: calls $3
*** TURN *** [7s 8c 4c] [Ts]
ABATAPP: checks
AndersN: checks
*** RIVER *** [7s 8c 4c Ts] [Ah]
ABATAPP: bets $6
AndersN: folds
Uncalled bet ($6) returned to ABATAPP
ABATAPP collected $17.64 from pot
ABATAPP: doesn't show hand
*** SUMMARY ***
Total pot $18 | Rake $0.36
Board [7s 8c 4c Ts Ah]
Seat 1: ABATAPP (big blind) collected ($17.64)
Seat 4: AndersN (button) (small blind) folded on the River


PokerStars Hand #162308005101:  Hold'em Limit ($3/$6 USD) - 2016/12/02 16:03:36 ET
Table 'Leukothea II' 6-max Seat #1 is the button
Seat 1: ABATAPP ($206.25 in chips)
Seat 4: AndersN ($68.65 in chips)
ABATAPP: posts small blind $1
AndersN: posts big blind $3
*** HOLE CARDS ***
ABATAPP: folds
Uncalled bet ($2) returned to AndersN
AndersN collected $2 from pot
AndersN: doesn't show hand
*** SUMMARY ***
Total pot $2 | Rake $0
Seat 1: ABATAPP (button) (small blind) folded before Flop
Seat 4: AndersN (big blind) collected ($2)


PokerStars Hand #162308010877:  Hold'em Limit ($3/$6 USD) - 2016/12/02 16:03:42 ET
Table 'Leukothea II' 6-max Seat #4 is the button
Seat 1: ABATAPP ($205.25 in chips)
Seat 4: AndersN ($69.65 in chips)
AndersN: posts small blind $1
ABATAPP: posts big blind $3
*** HOLE CARDS ***
AndersN: folds
Uncalled bet ($2) returned to ABATAPP
ABATAPP collected $2 from pot
ABATAPP: doesn't show hand
*** SUMMARY ***
Total pot $2 | Rake $0
Seat 1: ABATAPP (big blind) collected ($2)
Seat 4: AndersN (button) (small blind) folded before Flop


PokerStars Hand #162308015389:  Hold'em Limit ($3/$6 USD) - 2016/12/02 16:03:47 ET
Table 'Leukothea II' 6-max Seat #1 is the button
Seat 1: ABATAPP ($206.25 in chips)
Seat 4: AndersN ($68.65 in chips)
ABATAPP: posts small blind $1
AndersN: posts big blind $3
*** HOLE CARDS ***
ABATAPP: raises $3 to $6
AndersN: calls $3
*** FLOP *** [8s 5s Th]
AndersN: bets $3
ABATAPP: calls $3
*** TURN *** [8s 5s Th] [9d]
AndersN: bets $6
ABATAPP: raises $6 to $12
AndersN: calls $6
*** RIVER *** [8s 5s Th 9d] [Ks]
AndersN: bets $6
ABATAPP: calls $6
*** SHOW DOWN ***
AndersN: shows [3c As] (high card Ace)
ABATAPP: shows [8d 8c] (three of a kind, Eights)
ABATAPP collected $53.50 from pot
*** SUMMARY ***
Total pot $54 | Rake $0.50
Board [8s 5s Th 9d Ks]
Seat 1: ABATAPP (button) (small blind) showed [8d 8c] and won ($53.50) with three of a kind, Eights
Seat 4: AndersN (big blind) showed [3c As] and lost with high card Ace


PokerStars Hand #162308031672:  Hold'em Limit ($3/$6 USD) - 2016/12/02 16:04:04 ET
Table 'Leukothea II' 6-max Seat #4 is the button
Seat 1: ABATAPP ($232.75 in chips)
Seat 4: AndersN ($41.65 in chips)
AndersN: posts small blind $1
ABATAPP: posts big blind $3
*** HOLE CARDS ***
AndersN: raises $3 to $6
ABATAPP: calls $3
*** FLOP *** [4d 6h 6d]
ABATAPP: checks
AndersN: checks
*** TURN *** [4d 6h 6d] [4h]
ABATAPP: bets $6
AndersN: folds
Uncalled bet ($6) returned to ABATAPP
ABATAPP collected $11.76 from pot
ABATAPP: doesn't show hand
*** SUMMARY ***
Total pot $12 | Rake $0.24
Board [4d 6h 6d 4h]
Seat 1: ABATAPP (big blind) collected ($11.76)
Seat 4: AndersN (button) (small blind) folded on the Turn


PokerStars Hand #162308043744:  Hold'em Limit ($3/$6 USD) - 2016/12/02 16:04:17 ET
Table 'Leukothea II' 6-max Seat #1 is the button
Seat 1: ABATAPP ($238.51 in chips)
Seat 4: AndersN ($35.65 in chips)
ABATAPP: posts small blind $1
AndersN: posts big blind $3
*** HOLE CARDS ***
ABATAPP: raises $3 to $6
AndersN: raises $3 to $9
ABATAPP: calls $3
*** FLOP *** [6c 9c 8s]
AndersN: bets $3
ABATAPP: calls $3
*** TURN *** [6c 9c 8s] [7d]
AndersN: bets $6
ABATAPP: calls $6
*** RIVER *** [6c 9c 8s 7d] [Ts]
AndersN: bets $6
ABATAPP: raises $6 to $12
AndersN: raises $5.65 to $17.65 and is all-in
ABATAPP: calls $5.65
*** SHOW DOWN ***
AndersN: shows [Qc 8c] (a straight, Six to Ten)
ABATAPP: shows [Jc Jh] (a straight, Seven to Jack)
ABATAPP collected $70.80 from pot
*** SUMMARY ***
Total pot $71.30 | Rake $0.50
Board [6c 9c 8s 7d Ts]
Seat 1: ABATAPP (button) (small blind) showed [Jc Jh] and won ($70.80) with a straight, Seven to Jack
Seat 4: AndersN (big blind) showed [Qc 8c] and lost with a straight, Six to Ten


