PokerStars Hand #156491030537:  Hold'em Limit ($3/$6 USD) - 2016/07/26 20:27:45 ET
Table 'Leukothea III' 6-max Seat #3 is the button
Seat 2: Scheubi88 ($125 in chips)
Seat 3: lanås ($51.76 in chips)
lanås: posts small blind $1
Scheubi88: posts big blind $3
*** HOLE CARDS ***
lanås: folds
Uncalled bet ($2) returned to Scheubi88
Scheubi88 collected $2 from pot
Scheubi88: doesn't show hand
*** SUMMARY ***
Total pot $2 | Rake $0
Seat 2: Scheubi88 (big blind) collected ($2)
Seat 3: lanås (button) (small blind) folded before Flop


PokerStars Hand #156491027044:  Hold'em Limit ($3/$6 USD) - 2016/07/26 20:27:37 ET
Table 'Leukothea III' 6-max Seat #2 is the button
Seat 2: Scheubi88 ($122 in chips)
Seat 3: lanås ($54.76 in chips)
Scheubi88: posts small blind $1
lanås: posts big blind $3
*** HOLE CARDS ***
Scheubi88: raises $3 to $6
lanås: folds
Uncalled bet ($3) returned to Scheubi88
Scheubi88 collected $6 from pot
Scheubi88: doesn't show hand
*** SUMMARY ***
Total pot $6 | Rake $0
Seat 2: Scheubi88 (button) (small blind) collected ($6)
Seat 3: lanås (big blind) folded before Flop


PokerStars Hand #156491021485:  Hold'em Limit ($3/$6 USD) - 2016/07/26 20:27:26 ET
Table 'Leukothea III' 6-max Seat #3 is the button
Seat 2: Scheubi88 ($128 in chips)
Seat 3: lanås ($49 in chips)
lanås: posts small blind $1
Scheubi88: posts big blind $3
*** HOLE CARDS ***
lanås: raises $3 to $6
Scheubi88: calls $3
*** FLOP *** [3d 7d Ac]
Scheubi88: checks
lanås: bets $3
Scheubi88: folds
Uncalled bet ($3) returned to lanås
lanås collected $11.76 from pot
*** SUMMARY ***
Total pot $12 | Rake $0.24
Board [3d 7d Ac]
Seat 2: Scheubi88 (big blind) folded on the Flop
Seat 3: lanås (button) (small blind) collected ($11.76)


PokerStars Hand #156491012716:  Hold'em Limit ($3/$6 USD) - 2016/07/26 20:27:08 ET
Table 'Leukothea III' 6-max Seat #2 is the button
Seat 2: Scheubi88 ($113.50 in chips)
Seat 3: lanås ($64 in chips)
Scheubi88: posts small blind $1
lanås: posts big blind $3
*** HOLE CARDS ***
Scheubi88: raises $3 to $6
lanås: calls $3
*** FLOP *** [3s 9h 8d]
lanås: checks
Scheubi88: bets $3
lanås: calls $3
*** TURN *** [3s 9h 8d] [4c]
lanås: checks
Scheubi88: bets $6
lanås: calls $6
*** RIVER *** [3s 9h 8d 4c] [Ah]
lanås: checks
Scheubi88: bets $6
lanås: folds
Uncalled bet ($6) returned to Scheubi88
Scheubi88 collected $29.50 from pot
Scheubi88: doesn't show hand
*** SUMMARY ***
Total pot $30 | Rake $0.50
Board [3s 9h 8d 4c Ah]
Seat 2: Scheubi88 (button) (small blind) collected ($29.50)
Seat 3: lanås (big blind) folded on the River


PokerStars Hand #156491009584:  Hold'em Limit ($3/$6 USD) - 2016/07/26 20:27:01 ET
Table 'Leukothea III' 6-max Seat #3 is the button
Seat 2: Scheubi88 ($116.50 in chips)
Seat 3: lanås ($61 in chips)
lanås: posts small blind $1
Scheubi88: posts big blind $3
*** HOLE CARDS ***
lanås: raises $3 to $6
Scheubi88: folds
Uncalled bet ($3) returned to lanås
lanås collected $6 from pot
*** SUMMARY ***
Total pot $6 | Rake $0
Seat 2: Scheubi88 (big blind) folded before Flop
Seat 3: lanås (button) (small blind) collected ($6)


PokerStars Hand #156490998975:  Hold'em Limit ($3/$6 USD) - 2016/07/26 20:26:39 ET
Table 'Leukothea III' 6-max Seat #2 is the button
Seat 2: Scheubi88 ($90 in chips)
Seat 3: lanås ($88 in chips)
Scheubi88: posts small blind $1
lanås: posts big blind $3
*** HOLE CARDS ***
Scheubi88: raises $3 to $6
lanås: calls $3
*** FLOP *** [8d 5d 5c]
lanås: checks
Scheubi88: bets $3
lanås: calls $3
*** TURN *** [8d 5d 5c] [7h]
lanås: checks
Scheubi88: bets $6
lanås: raises $6 to $12
Scheubi88: raises $6 to $18
lanås: calls $6
*** RIVER *** [8d 5d 5c 7h] [7d]
lanås: checks
Scheubi88: checks
*** SHOW DOWN ***
lanås: shows [Qc 6h] (two pair, Sevens and Fives)
Scheubi88: shows [6d 4h] (a straight, Four to Eight)
Scheubi88 collected $53.50 from pot
*** SUMMARY ***
Total pot $54 | Rake $0.50
Board [8d 5d 5c 7h 7d]
Seat 2: Scheubi88 (button) (small blind) showed [6d 4h] and won ($53.50) with a straight, Four to Eight
Seat 3: lanås (big blind) showed [Qc 6h] and lost with two pair, Sevens and Fives


PokerStars Hand #156491055065:  Hold'em Limit ($3/$6 USD) - 2016/07/26 20:28:37 ET
Table 'Leukothea III' 6-max Seat #3 is the button
Seat 2: Scheubi88 ($119.50 in chips)
Seat 3: lanås ($55.92 in chips)
lanås: posts small blind $1
Scheubi88: posts big blind $3
*** HOLE CARDS ***
lanås: raises $3 to $6
Scheubi88: raises $3 to $9
lanås: calls $3
*** FLOP *** [9d 8c 9h]
Scheubi88: bets $3
lanås: calls $3
*** TURN *** [9d 8c 9h] [3s]
Scheubi88: bets $6
lanås: calls $6
*** RIVER *** [9d 8c 9h 3s] [Tc]
Scheubi88: checks
lanås: bets $6
Scheubi88: calls $6
*** SHOW DOWN ***
lanås: shows [Jd Ts] (two pair, Tens and Nines)
Scheubi88: mucks hand
lanås collected $47.50 from pot
*** SUMMARY ***
Total pot $48 | Rake $0.50
Board [9d 8c 9h 3s Tc]
Seat 2: Scheubi88 (big blind) mucked
Seat 3: lanås (button) (small blind) showed [Jd Ts] and won ($47.50) with two pair, Tens and Nines


PokerStars Hand #156491046209:  Hold'em Limit ($3/$6 USD) - 2016/07/26 20:28:18 ET
Table 'Leukothea III' 6-max Seat #2 is the button
Seat 2: Scheubi88 ($131.50 in chips)
Seat 3: lanås ($44.40 in chips)
Scheubi88: posts small blind $1
lanås: posts big blind $3
*** HOLE CARDS ***
Scheubi88: raises $3 to $6
lanås: raises $3 to $9
Scheubi88: calls $3
*** FLOP *** [2c 7s Ah]
lanås: bets $3
Scheubi88: calls $3
*** TURN *** [2c 7s Ah] [Jh]
lanås: bets $6
Scheubi88: folds
Uncalled bet ($6) returned to lanås
lanås collected $23.52 from pot
*** SUMMARY ***
Total pot $24 | Rake $0.48
Board [2c 7s Ah Jh]
Seat 2: Scheubi88 (button) (small blind) folded on the Turn
Seat 3: lanås (big blind) collected ($23.52)


PokerStars Hand #156491038657:  Hold'em Limit ($3/$6 USD) - 2016/07/26 20:28:02 ET
Table 'Leukothea III' 6-max Seat #3 is the button
Seat 2: Scheubi88 ($117 in chips)
Seat 3: lanås ($59.40 in chips)
lanås: posts small blind $1
Scheubi88: posts big blind $3
*** HOLE CARDS ***
lanås: raises $3 to $6
Scheubi88: calls $3
*** FLOP *** [3c Jc Ks]
Scheubi88: checks
lanås: bets $3
Scheubi88: calls $3
*** TURN *** [3c Jc Ks] [2d]
Scheubi88: checks
lanås: bets $6
Scheubi88: calls $6
*** RIVER *** [3c Jc Ks 2d] [Kd]
Scheubi88: checks
lanås: checks
*** SHOW DOWN ***
Scheubi88: shows [Jh 5h] (two pair, Kings and Jacks)
lanås: mucks hand
Scheubi88 collected $29.50 from pot
*** SUMMARY ***
Total pot $30 | Rake $0.50
Board [3c Jc Ks 2d Kd]
Seat 2: Scheubi88 (big blind) showed [Jh 5h] and won ($29.50) with two pair, Kings and Jacks
Seat 3: lanås (button) (small blind) mucked


PokerStars Hand #156491032800:  Hold'em Limit ($3/$6 USD) - 2016/07/26 20:27:49 ET
Table 'Leukothea III' 6-max Seat #2 is the button
Seat 2: Scheubi88 ($126 in chips)
Seat 3: lanås ($50.76 in chips)
Scheubi88: posts small blind $1
lanås: posts big blind $3
*** HOLE CARDS ***
Scheubi88: raises $3 to $6
lanås: raises $3 to $9
Scheubi88: calls $3
*** FLOP *** [Kh 9s 3h]
lanås: bets $3
Scheubi88: folds
Uncalled bet ($3) returned to lanås
lanås collected $17.64 from pot
*** SUMMARY ***
Total pot $18 | Rake $0.36
Board [Kh 9s 3h]
Seat 2: Scheubi88 (button) (small blind) folded on the Flop
Seat 3: lanås (big blind) collected ($17.64)


PokerStars Hand #156491081366:  Hold'em Limit ($3/$6 USD) - 2016/07/26 20:29:34 ET
Table 'Leukothea III' 6-max Seat #3 is the button
Seat 2: Scheubi88 ($128 in chips)
Seat 3: lanås ($46.42 in chips)
lanås: posts small blind $1
Scheubi88: posts big blind $3
*** HOLE CARDS ***
lanås: raises $3 to $6
Scheubi88: calls $3
*** FLOP *** [2h Ks 9d]
Scheubi88: checks
lanås: bets $3
Scheubi88: calls $3
*** TURN *** [2h Ks 9d] [Td]
Scheubi88: checks
lanås: checks
*** RIVER *** [2h Ks 9d Td] [Qc]
Scheubi88: bets $6
lanås: calls $6
*** SHOW DOWN ***
Scheubi88: shows [2d Qs] (two pair, Queens and Deuces)
lanås: mucks hand
Scheubi88 collected $29.50 from pot
*** SUMMARY ***
Total pot $30 | Rake $0.50
Board [2h Ks 9d Td Qc]
Seat 2: Scheubi88 (big blind) showed [2d Qs] and won ($29.50) with two pair, Queens and Deuces
Seat 3: lanås (button) (small blind) mucked


PokerStars Hand #156491078481:  Hold'em Limit ($3/$6 USD) - 2016/07/26 20:29:28 ET
Table 'Leukothea III' 6-max Seat #2 is the button
Seat 2: Scheubi88 ($125 in chips)
Seat 3: lanås ($49.42 in chips)
Scheubi88: posts small blind $1
lanås: posts big blind $3
*** HOLE CARDS ***
Scheubi88: raises $3 to $6
lanås: folds
Uncalled bet ($3) returned to Scheubi88
Scheubi88 collected $6 from pot
Scheubi88: doesn't show hand
*** SUMMARY ***
Total pot $6 | Rake $0
Seat 2: Scheubi88 (button) (small blind) collected ($6)
Seat 3: lanås (big blind) folded before Flop


PokerStars Hand #156491065398:  Hold'em Limit ($3/$6 USD) - 2016/07/26 20:28:59 ET
Table 'Leukothea III' 6-max Seat #3 is the button
Seat 2: Scheubi88 ($98.50 in chips)
Seat 3: lanås ($76.42 in chips)
lanås: posts small blind $1
Scheubi88: posts big blind $3
*** HOLE CARDS ***
lanås: raises $3 to $6
Scheubi88: calls $3
*** FLOP *** [8d 7c 4s]
Scheubi88: checks
lanås: bets $3
Scheubi88: calls $3
*** TURN *** [8d 7c 4s] [2d]
Scheubi88: checks
lanås: bets $6
Scheubi88: calls $6
*** RIVER *** [8d 7c 4s 2d] [6h]
Scheubi88: checks
lanås: bets $6
Scheubi88: raises $6 to $12
lanås: calls $6
*** SHOW DOWN ***
Scheubi88: shows [9h 5d] (a straight, Five to Nine)
lanås: mucks hand
Scheubi88 collected $53.50 from pot
*** SUMMARY ***
Total pot $54 | Rake $0.50
Board [8d 7c 4s 2d 6h]
Seat 2: Scheubi88 (big blind) showed [9h 5d] and won ($53.50) with a straight, Five to Nine
Seat 3: lanås (button) (small blind) mucked


PokerStars Hand #156491062461:  Hold'em Limit ($3/$6 USD) - 2016/07/26 20:28:53 ET
Table 'Leukothea III' 6-max Seat #2 is the button
Seat 2: Scheubi88 ($95.50 in chips)
Seat 3: lanås ($79.42 in chips)
Scheubi88: posts small blind $1
lanås: posts big blind $3
*** HOLE CARDS ***
Scheubi88: raises $3 to $6
lanås: folds
Uncalled bet ($3) returned to Scheubi88
Scheubi88 collected $6 from pot
Scheubi88: doesn't show hand
*** SUMMARY ***
Total pot $6 | Rake $0
Seat 2: Scheubi88 (button) (small blind) collected ($6)
Seat 3: lanås (big blind) folded before Flop


PokerStars Hand #156491096224:  Hold'em Limit ($3/$6 USD) - 2016/07/26 20:30:06 ET
Table 'Leukothea III' 6-max Seat #2 is the button
Seat 2: Scheubi88 ($134.50 in chips)
Seat 3: lanås ($39.06 in chips)
Scheubi88: posts small blind $1
lanås: posts big blind $3
*** HOLE CARDS ***
Scheubi88: raises $3 to $6
lanås: calls $3
*** FLOP *** [5c 7h Tc]
Checkmate610 joins the table at seat #4
lanås: checks
ValeryRon joins the table at seat #5
Scheubi88: checks
*** TURN *** [5c 7h Tc] [6c]
lanås: bets $6
Scheubi88: raises $6 to $12
lanås: raises $6 to $18
Scheubi88: calls $6
*** RIVER *** [5c 7h Tc 6c] [9c]
lanås: bets $6
Scheubi88: raises $6 to $12
lanås: raises $3.06 to $15.06 and is all-in
Scheubi88: calls $3.06
*** SHOW DOWN ***
lanås: shows [Ts 8d] (a straight, Six to Ten)
Scheubi88: shows [Ac 6s] (a flush, Ace high)
Scheubi88 collected $77.62 from pot
*** SUMMARY ***
Total pot $78.12 | Rake $0.50
Board [5c 7h Tc 6c 9c]
Seat 2: Scheubi88 (button) (small blind) showed [Ac 6s] and won ($77.62) with a flush, Ace high
Seat 3: lanås (big blind) showed [Ts 8d] and lost with a straight, Six to Ten


PokerStars Hand #156491093609:  Hold'em Limit ($3/$6 USD) - 2016/07/26 20:30:00 ET
Table 'Leukothea III' 6-max Seat #3 is the button
Seat 2: Scheubi88 ($133.50 in chips)
Seat 3: lanås ($40.06 in chips)
lanås: posts small blind $1
Scheubi88: posts big blind $3
*** HOLE CARDS ***
lanås: folds
Uncalled bet ($2) returned to Scheubi88
Scheubi88 collected $2 from pot
Scheubi88: doesn't show hand
*** SUMMARY ***
Total pot $2 | Rake $0
Seat 2: Scheubi88 (big blind) collected ($2)
Seat 3: lanås (button) (small blind) folded before Flop


PokerStars Hand #156491088909:  Hold'em Limit ($3/$6 USD) - 2016/07/26 20:29:50 ET
Table 'Leukothea III' 6-max Seat #2 is the button
Seat 2: Scheubi88 ($142.50 in chips)
Seat 3: lanås ($31.42 in chips)
Scheubi88: posts small blind $1
lanås: posts big blind $3
*** HOLE CARDS ***
Scheubi88: raises $3 to $6
lanås: raises $3 to $9
Scheubi88: calls $3
*** FLOP *** [5h Qh 3d]
lanås: bets $3
Scheubi88: folds
Uncalled bet ($3) returned to lanås
lanås collected $17.64 from pot
*** SUMMARY ***
Total pot $18 | Rake $0.36
Board [5h Qh 3d]
Seat 2: Scheubi88 (button) (small blind) folded on the Flop
Seat 3: lanås (big blind) collected ($17.64)


PokerStars Hand #156491325982:  Hold'em Limit ($3/$6 USD) - 2016/07/26 20:38:16 ET
Table 'Leukothea III' 6-max Seat #6 is the button
Seat 3: CDNballer ($301.56 in chips)
Seat 6: RowntreWilly ($34 in chips)
RowntreWilly: posts small blind $1
tttzzz: is sitting out
Scheubi88: is sitting out
CDNballer: posts big blind $3
*** HOLE CARDS ***
RowntreWilly: calls $2
Scheubi88 leaves the table
CDNballer: checks
*** FLOP *** [9d 2h 3d]
tttzzz leaves the table
CDNballer: checks
RowntreWilly: checks
*** TURN *** [9d 2h 3d] [4h]
CDNballer: checks
RowntreWilly: checks
*** RIVER *** [9d 2h 3d 4h] [9s]
CDNballer: checks
RowntreWilly: checks
*** SHOW DOWN ***
CDNballer: shows [2c Kh] (two pair, Nines and Deuces)
RowntreWilly: mucks hand
CDNballer collected $5.88 from pot
*** SUMMARY ***
Total pot $6 | Rake $0.12
Board [9d 2h 3d 4h 9s]
Seat 3: CDNballer (big blind) showed [2c Kh] and won ($5.88) with two pair, Nines and Deuces
Seat 6: RowntreWilly (button) (small blind) mucked


