PokerStars Hand #145138724235:  Hold'em Limit ($3/$6 USD) - 2015/12/10 15:18:14 ET
Table 'Liaoning III' 2-max Seat #2 is the button
Seat 1: elifnur2008 ($134.03 in chips)
Seat 2: schita810 ($24.88 in chips)
schita810: posts small blind $1
elifnur2008: posts big blind $3
*** HOLE CARDS ***
schita810: raises $3 to $6
elifnur2008: calls $3
*** FLOP *** [8s Ah Ks]
elifnur2008: checks
schita810: bets $3
elifnur2008: calls $3
*** TURN *** [8s Ah Ks] [Js]
elifnur2008: checks
schita810: bets $6
elifnur2008: calls $6
*** RIVER *** [8s Ah Ks Js] [Tc]
elifnur2008: checks
schita810: bets $6
elifnur2008: calls $6
*** SHOW DOWN ***
schita810: shows [5s Qs] (a flush, King high)
elifnur2008: mucks hand
schita810 collected $41.50 from pot
*** SUMMARY ***
Total pot $42 | Rake $0.50
Board [8s Ah Ks Js Tc]
Seat 1: elifnur2008 (big blind) mucked
Seat 2: schita810 (button) (small blind) showed [5s Qs] and won ($41.50) with a flush, King high


PokerStars Hand #145138719662:  Hold'em Limit ($3/$6 USD) - 2015/12/10 15:18:10 ET
Table 'Liaoning III' 2-max Seat #1 is the button
Seat 1: elifnur2008 ($135.03 in chips)
Seat 2: schita810 ($23.88 in chips)
elifnur2008: posts small blind $1
schita810: posts big blind $3
*** HOLE CARDS ***
elifnur2008: folds
Uncalled bet ($2) returned to schita810
schita810 collected $2 from pot
*** SUMMARY ***
Total pot $2 | Rake $0
Seat 1: elifnur2008 (button) (small blind) folded before Flop
Seat 2: schita810 (big blind) collected ($2)


PokerStars Hand #145138776556:  Hold'em Limit ($3/$6 USD) - 2015/12/10 15:19:06 ET
Table 'Liaoning III' 2-max Seat #1 is the button
Seat 1: elifnur2008 ($133.53 in chips)
Seat 2: schita810 ($24.38 in chips)
elifnur2008: posts small blind $1
schita810: posts big blind $3
*** HOLE CARDS ***
elifnur2008: raises $3 to $6
schita810: raises $3 to $9
elifnur2008: calls $3
*** FLOP *** [4s 6h 3h]
schita810: bets $3
elifnur2008: raises $3 to $6
schita810: raises $3 to $9
elifnur2008: calls $3
*** TURN *** [4s 6h 3h] [4d]
schita810: bets $6
elifnur2008: raises $6 to $12
schita810: calls $0.38 and is all-in
Uncalled bet ($5.62) returned to elifnur2008
*** RIVER *** [4s 6h 3h 4d] [9s]
*** SHOW DOWN ***
schita810: shows [7h Qh] (a pair of Fours)
elifnur2008: shows [Tc 6c] (two pair, Sixes and Fours)
elifnur2008 collected $48.26 from pot
*** SUMMARY ***
Total pot $48.76 | Rake $0.50
Board [4s 6h 3h 4d 9s]
Seat 1: elifnur2008 (button) (small blind) showed [Tc 6c] and won ($48.26) with two pair, Sixes and Fours
Seat 2: schita810 (big blind) showed [7h Qh] and lost with a pair of Fours


PokerStars Hand #145138769668:  Hold'em Limit ($3/$6 USD) - 2015/12/10 15:18:59 ET
Table 'Liaoning III' 2-max Seat #2 is the button
Seat 1: elifnur2008 ($136.53 in chips)
Seat 2: schita810 ($21.38 in chips)
schita810: posts small blind $1
elifnur2008: posts big blind $3
*** HOLE CARDS ***
schita810: raises $3 to $6
elifnur2008: folds
Uncalled bet ($3) returned to schita810
schita810 collected $6 from pot
schita810: doesn't show hand
*** SUMMARY ***
Total pot $6 | Rake $0
Seat 1: elifnur2008 (big blind) folded before Flop
Seat 2: schita810 (button) (small blind) collected ($6)


PokerStars Hand #145138740871:  Hold'em Limit ($3/$6 USD) - 2015/12/10 15:18:31 ET
Table 'Liaoning III' 2-max Seat #1 is the button
Seat 1: elifnur2008 ($113.03 in chips)
Seat 2: schita810 ($45.38 in chips)
elifnur2008: posts small blind $1
schita810: posts big blind $3
*** HOLE CARDS ***
elifnur2008: raises $3 to $6
schita810: raises $3 to $9
elifnur2008: calls $3
*** FLOP *** [Ks 5d 7d]
schita810: bets $3
elifnur2008: calls $3
*** TURN *** [Ks 5d 7d] [3h]
schita810: bets $6
elifnur2008: calls $6
*** RIVER *** [Ks 5d 7d 3h] [9c]
schita810: bets $6
elifnur2008: raises $6 to $12
schita810: folds
Uncalled bet ($6) returned to elifnur2008
elifnur2008 collected $47.50 from pot
elifnur2008: doesn't show hand
*** SUMMARY ***
Total pot $48 | Rake $0.50
Board [Ks 5d 7d 3h 9c]
Seat 1: elifnur2008 (button) (small blind) collected ($47.50)
Seat 2: schita810 (big blind) folded on the River


