PokerStars Hand #154111555378:  Hold'em Limit ($3/$6 USD) - 2016/05/31 16:49:24 ET
Table 'Liberatrix II' 6-max Seat #2 is the button
Seat 2: TinaTurner72 ($120 in chips)
Seat 4: boom65 ($47.70 in chips)
TinaTurner72: posts small blind $1
boom65: posts big blind $3
*** HOLE CARDS ***
Zubasa07 joins the table at seat #5
TinaTurner72: raises $3 to $6
boom65: calls $3
*** FLOP *** [Ks Jd 2d]
boom65: checks
7 Huligan 7 joins the table at seat #3
TinaTurner72: bets $3
boom65: calls $3
*** TURN *** [Ks Jd 2d] [Ah]
boom65: checks
ValeryRon joins the table at seat #6
TinaTurner72: bets $6
boom65: calls $6
*** RIVER *** [Ks Jd 2d Ah] [Tc]
boom65: checks
TinaTurner72: bets $6
boom65: folds
Uncalled bet ($6) returned to TinaTurner72
TinaTurner72 collected $29.50 from pot
TinaTurner72: doesn't show hand
*** SUMMARY ***
Total pot $30 | Rake $0.50
Board [Ks Jd 2d Ah Tc]
Seat 2: TinaTurner72 (button) (small blind) collected ($29.50)
Seat 4: boom65 (big blind) folded on the River


PokerStars Hand #154112405646:  Hold'em Limit ($3/$6 USD) - 2016/05/31 17:05:30 ET
Table 'Liberatrix II' 6-max Seat #3 is the button
Seat 1: Wurst2000 ($128.48 in chips)
Seat 3: 7 Huligan 7 ($36.34 in chips)
7 Huligan 7: posts small blind $1
Wurst2000: posts big blind $3
*** HOLE CARDS ***
7 Huligan 7: folds
Uncalled bet ($2) returned to Wurst2000
Wurst2000 collected $2 from pot
*** SUMMARY ***
Total pot $2 | Rake $0
Seat 1: Wurst2000 (big blind) collected ($2)
Seat 3: 7 Huligan 7 (button) (small blind) folded before Flop


PokerStars Hand #154112392027:  Hold'em Limit ($3/$6 USD) - 2016/05/31 17:05:15 ET
Table 'Liberatrix II' 6-max Seat #1 is the button
Seat 1: Wurst2000 ($122.72 in chips)
Seat 3: 7 Huligan 7 ($42.34 in chips)
Wurst2000: posts small blind $1
7 Huligan 7: posts big blind $3
*** HOLE CARDS ***
Wurst2000: raises $3 to $6
7 Huligan 7: calls $3
*** FLOP *** [Kh 9h 4h]
7 Huligan 7: checks
Wurst2000: bets $3
7 Huligan 7: folds
Uncalled bet ($3) returned to Wurst2000
Wurst2000 collected $11.76 from pot
Wurst2000: doesn't show hand
*** SUMMARY ***
Total pot $12 | Rake $0.24
Board [Kh 9h 4h]
Seat 1: Wurst2000 (button) (small blind) collected ($11.76)
Seat 3: 7 Huligan 7 (big blind) folded on the Flop


PokerStars Hand #154112381481:  Hold'em Limit ($3/$6 USD) - 2016/05/31 17:05:03 ET
Table 'Liberatrix II' 6-max Seat #3 is the button
Seat 1: Wurst2000 ($128.72 in chips)
Seat 3: 7 Huligan 7 ($36.58 in chips)
7 Huligan 7: posts small blind $1
Wurst2000: posts big blind $3
*** HOLE CARDS ***
7 Huligan 7: raises $3 to $6
Wurst2000: calls $3
*** FLOP *** [Td Ks Kc]
Wurst2000: checks
7 Huligan 7: bets $3
Wurst2000: folds
Uncalled bet ($3) returned to 7 Huligan 7
7 Huligan 7 collected $11.76 from pot
7 Huligan 7: doesn't show hand
*** SUMMARY ***
Total pot $12 | Rake $0.24
Board [Td Ks Kc]
Seat 1: Wurst2000 (big blind) folded on the Flop
Seat 3: 7 Huligan 7 (button) (small blind) collected ($11.76)


PokerStars Hand #154112348884:  Hold'em Limit ($3/$6 USD) - 2016/05/31 17:04:26 ET
Table 'Liberatrix II' 6-max Seat #1 is the button
Seat 1: Wurst2000 ($99.22 in chips)
Seat 3: 7 Huligan 7 ($66.58 in chips)
Wurst2000: posts small blind $1
ToDaFelt: is sitting out
7 Huligan 7: posts big blind $3
*** HOLE CARDS ***
Wurst2000: raises $3 to $6
7 Huligan 7: raises $3 to $9
ToDaFelt leaves the table
Wurst2000: raises $3 to $12
Betting is capped
7 Huligan 7: calls $3
*** FLOP *** [Ks Js Kh]
7 Huligan 7: checks
Wurst2000: bets $3
7 Huligan 7: raises $3 to $6
Wurst2000: calls $3
*** TURN *** [Ks Js Kh] [5c]
7 Huligan 7: bets $6
Wurst2000: calls $6
*** RIVER *** [Ks Js Kh 5c] [4c]
7 Huligan 7: bets $6
Wurst2000: calls $6
*** SHOW DOWN ***
7 Huligan 7: shows [7d 7h] (two pair, Kings and Sevens)
Wurst2000: shows [Ts Tc] (two pair, Kings and Tens)
Wurst2000 collected $59.50 from pot
*** SUMMARY ***
Total pot $60 | Rake $0.50
Board [Ks Js Kh 5c 4c]
Seat 1: Wurst2000 (button) (small blind) showed [Ts Tc] and won ($59.50) with two pair, Kings and Tens
Seat 3: 7 Huligan 7 (big blind) showed [7d 7h] and lost with two pair, Kings and Sevens


PokerStars Hand #154112441827:  Hold'em Limit ($3/$6 USD) - 2016/05/31 17:06:10 ET
Table 'Liberatrix II' 6-max Seat #1 is the button
Seat 1: Wurst2000 ($114.48 in chips)
Seat 3: 7 Huligan 7 ($49.74 in chips)
Wurst2000: posts small blind $1
7 Huligan 7: posts big blind $3
*** HOLE CARDS ***
Wurst2000: folds
Uncalled bet ($2) returned to 7 Huligan 7
7 Huligan 7 collected $2 from pot
7 Huligan 7: doesn't show hand
*** SUMMARY ***
Total pot $2 | Rake $0
Seat 1: Wurst2000 (button) (small blind) folded before Flop
Seat 3: 7 Huligan 7 (big blind) collected ($2)


PokerStars Hand #154112428823:  Hold'em Limit ($3/$6 USD) - 2016/05/31 17:05:56 ET
Table 'Liberatrix II' 6-max Seat #3 is the button
Seat 1: Wurst2000 ($117.48 in chips)
Seat 3: 7 Huligan 7 ($46.86 in chips)
7 Huligan 7: posts small blind $1
Wurst2000: posts big blind $3
*** HOLE CARDS ***
7 Huligan 7: calls $2
Wurst2000: checks
*** FLOP *** [Td 9d 4d]
cornetc joins the table at seat #5
Wurst2000: checks
7 Huligan 7: bets $3
Wurst2000: folds
Uncalled bet ($3) returned to 7 Huligan 7
ValeryRon joins the table at seat #6
7 Huligan 7 collected $5.88 from pot
7 Huligan 7: doesn't show hand
*** SUMMARY ***
Total pot $6 | Rake $0.12
Board [Td 9d 4d]
Seat 1: Wurst2000 (big blind) folded on the Flop
Seat 3: 7 Huligan 7 (button) (small blind) collected ($5.88)


PokerStars Hand #154112409590:  Hold'em Limit ($3/$6 USD) - 2016/05/31 17:05:34 ET
Table 'Liberatrix II' 6-max Seat #1 is the button
Seat 1: Wurst2000 ($129.48 in chips)
Seat 3: 7 Huligan 7 ($35.34 in chips)
Wurst2000: posts small blind $1
7 Huligan 7: posts big blind $3
*** HOLE CARDS ***
Wurst2000: raises $3 to $6
7 Huligan 7: raises $3 to $9
Wurst2000: calls $3
*** FLOP *** [Tc 7c As]
7 Huligan 7: bets $3
Wurst2000: calls $3
*** TURN *** [Tc 7c As] [3c]
7 Huligan 7: bets $6
Wurst2000: folds
Uncalled bet ($6) returned to 7 Huligan 7
7 Huligan 7 collected $23.52 from pot
7 Huligan 7: doesn't show hand
*** SUMMARY ***
Total pot $24 | Rake $0.48
Board [Tc 7c As 3c]
Seat 1: Wurst2000 (button) (small blind) folded on the Turn
Seat 3: 7 Huligan 7 (big blind) collected ($23.52)


PokerStars Hand #154113742100:  Hold'em Limit ($3/$6 USD) - 2016/05/31 17:31:25 ET
Table 'Liberatrix II' 6-max Seat #3 is the button
Seat 2: Actionni13 ($180.36 in chips)
Seat 3: Chessnok ($66.83 in chips)
Chessnok: posts small blind $1
Actionni13: posts big blind $3
*** HOLE CARDS ***
Chessnok: raises $3 to $6
Actionni13: calls $3
*** FLOP *** [2h 4c 4h]
Actionni13: checks
Chessnok: bets $3
Actionni13: folds
Uncalled bet ($3) returned to Chessnok
Chessnok collected $11.76 from pot
Chessnok: doesn't show hand
*** SUMMARY ***
Total pot $12 | Rake $0.24
Board [2h 4c 4h]
Seat 2: Actionni13 (big blind) folded on the Flop
Seat 3: Chessnok (button) (small blind) collected ($11.76)


