PokerStars Hand #163325372000:  Hold'em Limit ($3/$6 USD) - 2016/12/21 22:27:49 ET
Table 'Liberatrix' 6-max Seat #1 is the button
Seat 1: ToDaFelt ($107.76 in chips)
Seat 2: 1January1 ($101.94 in chips)
ToDaFelt: posts small blind $1
1January1: posts big blind $3
*** HOLE CARDS ***
ToDaFelt: raises $3 to $6
1January1: calls $3
*** FLOP *** [8d 4s Js]
1January1: checks
ToDaFelt: bets $3
1January1: calls $3
*** TURN *** [8d 4s Js] [Td]
1January1: checks
ToDaFelt: checks
*** RIVER *** [8d 4s Js Td] [Ah]
1January1: checks
ToDaFelt: checks
*** SHOW DOWN ***
1January1: shows [5d 7h] (high card Ace)
ToDaFelt: shows [6d 8h] (a pair of Eights)
ToDaFelt collected $17.64 from pot
*** SUMMARY ***
Total pot $18 | Rake $0.36
Board [8d 4s Js Td Ah]
Seat 1: ToDaFelt (button) (small blind) showed [6d 8h] and won ($17.64) with a pair of Eights
Seat 2: 1January1 (big blind) showed [5d 7h] and lost with high card Ace


PokerStars Hand #163325360899:  Hold'em Limit ($3/$6 USD) - 2016/12/21 22:27:20 ET
Table 'Liberatrix' 6-max Seat #2 is the button
Seat 1: ToDaFelt ($125.76 in chips)
Seat 2: 1January1 ($84.44 in chips)
1January1: posts small blind $1
ToDaFelt: posts big blind $3
*** HOLE CARDS ***
1January1: raises $3 to $6
ToDaFelt: raises $3 to $9
1January1: calls $3
*** FLOP *** [2d 5c Jh]
ToDaFelt: bets $3
1January1: calls $3
*** TURN *** [2d 5c Jh] [6h]
ToDaFelt: bets $6
1January1: raises $6 to $12
ToDaFelt: folds
Uncalled bet ($6) returned to 1January1
1January1 collected $35.50 from pot
1January1: doesn't show hand
*** SUMMARY ***
Total pot $36 | Rake $0.50
Board [2d 5c Jh 6h]
Seat 1: ToDaFelt (big blind) folded on the Turn
Seat 2: 1January1 (button) (small blind) collected ($35.50)


PokerStars Hand #163325405444:  Hold'em Limit ($3/$6 USD) - 2016/12/21 22:29:17 ET
Table 'Liberatrix' 6-max Seat #1 is the button
Seat 1: ToDaFelt ($102.16 in chips)
Seat 2: 1January1 ($106.44 in chips)
ToDaFelt: posts small blind $1
1January1: posts big blind $3
*** HOLE CARDS ***
ToDaFelt: raises $3 to $6
1January1: folds
Uncalled bet ($3) returned to ToDaFelt
ToDaFelt collected $6 from pot
ToDaFelt: doesn't show hand
*** SUMMARY ***
Total pot $6 | Rake $0
Seat 1: ToDaFelt (button) (small blind) collected ($6)
Seat 2: 1January1 (big blind) folded before Flop


PokerStars Hand #163325403593:  Hold'em Limit ($3/$6 USD) - 2016/12/21 22:29:12 ET
Table 'Liberatrix' 6-max Seat #2 is the button
Seat 1: ToDaFelt ($101.16 in chips)
Seat 2: 1January1 ($107.44 in chips)
1January1: posts small blind $1
ToDaFelt: posts big blind $3
*** HOLE CARDS ***
1January1: folds
Uncalled bet ($2) returned to ToDaFelt
ToDaFelt collected $2 from pot
ToDaFelt: doesn't show hand
*** SUMMARY ***
Total pot $2 | Rake $0
Seat 1: ToDaFelt (big blind) collected ($2)
Seat 2: 1January1 (button) (small blind) folded before Flop


PokerStars Hand #163325397325:  Hold'em Limit ($3/$6 USD) - 2016/12/21 22:28:56 ET
Table 'Liberatrix' 6-max Seat #1 is the button
Seat 1: ToDaFelt ($95.40 in chips)
Seat 2: 1January1 ($113.44 in chips)
ToDaFelt: posts small blind $1
1January1: posts big blind $3
*** HOLE CARDS ***
ToDaFelt: raises $3 to $6
1January1: calls $3
*** FLOP *** [2d 9s 4h]
1January1: checks
ToDaFelt: bets $3
1January1: folds
Uncalled bet ($3) returned to ToDaFelt
ToDaFelt collected $11.76 from pot
ToDaFelt: doesn't show hand
*** SUMMARY ***
Total pot $12 | Rake $0.24
Board [2d 9s 4h]
Seat 1: ToDaFelt (button) (small blind) collected ($11.76)
Seat 2: 1January1 (big blind) folded on the Flop


PokerStars Hand #163325387533:  Hold'em Limit ($3/$6 USD) - 2016/12/21 22:28:30 ET
Table 'Liberatrix' 6-max Seat #2 is the button
Seat 1: ToDaFelt ($116.40 in chips)
Seat 2: 1January1 ($92.94 in chips)
1January1: posts small blind $1
ToDaFelt: posts big blind $3
*** HOLE CARDS ***
1January1: raises $3 to $6
ToDaFelt: calls $3
*** FLOP *** [Qd 9d 9c]
ToDaFelt: checks
1January1: bets $3
ToDaFelt: calls $3
*** TURN *** [Qd 9d 9c] [Qs]
ToDaFelt: checks
1January1: bets $6
ToDaFelt: calls $6
*** RIVER *** [Qd 9d 9c Qs] [As]
ToDaFelt: checks
1January1: bets $6
ToDaFelt: calls $6
*** SHOW DOWN ***
1January1: shows [Ad Jd] (two pair, Aces and Queens)
ToDaFelt: mucks hand
1January1 collected $41.50 from pot
*** SUMMARY ***
Total pot $42 | Rake $0.50
Board [Qd 9d 9c Qs As]
Seat 1: ToDaFelt (big blind) mucked
Seat 2: 1January1 (button) (small blind) showed [Ad Jd] and won ($41.50) with two pair, Aces and Queens


PokerStars Hand #163325433994:  Hold'em Limit ($3/$6 USD) - 2016/12/21 22:30:32 ET
Table 'Liberatrix' 6-max Seat #1 is the button
Seat 1: ToDaFelt ($111.68 in chips)
Seat 2: 1January1 ($96.20 in chips)
ToDaFelt: posts small blind $1
1January1: posts big blind $3
*** HOLE CARDS ***
ToDaFelt: raises $3 to $6
1January1: folds
Uncalled bet ($3) returned to ToDaFelt
ToDaFelt collected $6 from pot
ToDaFelt: doesn't show hand
*** SUMMARY ***
Total pot $6 | Rake $0
Seat 1: ToDaFelt (button) (small blind) collected ($6)
Seat 2: 1January1 (big blind) folded before Flop


PokerStars Hand #163325432015:  Hold'em Limit ($3/$6 USD) - 2016/12/21 22:30:27 ET
Table 'Liberatrix' 6-max Seat #2 is the button
Seat 1: ToDaFelt ($110.68 in chips)
Seat 2: 1January1 ($97.20 in chips)
1January1: posts small blind $1
ToDaFelt: posts big blind $3
*** HOLE CARDS ***
1January1: folds
Uncalled bet ($2) returned to ToDaFelt
ToDaFelt collected $2 from pot
ToDaFelt: doesn't show hand
*** SUMMARY ***
Total pot $2 | Rake $0
Seat 1: ToDaFelt (big blind) collected ($2)
Seat 2: 1January1 (button) (small blind) folded before Flop


PokerStars Hand #163325418315:  Hold'em Limit ($3/$6 USD) - 2016/12/21 22:29:50 ET
Table 'Liberatrix' 6-max Seat #1 is the button
Seat 1: ToDaFelt ($99.16 in chips)
Seat 2: 1January1 ($109.20 in chips)
ToDaFelt: posts small blind $1
1January1: posts big blind $3
*** HOLE CARDS ***
ToDaFelt: raises $3 to $6
1January1: raises $3 to $9
ToDaFelt: calls $3
*** FLOP *** [Th Qs Kc]
1January1: bets $3
ToDaFelt: calls $3
*** TURN *** [Th Qs Kc] [Ac]
1January1: checks
ToDaFelt: bets $6
1January1: folds
Uncalled bet ($6) returned to ToDaFelt
ToDaFelt collected $23.52 from pot
ToDaFelt: doesn't show hand
*** SUMMARY ***
Total pot $24 | Rake $0.48
Board [Th Qs Kc Ac]
Seat 1: ToDaFelt (button) (small blind) collected ($23.52)
Seat 2: 1January1 (big blind) folded on the Turn


PokerStars Hand #163325411020:  Hold'em Limit ($3/$6 USD) - 2016/12/21 22:29:32 ET
Table 'Liberatrix' 6-max Seat #2 is the button
Seat 1: ToDaFelt ($105.16 in chips)
Seat 2: 1January1 ($103.44 in chips)
1January1: posts small blind $1
ToDaFelt: posts big blind $3
*** HOLE CARDS ***
1January1: raises $3 to $6
ToDaFelt: calls $3
*** FLOP *** [Td 4c 2d]
ToDaFelt: checks
1January1: bets $3
ToDaFelt: folds
Uncalled bet ($3) returned to 1January1
1January1 collected $11.76 from pot
1January1: doesn't show hand
*** SUMMARY ***
Total pot $12 | Rake $0.24
Board [Td 4c 2d]
Seat 1: ToDaFelt (big blind) folded on the Flop
Seat 2: 1January1 (button) (small blind) collected ($11.76)


PokerStars Hand #163325442768:  Hold'em Limit ($3/$6 USD) - 2016/12/21 22:30:55 ET
Table 'Liberatrix' 6-max Seat #1 is the button
Seat 1: ToDaFelt ($123.32 in chips)
Seat 2: 1January1 ($84.20 in chips)
ToDaFelt: posts small blind $1
1January1: posts big blind $3
*** HOLE CARDS ***
ToDaFelt: raises $3 to $6
1January1: raises $3 to $9
ToDaFelt: calls $3
*** FLOP *** [7s 2h 3h]
1January1: bets $3
ToDaFelt: raises $3 to $6
1January1: calls $3
*** TURN *** [7s 2h 3h] [Tc]
1January1: checks
ToDaFelt: bets $6
1January1: calls $6
*** RIVER *** [7s 2h 3h Tc] [Ac]
1January1: bets $6
ToDaFelt: calls $6
*** SHOW DOWN ***
1January1: shows [Jd Kd] (high card Ace)
ToDaFelt: shows [3s 6s] (a pair of Threes)
ToDaFelt collected $53.50 from pot
*** SUMMARY ***
Total pot $54 | Rake $0.50
Board [7s 2h 3h Tc Ac]
Seat 1: ToDaFelt (button) (small blind) showed [3s 6s] and won ($53.50) with a pair of Threes
Seat 2: 1January1 (big blind) showed [Jd Kd] and lost with high card Ace


PokerStars Hand #163325436399:  Hold'em Limit ($3/$6 USD) - 2016/12/21 22:30:38 ET
Table 'Liberatrix' 6-max Seat #2 is the button
Seat 1: ToDaFelt ($114.68 in chips)
Seat 2: 1January1 ($93.20 in chips)
1January1: posts small blind $1
ToDaFelt: posts big blind $3
*** HOLE CARDS ***
1January1: raises $3 to $6
ToDaFelt: calls $3
*** FLOP *** [7d Qd 5s]
ToDaFelt: checks
1January1: bets $3
ToDaFelt: raises $3 to $6
1January1: folds
Uncalled bet ($3) returned to ToDaFelt
ToDaFelt collected $17.64 from pot
ToDaFelt: doesn't show hand
*** SUMMARY ***
Total pot $18 | Rake $0.36
Board [7d Qd 5s]
Seat 1: ToDaFelt (big blind) collected ($17.64)
Seat 2: 1January1 (button) (small blind) folded on the Flop


PokerStars Hand #163325472660:  Hold'em Limit ($3/$6 USD) - 2016/12/21 22:32:14 ET
Table 'Liberatrix' 6-max Seat #1 is the button
Seat 1: ToDaFelt ($149.57 in chips)
Seat 2: 1January1 ($56.95 in chips)
ToDaFelt: posts small blind $1
1January1: posts big blind $3
*** HOLE CARDS ***
ToDaFelt: raises $3 to $6
1January1: folds
Uncalled bet ($3) returned to ToDaFelt
ToDaFelt collected $6 from pot
ToDaFelt: doesn't show hand
*** SUMMARY ***
Total pot $6 | Rake $0
Seat 1: ToDaFelt (button) (small blind) collected ($6)
Seat 2: 1January1 (big blind) folded before Flop


PokerStars Hand #163325453103:  Hold'em Limit ($3/$6 USD) - 2016/12/21 22:31:23 ET
Table 'Liberatrix' 6-max Seat #2 is the button
Seat 1: ToDaFelt ($149.82 in chips)
Seat 2: 1January1 ($57.20 in chips)
1January1: posts small blind $1
ToDaFelt: posts big blind $3
*** HOLE CARDS ***
1January1: raises $3 to $6
ToDaFelt: raises $3 to $9
1January1: calls $3
*** FLOP *** [5c 6d 5s]
ToDaFelt: bets $3
1January1: raises $3 to $6
ToDaFelt: calls $3
*** TURN *** [5c 6d 5s] [5h]
ToDaFelt: checks
1January1: bets $6
ToDaFelt: calls $6
*** RIVER *** [5c 6d 5s 5h] [7h]
ToDaFelt: checks
1January1: bets $6
ToDaFelt: raises $6 to $12
1January1: raises $6 to $18
ToDaFelt: calls $6
*** SHOW DOWN ***
1January1: shows [7d 8h] (a full house, Fives full of Sevens)
ToDaFelt: shows [As 7s] (a full house, Fives full of Sevens)
ToDaFelt collected $38.75 from pot
1January1 collected $38.75 from pot
*** SUMMARY ***
Total pot $78 | Rake $0.50
Board [5c 6d 5s 5h 7h]
Seat 1: ToDaFelt (big blind) showed [As 7s] and won ($38.75) with a full house, Fives full of Sevens
Seat 2: 1January1 (button) (small blind) showed [7d 8h] and won ($38.75) with a full house, Fives full of Sevens


PokerStars Hand #163325495094:  Hold'em Limit ($3/$6 USD) - 2016/12/21 22:33:14 ET
Table 'Liberatrix' 6-max Seat #1 is the button
Seat 1: ToDaFelt ($194.59 in chips)
Seat 2: 1January1 ($10.95 in chips)
ToDaFelt: posts small blind $1
1January1: posts big blind $3
*** HOLE CARDS ***
ToDaFelt: folds
Uncalled bet ($2) returned to 1January1
1January1 collected $2 from pot
1January1: doesn't show hand
*** SUMMARY ***
Total pot $2 | Rake $0
Seat 1: ToDaFelt (button) (small blind) folded before Flop
Seat 2: 1January1 (big blind) collected ($2)


PokerStars Hand #163325492369:  Hold'em Limit ($3/$6 USD) - 2016/12/21 22:33:07 ET
Table 'Liberatrix' 6-max Seat #2 is the button
Seat 1: ToDaFelt ($193.59 in chips)
Seat 2: 1January1 ($11.95 in chips)
1January1: posts small blind $1
ToDaFelt: posts big blind $3
*** HOLE CARDS ***
1January1: folds
Uncalled bet ($2) returned to ToDaFelt
ToDaFelt collected $2 from pot
ToDaFelt: doesn't show hand
*** SUMMARY ***
Total pot $2 | Rake $0
Seat 1: ToDaFelt (big blind) collected ($2)
Seat 2: 1January1 (button) (small blind) folded before Flop


PokerStars Hand #163325483810:  Hold'em Limit ($3/$6 USD) - 2016/12/21 22:32:44 ET
Table 'Liberatrix' 6-max Seat #1 is the button
Seat 1: ToDaFelt ($164.09 in chips)
Seat 2: 1January1 ($41.95 in chips)
ToDaFelt: posts small blind $1
1January1: posts big blind $3
*** HOLE CARDS ***
ToDaFelt: raises $3 to $6
1January1: raises $3 to $9
ToDaFelt: calls $3
*** FLOP *** [Th As 5c]
1January1: bets $3
ToDaFelt: calls $3
*** TURN *** [Th As 5c] [5d]
1January1: bets $6
ToDaFelt: calls $6
*** RIVER *** [Th As 5c 5d] [3s]
1January1: bets $6
ToDaFelt: raises $6 to $12
1January1: calls $6
*** SHOW DOWN ***
ToDaFelt: shows [Ac 6h] (two pair, Aces and Fives)
1January1: mucks hand
ToDaFelt collected $59.50 from pot
*** SUMMARY ***
Total pot $60 | Rake $0.50
Board [Th As 5c 5d 3s]
Seat 1: ToDaFelt (button) (small blind) showed [Ac 6h] and won ($59.50) with two pair, Aces and Fives
Seat 2: 1January1 (big blind) mucked


PokerStars Hand #163325475585:  Hold'em Limit ($3/$6 USD) - 2016/12/21 22:32:22 ET
Table 'Liberatrix' 6-max Seat #2 is the button
Seat 1: ToDaFelt ($152.57 in chips)
Seat 2: 1January1 ($53.95 in chips)
1January1: posts small blind $1
ToDaFelt: posts big blind $3
*** HOLE CARDS ***
1January1: raises $3 to $6
ToDaFelt: calls $3
*** FLOP *** [8s Tc Qh]
ToDaFelt: checks
1January1: bets $3
ToDaFelt: raises $3 to $6
1January1: calls $3
*** TURN *** [8s Tc Qh] [6c]
ToDaFelt: bets $6
1January1: folds
Uncalled bet ($6) returned to ToDaFelt
ToDaFelt collected $23.52 from pot
ToDaFelt: doesn't show hand
*** SUMMARY ***
Total pot $24 | Rake $0.48
Board [8s Tc Qh 6c]
Seat 1: ToDaFelt (big blind) collected ($23.52)
Seat 2: 1January1 (button) (small blind) folded on the Turn


PokerStars Hand #163325515188:  Hold'em Limit ($3/$6 USD) - 2016/12/21 22:34:07 ET
Table 'Liberatrix' 6-max Seat #1 is the button
Seat 1: ToDaFelt ($177.64 in chips)
Seat 2: 1January1 ($27.42 in chips)
ToDaFelt: posts small blind $1
1January1: posts big blind $3
*** HOLE CARDS ***
ToDaFelt: raises $3 to $6
1January1: raises $3 to $9
ToDaFelt: calls $3
*** FLOP *** [Kc 7c 5c]
1January1: checks
ToDaFelt: checks
*** TURN *** [Kc 7c 5c] [7d]
1January1: bets $6
ToDaFelt: calls $6
*** RIVER *** [Kc 7c 5c 7d] [Jd]
1January1: bets $6
ToDaFelt: calls $6
*** SHOW DOWN ***
1January1: shows [Ac 2d] (a pair of Sevens)
ToDaFelt: shows [Jh Tc] (two pair, Jacks and Sevens)
ToDaFelt collected $41.50 from pot
*** SUMMARY ***
Total pot $42 | Rake $0.50
Board [Kc 7c 5c 7d Jd]
Seat 1: ToDaFelt (button) (small blind) showed [Jh Tc] and won ($41.50) with two pair, Jacks and Sevens
Seat 2: 1January1 (big blind) showed [Ac 2d] and lost with a pair of Sevens


PokerStars Hand #163325512074:  Hold'em Limit ($3/$6 USD) - 2016/12/21 22:33:59 ET
Table 'Liberatrix' 6-max Seat #2 is the button
Seat 1: ToDaFelt ($180.64 in chips)
Seat 2: 1January1 ($24.42 in chips)
1January1: posts small blind $1
ToDaFelt: posts big blind $3
*** HOLE CARDS ***
1January1: raises $3 to $6
ToDaFelt: folds
Uncalled bet ($3) returned to 1January1
1January1 collected $6 from pot
1January1: doesn't show hand
*** SUMMARY ***
Total pot $6 | Rake $0
Seat 1: ToDaFelt (big blind) folded before Flop
Seat 2: 1January1 (button) (small blind) collected ($6)


PokerStars Hand #163325509479:  Hold'em Limit ($3/$6 USD) - 2016/12/21 22:33:52 ET
Table 'Liberatrix' 6-max Seat #1 is the button
Seat 1: ToDaFelt ($181.64 in chips)
Seat 2: 1January1 ($23.42 in chips)
ToDaFelt: posts small blind $1
1January1: posts big blind $3
*** HOLE CARDS ***
ToDaFelt: folds
Uncalled bet ($2) returned to 1January1
1January1 collected $2 from pot
1January1: doesn't show hand
*** SUMMARY ***
Total pot $2 | Rake $0
Seat 1: ToDaFelt (button) (small blind) folded before Flop
Seat 2: 1January1 (big blind) collected ($2)


PokerStars Hand #163325496961:  Hold'em Limit ($3/$6 USD) - 2016/12/21 22:33:19 ET
Table 'Liberatrix' 6-max Seat #2 is the button
Seat 1: ToDaFelt ($193.59 in chips)
Seat 2: 1January1 ($11.95 in chips)
1January1: posts small blind $1
ToDaFelt: posts big blind $3
*** HOLE CARDS ***
1January1: raises $3 to $6
ToDaFelt: calls $3
*** FLOP *** [5h 2h As]
ToDaFelt: checks
1January1: bets $3
ToDaFelt: raises $3 to $6
1January1: calls $2.95 and is all-in
Uncalled bet ($0.05) returned to ToDaFelt
*** TURN *** [5h 2h As] [8c]
*** RIVER *** [5h 2h As 8c] [Qs]
*** SHOW DOWN ***
ToDaFelt: shows [7d 5s] (a pair of Fives)
1January1: shows [3d 8d] (a pair of Eights)
1January1 collected $23.42 from pot
*** SUMMARY ***
Total pot $23.90 | Rake $0.48
Board [5h 2h As 8c Qs]
Seat 1: ToDaFelt (big blind) showed [7d 5s] and lost with a pair of Fives
Seat 2: 1January1 (button) (small blind) showed [3d 8d] and won ($23.42) with a pair of Eights


PokerStars Hand #163325538895:  Hold'em Limit ($3/$6 USD) - 2016/12/21 22:35:10 ET
Table 'Liberatrix' 6-max Seat #2 is the button
Seat 1: ToDaFelt ($191.47 in chips)
Seat 2: 1January1 ($12.33 in chips)
1January1: posts small blind $1
ToDaFelt: posts big blind $3
*** HOLE CARDS ***
1January1: raises $3 to $6
ToDaFelt: calls $3
*** FLOP *** [As 4h 4d]
ToDaFelt: checks
1January1: bets $3
ToDaFelt: folds
Uncalled bet ($3) returned to 1January1
1January1 collected $11.76 from pot
1January1: doesn't show hand
*** SUMMARY ***
Total pot $12 | Rake $0.24
Board [As 4h 4d]
Seat 1: ToDaFelt (big blind) folded on the Flop
Seat 2: 1January1 (button) (small blind) collected ($11.76)


PokerStars Hand #163325531679:  Hold'em Limit ($3/$6 USD) - 2016/12/21 22:34:51 ET
Table 'Liberatrix' 6-max Seat #1 is the button
Seat 1: ToDaFelt ($191.72 in chips)
Seat 2: 1January1 ($12.58 in chips)
ToDaFelt: posts small blind $1
1January1: posts big blind $3
*** HOLE CARDS ***
ToDaFelt: raises $3 to $6
1January1: raises $3 to $9
ToDaFelt: calls $3
*** FLOP *** [Jc 9d 2c]
1January1: bets $3
ToDaFelt: raises $3 to $6
1January1: calls $0.58 and is all-in
Uncalled bet ($2.42) returned to ToDaFelt
*** TURN *** [Jc 9d 2c] [Td]
*** RIVER *** [Jc 9d 2c Td] [3h]
*** SHOW DOWN ***
1January1: shows [5s Qc] (high card Queen)
ToDaFelt: shows [Qs 5c] (high card Queen)
1January1 collected $12.33 from pot
ToDaFelt collected $12.33 from pot
*** SUMMARY ***
Total pot $25.16 | Rake $0.50
Board [Jc 9d 2c Td 3h]
Seat 1: ToDaFelt (button) (small blind) showed [Qs 5c] and won ($12.33) with high card Queen
Seat 2: 1January1 (big blind) showed [5s Qc] and won ($12.33) with high card Queen


PokerStars Hand #163325526330:  Hold'em Limit ($3/$6 USD) - 2016/12/21 22:34:37 ET
Table 'Liberatrix' 6-max Seat #2 is the button
Seat 1: ToDaFelt ($198.14 in chips)
Seat 2: 1January1 ($6.42 in chips)
1January1: posts small blind $1
ToDaFelt: posts big blind $3
*** HOLE CARDS ***
1January1: raises $3 to $6
ToDaFelt: raises $3 to $9
1January1: calls $0.42 and is all-in
Uncalled bet ($2.58) returned to ToDaFelt
*** FLOP *** [5s Js 3s]
*** TURN *** [5s Js 3s] [5d]
*** RIVER *** [5s Js 3s 5d] [2s]
*** SHOW DOWN ***
ToDaFelt: shows [Ac 9c] (a pair of Fives)
1January1: shows [2h 5h] (a full house, Fives full of Deuces)
1January1 collected $12.58 from pot
*** SUMMARY ***
Total pot $12.84 | Rake $0.26
Board [5s Js 3s 5d 2s]
Seat 1: ToDaFelt (big blind) showed [Ac 9c] and lost with a pair of Fives
Seat 2: 1January1 (button) (small blind) showed [2h 5h] and won ($12.58) with a full house, Fives full of Deuces


PokerStars Hand #163325554163:  Hold'em Limit ($3/$6 USD) - 2016/12/21 22:35:51 ET
Table 'Liberatrix' 6-max Seat #2 is the button
Seat 1: ToDaFelt ($184.47 in chips)
Seat 2: 1January1 ($19.09 in chips)
1January1: posts small blind $1
ToDaFelt: posts big blind $3
*** HOLE CARDS ***
1January1: raises $3 to $6
ToDaFelt: raises $3 to $9
1January1: raises $3 to $12
Betting is capped
ToDaFelt: calls $3
*** FLOP *** [Ks 8h 3c]
ToDaFelt: checks
1January1: bets $3
ToDaFelt: raises $3 to $6
1January1: raises $1.09 to $7.09 and is all-in
ToDaFelt: calls $1.09
*** TURN *** [Ks 8h 3c] [6c]
*** RIVER *** [Ks 8h 3c 6c] [7s]
*** SHOW DOWN ***
ToDaFelt: shows [4c 4s] (a pair of Fours)
1January1: shows [Kh Tc] (a pair of Kings)
1January1 collected $37.68 from pot
*** SUMMARY ***
Total pot $38.18 | Rake $0.50
Board [Ks 8h 3c 6c 7s]
Seat 1: ToDaFelt (big blind) showed [4c 4s] and lost with a pair of Fours
Seat 2: 1January1 (button) (small blind) showed [Kh Tc] and won ($37.68) with a pair of Kings


PokerStars Hand #163325547759:  Hold'em Limit ($3/$6 USD) - 2016/12/21 22:35:34 ET
Table 'Liberatrix' 6-max Seat #1 is the button
Seat 1: ToDaFelt ($185.47 in chips)
Seat 2: 1January1 ($18.09 in chips)
ToDaFelt: posts small blind $1
1January1: posts big blind $3
*** HOLE CARDS ***
ToDaFelt: folds
Uncalled bet ($2) returned to 1January1
1January1 collected $2 from pot
1January1: doesn't show hand
*** SUMMARY ***
Total pot $2 | Rake $0
Seat 1: ToDaFelt (button) (small blind) folded before Flop
Seat 2: 1January1 (big blind) collected ($2)


PokerStars Hand #163325580128:  Hold'em Limit ($3/$6 USD) - 2016/12/21 22:37:01 ET
Table 'Liberatrix' 6-max Seat #2 is the button
Seat 1: ToDaFelt ($127.70 in chips)
Seat 2: 1January1 ($74.86 in chips)
1January1: posts small blind $1
ToDaFelt: posts big blind $3
*** HOLE CARDS ***
1January1: raises $3 to $6
ToDaFelt: calls $3
*** FLOP *** [Kd Qh Qs]
ToDaFelt: checks
1January1: bets $3
MellivoraSto joins the table at seat #3
ToDaFelt: folds
Uncalled bet ($3) returned to 1January1
1January1 collected $11.76 from pot
1January1: doesn't show hand
*** SUMMARY ***
Total pot $12 | Rake $0.24
Board [Kd Qh Qs]
Seat 1: ToDaFelt (big blind) folded on the Flop
Seat 2: 1January1 (button) (small blind) collected ($11.76)


PokerStars Hand #163325568341:  Hold'em Limit ($3/$6 USD) - 2016/12/21 22:36:29 ET
Table 'Liberatrix' 6-max Seat #1 is the button
Seat 1: ToDaFelt ($165.38 in chips)
Seat 2: 1January1 ($37.68 in chips)
ToDaFelt: posts small blind $1
1January1: posts big blind $3
*** HOLE CARDS ***
ToDaFelt: raises $3 to $6
1January1: raises $3 to $9
ToDaFelt: calls $3
*** FLOP *** [Tc Ad 9h]
1January1: bets $3
ToDaFelt: calls $3
*** TURN *** [Tc Ad 9h] [5c]
1January1: bets $6
ToDaFelt: raises $6 to $12
1January1: raises $6 to $18
ToDaFelt: calls $6
*** RIVER *** [Tc Ad 9h 5c] [7c]
1January1: bets $6
ToDaFelt: raises $6 to $12
1January1: calls $1.68 and is all-in
Uncalled bet ($4.32) returned to ToDaFelt
*** SHOW DOWN ***
ToDaFelt: shows [Kc Qc] (a flush, King high)
1January1: shows [Ac 2c] (a flush, Ace high)
1January1 collected $74.86 from pot
*** SUMMARY ***
Total pot $75.36 | Rake $0.50
Board [Tc Ad 9h 5c 7c]
Seat 1: ToDaFelt (button) (small blind) showed [Kc Qc] and lost with a flush, King high
Seat 2: 1January1 (big blind) showed [Ac 2c] and won ($74.86) with a flush, Ace high


PokerStars Hand #163325589294:  Hold'em Limit ($3/$6 USD) - 2016/12/21 22:37:26 ET
Table 'Liberatrix' 6-max Seat #1 is the button
Seat 1: ToDaFelt ($121.70 in chips)
Seat 2: 1January1 ($80.62 in chips)
ToDaFelt: posts small blind $1
1January1: posts big blind $3
*** HOLE CARDS ***
ToDaFelt: raises $3 to $6
1January1: calls $3
*** FLOP *** [As Ah 4h]
1January1: checks
ToDaFelt: bets $3
1January1: calls $3
*** TURN *** [As Ah 4h] [5s]
1January1: bets $6
ToDaFelt: raises $6 to $12
1January1: calls $6
*** RIVER *** [As Ah 4h 5s] [Kd]
1January1: checks
ToDaFelt: bets $6
1January1: calls $6
*** SHOW DOWN ***
ToDaFelt: shows [Ac Js] (three of a kind, Aces)
1January1: mucks hand
ToDaFelt collected $53.50 from pot
*** SUMMARY ***
Total pot $54 | Rake $0.50
Board [As Ah 4h 5s Kd]
Seat 1: ToDaFelt (button) (small blind) showed [Ac Js] and won ($53.50) with three of a kind, Aces
Seat 2: 1January1 (big blind) mucked


PokerStars Hand #163325700833:  Hold'em Limit ($3/$6 USD) - 2016/12/21 22:42:26 ET
Table 'Liberatrix' 6-max Seat #1 is the button
Seat 1: ToDaFelt ($139.85 in chips)
Seat 4: RaisemyNut$ ($113 in chips)
roxstar2927 will be allowed to play after the button
ToDaFelt: posts small blind $1
1January1: is sitting out
MellivoraSto: is sitting out
RaisemyNut$: posts big blind $3
*** HOLE CARDS ***
ToDaFelt: raises $3 to $6
1January1 leaves the table
RaisemyNut$: calls $3
*** FLOP *** [2h 3s 8s]
RaisemyNut$: checks
ToDaFelt: bets $3
MellivoraSto leaves the table
RaisemyNut$: calls $3
*** TURN *** [2h 3s 8s] [Th]
RaisemyNut$: checks
ToDaFelt: bets $6
RaisemyNut$: calls $6
*** RIVER *** [2h 3s 8s Th] [Qh]
RaisemyNut$: checks
ToDaFelt: bets $6
RaisemyNut$: folds
Uncalled bet ($6) returned to ToDaFelt
ToDaFelt collected $29.50 from pot
ToDaFelt: doesn't show hand
*** SUMMARY ***
Total pot $30 | Rake $0.50
Board [2h 3s 8s Th Qh]
Seat 1: ToDaFelt (button) (small blind) collected ($29.50)
Seat 4: RaisemyNut$ (big blind) folded on the River


