PokerStars Hand #167162863169:  Hold'em Limit ($3/$6 USD) - 2017/03/05 14:52:09 ET
Table 'Libera' 6-max Seat #1 is the button
Seat 1: JochenBele ($43.54 in chips)
Seat 5: GoliafUa ($124 in chips)
JochenBele: posts small blind $1
GoliafUa: posts big blind $3
*** HOLE CARDS ***
JochenBele: folds
Uncalled bet ($2) returned to GoliafUa
GoliafUa collected $2 from pot
GoliafUa: doesn't show hand
*** SUMMARY ***
Total pot $2 | Rake $0
Seat 1: JochenBele (button) (small blind) folded before Flop
Seat 5: GoliafUa (big blind) collected ($2)


PokerStars Hand #167162893462:  Hold'em Limit ($3/$6 USD) - 2017/03/05 14:52:38 ET
Table 'Libera' 6-max Seat #5 is the button
Seat 1: JochenBele ($53.06 in chips)
Seat 5: GoliafUa ($114 in chips)
GoliafUa: posts small blind $1
JochenBele: posts big blind $3
Apanage joins the table at seat #2
*** HOLE CARDS ***
GoliafUa: raises $3 to $6
JochenBele: folds
Uncalled bet ($3) returned to GoliafUa
GoliafUa collected $6 from pot
GoliafUa: doesn't show hand
*** SUMMARY ***
Total pot $6 | Rake $0
Seat 1: JochenBele (big blind) folded before Flop
Seat 5: GoliafUa (button) (small blind) collected ($6)


PokerStars Hand #167162887464:  Hold'em Limit ($3/$6 USD) - 2017/03/05 14:52:32 ET
Table 'Libera' 6-max Seat #1 is the button
Seat 1: JochenBele ($54.06 in chips)
Seat 5: GoliafUa ($113 in chips)
JochenBele: posts small blind $1
GoliafUa: posts big blind $3
*** HOLE CARDS ***
JochenBele: folds
Uncalled bet ($2) returned to GoliafUa
GoliafUa collected $2 from pot
GoliafUa: doesn't show hand
*** SUMMARY ***
Total pot $2 | Rake $0
Seat 1: JochenBele (button) (small blind) folded before Flop
Seat 5: GoliafUa (big blind) collected ($2)


PokerStars Hand #167162868468:  Hold'em Limit ($3/$6 USD) - 2017/03/05 14:52:14 ET
Table 'Libera' 6-max Seat #5 is the button
Seat 1: JochenBele ($42.54 in chips)
Seat 5: GoliafUa ($125 in chips)
GoliafUa: posts small blind $1
JochenBele: posts big blind $3
*** HOLE CARDS ***
GoliafUa: raises $3 to $6
JochenBele: raises $3 to $9
GoliafUa: calls $3
*** FLOP *** [Jh 5d 2d]
JochenBele: bets $3
GoliafUa: calls $3
*** TURN *** [Jh 5d 2d] [5c]
JochenBele: bets $6
GoliafUa: folds
Uncalled bet ($6) returned to JochenBele
JochenBele collected $23.52 from pot
JochenBele: doesn't show hand
*** SUMMARY ***
Total pot $24 | Rake $0.48
Board [Jh 5d 2d 5c]
Seat 1: JochenBele (big blind) collected ($23.52)
Seat 5: GoliafUa (button) (small blind) folded on the Turn


PokerStars Hand #167163055025:  Hold'em Limit ($3/$6 USD) - 2017/03/05 14:55:18 ET
Table 'Libera' 6-max Seat #5 is the button
Seat 1: JochenBele ($18.06 in chips)
Seat 5: GoliafUa ($96.83 in chips)
GoliafUa: posts small blind $1
JochenBele: posts big blind $3
*** HOLE CARDS ***
GoliafUa: folds
Uncalled bet ($2) returned to JochenBele
JochenBele collected $2 from pot
JochenBele: doesn't show hand
*** SUMMARY ***
Total pot $2 | Rake $0
Seat 1: JochenBele (big blind) collected ($2)
Seat 5: GoliafUa (button) (small blind) folded before Flop


PokerStars Hand #167163050092:  Hold'em Limit ($3/$6 USD) - 2017/03/05 14:55:11 ET
Table 'Libera' 6-max Seat #1 is the button
Seat 1: JochenBele ($15.06 in chips)
Seat 5: GoliafUa ($99.83 in chips)
JochenBele: posts small blind $1
Apanage: is sitting out
GoliafUa: posts big blind $3
*** HOLE CARDS ***
Apanage leaves the table
JochenBele: raises $3 to $6
GoliafUa: folds
Uncalled bet ($3) returned to JochenBele
JochenBele collected $6 from pot
JochenBele: doesn't show hand
*** SUMMARY ***
Total pot $6 | Rake $0
Seat 1: JochenBele (button) (small blind) collected ($6)
Seat 5: GoliafUa (big blind) folded before Flop


PokerStars Hand #167163059634:  Hold'em Limit ($3/$6 USD) - 2017/03/05 14:55:24 ET
Table 'Libera' 6-max Seat #1 is the button
Seat 1: JochenBele ($19.06 in chips)
Seat 5: GoliafUa ($95.83 in chips)
JochenBele: posts small blind $1
GoliafUa: posts big blind $3
*** HOLE CARDS ***
JochenBele: raises $3 to $6
GoliafUa: calls $3
*** FLOP *** [Jh 8s Td]
GoliafUa: checks
JochenBele: bets $3
GoliafUa: calls $3
*** TURN *** [Jh 8s Td] [Kh]
GoliafUa: checks
JochenBele: bets $6
GoliafUa: calls $6
*** RIVER *** [Jh 8s Td Kh] [Ad]
GoliafUa: checks
JochenBele: bets $4.06 and is all-in
GoliafUa: calls $4.06
*** SHOW DOWN ***
JochenBele: shows [Th 8d] (two pair, Tens and Eights)
GoliafUa: shows [8c Qc] (a straight, Ten to Ace)
GoliafUa collected $37.62 from pot
*** SUMMARY ***
Total pot $38.12 | Rake $0.50
Board [Jh 8s Td Kh Ad]
Seat 1: JochenBele (button) (small blind) showed [Th 8d] and lost with two pair, Tens and Eights
Seat 5: GoliafUa (big blind) showed [8c Qc] and won ($37.62) with a straight, Ten to Ace


