PokerStars Hand #157312494193:  Hold'em Limit ($3/$6 USD) - 2016/08/15 13:38:15 ET
Table 'Libitina' 6-max Seat #1 is the button
Seat 1: Aces0fPain ($99.32 in chips)
Seat 2: zloy1888 ($144.79 in chips)
Aces0fPain: posts small blind $1
zloy1888: posts big blind $3
*** HOLE CARDS ***
Aces0fPain: raises $3 to $6
zloy1888: folds
Uncalled bet ($3) returned to Aces0fPain
Aces0fPain collected $6 from pot
degal76 leaves the table
*** SUMMARY ***
Total pot $6 | Rake $0
Seat 1: Aces0fPain (button) (small blind) collected ($6)
Seat 2: zloy1888 (big blind) folded before Flop


PokerStars Hand #157312497671:  Hold'em Limit ($3/$6 USD) - 2016/08/15 13:38:20 ET
Table 'Libitina' 6-max Seat #2 is the button
Seat 1: Aces0fPain ($102.32 in chips)
Seat 2: zloy1888 ($141.79 in chips)
zloy1888: posts small blind $1
Aces0fPain: posts big blind $3
*** HOLE CARDS ***
zloy1888: calls $2
Aces0fPain: checks
*** FLOP *** [7d 8d 4c]
Aces0fPain: checks
zloy1888: checks
*** TURN *** [7d 8d 4c] [Ac]
Aces0fPain: checks
zloy1888: bets $6
Aces0fPain: folds
Uncalled bet ($6) returned to zloy1888
zloy1888 collected $5.88 from pot
zloy1888: doesn't show hand
*** SUMMARY ***
Total pot $6 | Rake $0.12
Board [7d 8d 4c Ac]
Seat 1: Aces0fPain (big blind) folded on the Turn
Seat 2: zloy1888 (button) (small blind) collected ($5.88)


