PokerStars Hand #160893515447:  Hold'em Limit ($3/$6 USD) - 2016/11/04 13:37:07 ET
Table 'Libitina' 10-max Seat #4 is the button
Seat 4: Titanic001 ($54.42 in chips)
Seat 5: ToDaFelt ($120 in chips)
Titanic001: posts small blind $1
ToDaFelt: posts big blind $3
*** HOLE CARDS ***
Titanic001: folds
Uncalled bet ($2) returned to ToDaFelt
ToDaFelt collected $2 from pot
ToDaFelt: doesn't show hand
*** SUMMARY ***
Total pot $2 | Rake $0
Seat 4: Titanic001 (button) (small blind) folded before Flop
Seat 5: ToDaFelt (big blind) collected ($2)


PokerStars Hand #160893553037:  Hold'em Limit ($3/$6 USD) - 2016/11/04 13:37:54 ET
Table 'Libitina' 10-max Seat #4 is the button
Seat 4: Titanic001 ($29.42 in chips)
Seat 5: ToDaFelt ($144.50 in chips)
Titanic001: posts small blind $1
ToDaFelt: posts big blind $3
*** HOLE CARDS ***
Titanic001: raises $3 to $6
ToDaFelt: calls $3
*** FLOP *** [6s 2c 7s]
ToDaFelt: checks
Titanic001: bets $3
ToDaFelt: raises $3 to $6
Titanic001: raises $3 to $9
ToDaFelt: raises $3 to $12
Betting is capped
Titanic001: calls $3
*** TURN *** [6s 2c 7s] [7d]
ToDaFelt: bets $6
Titanic001: raises $5.42 to $11.42 and is all-in
ToDaFelt: calls $5.42
*** RIVER *** [6s 2c 7s 7d] [Jd]
*** SHOW DOWN ***
ToDaFelt: shows [3s Ts] (a pair of Sevens)
Titanic001: shows [2d 6d] (two pair, Sevens and Sixes)
Titanic001 collected $58.34 from pot
*** SUMMARY ***
Total pot $58.84 | Rake $0.50
Board [6s 2c 7s 7d Jd]
Seat 4: Titanic001 (button) (small blind) showed [2d 6d] and won ($58.34) with two pair, Sevens and Sixes
Seat 5: ToDaFelt (big blind) showed [3s Ts] and lost with a pair of Sevens


PokerStars Hand #160893519631:  Hold'em Limit ($3/$6 USD) - 2016/11/04 13:37:13 ET
Table 'Libitina' 10-max Seat #5 is the button
Seat 4: Titanic001 ($53.42 in chips)
Seat 5: ToDaFelt ($121 in chips)
ToDaFelt: posts small blind $1
Titanic001: posts big blind $3
*** HOLE CARDS ***
ToDaFelt: raises $3 to $6
Titanic001: calls $3
*** FLOP *** [2c 9d 7d]
Titanic001: checks
ToDaFelt: bets $3
Titanic001: raises $3 to $6
ToDaFelt: calls $3
*** TURN *** [2c 9d 7d] [3d]
Titanic001: bets $6
ToDaFelt: calls $6
*** RIVER *** [2c 9d 7d 3d] [9s]
Titanic001: bets $6
ToDaFelt: calls $6
*** SHOW DOWN ***
Titanic001: shows [8d 7s] (two pair, Nines and Sevens)
ToDaFelt: shows [7c Jh] (two pair, Nines and Sevens - Jack kicker)
ToDaFelt collected $47.50 from pot
*** SUMMARY ***
Total pot $48 | Rake $0.50
Board [2c 9d 7d 3d 9s]
Seat 4: Titanic001 (big blind) showed [8d 7s] and lost with two pair, Nines and Sevens
Seat 5: ToDaFelt (button) (small blind) showed [7c Jh] and won ($47.50) with two pair, Nines and Sevens


PokerStars Hand #160893616866:  Hold'em Limit ($3/$6 USD) - 2016/11/04 13:39:11 ET
Table 'Libitina' 10-max Seat #5 is the button
Seat 4: Titanic001 ($16.34 in chips)
Seat 5: ToDaFelt ($156.22 in chips)
ToDaFelt: posts small blind $1
Titanic001: posts big blind $3
*** HOLE CARDS ***
ToDaFelt: folds
Uncalled bet ($2) returned to Titanic001
Titanic001 collected $2 from pot
*** SUMMARY ***
Total pot $2 | Rake $0
Seat 4: Titanic001 (big blind) collected ($2)
Seat 5: ToDaFelt (button) (small blind) folded before Flop


PokerStars Hand #160893604831:  Hold'em Limit ($3/$6 USD) - 2016/11/04 13:38:57 ET
Table 'Libitina' 10-max Seat #4 is the button
Seat 4: Titanic001 ($25.34 in chips)
Seat 5: ToDaFelt ($147.58 in chips)
Titanic001: posts small blind $1
ToDaFelt: posts big blind $3
*** HOLE CARDS ***
Titanic001: raises $3 to $6
ToDaFelt: calls $3
*** FLOP *** [Kh 5s Js]
ToDaFelt: checks
Titanic001: bets $3
ToDaFelt: raises $3 to $6
Titanic001: folds
Uncalled bet ($3) returned to ToDaFelt
ToDaFelt collected $17.64 from pot
ToDaFelt: doesn't show hand
*** SUMMARY ***
Total pot $18 | Rake $0.36
Board [Kh 5s Js]
Seat 4: Titanic001 (button) (small blind) folded on the Flop
Seat 5: ToDaFelt (big blind) collected ($17.64)


PokerStars Hand #160893581836:  Hold'em Limit ($3/$6 USD) - 2016/11/04 13:38:29 ET
Table 'Libitina' 10-max Seat #5 is the button
Seat 4: Titanic001 ($58.34 in chips)
Seat 5: ToDaFelt ($115.08 in chips)
ToDaFelt: posts small blind $1
Titanic001: posts big blind $3
*** HOLE CARDS ***
ToDaFelt: raises $3 to $6
Titanic001: calls $3
*** FLOP *** [Th 5s 4d]
Titanic001: checks
ToDaFelt: bets $3
Titanic001: calls $3
*** TURN *** [Th 5s 4d] [Jd]
Titanic001: checks
ToDaFelt: bets $6
Titanic001: raises $6 to $12
ToDaFelt: raises $6 to $18
Titanic001: calls $6
*** RIVER *** [Th 5s 4d Jd] [Qc]
Titanic001: checks
ToDaFelt: bets $6
Titanic001: calls $6
*** SHOW DOWN ***
ToDaFelt: shows [Tc Td] (three of a kind, Tens)
Titanic001: mucks hand
ToDaFelt collected $65.50 from pot
*** SUMMARY ***
Total pot $66 | Rake $0.50
Board [Th 5s 4d Jd Qc]
Seat 4: Titanic001 (big blind) mucked
Seat 5: ToDaFelt (button) (small blind) showed [Tc Td] and won ($65.50) with three of a kind, Tens


PokerStars Hand #160893624981:  Hold'em Limit ($3/$6 USD) - 2016/11/04 13:39:18 ET
Table 'Libitina' 10-max Seat #4 is the button
Seat 4: Titanic001 ($17.34 in chips)
Seat 5: ToDaFelt ($155.22 in chips)
Titanic001: posts small blind $1
ToDaFelt: posts big blind $3
*** HOLE CARDS ***
Titanic001: raises $3 to $6
ToDaFelt: calls $3
*** FLOP *** [Kd 3d 4h]
ToDaFelt: checks
Titanic001: bets $3
ToDaFelt: raises $3 to $6
Titanic001: calls $3
*** TURN *** [Kd 3d 4h] [Ah]
ToDaFelt: bets $6
Titanic001: calls $5.34 and is all-in
Uncalled bet ($0.66) returned to ToDaFelt
*** RIVER *** [Kd 3d 4h Ah] [4d]
*** SHOW DOWN ***
ToDaFelt: shows [3c Ks] (two pair, Kings and Fours)
Titanic001: shows [Kh 4c] (a full house, Fours full of Kings)
Titanic001 collected $34.18 from pot
*** SUMMARY ***
Total pot $34.68 | Rake $0.50
Board [Kd 3d 4h Ah 4d]
Seat 4: Titanic001 (button) (small blind) showed [Kh 4c] and won ($34.18) with a full house, Fours full of Kings
Seat 5: ToDaFelt (big blind) showed [3c Ks] and lost with two pair, Kings and Fours


PokerStars Hand #160893721334:  Hold'em Limit ($3/$6 USD) - 2016/11/04 13:41:16 ET
Table 'Libitina' 10-max Seat #5 is the button
Seat 4: Titanic001 ($48.43 in chips)
Seat 5: ToDaFelt ($122.63 in chips)
ToDaFelt: posts small blind $1
Titanic001: posts big blind $3
*** HOLE CARDS ***
ToDaFelt: raises $3 to $6
Titanic001: calls $3
*** FLOP *** [2d 6s 3d]
Titanic001: checks
ToDaFelt: bets $3
Titanic001: folds
Uncalled bet ($3) returned to ToDaFelt
ToDaFelt collected $11.76 from pot
ToDaFelt: doesn't show hand
*** SUMMARY ***
Total pot $12 | Rake $0.24
Board [2d 6s 3d]
Seat 4: Titanic001 (big blind) folded on the Flop
Seat 5: ToDaFelt (button) (small blind) collected ($11.76)


PokerStars Hand #160893700753:  Hold'em Limit ($3/$6 USD) - 2016/11/04 13:40:51 ET
Table 'Libitina' 10-max Seat #4 is the button
Seat 4: Titanic001 ($48.68 in chips)
Seat 5: ToDaFelt ($122.88 in chips)
Titanic001: posts small blind $1
ToDaFelt: posts big blind $3
*** HOLE CARDS ***
Titanic001: raises $3 to $6
ToDaFelt: raises $3 to $9
Titanic001: calls $3
*** FLOP *** [6s 7h 5h]
ToDaFelt: bets $3
Titanic001: calls $3
*** TURN *** [6s 7h 5h] [8s]
ToDaFelt: bets $6
Titanic001: calls $6
*** RIVER *** [6s 7h 5h 8s] [9s]
ToDaFelt: bets $6
Titanic001: calls $6
*** SHOW DOWN ***
ToDaFelt: shows [Ks Jd] (a straight, Five to Nine)
Titanic001: shows [4d 6d] (a straight, Five to Nine)
ToDaFelt collected $23.75 from pot
Titanic001 collected $23.75 from pot
*** SUMMARY ***
Total pot $48 | Rake $0.50
Board [6s 7h 5h 8s 9s]
Seat 4: Titanic001 (button) (small blind) showed [4d 6d] and won ($23.75) with a straight, Five to Nine
Seat 5: ToDaFelt (big blind) showed [Ks Jd] and won ($23.75) with a straight, Five to Nine


PokerStars Hand #160893658823:  Hold'em Limit ($3/$6 USD) - 2016/11/04 13:40:00 ET
Table 'Libitina' 10-max Seat #5 is the button
Seat 4: Titanic001 ($34.18 in chips)
Seat 5: ToDaFelt ($137.88 in chips)
ToDaFelt: posts small blind $1
Titanic001: posts big blind $3
*** HOLE CARDS ***
ToDaFelt: raises $3 to $6
Titanic001: calls $3
*** FLOP *** [7d 5c 7s]
Titanic001: checks
ToDaFelt: bets $3
Titanic001: calls $3
*** TURN *** [7d 5c 7s] [As]
Titanic001: checks
ToDaFelt: bets $6
Titanic001: calls $6
*** RIVER *** [7d 5c 7s As] [Ts]
Titanic001: bets $6
ToDaFelt: folds
Uncalled bet ($6) returned to Titanic001
Titanic001 collected $29.50 from pot
*** SUMMARY ***
Total pot $30 | Rake $0.50
Board [7d 5c 7s As Ts]
Seat 4: Titanic001 (big blind) collected ($29.50)
Seat 5: ToDaFelt (button) (small blind) folded on the River


PokerStars Hand #160893756028:  Hold'em Limit ($3/$6 USD) - 2016/11/04 13:41:59 ET
Table 'Libitina' 10-max Seat #5 is the button
Seat 4: Titanic001 ($56.93 in chips)
Seat 5: ToDaFelt ($113.39 in chips)
ToDaFelt: posts small blind $1
Titanic001: posts big blind $3
*** HOLE CARDS ***
ToDaFelt: raises $3 to $6
Titanic001: calls $3
*** FLOP *** [2c Td 7s]
Titanic001: checks
ToDaFelt: bets $3
Titanic001: raises $3 to $6
ToDaFelt: calls $3
*** TURN *** [2c Td 7s] [7h]
Titanic001: bets $6
ToDaFelt: raises $6 to $12
Titanic001: calls $6
*** RIVER *** [2c Td 7s 7h] [Jh]
Titanic001: checks
ToDaFelt: bets $6
Titanic001: calls $6
*** SHOW DOWN ***
ToDaFelt: shows [8s 6s] (a pair of Sevens)
Titanic001: shows [Ts 5d] (two pair, Tens and Sevens)
Titanic001 collected $59.50 from pot
*** SUMMARY ***
Total pot $60 | Rake $0.50
Board [2c Td 7s 7h Jh]
Seat 4: Titanic001 (big blind) showed [Ts 5d] and won ($59.50) with two pair, Tens and Sevens
Seat 5: ToDaFelt (button) (small blind) showed [8s 6s] and lost with a pair of Sevens


PokerStars Hand #160893734773:  Hold'em Limit ($3/$6 USD) - 2016/11/04 13:41:32 ET
Table 'Libitina' 10-max Seat #4 is the button
Seat 4: Titanic001 ($42.43 in chips)
Seat 5: ToDaFelt ($128.39 in chips)
Titanic001: posts small blind $1
ToDaFelt: posts big blind $3
*** HOLE CARDS ***
Titanic001: raises $3 to $6
ToDaFelt: raises $3 to $9
Titanic001: calls $3
*** FLOP *** [Tc 4h Qd]
ToDaFelt: bets $3
Titanic001: raises $3 to $6
ToDaFelt: calls $3
*** TURN *** [Tc 4h Qd] [Js]
ToDaFelt: checks
Titanic001: bets $6
ToDaFelt: folds
Uncalled bet ($6) returned to Titanic001
Titanic001 collected $29.50 from pot
*** SUMMARY ***
Total pot $30 | Rake $0.50
Board [Tc 4h Qd Js]
Seat 4: Titanic001 (button) (small blind) collected ($29.50)
Seat 5: ToDaFelt (big blind) folded on the Turn


PokerStars Hand #160893810125:  Hold'em Limit ($3/$6 USD) - 2016/11/04 13:43:04 ET
Table 'Libitina' 10-max Seat #5 is the button
Seat 4: Titanic001 ($103.93 in chips)
Seat 5: ToDaFelt ($120 in chips)
ToDaFelt: posts small blind $1
Titanic001: posts big blind $3
*** HOLE CARDS ***
ToDaFelt: raises $3 to $6
Titanic001: calls $3
*** FLOP *** [7h Ac 8h]
Titanic001: checks
ToDaFelt: bets $3
Titanic001: calls $3
*** TURN *** [7h Ac 8h] [Kh]
Titanic001: checks
ToDaFelt: checks
*** RIVER *** [7h Ac 8h Kh] [5h]
Titanic001: bets $6
ToDaFelt: calls $6
*** SHOW DOWN ***
Titanic001: shows [8s Th] (a flush, King high)
ToDaFelt: mucks hand
Titanic001 collected $29.50 from pot
*** SUMMARY ***
Total pot $30 | Rake $0.50
Board [7h Ac 8h Kh 5h]
Seat 4: Titanic001 (big blind) showed [8s Th] and won ($29.50) with a flush, King high
Seat 5: ToDaFelt (button) (small blind) mucked


PokerStars Hand #160893778920:  Hold'em Limit ($3/$6 USD) - 2016/11/04 13:42:27 ET
Table 'Libitina' 10-max Seat #4 is the button
Seat 4: Titanic001 ($86.43 in chips)
Seat 5: ToDaFelt ($83.39 in chips)
Titanic001: posts small blind $1
ToDaFelt: posts big blind $3
*** HOLE CARDS ***
Titanic001: raises $3 to $6
ToDaFelt: calls $3
*** FLOP *** [Kh 5d 6s]
ToDaFelt: checks
Titanic001: checks
*** TURN *** [Kh 5d 6s] [2h]
ToDaFelt: bets $6
Titanic001: calls $6
*** RIVER *** [Kh 5d 6s 2h] [3s]
ToDaFelt: bets $6
Titanic001: calls $6
*** SHOW DOWN ***
ToDaFelt: shows [7h 5h] (a pair of Fives)
Titanic001: shows [5s 9s] (a pair of Fives - King+Nine kicker)
Titanic001 collected $35.50 from pot
*** SUMMARY ***
Total pot $36 | Rake $0.50
Board [Kh 5d 6s 2h 3s]
Seat 4: Titanic001 (button) (small blind) showed [5s 9s] and won ($35.50) with a pair of Fives
Seat 5: ToDaFelt (big blind) showed [7h 5h] and lost with a pair of Fives


PokerStars Hand #160893857986:  Hold'em Limit ($3/$6 USD) - 2016/11/04 13:44:03 ET
Table 'Libitina' 10-max Seat #4 is the button
Seat 4: Titanic001 ($154.93 in chips)
Seat 5: ToDaFelt ($119 in chips)
Titanic001: posts small blind $1
ToDaFelt: posts big blind $3
*** HOLE CARDS ***
Titanic001: raises $3 to $6
ToDaFelt: calls $3
*** FLOP *** [Qh 2h 5s]
ToDaFelt: checks
Titanic001: checks
*** TURN *** [Qh 2h 5s] [Kh]
ToDaFelt: bets $6
Titanic001: folds
Uncalled bet ($6) returned to ToDaFelt
ToDaFelt collected $11.76 from pot
ToDaFelt: doesn't show hand
*** SUMMARY ***
Total pot $12 | Rake $0.24
Board [Qh 2h 5s Kh]
Seat 4: Titanic001 (button) (small blind) folded on the Turn
Seat 5: ToDaFelt (big blind) collected ($11.76)


PokerStars Hand #160893853485:  Hold'em Limit ($3/$6 USD) - 2016/11/04 13:43:57 ET
Table 'Libitina' 10-max Seat #5 is the button
Seat 4: Titanic001 ($153.93 in chips)
Seat 5: ToDaFelt ($120 in chips)
ToDaFelt: posts small blind $1
Titanic001: posts big blind $3
*** HOLE CARDS ***
ToDaFelt: folds
Uncalled bet ($2) returned to Titanic001
Titanic001 collected $2 from pot
*** SUMMARY ***
Total pot $2 | Rake $0
Seat 4: Titanic001 (big blind) collected ($2)
Seat 5: ToDaFelt (button) (small blind) folded before Flop


PokerStars Hand #160893829044:  Hold'em Limit ($3/$6 USD) - 2016/11/04 13:43:27 ET
Table 'Libitina' 10-max Seat #4 is the button
Seat 4: Titanic001 ($118.43 in chips)
Seat 5: ToDaFelt ($105 in chips)
Titanic001: posts small blind $1
ToDaFelt: posts big blind $3
*** HOLE CARDS ***
Titanic001: raises $3 to $6
ToDaFelt: raises $3 to $9
Titanic001: raises $3 to $12
Betting is capped
ToDaFelt: calls $3
*** FLOP *** [Ts 2d 8d]
ToDaFelt: checks
Titanic001: bets $3
ToDaFelt: raises $3 to $6
Titanic001: calls $3
*** TURN *** [Ts 2d 8d] [8s]
ToDaFelt: bets $6
Titanic001: calls $6
*** RIVER *** [Ts 2d 8d 8s] [5s]
ToDaFelt: bets $6
Titanic001: raises $6 to $12
ToDaFelt: calls $6
*** SHOW DOWN ***
Titanic001: shows [5d 5c] (a full house, Fives full of Eights)
ToDaFelt: mucks hand
Titanic001 collected $71.50 from pot
*** SUMMARY ***
Total pot $72 | Rake $0.50
Board [Ts 2d 8d 8s 5s]
Seat 4: Titanic001 (button) (small blind) showed [5d 5c] and won ($71.50) with a full house, Fives full of Eights
Seat 5: ToDaFelt (big blind) mucked


PokerStars Hand #160893924739:  Hold'em Limit ($3/$6 USD) - 2016/11/04 13:45:24 ET
Table 'Libitina' 10-max Seat #5 is the button
Seat 4: Titanic001 ($103.93 in chips)
Seat 5: ToDaFelt ($168.52 in chips)
ToDaFelt: posts small blind $1
Titanic001: posts big blind $3
*** HOLE CARDS ***
ToDaFelt: raises $3 to $6
Titanic001: folds
Uncalled bet ($3) returned to ToDaFelt
ToDaFelt collected $6 from pot
ToDaFelt: doesn't show hand
*** SUMMARY ***
Total pot $6 | Rake $0
Seat 4: Titanic001 (big blind) folded before Flop
Seat 5: ToDaFelt (button) (small blind) collected ($6)


PokerStars Hand #160893914924:  Hold'em Limit ($3/$6 USD) - 2016/11/04 13:45:12 ET
Table 'Libitina' 10-max Seat #4 is the button
Seat 4: Titanic001 ($109.93 in chips)
Seat 5: ToDaFelt ($162.76 in chips)
Titanic001: posts small blind $1
ToDaFelt: posts big blind $3
*** HOLE CARDS ***
Titanic001: calls $2
ToDaFelt: raises $3 to $6
Titanic001: calls $3
*** FLOP *** [Kh Tc 6d]
ToDaFelt: bets $3
Titanic001: folds
Uncalled bet ($3) returned to ToDaFelt
ToDaFelt collected $11.76 from pot
ToDaFelt: doesn't show hand
*** SUMMARY ***
Total pot $12 | Rake $0.24
Board [Kh Tc 6d]
Seat 4: Titanic001 (button) (small blind) folded on the Flop
Seat 5: ToDaFelt (big blind) collected ($11.76)


PokerStars Hand #160893910126:  Hold'em Limit ($3/$6 USD) - 2016/11/04 13:45:07 ET
Table 'Libitina' 10-max Seat #5 is the button
Seat 4: Titanic001 ($112.93 in chips)
Seat 5: ToDaFelt ($159.76 in chips)
ToDaFelt: posts small blind $1
Titanic001: posts big blind $3
*** HOLE CARDS ***
ToDaFelt: raises $3 to $6
Titanic001: folds
Uncalled bet ($3) returned to ToDaFelt
ToDaFelt collected $6 from pot
ToDaFelt: doesn't show hand
*** SUMMARY ***
Total pot $6 | Rake $0
Seat 4: Titanic001 (big blind) folded before Flop
Seat 5: ToDaFelt (button) (small blind) collected ($6)


PokerStars Hand #160893893621:  Hold'em Limit ($3/$6 USD) - 2016/11/04 13:44:46 ET
Table 'Libitina' 10-max Seat #4 is the button
Seat 4: Titanic001 ($130.93 in chips)
Seat 5: ToDaFelt ($142.26 in chips)
Titanic001: posts small blind $1
ToDaFelt: posts big blind $3
*** HOLE CARDS ***
Titanic001: raises $3 to $6
ToDaFelt: calls $3
*** FLOP *** [Th 9d Td]
ToDaFelt: checks
Titanic001: checks
*** TURN *** [Th 9d Td] [5s]
ToDaFelt: bets $6
Titanic001: calls $6
*** RIVER *** [Th 9d Td 5s] [2s]
ToDaFelt: bets $6
Titanic001: calls $6
*** SHOW DOWN ***
ToDaFelt: shows [9s Jc] (two pair, Tens and Nines)
Titanic001: mucks hand
ToDaFelt collected $35.50 from pot
*** SUMMARY ***
Total pot $36 | Rake $0.50
Board [Th 9d Td 5s 2s]
Seat 4: Titanic001 (button) (small blind) mucked
Seat 5: ToDaFelt (big blind) showed [9s Jc] and won ($35.50) with two pair, Tens and Nines


PokerStars Hand #160893867604:  Hold'em Limit ($3/$6 USD) - 2016/11/04 13:44:15 ET
Table 'Libitina' 10-max Seat #5 is the button
Seat 4: Titanic001 ($148.93 in chips)
Seat 5: ToDaFelt ($124.76 in chips)
ToDaFelt: posts small blind $1
Titanic001: posts big blind $3
*** HOLE CARDS ***
ToDaFelt: raises $3 to $6
Titanic001: raises $3 to $9
ToDaFelt: calls $3
*** FLOP *** [Kc 8h Jc]
Titanic001: bets $3
ToDaFelt: calls $3
*** TURN *** [Kc 8h Jc] [9c]
Titanic001: checks
ToDaFelt: bets $6
Titanic001: calls $6
*** RIVER *** [Kc 8h Jc 9c] [Qh]
Titanic001: checks
ToDaFelt: bets $6
Titanic001: folds
Uncalled bet ($6) returned to ToDaFelt
ToDaFelt collected $35.50 from pot
ToDaFelt: doesn't show hand
*** SUMMARY ***
Total pot $36 | Rake $0.50
Board [Kc 8h Jc 9c Qh]
Seat 4: Titanic001 (big blind) folded on the River
Seat 5: ToDaFelt (button) (small blind) collected ($35.50)


PokerStars Hand #160893928960:  Hold'em Limit ($3/$6 USD) - 2016/11/04 13:45:30 ET
Table 'Libitina' 10-max Seat #4 is the button
Seat 4: Titanic001 ($100.93 in chips)
Seat 5: ToDaFelt ($171.52 in chips)
Titanic001: posts small blind $1
ToDaFelt: posts big blind $3
*** HOLE CARDS ***
Titanic001: raises $3 to $6
ToDaFelt: folds
Uncalled bet ($3) returned to Titanic001
Titanic001 collected $6 from pot
*** SUMMARY ***
Total pot $6 | Rake $0
Seat 4: Titanic001 (button) (small blind) collected ($6)
Seat 5: ToDaFelt (big blind) folded before Flop


PokerStars Hand #160893957130:  Hold'em Limit ($3/$6 USD) - 2016/11/04 13:46:04 ET
Table 'Libitina' 10-max Seat #4 is the button
Seat 4: Titanic001 ($82.93 in chips)
Seat 5: ToDaFelt ($189.02 in chips)
Titanic001: posts small blind $1
ToDaFelt: posts big blind $3
*** HOLE CARDS ***
Titanic001: folds
Uncalled bet ($2) returned to ToDaFelt
ToDaFelt collected $2 from pot
ToDaFelt: doesn't show hand
*** SUMMARY ***
Total pot $2 | Rake $0
Seat 4: Titanic001 (button) (small blind) folded before Flop
Seat 5: ToDaFelt (big blind) collected ($2)


PokerStars Hand #160893933812:  Hold'em Limit ($3/$6 USD) - 2016/11/04 13:45:35 ET
Table 'Libitina' 10-max Seat #5 is the button
Seat 4: Titanic001 ($103.93 in chips)
Seat 5: ToDaFelt ($168.52 in chips)
ToDaFelt: posts small blind $1
Titanic001: posts big blind $3
*** HOLE CARDS ***
ToDaFelt: raises $3 to $6
Titanic001: raises $3 to $9
ToDaFelt: calls $3
*** FLOP *** [7h 9c 3s]
Titanic001: bets $3
ToDaFelt: raises $3 to $6
Titanic001: calls $3
*** TURN *** [7h 9c 3s] [4d]
Titanic001: checks
ToDaFelt: bets $6
Titanic001: calls $6
*** RIVER *** [7h 9c 3s 4d] [7d]
Titanic001: checks
ToDaFelt: bets $6
Titanic001: folds
Uncalled bet ($6) returned to ToDaFelt
ToDaFelt collected $41.50 from pot
ToDaFelt: doesn't show hand
*** SUMMARY ***
Total pot $42 | Rake $0.50
Board [7h 9c 3s 4d 7d]
Seat 4: Titanic001 (big blind) folded on the River
Seat 5: ToDaFelt (button) (small blind) collected ($41.50)


PokerStars Hand #160893961141:  Hold'em Limit ($3/$6 USD) - 2016/11/04 13:46:09 ET
Table 'Libitina' 10-max Seat #5 is the button
Seat 4: Titanic001 ($81.93 in chips)
Seat 5: ToDaFelt ($190.02 in chips)
ToDaFelt: posts small blind $1
Titanic001: posts big blind $3
*** HOLE CARDS ***
ToDaFelt: raises $3 to $6
Titanic001: calls $3
*** FLOP *** [7h 9s 2c]
Titanic001: checks
ToDaFelt: checks
*** TURN *** [7h 9s 2c] [2d]
Titanic001: bets $6
ToDaFelt: calls $6
*** RIVER *** [7h 9s 2c 2d] [9c]
Titanic001: bets $6
ToDaFelt: calls $6
*** SHOW DOWN ***
Titanic001: shows [7s Ts] (two pair, Nines and Sevens)
ToDaFelt: mucks hand
Titanic001 collected $35.50 from pot
*** SUMMARY ***
Total pot $36 | Rake $0.50
Board [7h 9s 2c 2d 9c]
Seat 4: Titanic001 (big blind) showed [7s Ts] and won ($35.50) with two pair, Nines and Sevens
Seat 5: ToDaFelt (button) (small blind) mucked


PokerStars Hand #160894010770:  Hold'em Limit ($3/$6 USD) - 2016/11/04 13:47:09 ET
Table 'Libitina' 10-max Seat #4 is the button
Seat 4: Titanic001 ($93.43 in chips)
Seat 5: ToDaFelt ($177.66 in chips)
Titanic001: posts small blind $1
ToDaFelt: posts big blind $3
*** HOLE CARDS ***
Titanic001: raises $3 to $6
ToDaFelt: calls $3
*** FLOP *** [6d Ah 8h]
ToDaFelt: checks
Titanic001: bets $3
ToDaFelt: folds
Uncalled bet ($3) returned to Titanic001
Titanic001 collected $11.76 from pot
*** SUMMARY ***
Total pot $12 | Rake $0.24
Board [6d Ah 8h]
Seat 4: Titanic001 (button) (small blind) collected ($11.76)
Seat 5: ToDaFelt (big blind) folded on the Flop


PokerStars Hand #160893990019:  Hold'em Limit ($3/$6 USD) - 2016/11/04 13:46:44 ET
Table 'Libitina' 10-max Seat #4 is the button
Seat 4: Titanic001 ($99.43 in chips)
Seat 5: ToDaFelt ($172.02 in chips)
Titanic001: posts small blind $1
ToDaFelt: posts big blind $3
*** HOLE CARDS ***
Titanic001: raises $3 to $6
ToDaFelt: folds
Uncalled bet ($3) returned to Titanic001
Titanic001 collected $6 from pot
*** SUMMARY ***
Total pot $6 | Rake $0
Seat 4: Titanic001 (button) (small blind) collected ($6)
Seat 5: ToDaFelt (big blind) folded before Flop


PokerStars Hand #160893995651:  Hold'em Limit ($3/$6 USD) - 2016/11/04 13:46:51 ET
Table 'Libitina' 10-max Seat #5 is the button
Seat 4: Titanic001 ($102.43 in chips)
Seat 5: ToDaFelt ($169.02 in chips)
ToDaFelt: posts small blind $1
Titanic001: posts big blind $3
*** HOLE CARDS ***
ToDaFelt: raises $3 to $6
Titanic001: calls $3
*** FLOP *** [4h 7d Td]
Titanic001: checks
ToDaFelt: bets $3
Titanic001: calls $3
*** TURN *** [4h 7d Td] [Ac]
Titanic001: checks
ToDaFelt: bets $6
Titanic001: folds
Uncalled bet ($6) returned to ToDaFelt
ToDaFelt collected $17.64 from pot
ToDaFelt: doesn't show hand
*** SUMMARY ***
Total pot $18 | Rake $0.36
Board [4h 7d Td Ac]
Seat 4: Titanic001 (big blind) folded on the Turn
Seat 5: ToDaFelt (button) (small blind) collected ($17.64)


PokerStars Hand #160894063170:  Hold'em Limit ($3/$6 USD) - 2016/11/04 13:48:12 ET
Table 'Libitina' 10-max Seat #5 is the button
Seat 4: Titanic001 ($57.19 in chips)
Seat 5: ToDaFelt ($212.68 in chips)
ToDaFelt: posts small blind $1
Titanic001: posts big blind $3
*** HOLE CARDS ***
ToDaFelt: raises $3 to $6
Titanic001: raises $3 to $9
ToDaFelt: calls $3
*** FLOP *** [5d 8h 7s]
Titanic001: bets $3
ToDaFelt: calls $3
*** TURN *** [5d 8h 7s] [Kh]
Titanic001: bets $6
ToDaFelt: raises $6 to $12
Titanic001: calls $6
*** RIVER *** [5d 8h 7s Kh] [Jc]
Titanic001: checks
ToDaFelt: bets $6
Titanic001: folds
Uncalled bet ($6) returned to ToDaFelt
ToDaFelt collected $47.50 from pot
ToDaFelt: doesn't show hand
*** SUMMARY ***
Total pot $48 | Rake $0.50
Board [5d 8h 7s Kh Jc]
Seat 4: Titanic001 (big blind) folded on the River
Seat 5: ToDaFelt (button) (small blind) collected ($47.50)


PokerStars Hand #160894023080:  Hold'em Limit ($3/$6 USD) - 2016/11/04 13:47:24 ET
Table 'Libitina' 10-max Seat #5 is the button
Seat 4: Titanic001 ($99.19 in chips)
Seat 5: ToDaFelt ($171.66 in chips)
ToDaFelt: posts small blind $1
Titanic001: posts big blind $3
*** HOLE CARDS ***
ToDaFelt: raises $3 to $6
Titanic001: raises $3 to $9
ToDaFelt: calls $3
*** FLOP *** [Kh 4s 3s]
Titanic001: bets $3
ToDaFelt: calls $3
*** TURN *** [Kh 4s 3s] [6h]
Titanic001: bets $6
ToDaFelt: raises $6 to $12
Titanic001: calls $6
*** RIVER *** [Kh 4s 3s 6h] [6s]
Titanic001: checks
ToDaFelt: bets $6
Titanic001: calls $6
*** SHOW DOWN ***
ToDaFelt: shows [4c 6d] (a full house, Sixes full of Fours)
Titanic001: mucks hand
ToDaFelt collected $59.50 from pot
*** SUMMARY ***
Total pot $60 | Rake $0.50
Board [Kh 4s 3s 6h 6s]
Seat 4: Titanic001 (big blind) mucked
Seat 5: ToDaFelt (button) (small blind) showed [4c 6d] and won ($59.50) with a full house, Sixes full of Fours


PokerStars Hand #160894046429:  Hold'em Limit ($3/$6 USD) - 2016/11/04 13:47:52 ET
Table 'Libitina' 10-max Seat #4 is the button
Seat 4: Titanic001 ($69.19 in chips)
Seat 5: ToDaFelt ($201.16 in chips)
Titanic001: posts small blind $1
ToDaFelt: posts big blind $3
*** HOLE CARDS ***
Titanic001: raises $3 to $6
ToDaFelt: raises $3 to $9
Titanic001: calls $3
*** FLOP *** [As Kd 8h]
ToDaFelt: bets $3
Titanic001: calls $3
*** TURN *** [As Kd 8h] [Kc]
ToDaFelt: checks
Titanic001: checks
*** RIVER *** [As Kd 8h Kc] [2h]
ToDaFelt: bets $6
Titanic001: folds
Uncalled bet ($6) returned to ToDaFelt
ToDaFelt collected $23.52 from pot
ToDaFelt: doesn't show hand
*** SUMMARY ***
Total pot $24 | Rake $0.48
Board [As Kd 8h Kc 2h]
Seat 4: Titanic001 (button) (small blind) folded on the River
Seat 5: ToDaFelt (big blind) collected ($23.52)


PokerStars Hand #160894081272:  Hold'em Limit ($3/$6 USD) - 2016/11/04 13:48:34 ET
Table 'Libitina' 10-max Seat #4 is the button
Seat 4: Titanic001 ($33.19 in chips)
Seat 5: ToDaFelt ($236.18 in chips)
Titanic001: posts small blind $1
ToDaFelt: posts big blind $3
*** HOLE CARDS ***
Titanic001: folds
Uncalled bet ($2) returned to ToDaFelt
ToDaFelt collected $2 from pot
ToDaFelt: doesn't show hand
*** SUMMARY ***
Total pot $2 | Rake $0
Seat 4: Titanic001 (button) (small blind) folded before Flop
Seat 5: ToDaFelt (big blind) collected ($2)


PokerStars Hand #160894085712:  Hold'em Limit ($3/$6 USD) - 2016/11/04 13:48:39 ET
Table 'Libitina' 10-max Seat #5 is the button
Seat 4: Titanic001 ($32.19 in chips)
Seat 5: ToDaFelt ($237.18 in chips)
ToDaFelt: posts small blind $1
Titanic001: posts big blind $3
*** HOLE CARDS ***
ToDaFelt: raises $3 to $6
Titanic001: calls $3
*** FLOP *** [3d 9c 4h]
Titanic001: checks
ToDaFelt: checks
*** TURN *** [3d 9c 4h] [3s]
Titanic001: checks
ToDaFelt: checks
*** RIVER *** [3d 9c 4h 3s] [7s]
Titanic001: checks
ToDaFelt: checks
*** SHOW DOWN ***
Titanic001: shows [Ts Jh] (a pair of Threes)
ToDaFelt: shows [5s Qc] (a pair of Threes - Queen kicker)
ToDaFelt collected $11.76 from pot
*** SUMMARY ***
Total pot $12 | Rake $0.24
Board [3d 9c 4h 3s 7s]
Seat 4: Titanic001 (big blind) showed [Ts Jh] and lost with a pair of Threes
Seat 5: ToDaFelt (button) (small blind) showed [5s Qc] and won ($11.76) with a pair of Threes


PokerStars Hand #160894102981:  Hold'em Limit ($3/$6 USD) - 2016/11/04 13:49:00 ET
Table 'Libitina' 10-max Seat #4 is the button
Seat 4: Titanic001 ($26.19 in chips)
Seat 5: ToDaFelt ($242.94 in chips)
Titanic001: posts small blind $1
ToDaFelt: posts big blind $3
*** HOLE CARDS ***
Titanic001: raises $3 to $6
ToDaFelt: calls $3
*** FLOP *** [Jd 2s 8d]
ToDaFelt: checks
Titanic001: bets $3
ToDaFelt: folds
Uncalled bet ($3) returned to Titanic001
Titanic001 collected $11.76 from pot
*** SUMMARY ***
Total pot $12 | Rake $0.24
Board [Jd 2s 8d]
Seat 4: Titanic001 (button) (small blind) collected ($11.76)
Seat 5: ToDaFelt (big blind) folded on the Flop


PokerStars Hand #160894113141:  Hold'em Limit ($3/$6 USD) - 2016/11/04 13:49:12 ET
Table 'Libitina' 10-max Seat #5 is the button
Seat 4: Titanic001 ($31.95 in chips)
Seat 5: ToDaFelt ($236.94 in chips)
ToDaFelt: posts small blind $1
Titanic001: posts big blind $3
*** HOLE CARDS ***
ToDaFelt: raises $3 to $6
Titanic001: calls $3
*** FLOP *** [Ah 9h 6d]
Titanic001: checks
ToDaFelt: bets $3
Titanic001: folds
Uncalled bet ($3) returned to ToDaFelt
ToDaFelt collected $11.76 from pot
ToDaFelt: doesn't show hand
*** SUMMARY ***
Total pot $12 | Rake $0.24
Board [Ah 9h 6d]
Seat 4: Titanic001 (big blind) folded on the Flop
Seat 5: ToDaFelt (button) (small blind) collected ($11.76)


PokerStars Hand #160894120545:  Hold'em Limit ($3/$6 USD) - 2016/11/04 13:49:21 ET
Table 'Libitina' 10-max Seat #4 is the button
Seat 4: Titanic001 ($25.95 in chips)
Seat 5: ToDaFelt ($242.70 in chips)
Titanic001: posts small blind $1
ToDaFelt: posts big blind $3
*** HOLE CARDS ***
Titanic001: raises $3 to $6
ToDaFelt: calls $3
*** FLOP *** [2c Kd 6h]
ToDaFelt: checks
Titanic001: bets $3
ToDaFelt: calls $3
*** TURN *** [2c Kd 6h] [5h]
ToDaFelt: checks
Titanic001: checks
*** RIVER *** [2c Kd 6h 5h] [3d]
ToDaFelt: bets $6
Titanic001: calls $6
*** SHOW DOWN ***
ToDaFelt: shows [8h Jd] (high card King)
Titanic001: shows [5c Ad] (a pair of Fives)
Titanic001 collected $29.50 from pot
*** SUMMARY ***
Total pot $30 | Rake $0.50
Board [2c Kd 6h 5h 3d]
Seat 4: Titanic001 (button) (small blind) showed [5c Ad] and won ($29.50) with a pair of Fives
Seat 5: ToDaFelt (big blind) showed [8h Jd] and lost with high card King


PokerStars Hand #160894136398:  Hold'em Limit ($3/$6 USD) - 2016/11/04 13:49:41 ET
Table 'Libitina' 10-max Seat #5 is the button
Seat 4: Titanic001 ($40.45 in chips)
Seat 5: ToDaFelt ($227.70 in chips)
ToDaFelt: posts small blind $1
Titanic001: posts big blind $3
*** HOLE CARDS ***
ToDaFelt: raises $3 to $6
Titanic001: calls $3
*** FLOP *** [3c 7h 8c]
Titanic001: checks
ToDaFelt: bets $3
Titanic001: calls $3
*** TURN *** [3c 7h 8c] [9s]
Titanic001: checks
ToDaFelt: checks
*** RIVER *** [3c 7h 8c 9s] [2s]
Titanic001: bets $6
ToDaFelt: calls $6
*** SHOW DOWN ***
Titanic001: shows [6s Jd] (high card Jack)
ToDaFelt: shows [As Ks] (high card Ace)
ToDaFelt collected $29.50 from pot
*** SUMMARY ***
Total pot $30 | Rake $0.50
Board [3c 7h 8c 9s 2s]
Seat 4: Titanic001 (big blind) showed [6s Jd] and lost with high card Jack
Seat 5: ToDaFelt (button) (small blind) showed [As Ks] and won ($29.50) with high card Ace


PokerStars Hand #160894153231:  Hold'em Limit ($3/$6 USD) - 2016/11/04 13:50:01 ET
Table 'Libitina' 10-max Seat #4 is the button
Seat 4: Titanic001 ($25.45 in chips)
Seat 5: ToDaFelt ($242.20 in chips)
Titanic001: posts small blind $1
ToDaFelt: posts big blind $3
*** HOLE CARDS ***
Titanic001: raises $3 to $6
ToDaFelt: calls $3
*** FLOP *** [2h As Jc]
ToDaFelt: checks
Titanic001: bets $3
ToDaFelt: calls $3
*** TURN *** [2h As Jc] [9c]
ToDaFelt: checks
Titanic001: checks
*** RIVER *** [2h As Jc 9c] [4d]
ToDaFelt: bets $6
Titanic001: folds
Uncalled bet ($6) returned to ToDaFelt
ToDaFelt collected $17.64 from pot
ToDaFelt: doesn't show hand
*** SUMMARY ***
Total pot $18 | Rake $0.36
Board [2h As Jc 9c 4d]
Seat 4: Titanic001 (button) (small blind) folded on the River
Seat 5: ToDaFelt (big blind) collected ($17.64)


PokerStars Hand #160894171690:  Hold'em Limit ($3/$6 USD) - 2016/11/04 13:50:23 ET
Table 'Libitina' 10-max Seat #5 is the button
Seat 4: Titanic001 ($16.45 in chips)
Seat 5: ToDaFelt ($250.84 in chips)
ToDaFelt: posts small blind $1
Titanic001: posts big blind $3
*** HOLE CARDS ***
ToDaFelt: raises $3 to $6
Titanic001: raises $3 to $9
ToDaFelt: calls $3
*** FLOP *** [4d 5h 7h]
Titanic001: bets $3
ToDaFelt: calls $3
*** TURN *** [4d 5h 7h] [9c]
Titanic001: bets $4.45 and is all-in
ToDaFelt: calls $4.45
*** RIVER *** [4d 5h 7h 9c] [3c]
*** SHOW DOWN ***
Titanic001: shows [Jc Ks] (high card King)
ToDaFelt: shows [As 6d] (a straight, Three to Seven)
ToDaFelt collected $32.40 from pot
*** SUMMARY ***
Total pot $32.90 | Rake $0.50
Board [4d 5h 7h 9c 3c]
Seat 4: Titanic001 (big blind) showed [Jc Ks] and lost with high card King
Seat 5: ToDaFelt (button) (small blind) showed [As 6d] and won ($32.40) with a straight, Three to Seven


