PokerStars Hand #145319918375:  Hold'em Limit ($3/$6 USD) - 2015/12/14 5:04:04 ET
Table 'Libitina' 6-max Seat #4 is the button
Seat 4: manly70 ($390.74 in chips)
Seat 5: schnizm ($99 in chips)
manly70: posts small blind $1
schnizm: posts big blind $3
*** HOLE CARDS ***
manly70: folds
Uncalled bet ($2) returned to schnizm
schnizm collected $2 from pot
schnizm: doesn't show hand
*** SUMMARY ***
Total pot $2 | Rake $0
Seat 4: manly70 (button) (small blind) folded before Flop
Seat 5: schnizm (big blind) collected ($2)


PokerStars Hand #145319901420:  Hold'em Limit ($3/$6 USD) - 2015/12/14 5:03:23 ET
Table 'Libitina' 6-max Seat #5 is the button
Seat 4: manly70 ($379.22 in chips)
Seat 5: schnizm ($111 in chips)
schnizm: posts small blind $1
RockKillerTY: is sitting out
manly70: posts big blind $3
*** HOLE CARDS ***
RockKillerTY leaves the table
avgust91985 joins the table at seat #2
schnizm: raises $3 to $6
manly70: calls $3
*** FLOP *** [3s 2s 9h]
manly70: checks
schnizm: bets $3
manly70: raises $3 to $6
schnizm: calls $3
*** TURN *** [3s 2s 9h] [9c]
manly70: bets $6
schnizm: folds
Uncalled bet ($6) returned to manly70
manly70 collected $23.52 from pot
manly70: doesn't show hand
*** SUMMARY ***
Total pot $24 | Rake $0.48
Board [3s 2s 9h 9c]
Seat 4: manly70 (big blind) collected ($23.52)
Seat 5: schnizm (button) (small blind) folded on the Turn


