PokerStars Hand #147802987055:  Hold'em Limit ($3/$6 USD) - 2016/01/28 0:07:56 ET
Table 'Libitina' 6-max Seat #1 is the button
Seat 1: Masqb ($126 in chips)
Seat 2: oregordog ($120 in chips)
Masqb: posts small blind $1
oregordog: posts big blind $3
*** HOLE CARDS ***
Masqb: raises $3 to $6
oregordog: folds
Uncalled bet ($3) returned to Masqb
Masqb collected $6 from pot
Masqb: doesn't show hand
*** SUMMARY ***
Total pot $6 | Rake $0
Seat 1: Masqb (button) (small blind) collected ($6)
Seat 2: oregordog (big blind) folded before Flop


PokerStars Hand #147802990062:  Hold'em Limit ($3/$6 USD) - 2016/01/28 0:08:06 ET
Table 'Libitina' 6-max Seat #2 is the button
Seat 1: Masqb ($129 in chips)
Seat 2: oregordog ($117 in chips)
oregordog: posts small blind $1
Masqb: posts big blind $3
*** HOLE CARDS ***
oregordog: raises $3 to $6
Masqb: calls $3
*** FLOP *** [3d Jh 8c]
Masqb: checks
oregordog: bets $3
Masqb: raises $3 to $6
oregordog: calls $3
*** TURN *** [3d Jh 8c] [7c]
Masqb: bets $6
oregordog: calls $6
*** RIVER *** [3d Jh 8c 7c] [3h]
Masqb: bets $6
oregordog: calls $6
*** SHOW DOWN ***
Masqb: shows [7h Jc] (two pair, Jacks and Sevens)
oregordog: mucks hand
Masqb collected $47.50 from pot
*** SUMMARY ***
Total pot $48 | Rake $0.50
Board [3d Jh 8c 7c 3h]
Seat 1: Masqb (big blind) showed [7h Jc] and won ($47.50) with two pair, Jacks and Sevens
Seat 2: oregordog (button) (small blind) mucked


PokerStars Hand #147802999234:  Hold'em Limit ($3/$6 USD) - 2016/01/28 0:08:37 ET
Table 'Libitina' 6-max Seat #1 is the button
Seat 1: Masqb ($152.50 in chips)
Seat 2: oregordog ($93 in chips)
Masqb: posts small blind $1
oregordog: posts big blind $3
*** HOLE CARDS ***
Masqb: raises $3 to $6
oregordog: raises $3 to $9
Masqb: calls $3
*** FLOP *** [Ac 3s Jd]
oregordog: bets $3
Masqb: folds
Uncalled bet ($3) returned to oregordog
oregordog collected $17.64 from pot
oregordog: doesn't show hand
*** SUMMARY ***
Total pot $18 | Rake $0.36
Board [Ac 3s Jd]
Seat 1: Masqb (button) (small blind) folded on the Flop
Seat 2: oregordog (big blind) collected ($17.64)


PokerStars Hand #147803006997:  Hold'em Limit ($3/$6 USD) - 2016/01/28 0:09:04 ET
Table 'Libitina' 6-max Seat #2 is the button
Seat 1: Masqb ($143.50 in chips)
Seat 2: oregordog ($101.64 in chips)
oregordog: posts small blind $1
Masqb: posts big blind $3
*** HOLE CARDS ***
oregordog: raises $3 to $6
Masqb: raises $3 to $9
oregordog: calls $3
*** FLOP *** [Qd 5h 3c]
Masqb: bets $3
oregordog: calls $3
*** TURN *** [Qd 5h 3c] [9h]
Masqb: checks
oregordog: checks
*** RIVER *** [Qd 5h 3c 9h] [5d]
Masqb: checks
oregordog: checks
*** SHOW DOWN ***
Masqb: shows [Ah 6h] (a pair of Fives)
oregordog: mucks hand
Masqb collected $23.52 from pot
*** SUMMARY ***
Total pot $24 | Rake $0.48
Board [Qd 5h 3c 9h 5d]
Seat 1: Masqb (big blind) showed [Ah 6h] and won ($23.52) with a pair of Fives
Seat 2: oregordog (button) (small blind) mucked


PokerStars Hand #147803020643:  Hold'em Limit ($3/$6 USD) - 2016/01/28 0:09:51 ET
Table 'Libitina' 6-max Seat #1 is the button
Seat 1: Masqb ($155.02 in chips)
Seat 2: oregordog ($89.64 in chips)
Masqb: posts small blind $1
oregordog: posts big blind $3
*** HOLE CARDS ***
Masqb: folds
Uncalled bet ($2) returned to oregordog
oregordog collected $2 from pot
oregordog: doesn't show hand
*** SUMMARY ***
Total pot $2 | Rake $0
Seat 1: Masqb (button) (small blind) folded before Flop
Seat 2: oregordog (big blind) collected ($2)


PokerStars Hand #147803040498:  Hold'em Limit ($3/$6 USD) - 2016/01/28 0:11:01 ET
Table 'Libitina' 6-max Seat #2 is the button
Seat 1: Masqb ($165.52 in chips)
Seat 2: oregordog ($78.28 in chips)
oregordog: posts small blind $1
Masqb: posts big blind $3
*** HOLE CARDS ***
oregordog: raises $3 to $6
Masqb: calls $3
*** FLOP *** [Qh Qs 4h]
Masqb: checks
oregordog: bets $3
Masqb: folds
Uncalled bet ($3) returned to oregordog
oregordog collected $11.76 from pot
oregordog: doesn't show hand
*** SUMMARY ***
Total pot $12 | Rake $0.24
Board [Qh Qs 4h]
Seat 1: Masqb (big blind) folded on the Flop
Seat 2: oregordog (button) (small blind) collected ($11.76)


PokerStars Hand #147803046236:  Hold'em Limit ($3/$6 USD) - 2016/01/28 0:11:21 ET
Table 'Libitina' 6-max Seat #1 is the button
Seat 1: Masqb ($159.52 in chips)
Seat 2: oregordog ($84.04 in chips)
Masqb: posts small blind $1
oregordog: posts big blind $3
*** HOLE CARDS ***
Masqb: raises $3 to $6
oregordog: calls $3
*** FLOP *** [As Qh 5d]
oregordog: checks
Masqb: bets $3
oregordog: calls $3
*** TURN *** [As Qh 5d] [3h]
oregordog: checks
Masqb: checks
*** RIVER *** [As Qh 5d 3h] [Ah]
oregordog: bets $6
Masqb: folds
Uncalled bet ($6) returned to oregordog
oregordog collected $17.64 from pot
oregordog: doesn't show hand
*** SUMMARY ***
Total pot $18 | Rake $0.36
Board [As Qh 5d 3h Ah]
Seat 1: Masqb (button) (small blind) folded on the River
Seat 2: oregordog (big blind) collected ($17.64)


PokerStars Hand #147803034380:  Hold'em Limit ($3/$6 USD) - 2016/01/28 0:10:39 ET
Table 'Libitina' 6-max Seat #1 is the button
Seat 1: Masqb ($174.52 in chips)
Seat 2: oregordog ($69.64 in chips)
Masqb: posts small blind $1
oregordog: posts big blind $3
*** HOLE CARDS ***
Masqb: raises $3 to $6
oregordog: raises $3 to $9
Masqb: calls $3
*** FLOP *** [3c 4s Ks]
oregordog: bets $3
Masqb: folds
Uncalled bet ($3) returned to oregordog
oregordog collected $17.64 from pot
oregordog: doesn't show hand
*** SUMMARY ***
Total pot $18 | Rake $0.36
Board [3c 4s Ks]
Seat 1: Masqb (button) (small blind) folded on the Flop
Seat 2: oregordog (big blind) collected ($17.64)


PokerStars Hand #147803054996:  Hold'em Limit ($3/$6 USD) - 2016/01/28 0:11:51 ET
Table 'Libitina' 6-max Seat #2 is the button
Seat 1: Masqb ($150.52 in chips)
Seat 2: oregordog ($92.68 in chips)
oregordog: posts small blind $1
Masqb: posts big blind $3
*** HOLE CARDS ***
oregordog: raises $3 to $6
Masqb: calls $3
*** FLOP *** [3d 7c Qs]
Masqb: checks
oregordog: bets $3
Masqb: calls $3
*** TURN *** [3d 7c Qs] [7d]
Masqb: checks
oregordog: bets $6
Masqb: folds
Uncalled bet ($6) returned to oregordog
oregordog collected $17.64 from pot
oregordog: doesn't show hand
*** SUMMARY ***
Total pot $18 | Rake $0.36
Board [3d 7c Qs 7d]
Seat 1: Masqb (big blind) folded on the Turn
Seat 2: oregordog (button) (small blind) collected ($17.64)


PokerStars Hand #147803065810:  Hold'em Limit ($3/$6 USD) - 2016/01/28 0:12:28 ET
Table 'Libitina' 6-max Seat #1 is the button
Seat 1: Masqb ($141.52 in chips)
Seat 2: oregordog ($101.32 in chips)
Masqb: posts small blind $1
oregordog: posts big blind $3
*** HOLE CARDS ***
Masqb: raises $3 to $6
oregordog: calls $3
*** FLOP *** [7c 5s Qs]
oregordog: checks
Masqb: bets $3
oregordog: folds
Uncalled bet ($3) returned to Masqb
Masqb collected $11.76 from pot
Masqb: doesn't show hand
*** SUMMARY ***
Total pot $12 | Rake $0.24
Board [7c 5s Qs]
Seat 1: Masqb (button) (small blind) collected ($11.76)
Seat 2: oregordog (big blind) folded on the Flop


PokerStars Hand #147803080528:  Hold'em Limit ($3/$6 USD) - 2016/01/28 0:13:19 ET
Table 'Libitina' 6-max Seat #1 is the button
Seat 1: Masqb ($138.28 in chips)
Seat 2: oregordog ($103.96 in chips)
Masqb: posts small blind $1
oregordog: posts big blind $3
*** HOLE CARDS ***
Masqb: raises $3 to $6
oregordog: folds
Uncalled bet ($3) returned to Masqb
Masqb collected $6 from pot
Masqb: doesn't show hand
*** SUMMARY ***
Total pot $6 | Rake $0
Seat 1: Masqb (button) (small blind) collected ($6)
Seat 2: oregordog (big blind) folded before Flop


PokerStars Hand #147803101079:  Hold'em Limit ($3/$6 USD) - 2016/01/28 0:14:30 ET
Table 'Libitina' 6-max Seat #2 is the button
Seat 1: Masqb ($152.78 in chips)
Seat 2: oregordog ($88.48 in chips)
oregordog: posts small blind $1
Masqb: posts big blind $3
*** HOLE CARDS ***
oregordog: raises $3 to $6
Masqb: folds
Uncalled bet ($3) returned to oregordog
oregordog collected $6 from pot
oregordog: doesn't show hand
*** SUMMARY ***
Total pot $6 | Rake $0
Seat 1: Masqb (big blind) folded before Flop
Seat 2: oregordog (button) (small blind) collected ($6)


PokerStars Hand #147803083546:  Hold'em Limit ($3/$6 USD) - 2016/01/28 0:13:29 ET
Table 'Libitina' 6-max Seat #2 is the button
Seat 1: Masqb ($141.28 in chips)
Seat 2: oregordog ($100.96 in chips)
oregordog: posts small blind $1
Masqb: posts big blind $3
*** HOLE CARDS ***
oregordog: raises $3 to $6
Masqb: calls $3
*** FLOP *** [5c 3h 2s]
Masqb: checks
oregordog: bets $3
Masqb: raises $3 to $6
oregordog: calls $3
*** TURN *** [5c 3h 2s] [6s]
Masqb: bets $6
oregordog: calls $6
*** RIVER *** [5c 3h 2s 6s] [9h]
Masqb: bets $6
oregordog: calls $6
*** SHOW DOWN ***
Masqb: shows [9c 4c] (a straight, Deuce to Six)
oregordog: mucks hand
Masqb collected $47.50 from pot
*** SUMMARY ***
Total pot $48 | Rake $0.50
Board [5c 3h 2s 6s 9h]
Seat 1: Masqb (big blind) showed [9c 4c] and won ($47.50) with a straight, Deuce to Six
Seat 2: oregordog (button) (small blind) mucked


PokerStars Hand #147803092916:  Hold'em Limit ($3/$6 USD) - 2016/01/28 0:14:02 ET
Table 'Libitina' 6-max Seat #1 is the button
Seat 1: Masqb ($164.78 in chips)
Seat 2: oregordog ($76.96 in chips)
Masqb: posts small blind $1
oregordog: posts big blind $3
*** HOLE CARDS ***
Masqb: raises $3 to $6
oregordog: calls $3
*** FLOP *** [5s 3c 8s]
oregordog: checks
Masqb: checks
*** TURN *** [5s 3c 8s] [4c]
oregordog: bets $6
Masqb: calls $6
*** RIVER *** [5s 3c 8s 4c] [7s]
oregordog: bets $6
Masqb: folds
Uncalled bet ($6) returned to oregordog
oregordog collected $23.52 from pot
oregordog: doesn't show hand
*** SUMMARY ***
Total pot $24 | Rake $0.48
Board [5s 3c 8s 4c 7s]
Seat 1: Masqb (button) (small blind) folded on the River
Seat 2: oregordog (big blind) collected ($23.52)


PokerStars Hand #147803116832:  Hold'em Limit ($3/$6 USD) - 2016/01/28 0:15:24 ET
Table 'Libitina' 6-max Seat #2 is the button
Seat 1: Masqb ($167.28 in chips)
Seat 2: oregordog ($73.48 in chips)
oregordog: posts small blind $1
Masqb: posts big blind $3
*** HOLE CARDS ***
oregordog: raises $3 to $6
Masqb: folds
Uncalled bet ($3) returned to oregordog
oregordog collected $6 from pot
oregordog: doesn't show hand
*** SUMMARY ***
Total pot $6 | Rake $0
Seat 1: Masqb (big blind) folded before Flop
Seat 2: oregordog (button) (small blind) collected ($6)


PokerStars Hand #147803103262:  Hold'em Limit ($3/$6 USD) - 2016/01/28 0:14:37 ET
Table 'Libitina' 6-max Seat #1 is the button
Seat 1: Masqb ($149.78 in chips)
Seat 2: oregordog ($91.48 in chips)
Masqb: posts small blind $1
oregordog: posts big blind $3
*** HOLE CARDS ***
Masqb: raises $3 to $6
oregordog: calls $3
*** FLOP *** [Ad Ts 3s]
oregordog: checks
Masqb: bets $3
oregordog: raises $3 to $6
Masqb: calls $3
*** TURN *** [Ad Ts 3s] [Jd]
oregordog: bets $6
Masqb: calls $6
*** RIVER *** [Ad Ts 3s Jd] [Kc]
oregordog: checks
Masqb: checks
*** SHOW DOWN ***
oregordog: shows [7d Tc] (a pair of Tens)
Masqb: shows [9h Ac] (a pair of Aces)
Masqb collected $35.50 from pot
*** SUMMARY ***
Total pot $36 | Rake $0.50
Board [Ad Ts 3s Jd Kc]
Seat 1: Masqb (button) (small blind) showed [9h Ac] and won ($35.50) with a pair of Aces
Seat 2: oregordog (big blind) showed [7d Tc] and lost with a pair of Tens


PokerStars Hand #147803119171:  Hold'em Limit ($3/$6 USD) - 2016/01/28 0:15:33 ET
Table 'Libitina' 6-max Seat #1 is the button
Seat 1: Masqb ($164.28 in chips)
Seat 2: oregordog ($76.48 in chips)
Masqb: posts small blind $1
oregordog: posts big blind $3
*** HOLE CARDS ***
Masqb: raises $3 to $6
oregordog: calls $3
*** FLOP *** [3h Tc 4d]
oregordog: checks
Masqb: bets $3
oregordog: calls $3
*** TURN *** [3h Tc 4d] [Ts]
oregordog: checks
Masqb: bets $6
oregordog: raises $6 to $12
Masqb: calls $6
*** RIVER *** [3h Tc 4d Ts] [9c]
oregordog: checks
Masqb: checks
*** SHOW DOWN ***
oregordog: shows [Qh 3s] (two pair, Tens and Threes)
Masqb: shows [Qd 4h] (two pair, Tens and Fours)
Masqb collected $41.50 from pot
*** SUMMARY ***
Total pot $42 | Rake $0.50
Board [3h Tc 4d Ts 9c]
Seat 1: Masqb (button) (small blind) showed [Qd 4h] and won ($41.50) with two pair, Tens and Fours
Seat 2: oregordog (big blind) showed [Qh 3s] and lost with two pair, Tens and Threes


PokerStars Hand #147803131074:  Hold'em Limit ($3/$6 USD) - 2016/01/28 0:16:14 ET
Table 'Libitina' 6-max Seat #2 is the button
Seat 1: Masqb ($184.78 in chips)
Seat 2: oregordog ($55.48 in chips)
oregordog: posts small blind $1
Masqb: posts big blind $3
*** HOLE CARDS ***
oregordog: raises $3 to $6
Masqb: raises $3 to $9
oregordog: calls $3
*** FLOP *** [As 2h 9d]
Masqb: bets $3
oregordog: folds
Uncalled bet ($3) returned to Masqb
Masqb collected $17.64 from pot
Masqb: doesn't show hand
*** SUMMARY ***
Total pot $18 | Rake $0.36
Board [As 2h 9d]
Seat 1: Masqb (big blind) collected ($17.64)
Seat 2: oregordog (button) (small blind) folded on the Flop


PokerStars Hand #147803150120:  Hold'em Limit ($3/$6 USD) - 2016/01/28 0:17:20 ET
Table 'Libitina' 6-max Seat #1 is the button
Seat 1: Masqb ($175.42 in chips)
Seat 2: oregordog ($63.76 in chips)
Masqb: posts small blind $1
oregordog: posts big blind $3
*** HOLE CARDS ***
Masqb: raises $3 to $6
oregordog: calls $3
*** FLOP *** [3s Kc 6h]
oregordog: checks
Masqb: bets $3
oregordog: calls $3
*** TURN *** [3s Kc 6h] [Qh]
oregordog: checks
Masqb: checks
*** RIVER *** [3s Kc 6h Qh] [5s]
oregordog: bets $6
Masqb: calls $6
*** SHOW DOWN ***
oregordog: shows [Js 5h] (a pair of Fives)
Masqb: shows [6d Ts] (a pair of Sixes)
Masqb collected $29.50 from pot
*** SUMMARY ***
Total pot $30 | Rake $0.50
Board [3s Kc 6h Qh 5s]
Seat 1: Masqb (button) (small blind) showed [6d Ts] and won ($29.50) with a pair of Sixes
Seat 2: oregordog (big blind) showed [Js 5h] and lost with a pair of Fives


PokerStars Hand #147803136407:  Hold'em Limit ($3/$6 USD) - 2016/01/28 0:16:32 ET
Table 'Libitina' 6-max Seat #1 is the button
Seat 1: Masqb ($193.42 in chips)
Seat 2: oregordog ($46.48 in chips)
Masqb: posts small blind $1
oregordog: posts big blind $3
*** HOLE CARDS ***
Masqb: raises $3 to $6
oregordog: raises $3 to $9
Masqb: calls $3
*** FLOP *** [5d As 6d]
oregordog: bets $3
Masqb: calls $3
*** TURN *** [5d As 6d] [Th]
oregordog: bets $6
Masqb: folds
Uncalled bet ($6) returned to oregordog
oregordog collected $23.52 from pot
oregordog: doesn't show hand
*** SUMMARY ***
Total pot $24 | Rake $0.48
Board [5d As 6d Th]
Seat 1: Masqb (button) (small blind) folded on the Turn
Seat 2: oregordog (big blind) collected ($23.52)


PokerStars Hand #147803143600:  Hold'em Limit ($3/$6 USD) - 2016/01/28 0:16:57 ET
Table 'Libitina' 6-max Seat #2 is the button
Seat 1: Masqb ($181.42 in chips)
Seat 2: oregordog ($58 in chips)
oregordog: posts small blind $1
Masqb: posts big blind $3
*** HOLE CARDS ***
oregordog: raises $3 to $6
Masqb: calls $3
*** FLOP *** [5h 8s 9s]
Masqb: checks
oregordog: bets $3
Masqb: folds
Uncalled bet ($3) returned to oregordog
oregordog collected $11.76 from pot
oregordog: doesn't show hand
*** SUMMARY ***
Total pot $12 | Rake $0.24
Board [5h 8s 9s]
Seat 1: Masqb (big blind) folded on the Flop
Seat 2: oregordog (button) (small blind) collected ($11.76)


PokerStars Hand #147803159498:  Hold'em Limit ($3/$6 USD) - 2016/01/28 0:17:53 ET
Table 'Libitina' 6-max Seat #2 is the button
Seat 1: Masqb ($189.92 in chips)
Seat 2: oregordog ($48.76 in chips)
oregordog: posts small blind $1
Masqb: posts big blind $3
*** HOLE CARDS ***
oregordog: folds
Uncalled bet ($2) returned to Masqb
Masqb collected $2 from pot
Masqb: doesn't show hand
*** SUMMARY ***
Total pot $2 | Rake $0
Seat 1: Masqb (big blind) collected ($2)
Seat 2: oregordog (button) (small blind) folded before Flop


PokerStars Hand #147803161076:  Hold'em Limit ($3/$6 USD) - 2016/01/28 0:17:58 ET
Table 'Libitina' 6-max Seat #1 is the button
Seat 1: Masqb ($190.92 in chips)
Seat 2: oregordog ($47.76 in chips)
Masqb: posts small blind $1
oregordog: posts big blind $3
*** HOLE CARDS ***
Masqb: raises $3 to $6
oregordog: calls $3
*** FLOP *** [9c 9d Jc]
oregordog: checks
Masqb: checks
*** TURN *** [9c 9d Jc] [9h]
oregordog: checks
Masqb: bets $6
oregordog: folds
Uncalled bet ($6) returned to Masqb
Masqb collected $11.76 from pot
Masqb: doesn't show hand
*** SUMMARY ***
Total pot $12 | Rake $0.24
Board [9c 9d Jc 9h]
Seat 1: Masqb (button) (small blind) collected ($11.76)
Seat 2: oregordog (big blind) folded on the Turn


PokerStars Hand #147803387630:  Hold'em Limit ($3/$6 USD) - 2016/01/28 0:31:18 ET
Table 'Libitina' 6-max Seat #1 is the button
Seat 1: Masqb ($74 in chips)
Seat 3: svin77710 ($47.06 in chips)
Masqb: posts small blind $1
svin77710: posts big blind $3
*** HOLE CARDS ***
Masqb: raises $3 to $6
svin77710: calls $3
*** FLOP *** [Ac 9s Js]
svin77710: bets $3
Masqb: folds
Uncalled bet ($3) returned to svin77710
svin77710 collected $11.76 from pot
svin77710: doesn't show hand
*** SUMMARY ***
Total pot $12 | Rake $0.24
Board [Ac 9s Js]
Seat 1: Masqb (button) (small blind) folded on the Flop
Seat 3: svin77710 (big blind) collected ($11.76)


PokerStars Hand #147803382479:  Hold'em Limit ($3/$6 USD) - 2016/01/28 0:31:00 ET
Table 'Libitina' 6-max Seat #3 is the button
Seat 1: Masqb ($80 in chips)
Seat 3: svin77710 ($41.30 in chips)
svin77710: posts small blind $1
Masqb: posts big blind $3
*** HOLE CARDS ***
svin77710: raises $3 to $6
alpha2777 joins the table at seat #4
Masqb: calls $3
*** FLOP *** [9h Ts 9c]
Masqb: checks
svin77710: bets $3
Masqb: folds
Uncalled bet ($3) returned to svin77710
svin77710 collected $11.76 from pot
svin77710: doesn't show hand
*** SUMMARY ***
Total pot $12 | Rake $0.24
Board [9h Ts 9c]
Seat 1: Masqb (big blind) folded on the Flop
Seat 3: svin77710 (button) (small blind) collected ($11.76)


PokerStars Hand #147803483993:  Hold'em Limit ($3/$6 USD) - 2016/01/28 0:36:59 ET
Table 'Libitina' 6-max Seat #1 is the button
Seat 1: Masqb ($62.84 in chips)
Seat 5: HAL9QQQ ($195.38 in chips)
Masqb: posts small blind $1
alpha2777: is sitting out
HAL9QQQ: posts big blind $3
*** HOLE CARDS ***
alpha2777 leaves the table
Masqb: raises $3 to $6
HAL9QQQ: calls $3
*** FLOP *** [Kh Jc 8d]
HAL9QQQ: checks
Masqb: bets $3
HAL9QQQ: raises $3 to $6
Masqb: folds
Uncalled bet ($3) returned to HAL9QQQ
HAL9QQQ collected $17.64 from pot
HAL9QQQ: doesn't show hand
*** SUMMARY ***
Total pot $18 | Rake $0.36
Board [Kh Jc 8d]
Seat 1: Masqb (button) (small blind) folded on the Flop
Seat 5: HAL9QQQ (big blind) collected ($17.64)


PokerStars Hand #147803686000:  Hold'em Limit ($3/$6 USD) - 2016/01/28 0:48:35 ET
Table 'Libitina' 6-max Seat #6 is the button
Seat 4: Masqb ($86.50 in chips)
Seat 6: oregordog ($112.50 in chips)
oregordog: posts small blind $1
Masqb: posts big blind $3
*** HOLE CARDS ***
oregordog: folds
Uncalled bet ($2) returned to Masqb
Masqb collected $2 from pot
Masqb: doesn't show hand
*** SUMMARY ***
Total pot $2 | Rake $0
Seat 4: Masqb (big blind) collected ($2)
Seat 6: oregordog (button) (small blind) folded before Flop


PokerStars Hand #147803675084:  Hold'em Limit ($3/$6 USD) - 2016/01/28 0:47:59 ET
Table 'Libitina' 6-max Seat #4 is the button
Seat 4: Masqb ($69 in chips)
Seat 6: oregordog ($130.50 in chips)
Masqb: posts small blind $1
oregordog: posts big blind $3
*** HOLE CARDS ***
Masqb: raises $3 to $6
oregordog: calls $3
*** FLOP *** [Ts Tc 9d]
oregordog: checks
Masqb: bets $3
oregordog: raises $3 to $6
Masqb: calls $3
*** TURN *** [Ts Tc 9d] [Kh]
oregordog: checks
Masqb: checks
*** RIVER *** [Ts Tc 9d Kh] [Ks]
oregordog: checks
Masqb: bets $6
oregordog: calls $6
*** SHOW DOWN ***
Masqb: shows [Ac Jd] (two pair, Kings and Tens)
oregordog: mucks hand
Masqb collected $35.50 from pot
*** SUMMARY ***
Total pot $36 | Rake $0.50
Board [Ts Tc 9d Kh Ks]
Seat 4: Masqb (button) (small blind) showed [Ac Jd] and won ($35.50) with two pair, Kings and Tens
Seat 6: oregordog (big blind) mucked


PokerStars Hand #147803688286:  Hold'em Limit ($3/$6 USD) - 2016/01/28 0:48:43 ET
Table 'Libitina' 6-max Seat #4 is the button
Seat 4: Masqb ($87.50 in chips)
Seat 6: oregordog ($111.50 in chips)
Masqb: posts small blind $1
oregordog: posts big blind $3
*** HOLE CARDS ***
Masqb: raises $3 to $6
oregordog: calls $3
*** FLOP *** [4s 8c 2h]
oregordog: checks
Masqb: bets $3
oregordog: raises $3 to $6
Masqb: calls $3
*** TURN *** [4s 8c 2h] [Ad]
oregordog: bets $6
Masqb: calls $6
*** RIVER *** [4s 8c 2h Ad] [9s]
oregordog: checks
Masqb: bets $6
oregordog: calls $6
*** SHOW DOWN ***
Masqb: shows [Jc Js] (a pair of Jacks)
oregordog: mucks hand
Masqb collected $47.50 from pot
*** SUMMARY ***
Total pot $48 | Rake $0.50
Board [4s 8c 2h Ad 9s]
Seat 4: Masqb (button) (small blind) showed [Jc Js] and won ($47.50) with a pair of Jacks
Seat 6: oregordog (big blind) mucked


PokerStars Hand #147803703220:  Hold'em Limit ($3/$6 USD) - 2016/01/28 0:49:33 ET
Table 'Libitina' 6-max Seat #6 is the button
Seat 4: Masqb ($111 in chips)
Seat 6: oregordog ($87.50 in chips)
oregordog: posts small blind $1
Masqb: posts big blind $3
*** HOLE CARDS ***
oregordog: raises $3 to $6
Masqb: folds
Uncalled bet ($3) returned to oregordog
oregordog collected $6 from pot
oregordog: doesn't show hand
*** SUMMARY ***
Total pot $6 | Rake $0
Seat 4: Masqb (big blind) folded before Flop
Seat 6: oregordog (button) (small blind) collected ($6)


PokerStars Hand #147803706720:  Hold'em Limit ($3/$6 USD) - 2016/01/28 0:49:45 ET
Table 'Libitina' 6-max Seat #4 is the button
Seat 4: Masqb ($108 in chips)
Seat 6: oregordog ($90.50 in chips)
Masqb: posts small blind $1
oregordog: posts big blind $3
*** HOLE CARDS ***
Masqb: raises $3 to $6
oregordog: calls $3
*** FLOP *** [7c Td 4c]
oregordog: checks
Masqb: bets $3
oregordog: calls $3
*** TURN *** [7c Td 4c] [3h]
oregordog: checks
Masqb: bets $6
oregordog: calls $6
*** RIVER *** [7c Td 4c 3h] [8c]
oregordog: checks
Masqb: bets $6
oregordog: folds
Uncalled bet ($6) returned to Masqb
Masqb collected $29.50 from pot
Masqb: doesn't show hand
*** SUMMARY ***
Total pot $30 | Rake $0.50
Board [7c Td 4c 3h 8c]
Seat 4: Masqb (button) (small blind) collected ($29.50)
Seat 6: oregordog (big blind) folded on the River


PokerStars Hand #147803729036:  Hold'em Limit ($3/$6 USD) - 2016/01/28 0:51:00 ET
Table 'Libitina' 6-max Seat #4 is the button
Seat 4: Masqb ($146 in chips)
Seat 6: oregordog ($51.50 in chips)
Masqb: posts small blind $1
oregordog: posts big blind $3
*** HOLE CARDS ***
Masqb: raises $3 to $6
oregordog: raises $3 to $9
Masqb: calls $3
*** FLOP *** [Ah 9d 6h]
oregordog: bets $3
Masqb: calls $3
*** TURN *** [Ah 9d 6h] [Jd]
oregordog: bets $6
Masqb: calls $6
*** RIVER *** [Ah 9d 6h Jd] [Qd]
oregordog: bets $6
Masqb: raises $6 to $12
oregordog: calls $6
*** SHOW DOWN ***
Masqb: shows [Th Kh] (a straight, Ten to Ace)
oregordog: mucks hand
Masqb collected $59.50 from pot
*** SUMMARY ***
Total pot $60 | Rake $0.50
Board [Ah 9d 6h Jd Qd]
Seat 4: Masqb (button) (small blind) showed [Th Kh] and won ($59.50) with a straight, Ten to Ace
Seat 6: oregordog (big blind) mucked


PokerStars Hand #147803718926:  Hold'em Limit ($3/$6 USD) - 2016/01/28 0:50:26 ET
Table 'Libitina' 6-max Seat #6 is the button
Seat 4: Masqb ($122.50 in chips)
Seat 6: oregordog ($75.50 in chips)
oregordog: posts small blind $1
Masqb: posts big blind $3
*** HOLE CARDS ***
oregordog: raises $3 to $6
Masqb: raises $3 to $9
oregordog: calls $3
*** FLOP *** [Ts 6d 2d]
Masqb: bets $3
oregordog: calls $3
*** TURN *** [Ts 6d 2d] [Ah]
Masqb: bets $6
oregordog: raises $6 to $12
Masqb: raises $6 to $18
oregordog: folds
Uncalled bet ($6) returned to Masqb
Masqb collected $47.50 from pot
Masqb: doesn't show hand
*** SUMMARY ***
Total pot $48 | Rake $0.50
Board [Ts 6d 2d Ah]
Seat 4: Masqb (big blind) collected ($47.50)
Seat 6: oregordog (button) (small blind) folded on the Turn


PokerStars Hand #147803791731:  Hold'em Limit ($3/$6 USD) - 2016/01/28 0:54:36 ET
Table 'Libitina' 6-max Seat #3 is the button
Seat 3: AAdeninAA ($117.50 in chips)
Seat 4: Masqb ($158 in chips)
AAdeninAA: posts small blind $1
Masqb: posts big blind $3
*** HOLE CARDS ***
AAdeninAA: raises $3 to $6
Masqb: folds
Uncalled bet ($3) returned to AAdeninAA
AAdeninAA collected $6 from pot
AAdeninAA: doesn't show hand
*** SUMMARY ***
Total pot $6 | Rake $0
Seat 3: AAdeninAA (button) (small blind) collected ($6)
Seat 4: Masqb (big blind) folded before Flop


PokerStars Hand #147803775914:  Hold'em Limit ($3/$6 USD) - 2016/01/28 0:53:41 ET
Table 'Libitina' 6-max Seat #3 is the button
Seat 3: AAdeninAA ($100 in chips)
Seat 4: Masqb ($176 in chips)
AAdeninAA: posts small blind $1
Masqb: posts big blind $3
*** HOLE CARDS ***
AAdeninAA: raises $3 to $6
Masqb: calls $3
*** FLOP *** [Ad 2h 5c]
Masqb: checks
AAdeninAA: bets $3
Masqb: calls $3
*** TURN *** [Ad 2h 5c] [9d]
Masqb: checks
AAdeninAA: bets $6
Masqb: calls $6
*** RIVER *** [Ad 2h 5c 9d] [2c]
Masqb: checks
AAdeninAA: bets $6
Masqb: calls $6
*** SHOW DOWN ***
AAdeninAA: shows [Ah Th] (two pair, Aces and Deuces)
Masqb: mucks hand
AAdeninAA collected $41.50 from pot
*** SUMMARY ***
Total pot $42 | Rake $0.50
Board [Ad 2h 5c 9d 2c]
Seat 3: AAdeninAA (button) (small blind) showed [Ah Th] and won ($41.50) with two pair, Aces and Deuces
Seat 4: Masqb (big blind) mucked


PokerStars Hand #147803789710:  Hold'em Limit ($3/$6 USD) - 2016/01/28 0:54:29 ET
Table 'Libitina' 6-max Seat #4 is the button
Seat 3: AAdeninAA ($120.50 in chips)
Seat 4: Masqb ($155 in chips)
Masqb: posts small blind $1
AAdeninAA: posts big blind $3
*** HOLE CARDS ***
Masqb: raises $3 to $6
AAdeninAA: folds
Uncalled bet ($3) returned to Masqb
Masqb collected $6 from pot
Masqb: doesn't show hand
*** SUMMARY ***
Total pot $6 | Rake $0
Seat 3: AAdeninAA (big blind) folded before Flop
Seat 4: Masqb (button) (small blind) collected ($6)


PokerStars Hand #147803796127:  Hold'em Limit ($3/$6 USD) - 2016/01/28 0:54:51 ET
Table 'Libitina' 6-max Seat #3 is the button
Seat 3: AAdeninAA ($117.50 in chips)
Seat 4: Masqb ($158 in chips)
AAdeninAA: posts small blind $1
Masqb: posts big blind $3
*** HOLE CARDS ***
AAdeninAA: folds
Uncalled bet ($2) returned to Masqb
Masqb collected $2 from pot
Masqb: doesn't show hand
*** SUMMARY ***
Total pot $2 | Rake $0
Seat 3: AAdeninAA (button) (small blind) folded before Flop
Seat 4: Masqb (big blind) collected ($2)


PokerStars Hand #147803794003:  Hold'em Limit ($3/$6 USD) - 2016/01/28 0:54:43 ET
Table 'Libitina' 6-max Seat #4 is the button
Seat 3: AAdeninAA ($120.50 in chips)
Seat 4: Masqb ($155 in chips)
Masqb: posts small blind $1
AAdeninAA: posts big blind $3
*** HOLE CARDS ***
Masqb: raises $3 to $6
AAdeninAA: folds
Uncalled bet ($3) returned to Masqb
Masqb collected $6 from pot
Masqb: doesn't show hand
*** SUMMARY ***
Total pot $6 | Rake $0
Seat 3: AAdeninAA (big blind) folded before Flop
Seat 4: Masqb (button) (small blind) collected ($6)


PokerStars Hand #147803804341:  Hold'em Limit ($3/$6 USD) - 2016/01/28 0:55:23 ET
Table 'Libitina' 6-max Seat #3 is the button
Seat 3: AAdeninAA ($106.50 in chips)
Seat 4: Masqb ($168.76 in chips)
AAdeninAA: posts small blind $1
Masqb: posts big blind $3
*** HOLE CARDS ***
AAdeninAA: raises $3 to $6
Masqb: calls $3
*** FLOP *** [3d Qd Qs]
Masqb: checks
AAdeninAA: bets $3
Masqb: folds
Uncalled bet ($3) returned to AAdeninAA
AAdeninAA collected $11.76 from pot
AAdeninAA: doesn't show hand
*** SUMMARY ***
Total pot $12 | Rake $0.24
Board [3d Qd Qs]
Seat 3: AAdeninAA (button) (small blind) collected ($11.76)
Seat 4: Masqb (big blind) folded on the Flop


PokerStars Hand #147803801684:  Hold'em Limit ($3/$6 USD) - 2016/01/28 0:55:11 ET
Table 'Libitina' 6-max Seat #3 is the button
Seat 3: AAdeninAA ($110.50 in chips)
Seat 4: Masqb ($164.76 in chips)
AAdeninAA: posts small blind $1
Masqb: posts big blind $3
*** HOLE CARDS ***
AAdeninAA: folds
Uncalled bet ($2) returned to Masqb
Masqb collected $2 from pot
Masqb: doesn't show hand
*** SUMMARY ***
Total pot $2 | Rake $0
Seat 3: AAdeninAA (button) (small blind) folded before Flop
Seat 4: Masqb (big blind) collected ($2)


PokerStars Hand #147803797413:  Hold'em Limit ($3/$6 USD) - 2016/01/28 0:54:55 ET
Table 'Libitina' 6-max Seat #4 is the button
Seat 3: AAdeninAA ($116.50 in chips)
Seat 4: Masqb ($159 in chips)
Masqb: posts small blind $1
AAdeninAA: posts big blind $3
*** HOLE CARDS ***
Masqb: raises $3 to $6
AAdeninAA: calls $3
*** FLOP *** [8d Ac 4s]
AAdeninAA: checks
Masqb: bets $3
AAdeninAA: folds
Uncalled bet ($3) returned to Masqb
Masqb collected $11.76 from pot
Masqb: doesn't show hand
*** SUMMARY ***
Total pot $12 | Rake $0.24
Board [8d Ac 4s]
Seat 3: AAdeninAA (big blind) folded on the Flop
Seat 4: Masqb (button) (small blind) collected ($11.76)


PokerStars Hand #147803803144:  Hold'em Limit ($3/$6 USD) - 2016/01/28 0:55:18 ET
Table 'Libitina' 6-max Seat #4 is the button
Seat 3: AAdeninAA ($109.50 in chips)
Seat 4: Masqb ($165.76 in chips)
Masqb: posts small blind $1
AAdeninAA: posts big blind $3
*** HOLE CARDS ***
Masqb: raises $3 to $6
AAdeninAA: folds
Uncalled bet ($3) returned to Masqb
Masqb collected $6 from pot
Masqb: doesn't show hand
*** SUMMARY ***
Total pot $6 | Rake $0
Seat 3: AAdeninAA (big blind) folded before Flop
Seat 4: Masqb (button) (small blind) collected ($6)


PokerStars Hand #147803824137:  Hold'em Limit ($3/$6 USD) - 2016/01/28 0:56:44 ET
Table 'Libitina' 6-max Seat #3 is the button
Seat 3: AAdeninAA ($125.76 in chips)
Seat 4: Masqb ($148.52 in chips)
AAdeninAA: posts small blind $1
Masqb: posts big blind $3
*** HOLE CARDS ***
AAdeninAA: folds
Uncalled bet ($2) returned to Masqb
Masqb collected $2 from pot
Masqb: doesn't show hand
*** SUMMARY ***
Total pot $2 | Rake $0
Seat 3: AAdeninAA (button) (small blind) folded before Flop
Seat 4: Masqb (big blind) collected ($2)


PokerStars Hand #147803816565:  Hold'em Limit ($3/$6 USD) - 2016/01/28 0:56:13 ET
Table 'Libitina' 6-max Seat #4 is the button
Seat 3: AAdeninAA ($131.76 in chips)
Seat 4: Masqb ($142.76 in chips)
Masqb: posts small blind $1
AAdeninAA: posts big blind $3
*** HOLE CARDS ***
Masqb: raises $3 to $6
AAdeninAA: calls $3
*** FLOP *** [8h Qh Jc]
AAdeninAA: checks
Masqb: checks
*** TURN *** [8h Qh Jc] [Qc]
AAdeninAA: checks
Masqb: checks
*** RIVER *** [8h Qh Jc Qc] [Qs]
AAdeninAA: checks
Masqb: bets $6
AAdeninAA: folds
Uncalled bet ($6) returned to Masqb
Masqb collected $11.76 from pot
Masqb: doesn't show hand
*** SUMMARY ***
Total pot $12 | Rake $0.24
Board [8h Qh Jc Qc Qs]
Seat 3: AAdeninAA (big blind) folded on the River
Seat 4: Masqb (button) (small blind) collected ($11.76)


PokerStars Hand #147803809239:  Hold'em Limit ($3/$6 USD) - 2016/01/28 0:55:43 ET
Table 'Libitina' 6-max Seat #4 is the button
Seat 3: AAdeninAA ($112.26 in chips)
Seat 4: Masqb ($162.76 in chips)
Masqb: posts small blind $1
AAdeninAA: posts big blind $3
*** HOLE CARDS ***
Masqb: raises $3 to $6
AAdeninAA: calls $3
*** FLOP *** [2h 8h Jh]
AAdeninAA: checks
Masqb: bets $3
AAdeninAA: calls $3
*** TURN *** [2h 8h Jh] [8c]
AAdeninAA: checks
Masqb: checks
*** RIVER *** [2h 8h Jh 8c] [2d]
AAdeninAA: bets $6
Masqb: raises $6 to $12
AAdeninAA: calls $6
*** SHOW DOWN ***
Masqb: shows [3h Qd] (two pair, Eights and Deuces)
AAdeninAA: shows [5h 9h] (a flush, Jack high)
AAdeninAA collected $41.50 from pot
*** SUMMARY ***
Total pot $42 | Rake $0.50
Board [2h 8h Jh 8c 2d]
Seat 3: AAdeninAA (big blind) showed [5h 9h] and won ($41.50) with a flush, Jack high
Seat 4: Masqb (button) (small blind) showed [3h Qd] and lost with two pair, Eights and Deuces


PokerStars Hand #147803814972:  Hold'em Limit ($3/$6 USD) - 2016/01/28 0:56:07 ET
Table 'Libitina' 6-max Seat #3 is the button
Seat 3: AAdeninAA ($132.76 in chips)
Seat 4: Masqb ($141.76 in chips)
AAdeninAA: posts small blind $1
Masqb: posts big blind $3
*** HOLE CARDS ***
AAdeninAA: folds
Uncalled bet ($2) returned to Masqb
Masqb collected $2 from pot
Masqb: doesn't show hand
*** SUMMARY ***
Total pot $2 | Rake $0
Seat 3: AAdeninAA (button) (small blind) folded before Flop
Seat 4: Masqb (big blind) collected ($2)


PokerStars Hand #147803825295:  Hold'em Limit ($3/$6 USD) - 2016/01/28 0:56:49 ET
Table 'Libitina' 6-max Seat #4 is the button
Seat 3: AAdeninAA ($124.76 in chips)
Seat 4: Masqb ($149.52 in chips)
Masqb: posts small blind $1
AAdeninAA: posts big blind $3
*** HOLE CARDS ***
Masqb: raises $3 to $6
AAdeninAA: calls $3
*** FLOP *** [2c Qd 9c]
AAdeninAA: checks
Masqb: bets $3
AAdeninAA: calls $3
*** TURN *** [2c Qd 9c] [5s]
AAdeninAA: checks
Masqb: bets $6
AAdeninAA: calls $6
*** RIVER *** [2c Qd 9c 5s] [8d]
AAdeninAA: checks
Masqb: checks
*** SHOW DOWN ***
AAdeninAA: shows [3h Ad] (high card Ace)
Masqb: mucks hand
AAdeninAA collected $29.50 from pot
*** SUMMARY ***
Total pot $30 | Rake $0.50
Board [2c Qd 9c 5s 8d]
Seat 3: AAdeninAA (big blind) showed [3h Ad] and won ($29.50) with high card Ace
Seat 4: Masqb (button) (small blind) mucked


PokerStars Hand #147803833122:  Hold'em Limit ($3/$6 USD) - 2016/01/28 0:57:21 ET
Table 'Libitina' 6-max Seat #3 is the button
Seat 3: AAdeninAA ($139.26 in chips)
Seat 4: Masqb ($134.52 in chips)
AAdeninAA: posts small blind $1
Masqb: posts big blind $3
*** HOLE CARDS ***
AAdeninAA: raises $3 to $6
Masqb: calls $3
*** FLOP *** [8h Ad 2d]
Masqb: checks
AAdeninAA: checks
*** TURN *** [8h Ad 2d] [Kc]
Masqb: checks
AAdeninAA: checks
*** RIVER *** [8h Ad 2d Kc] [2s]
Masqb: bets $6
AAdeninAA: calls $6
*** SHOW DOWN ***
Masqb: shows [Kd 9s] (two pair, Kings and Deuces)
AAdeninAA: mucks hand
Masqb collected $23.52 from pot
*** SUMMARY ***
Total pot $24 | Rake $0.48
Board [8h Ad 2d Kc 2s]
Seat 3: AAdeninAA (button) (small blind) mucked
Seat 4: Masqb (big blind) showed [Kd 9s] and won ($23.52) with two pair, Kings and Deuces


PokerStars Hand #147803839198:  Hold'em Limit ($3/$6 USD) - 2016/01/28 0:57:47 ET
Table 'Libitina' 6-max Seat #4 is the button
Seat 3: AAdeninAA ($127.26 in chips)
Seat 4: Masqb ($146.04 in chips)
Masqb: posts small blind $1
AAdeninAA: posts big blind $3
*** HOLE CARDS ***
Masqb: folds
Uncalled bet ($2) returned to AAdeninAA
AAdeninAA collected $2 from pot
AAdeninAA: doesn't show hand
*** SUMMARY ***
Total pot $2 | Rake $0
Seat 3: AAdeninAA (big blind) collected ($2)
Seat 4: Masqb (button) (small blind) folded before Flop


PokerStars Hand #147803848732:  Hold'em Limit ($3/$6 USD) - 2016/01/28 0:58:11 ET
Table 'Libitina' 6-max Seat #4 is the button
Seat 3: AAdeninAA ($127.26 in chips)
Seat 4: Masqb ($146.04 in chips)
Masqb: posts small blind $1
AAdeninAA: posts big blind $3
*** HOLE CARDS ***
Masqb: folds
Uncalled bet ($2) returned to AAdeninAA
AAdeninAA collected $2 from pot
AAdeninAA: doesn't show hand
*** SUMMARY ***
Total pot $2 | Rake $0
Seat 3: AAdeninAA (big blind) collected ($2)
Seat 4: Masqb (button) (small blind) folded before Flop


PokerStars Hand #147803840383:  Hold'em Limit ($3/$6 USD) - 2016/01/28 0:57:51 ET
Table 'Libitina' 6-max Seat #3 is the button
Seat 3: AAdeninAA ($128.26 in chips)
Seat 4: Masqb ($145.04 in chips)
AAdeninAA: posts small blind $1
Masqb: posts big blind $3
*** HOLE CARDS ***
AAdeninAA: folds
Uncalled bet ($2) returned to Masqb
Masqb collected $2 from pot
Masqb: doesn't show hand
*** SUMMARY ***
Total pot $2 | Rake $0
Seat 3: AAdeninAA (button) (small blind) folded before Flop
Seat 4: Masqb (big blind) collected ($2)


PokerStars Hand #147803852118:  Hold'em Limit ($3/$6 USD) - 2016/01/28 0:58:18 ET
Table 'Libitina' 6-max Seat #3 is the button
Seat 3: AAdeninAA ($128.26 in chips)
Seat 4: Masqb ($145.04 in chips)
AAdeninAA: posts small blind $1
Masqb: posts big blind $3
*** HOLE CARDS ***
AAdeninAA: raises $3 to $6
Masqb: calls $3
*** FLOP *** [Ac 6d 5d]
Masqb: checks
AAdeninAA: checks
*** TURN *** [Ac 6d 5d] [4s]
Masqb: checks
AAdeninAA: checks
*** RIVER *** [Ac 6d 5d 4s] [Jc]
Masqb: checks
AAdeninAA: checks
*** SHOW DOWN ***
Masqb: shows [2s 6s] (a pair of Sixes)
AAdeninAA: mucks hand
Masqb collected $11.76 from pot
*** SUMMARY ***
Total pot $12 | Rake $0.24
Board [Ac 6d 5d 4s Jc]
Seat 3: AAdeninAA (button) (small blind) mucked
Seat 4: Masqb (big blind) showed [2s 6s] and won ($11.76) with a pair of Sixes


PokerStars Hand #147803862497:  Hold'em Limit ($3/$6 USD) - 2016/01/28 0:58:53 ET
Table 'Libitina' 6-max Seat #3 is the button
Seat 3: AAdeninAA ($119.26 in chips)
Seat 4: Masqb ($153.80 in chips)
AAdeninAA: posts small blind $1
Masqb: posts big blind $3
*** HOLE CARDS ***
AAdeninAA: folds
Uncalled bet ($2) returned to Masqb
Masqb collected $2 from pot
Masqb: doesn't show hand
*** SUMMARY ***
Total pot $2 | Rake $0
Seat 3: AAdeninAA (button) (small blind) folded before Flop
Seat 4: Masqb (big blind) collected ($2)


PokerStars Hand #147803860374:  Hold'em Limit ($3/$6 USD) - 2016/01/28 0:58:45 ET
Table 'Libitina' 6-max Seat #4 is the button
Seat 3: AAdeninAA ($122.26 in chips)
Seat 4: Masqb ($150.80 in chips)
Masqb: posts small blind $1
AAdeninAA: posts big blind $3
*** HOLE CARDS ***
Masqb: raises $3 to $6
AAdeninAA: folds
Uncalled bet ($3) returned to Masqb
Masqb collected $6 from pot
Masqb: doesn't show hand
*** SUMMARY ***
Total pot $6 | Rake $0
Seat 3: AAdeninAA (big blind) folded before Flop
Seat 4: Masqb (button) (small blind) collected ($6)


PokerStars Hand #147803870769:  Hold'em Limit ($3/$6 USD) - 2016/01/28 0:59:26 ET
Table 'Libitina' 6-max Seat #3 is the button
Seat 3: AAdeninAA ($106.26 in chips)
Seat 4: Masqb ($166.32 in chips)
AAdeninAA: posts small blind $1
Masqb: posts big blind $3
*** HOLE CARDS ***
AAdeninAA: folds
Uncalled bet ($2) returned to Masqb
Masqb collected $2 from pot
Masqb: doesn't show hand
*** SUMMARY ***
Total pot $2 | Rake $0
Seat 3: AAdeninAA (button) (small blind) folded before Flop
Seat 4: Masqb (big blind) collected ($2)


PokerStars Hand #147803863683:  Hold'em Limit ($3/$6 USD) - 2016/01/28 0:58:57 ET
Table 'Libitina' 6-max Seat #4 is the button
Seat 3: AAdeninAA ($118.26 in chips)
Seat 4: Masqb ($154.80 in chips)
Masqb: posts small blind $1
AAdeninAA: posts big blind $3
*** HOLE CARDS ***
Masqb: raises $3 to $6
AAdeninAA: calls $3
*** FLOP *** [4c 9c 3h]
AAdeninAA: checks
Masqb: bets $3
AAdeninAA: raises $3 to $6
Masqb: calls $3
*** TURN *** [4c 9c 3h] [Td]
AAdeninAA: checks
Masqb: checks
*** RIVER *** [4c 9c 3h Td] [8h]
AAdeninAA: checks
Masqb: checks
*** SHOW DOWN ***
AAdeninAA: shows [6c Qc] (high card Queen)
Masqb: shows [Ks 7h] (high card King)
Masqb collected $23.52 from pot
*** SUMMARY ***
Total pot $24 | Rake $0.48
Board [4c 9c 3h Td 8h]
Seat 3: AAdeninAA (big blind) showed [6c Qc] and lost with high card Queen
Seat 4: Masqb (button) (small blind) showed [Ks 7h] and won ($23.52) with high card King


PokerStars Hand #147803871718:  Hold'em Limit ($3/$6 USD) - 2016/01/28 0:59:30 ET
Table 'Libitina' 6-max Seat #4 is the button
Seat 3: AAdeninAA ($105.26 in chips)
Seat 4: Masqb ($167.32 in chips)
Masqb: posts small blind $1
AAdeninAA: posts big blind $3
*** HOLE CARDS ***
Masqb: raises $3 to $6
AAdeninAA: folds
Uncalled bet ($3) returned to Masqb
permafrost07 joins the table at seat #2
Masqb collected $6 from pot
Masqb: doesn't show hand
*** SUMMARY ***
Total pot $6 | Rake $0
Seat 3: AAdeninAA (big blind) folded before Flop
Seat 4: Masqb (button) (small blind) collected ($6)


PokerStars Hand #147804771446:  Hold'em Limit ($3/$6 USD) - 2016/01/28 1:51:20 ET
Table 'Libitina' 6-max Seat #5 is the button
Seat 3: matei1509 ($100.32 in chips)
Seat 5: HAL9QQQ ($310.76 in chips)
RUNNINGMAN70 will be allowed to play after the button
HAL9QQQ: posts small blind $1
matei1509: posts big blind $3
*** HOLE CARDS ***
HAL9QQQ: raises $3 to $6
matei1509: calls $3
*** FLOP *** [3d 3c Qh]
matei1509: checks
HAL9QQQ: bets $3
matei1509: calls $3
*** TURN *** [3d 3c Qh] [8c]
matei1509: checks
HAL9QQQ: bets $6
matei1509: folds
Uncalled bet ($6) returned to HAL9QQQ
HAL9QQQ collected $17.64 from pot
HAL9QQQ: doesn't show hand
*** SUMMARY ***
Total pot $18 | Rake $0.36
Board [3d 3c Qh 8c]
Seat 3: matei1509 (big blind) folded on the Turn
Seat 5: HAL9QQQ (button) (small blind) collected ($17.64)


PokerStars Hand #147804967655:  Hold'em Limit ($3/$6 USD) - 2016/01/28 2:02:54 ET
Table 'Libitina' 6-max Seat #5 is the button
Seat 3: matei1509 ($59.17 in chips)
Seat 5: HAL9QQQ ($331.95 in chips)
HAL9QQQ: posts small blind $1
matei1509: posts big blind $3
*** HOLE CARDS ***
HAL9QQQ: raises $3 to $6
matei1509: calls $3
*** FLOP *** [Kc 6s 5h]
matei1509: checks
HAL9QQQ: bets $3
matei1509: calls $3
*** TURN *** [Kc 6s 5h] [As]
matei1509: checks
HAL9QQQ: checks
*** RIVER *** [Kc 6s 5h As] [Jc]
matei1509: checks
HAL9QQQ: bets $6
matei1509: folds
Uncalled bet ($6) returned to HAL9QQQ
HAL9QQQ collected $17.64 from pot
HAL9QQQ: doesn't show hand
*** SUMMARY ***
Total pot $18 | Rake $0.36
Board [Kc 6s 5h As Jc]
Seat 3: matei1509 (big blind) folded on the River
Seat 5: HAL9QQQ (button) (small blind) collected ($17.64)


PokerStars Hand #147807117799:  Hold'em Limit ($3/$6 USD) - 2016/01/28 3:51:55 ET
Table 'Libitina' 6-max Seat #2 is the button
Seat 2: Fibonachy ($6.83 in chips)
Seat 3: 72bestcard ($95.50 in chips)
Fibonachy: posts small blind $1
72bestcard: posts big blind $3
*** HOLE CARDS ***
Fibonachy: folds
Uncalled bet ($2) returned to 72bestcard
72bestcard collected $2 from pot
72bestcard: doesn't show hand
*** SUMMARY ***
Total pot $2 | Rake $0
Seat 2: Fibonachy (button) (small blind) folded before Flop
Seat 3: 72bestcard (big blind) collected ($2)


PokerStars Hand #147807120283:  Hold'em Limit ($3/$6 USD) - 2016/01/28 3:52:01 ET
Table 'Libitina' 6-max Seat #3 is the button
Seat 2: Fibonachy ($5.83 in chips)
Seat 3: 72bestcard ($96.50 in chips)
72bestcard: posts small blind $1
Fibonachy: posts big blind $3
*** HOLE CARDS ***
72bestcard: raises $3 to $6
Fibonachy: calls $2.83 and is all-in
Uncalled bet ($0.17) returned to 72bestcard
*** FLOP *** [6h 4c Qd]
*** TURN *** [6h 4c Qd] [Kd]
*** RIVER *** [6h 4c Qd Kd] [4s]
*** SHOW DOWN ***
Fibonachy: shows [7d 5s] (a pair of Fours)
72bestcard: shows [5c Kc] (two pair, Kings and Fours)
72bestcard collected $11.43 from pot
*** SUMMARY ***
Total pot $11.66 | Rake $0.23
Board [6h 4c Qd Kd 4s]
Seat 2: Fibonachy (big blind) showed [7d 5s] and lost with a pair of Fours
Seat 3: 72bestcard (button) (small blind) showed [5c Kc] and won ($11.43) with two pair, Kings and Fours


PokerStars Hand #147807730013:  Hold'em Limit ($3/$6 USD) - 2016/01/28 4:18:33 ET
Table 'Libitina' 6-max Seat #4 is the button
Seat 4: 19woody58 ($91.11 in chips)
Seat 5: kolaz03 ($72 in chips)
19woody58: posts small blind $1
kolaz03: posts big blind $3
*** HOLE CARDS ***
HAL9QQQ joins the table at seat #2
19woody58: calls $2
nordschrott joins the table at seat #6
kolaz03: checks
*** FLOP *** [Kd 7c 4s]
kolaz03: bets $3
19woody58: calls $3
*** TURN *** [Kd 7c 4s] [Qs]
kolaz03: bets $6
19woody58: folds
Uncalled bet ($6) returned to kolaz03
kolaz03 collected $11.76 from pot
kolaz03: doesn't show hand
*** SUMMARY ***
Total pot $12 | Rake $0.24
Board [Kd 7c 4s Qs]
Seat 4: 19woody58 (button) (small blind) folded on the Turn
Seat 5: kolaz03 (big blind) collected ($11.76)


PokerStars Hand #147809180802:  Hold'em Limit ($3/$6 USD) - 2016/01/28 5:14:54 ET
Table 'Libitina' 6-max Seat #6 is the button
Seat 3: Rmk1500 ($65 in chips)
Seat 6: Lygn1k ($155.46 in chips)
Lygn1k: posts small blind $1
krossguard: is sitting out
HAL9QQQ: is sitting out
Rmk1500: posts big blind $3
*** HOLE CARDS ***
Lygn1k: raises $3 to $6
krossguard leaves the table
Rmk1500: folds
Uncalled bet ($3) returned to Lygn1k
Lygn1k collected $6 from pot
Lygn1k: doesn't show hand
*** SUMMARY ***
Total pot $6 | Rake $0
Seat 3: Rmk1500 (big blind) folded before Flop
Seat 6: Lygn1k (button) (small blind) collected ($6)


