PokerStars Hand #155126798154:  Hold'em Limit ($3/$6 USD) - 2016/06/24 1:07:47 ET
Table 'Libra' 6-max Seat #1 is the button
Seat 1: Brama Br ($294.03 in chips)
Seat 5: BrownieSpy ($156.91 in chips)
Brama Br: posts small blind $1
krossguard: is sitting out
BrownieSpy: posts big blind $3
*** HOLE CARDS ***
Brama Br: folds
Uncalled bet ($2) returned to BrownieSpy
BrownieSpy collected $2 from pot
BrownieSpy: doesn't show hand
*** SUMMARY ***
Total pot $2 | Rake $0
Seat 1: Brama Br (button) (small blind) folded before Flop
Seat 5: BrownieSpy (big blind) collected ($2)


PokerStars Hand #155126805301:  Hold'em Limit ($3/$6 USD) - 2016/06/24 1:08:18 ET
Table 'Libra' 6-max Seat #5 is the button
Seat 1: Brama Br ($299.79 in chips)
Seat 5: BrownieSpy ($150.91 in chips)
BrownieSpy: posts small blind $1
Brama Br: posts big blind $3
*** HOLE CARDS ***
BrownieSpy: folds
Uncalled bet ($2) returned to Brama Br
Brama Br collected $2 from pot
Brama Br: doesn't show hand
*** SUMMARY ***
Total pot $2 | Rake $0
Seat 1: Brama Br (big blind) collected ($2)
Seat 5: BrownieSpy (button) (small blind) folded before Flop


PokerStars Hand #155126801214:  Hold'em Limit ($3/$6 USD) - 2016/06/24 1:08:00 ET
Table 'Libra' 6-max Seat #1 is the button
Seat 1: Brama Br ($294.03 in chips)
Seat 5: BrownieSpy ($156.91 in chips)
Brama Br: posts small blind $1
BrownieSpy: posts big blind $3
*** HOLE CARDS ***
Brama Br: raises $3 to $6
BrownieSpy: calls $3
*** FLOP *** [4h 8c Qd]
BrownieSpy: checks
Brama Br: bets $3
BrownieSpy: folds
Uncalled bet ($3) returned to Brama Br
Brama Br collected $11.76 from pot
Brama Br: doesn't show hand
*** SUMMARY ***
Total pot $12 | Rake $0.24
Board [4h 8c Qd]
Seat 1: Brama Br (button) (small blind) collected ($11.76)
Seat 5: BrownieSpy (big blind) folded on the Flop


PokerStars Hand #155126799703:  Hold'em Limit ($3/$6 USD) - 2016/06/24 1:07:54 ET
Table 'Libra' 6-max Seat #5 is the button
Seat 1: Brama Br ($293.03 in chips)
Seat 5: BrownieSpy ($157.91 in chips)
BrownieSpy: posts small blind $1
Brama Br: posts big blind $3
*** HOLE CARDS ***
BrownieSpy: folds
Uncalled bet ($2) returned to Brama Br
Brama Br collected $2 from pot
Brama Br: doesn't show hand
*** SUMMARY ***
Total pot $2 | Rake $0
Seat 1: Brama Br (big blind) collected ($2)
Seat 5: BrownieSpy (button) (small blind) folded before Flop


PokerStars Hand #155127474938:  Hold'em Limit ($3/$6 USD) - 2016/06/24 1:54:47 ET
Table 'Libra' 6-max Seat #6 is the button
Seat 5: BrownieSpy ($419.03 in chips)
Seat 6: hooliganooo ($90.18 in chips)
hooliganooo: posts small blind $1
krossguard: is sitting out
BrownieSpy: posts big blind $3
*** HOLE CARDS ***
hooliganooo: raises $3 to $6
krossguard leaves the table
BrownieSpy: calls $3
*** FLOP *** [9c Qs 7s]
BrownieSpy: checks
hooliganooo: bets $3
BrownieSpy: calls $3
*** TURN *** [9c Qs 7s] [9h]
BrownieSpy: checks
hooliganooo: bets $6
BrownieSpy: folds
Uncalled bet ($6) returned to hooliganooo
hooliganooo collected $17.64 from pot
hooliganooo: doesn't show hand
*** SUMMARY ***
Total pot $18 | Rake $0.36
Board [9c Qs 7s 9h]
Seat 5: BrownieSpy (big blind) folded on the Turn
Seat 6: hooliganooo (button) (small blind) collected ($17.64)


PokerStars Hand #155127493768:  Hold'em Limit ($3/$6 USD) - 2016/06/24 1:55:40 ET
Table 'Libra' 6-max Seat #5 is the button
Seat 5: BrownieSpy ($410.03 in chips)
Seat 6: hooliganooo ($98.82 in chips)
BrownieSpy: posts small blind $1
hooliganooo: posts big blind $3
*** HOLE CARDS ***
BrownieSpy: folds
Uncalled bet ($2) returned to hooliganooo
hooliganooo collected $2 from pot
hooliganooo: doesn't show hand
*** SUMMARY ***
Total pot $2 | Rake $0
Seat 5: BrownieSpy (button) (small blind) folded before Flop
Seat 6: hooliganooo (big blind) collected ($2)


PokerStars Hand #155127495130:  Hold'em Limit ($3/$6 USD) - 2016/06/24 1:55:47 ET
Table 'Libra' 6-max Seat #6 is the button
Seat 5: BrownieSpy ($409.03 in chips)
Seat 6: hooliganooo ($99.82 in chips)
hooliganooo: posts small blind $1
BrownieSpy: posts big blind $3
*** HOLE CARDS ***
hooliganooo: calls $2
BrownieSpy: raises $3 to $6
hooliganooo: calls $3
*** FLOP *** [2c Ah Ad]
BrownieSpy: bets $3
hooliganooo: folds
Uncalled bet ($3) returned to BrownieSpy
BrownieSpy collected $11.76 from pot
BrownieSpy: doesn't show hand
*** SUMMARY ***
Total pot $12 | Rake $0.24
Board [2c Ah Ad]
Seat 5: BrownieSpy (big blind) collected ($11.76)
Seat 6: hooliganooo (button) (small blind) folded on the Flop


PokerStars Hand #155127497893:  Hold'em Limit ($3/$6 USD) - 2016/06/24 1:56:00 ET
Table 'Libra' 6-max Seat #5 is the button
Seat 5: BrownieSpy ($414.79 in chips)
Seat 6: hooliganooo ($93.82 in chips)
BrownieSpy: posts small blind $1
hooliganooo: posts big blind $3
*** HOLE CARDS ***
REZOLUTION84 joins the table at seat #1
BrownieSpy: raises $3 to $6
hooliganooo: raises $3 to $9
BrownieSpy: calls $3
*** FLOP *** [2c Js 7s]
hooliganooo: bets $3
BrownieSpy: folds
Uncalled bet ($3) returned to hooliganooo
hooliganooo collected $17.64 from pot
hooliganooo: doesn't show hand
*** SUMMARY ***
Total pot $18 | Rake $0.36
Board [2c Js 7s]
Seat 5: BrownieSpy (button) (small blind) folded on the Flop
Seat 6: hooliganooo (big blind) collected ($17.64)


PokerStars Hand #155127544543:  Hold'em Limit ($3/$6 USD) - 2016/06/24 1:59:43 ET
Table 'Libra' 6-max Seat #5 is the button
Seat 5: BrownieSpy ($422.69 in chips)
Seat 6: hooliganooo ($36.92 in chips)
BrownieSpy: posts small blind $1
hooliganooo: posts big blind $3
*** HOLE CARDS ***
REZOLUTION84 leaves the table
BrownieSpy: folds
Uncalled bet ($2) returned to hooliganooo
hooliganooo collected $2 from pot
hooliganooo: doesn't show hand
*** SUMMARY ***
Total pot $2 | Rake $0
Seat 5: BrownieSpy (button) (small blind) folded before Flop
Seat 6: hooliganooo (big blind) collected ($2)


PokerStars Hand #155127548301:  Hold'em Limit ($3/$6 USD) - 2016/06/24 2:00:01 ET
Table 'Libra' 6-max Seat #6 is the button
Seat 5: BrownieSpy ($421.69 in chips)
Seat 6: hooliganooo ($37.92 in chips)
hooliganooo: posts small blind $1
BrownieSpy: posts big blind $3
*** HOLE CARDS ***
hooliganooo: folds
Uncalled bet ($2) returned to BrownieSpy
BrownieSpy collected $2 from pot
BrownieSpy: doesn't show hand
*** SUMMARY ***
Total pot $2 | Rake $0
Seat 5: BrownieSpy (big blind) collected ($2)
Seat 6: hooliganooo (button) (small blind) folded before Flop


PokerStars Hand #155127539747:  Hold'em Limit ($3/$6 USD) - 2016/06/24 1:59:21 ET
Table 'Libra' 6-max Seat #6 is the button
Seat 5: BrownieSpy ($411.17 in chips)
Seat 6: hooliganooo ($48.92 in chips)
hooliganooo: posts small blind $1
REZOLUTION84: is sitting out
BrownieSpy: posts big blind $3
*** HOLE CARDS ***
hooliganooo: raises $3 to $6
BrownieSpy: calls $3
*** FLOP *** [7d 8h Qs]
BrownieSpy: checks
hooliganooo: checks
*** TURN *** [7d 8h Qs] [4c]
BrownieSpy: bets $6
hooliganooo: calls $6
*** RIVER *** [7d 8h Qs 4c] [2c]
BrownieSpy: bets $6
hooliganooo: folds
Uncalled bet ($6) returned to BrownieSpy
BrownieSpy collected $23.52 from pot
BrownieSpy: doesn't show hand
*** SUMMARY ***
Total pot $24 | Rake $0.48
Board [7d 8h Qs 4c 2c]
Seat 5: BrownieSpy (big blind) collected ($23.52)
Seat 6: hooliganooo (button) (small blind) folded on the River


PokerStars Hand #155127563393:  Hold'em Limit ($3/$6 USD) - 2016/06/24 2:01:11 ET
Table 'Libra' 6-max Seat #6 is the button
Seat 5: BrownieSpy ($405.33 in chips)
Seat 6: hooliganooo ($53.42 in chips)
hooliganooo: posts small blind $1
BrownieSpy: posts big blind $3
*** HOLE CARDS ***
hooliganooo: folds
Uncalled bet ($2) returned to BrownieSpy
BrownieSpy collected $2 from pot
BrownieSpy: doesn't show hand
*** SUMMARY ***
Total pot $2 | Rake $0
Seat 5: BrownieSpy (big blind) collected ($2)
Seat 6: hooliganooo (button) (small blind) folded before Flop


PokerStars Hand #155127556945:  Hold'em Limit ($3/$6 USD) - 2016/06/24 2:00:42 ET
Table 'Libra' 6-max Seat #5 is the button
Seat 5: BrownieSpy ($396.69 in chips)
Seat 6: hooliganooo ($62.42 in chips)
BrownieSpy: posts small blind $1
hooliganooo: posts big blind $3
*** HOLE CARDS ***
BrownieSpy: raises $3 to $6
hooliganooo: calls $3
*** FLOP *** [Qc 2d 3h]
hooliganooo: checks
BrownieSpy: bets $3
hooliganooo: calls $3
*** TURN *** [Qc 2d 3h] [Kh]
hooliganooo: checks
BrownieSpy: bets $6
hooliganooo: folds
Uncalled bet ($6) returned to BrownieSpy
BrownieSpy collected $17.64 from pot
BrownieSpy: doesn't show hand
*** SUMMARY ***
Total pot $18 | Rake $0.36
Board [Qc 2d 3h Kh]
Seat 5: BrownieSpy (button) (small blind) collected ($17.64)
Seat 6: hooliganooo (big blind) folded on the Turn


PokerStars Hand #155127555858:  Hold'em Limit ($3/$6 USD) - 2016/06/24 2:00:37 ET
Table 'Libra' 6-max Seat #6 is the button
Seat 5: BrownieSpy ($395.69 in chips)
Seat 6: hooliganooo ($63.42 in chips)
hooliganooo: posts small blind $1
BrownieSpy: posts big blind $3
*** HOLE CARDS ***
hooliganooo: folds
Uncalled bet ($2) returned to BrownieSpy
BrownieSpy collected $2 from pot
BrownieSpy: doesn't show hand
*** SUMMARY ***
Total pot $2 | Rake $0
Seat 5: BrownieSpy (big blind) collected ($2)
Seat 6: hooliganooo (button) (small blind) folded before Flop


PokerStars Hand #155127549439:  Hold'em Limit ($3/$6 USD) - 2016/06/24 2:00:06 ET
Table 'Libra' 6-max Seat #5 is the button
Seat 5: BrownieSpy ($422.69 in chips)
Seat 6: hooliganooo ($36.92 in chips)
BrownieSpy: posts small blind $1
hooliganooo: posts big blind $3
*** HOLE CARDS ***
BrownieSpy: raises $3 to $6
hooliganooo: calls $3
*** FLOP *** [8d 7s 4d]
hooliganooo: checks
BrownieSpy: bets $3
hooliganooo: calls $3
*** TURN *** [8d 7s 4d] [9d]
hooliganooo: checks
BrownieSpy: bets $6
hooliganooo: raises $6 to $12
BrownieSpy: calls $6
*** RIVER *** [8d 7s 4d 9d] [4s]
hooliganooo: bets $6
BrownieSpy: calls $6
*** SHOW DOWN ***
hooliganooo: shows [Ts Js] (a straight, Seven to Jack)
BrownieSpy: mucks hand
hooliganooo collected $53.50 from pot
*** SUMMARY ***
Total pot $54 | Rake $0.50
Board [8d 7s 4d 9d 4s]
Seat 5: BrownieSpy (button) (small blind) mucked
Seat 6: hooliganooo (big blind) showed [Ts Js] and won ($53.50) with a straight, Seven to Jack


PokerStars Hand #155127576093:  Hold'em Limit ($3/$6 USD) - 2016/06/24 2:02:07 ET
Table 'Libra' 6-max Seat #6 is the button
Seat 5: BrownieSpy ($427.83 in chips)
Seat 6: hooliganooo ($30.42 in chips)
hooliganooo: posts small blind $1
BrownieSpy: posts big blind $3
*** HOLE CARDS ***
hooliganooo: raises $3 to $6
BrownieSpy: calls $3
*** FLOP *** [2c Td Qc]
BrownieSpy: checks
hooliganooo: bets $3
BrownieSpy: folds
Uncalled bet ($3) returned to hooliganooo
hooliganooo collected $11.76 from pot
hooliganooo: doesn't show hand
*** SUMMARY ***
Total pot $12 | Rake $0.24
Board [2c Td Qc]
Seat 5: BrownieSpy (big blind) folded on the Flop
Seat 6: hooliganooo (button) (small blind) collected ($11.76)


PokerStars Hand #155127573973:  Hold'em Limit ($3/$6 USD) - 2016/06/24 2:01:58 ET
Table 'Libra' 6-max Seat #5 is the button
Seat 5: BrownieSpy ($424.83 in chips)
Seat 6: hooliganooo ($33.42 in chips)
BrownieSpy: posts small blind $1
hooliganooo: posts big blind $3
*** HOLE CARDS ***
BrownieSpy: raises $3 to $6
hooliganooo: folds
Uncalled bet ($3) returned to BrownieSpy
BrownieSpy collected $6 from pot
BrownieSpy: doesn't show hand
*** SUMMARY ***
Total pot $6 | Rake $0
Seat 5: BrownieSpy (button) (small blind) collected ($6)
Seat 6: hooliganooo (big blind) folded before Flop


PokerStars Hand #155127572860:  Hold'em Limit ($3/$6 USD) - 2016/06/24 2:01:53 ET
Table 'Libra' 6-max Seat #6 is the button
Seat 5: BrownieSpy ($423.83 in chips)
Seat 6: hooliganooo ($34.42 in chips)
hooliganooo: posts small blind $1
BrownieSpy: posts big blind $3
*** HOLE CARDS ***
hooliganooo: folds
Uncalled bet ($2) returned to BrownieSpy
BrownieSpy collected $2 from pot
BrownieSpy: doesn't show hand
*** SUMMARY ***
Total pot $2 | Rake $0
Seat 5: BrownieSpy (big blind) collected ($2)
Seat 6: hooliganooo (button) (small blind) folded before Flop


PokerStars Hand #155127571583:  Hold'em Limit ($3/$6 USD) - 2016/06/24 2:01:47 ET
Table 'Libra' 6-max Seat #5 is the button
Seat 5: BrownieSpy ($424.83 in chips)
Seat 6: hooliganooo ($33.42 in chips)
BrownieSpy: posts small blind $1
hooliganooo: posts big blind $3
*** HOLE CARDS ***
BrownieSpy: folds
Uncalled bet ($2) returned to hooliganooo
hooliganooo collected $2 from pot
hooliganooo: doesn't show hand
*** SUMMARY ***
Total pot $2 | Rake $0
Seat 5: BrownieSpy (button) (small blind) folded before Flop
Seat 6: hooliganooo (big blind) collected ($2)


PokerStars Hand #155127570496:  Hold'em Limit ($3/$6 USD) - 2016/06/24 2:01:43 ET
Table 'Libra' 6-max Seat #6 is the button
Seat 5: BrownieSpy ($423.83 in chips)
Seat 6: hooliganooo ($34.42 in chips)
hooliganooo: posts small blind $1
BrownieSpy: posts big blind $3
*** HOLE CARDS ***
hooliganooo: folds
Uncalled bet ($2) returned to BrownieSpy
BrownieSpy collected $2 from pot
BrownieSpy: doesn't show hand
*** SUMMARY ***
Total pot $2 | Rake $0
Seat 5: BrownieSpy (big blind) collected ($2)
Seat 6: hooliganooo (button) (small blind) folded before Flop


PokerStars Hand #155127564325:  Hold'em Limit ($3/$6 USD) - 2016/06/24 2:01:15 ET
Table 'Libra' 6-max Seat #5 is the button
Seat 5: BrownieSpy ($406.33 in chips)
Seat 6: hooliganooo ($52.42 in chips)
BrownieSpy: posts small blind $1
hooliganooo: posts big blind $3
*** HOLE CARDS ***
BrownieSpy: raises $3 to $6
hooliganooo: raises $3 to $9
BrownieSpy: calls $3
*** FLOP *** [Qs 5c 7s]
hooliganooo: bets $3
BrownieSpy: calls $3
*** TURN *** [Qs 5c 7s] [2h]
hooliganooo: bets $6
BrownieSpy: raises $6 to $12
hooliganooo: folds
Uncalled bet ($6) returned to BrownieSpy
BrownieSpy collected $35.50 from pot
BrownieSpy: doesn't show hand
*** SUMMARY ***
Total pot $36 | Rake $0.50
Board [Qs 5c 7s 2h]
Seat 5: BrownieSpy (button) (small blind) collected ($35.50)
Seat 6: hooliganooo (big blind) folded on the Turn


PokerStars Hand #155127591471:  Hold'em Limit ($3/$6 USD) - 2016/06/24 2:03:13 ET
Table 'Libra' 6-max Seat #5 is the button
Seat 5: BrownieSpy ($450.83 in chips)
Seat 6: hooliganooo ($6.18 in chips)
BrownieSpy: posts small blind $1
hooliganooo: posts big blind $3
*** HOLE CARDS ***
BrownieSpy: raises $3 to $6
hooliganooo: raises $0.18 to $6.18 and is all-in
BrownieSpy: calls $0.18
*** FLOP *** [Qc 8d 6d]
*** TURN *** [Qc 8d 6d] [4h]
*** RIVER *** [Qc 8d 6d 4h] [8c]
*** SHOW DOWN ***
hooliganooo: shows [7c Kh] (a pair of Eights)
BrownieSpy: shows [As Kd] (a pair of Eights - Ace kicker)
BrownieSpy collected $12.11 from pot
*** SUMMARY ***
Total pot $12.36 | Rake $0.25
Board [Qc 8d 6d 4h 8c]
Seat 5: BrownieSpy (button) (small blind) showed [As Kd] and won ($12.11) with a pair of Eights
Seat 6: hooliganooo (big blind) showed [7c Kh] and lost with a pair of Eights


PokerStars Hand #155127586984:  Hold'em Limit ($3/$6 USD) - 2016/06/24 2:02:54 ET
Table 'Libra' 6-max Seat #6 is the button
Seat 5: BrownieSpy ($436.33 in chips)
Seat 6: hooliganooo ($21.18 in chips)
hooliganooo: posts small blind $1
BrownieSpy: posts big blind $3
*** HOLE CARDS ***
hooliganooo: raises $3 to $6
BrownieSpy: calls $3
*** FLOP *** [5d 4d Kh]
BrownieSpy: checks
hooliganooo: bets $3
BrownieSpy: calls $3
*** TURN *** [5d 4d Kh] [As]
BrownieSpy: checks
hooliganooo: bets $6
BrownieSpy: raises $6 to $12
hooliganooo: folds
Uncalled bet ($6) returned to BrownieSpy
BrownieSpy collected $29.50 from pot
BrownieSpy: doesn't show hand
*** SUMMARY ***
Total pot $30 | Rake $0.50
Board [5d 4d Kh As]
Seat 5: BrownieSpy (big blind) collected ($29.50)
Seat 6: hooliganooo (button) (small blind) folded on the Turn


PokerStars Hand #155127580987:  Hold'em Limit ($3/$6 USD) - 2016/06/24 2:02:27 ET
Table 'Libra' 6-max Seat #5 is the button
Seat 5: BrownieSpy ($421.83 in chips)
Seat 6: hooliganooo ($36.18 in chips)
BrownieSpy: posts small blind $1
hooliganooo: posts big blind $3
*** HOLE CARDS ***
BrownieSpy: raises $3 to $6
hooliganooo: calls $3
*** FLOP *** [Qs 4d 7c]
hooliganooo: checks
BrownieSpy: bets $3
hooliganooo: calls $3
*** TURN *** [Qs 4d 7c] [3c]
hooliganooo: checks
BrownieSpy: bets $6
hooliganooo: calls $6
*** RIVER *** [Qs 4d 7c 3c] [4c]
hooliganooo: checks
BrownieSpy: bets $6
hooliganooo: folds
Uncalled bet ($6) returned to BrownieSpy
BrownieSpy collected $29.50 from pot
BrownieSpy: doesn't show hand
*** SUMMARY ***
Total pot $30 | Rake $0.50
Board [Qs 4d 7c 3c 4c]
Seat 5: BrownieSpy (button) (small blind) collected ($29.50)
Seat 6: hooliganooo (big blind) folded on the River


PokerStars Hand #155127604346:  Hold'em Limit ($3/$6 USD) - 2016/06/24 2:04:08 ET
Table 'Libra' 6-max Seat #5 is the button
Seat 5: BrownieSpy ($470.26 in chips)
Seat 6: hooliganooo ($81.04 in chips)
BrownieSpy: posts small blind $1
hooliganooo: posts big blind $3
*** HOLE CARDS ***
BrownieSpy: folds
Uncalled bet ($2) returned to hooliganooo
hooliganooo collected $2 from pot
hooliganooo: doesn't show hand
*** SUMMARY ***
Total pot $2 | Rake $0
Seat 5: BrownieSpy (button) (small blind) folded before Flop
Seat 6: hooliganooo (big blind) collected ($2)


PokerStars Hand #155127599138:  Hold'em Limit ($3/$6 USD) - 2016/06/24 2:03:46 ET
Table 'Libra' 6-max Seat #6 is the button
Seat 5: BrownieSpy ($449.76 in chips)
Seat 6: hooliganooo ($102.04 in chips)
hooliganooo: posts small blind $1
BrownieSpy: posts big blind $3
*** HOLE CARDS ***
hooliganooo: raises $3 to $6
BrownieSpy: calls $3
*** FLOP *** [7d 7s Ts]
BrownieSpy: checks
hooliganooo: bets $3
BrownieSpy: raises $3 to $6
hooliganooo: raises $3 to $9
BrownieSpy: calls $3
*** TURN *** [7d 7s Ts] [4d]
BrownieSpy: checks
hooliganooo: bets $6
BrownieSpy: raises $6 to $12
hooliganooo: folds
Uncalled bet ($6) returned to BrownieSpy
BrownieSpy collected $41.50 from pot
BrownieSpy: doesn't show hand
*** SUMMARY ***
Total pot $42 | Rake $0.50
Board [7d 7s Ts 4d]
Seat 5: BrownieSpy (big blind) collected ($41.50)
Seat 6: hooliganooo (button) (small blind) folded on the Turn


PokerStars Hand #155127598050:  Hold'em Limit ($3/$6 USD) - 2016/06/24 2:03:41 ET
Table 'Libra' 6-max Seat #5 is the button
Seat 5: BrownieSpy ($450.76 in chips)
Seat 6: hooliganooo ($101.04 in chips)
BrownieSpy: posts small blind $1
hooliganooo: posts big blind $3
*** HOLE CARDS ***
BrownieSpy: folds
Uncalled bet ($2) returned to hooliganooo
hooliganooo collected $2 from pot
hooliganooo: doesn't show hand
*** SUMMARY ***
Total pot $2 | Rake $0
Seat 5: BrownieSpy (button) (small blind) folded before Flop
Seat 6: hooliganooo (big blind) collected ($2)


PokerStars Hand #155127595147:  Hold'em Limit ($3/$6 USD) - 2016/06/24 2:03:29 ET
Table 'Libra' 6-max Seat #6 is the button
Seat 5: BrownieSpy ($456.76 in chips)
Seat 6: hooliganooo ($95.28 in chips)
hooliganooo: posts small blind $1
BrownieSpy: posts big blind $3
*** HOLE CARDS ***
hooliganooo: raises $3 to $6
BrownieSpy: calls $3
*** FLOP *** [Ks 2d 2c]
BrownieSpy: checks
hooliganooo: bets $3
BrownieSpy: folds
Uncalled bet ($3) returned to hooliganooo
hooliganooo collected $11.76 from pot
hooliganooo: doesn't show hand
*** SUMMARY ***
Total pot $12 | Rake $0.24
Board [Ks 2d 2c]
Seat 5: BrownieSpy (big blind) folded on the Flop
Seat 6: hooliganooo (button) (small blind) collected ($11.76)


PokerStars Hand #155127606448:  Hold'em Limit ($3/$6 USD) - 2016/06/24 2:04:18 ET
Table 'Libra' 6-max Seat #5 is the button
Seat 5: BrownieSpy ($470.26 in chips)
Seat 6: hooliganooo ($81.04 in chips)
BrownieSpy: posts small blind $1
hooliganooo: posts big blind $3
*** HOLE CARDS ***
BrownieSpy: raises $3 to $6
hooliganooo: folds
Uncalled bet ($3) returned to BrownieSpy
BrownieSpy collected $6 from pot
BrownieSpy: doesn't show hand
*** SUMMARY ***
Total pot $6 | Rake $0
Seat 5: BrownieSpy (button) (small blind) collected ($6)
Seat 6: hooliganooo (big blind) folded before Flop


PokerStars Hand #155127605414:  Hold'em Limit ($3/$6 USD) - 2016/06/24 2:04:13 ET
Table 'Libra' 6-max Seat #6 is the button
Seat 5: BrownieSpy ($469.26 in chips)
Seat 6: hooliganooo ($82.04 in chips)
hooliganooo: posts small blind $1
BrownieSpy: posts big blind $3
*** HOLE CARDS ***
hooliganooo: folds
Uncalled bet ($2) returned to BrownieSpy
BrownieSpy collected $2 from pot
BrownieSpy: doesn't show hand
*** SUMMARY ***
Total pot $2 | Rake $0
Seat 5: BrownieSpy (big blind) collected ($2)
Seat 6: hooliganooo (button) (small blind) folded before Flop


PokerStars Hand #155127607646:  Hold'em Limit ($3/$6 USD) - 2016/06/24 2:04:23 ET
Table 'Libra' 6-max Seat #6 is the button
Seat 5: BrownieSpy ($473.26 in chips)
Seat 6: hooliganooo ($78.04 in chips)
hooliganooo: posts small blind $1
BrownieSpy: posts big blind $3
*** HOLE CARDS ***
hooliganooo: raises $3 to $6
BrownieSpy: calls $3
*** FLOP *** [Ks Jd 7s]
BrownieSpy: checks
hooliganooo: bets $3
BrownieSpy: folds
Uncalled bet ($3) returned to hooliganooo
hooliganooo collected $11.76 from pot
hooliganooo: doesn't show hand
*** SUMMARY ***
Total pot $12 | Rake $0.24
Board [Ks Jd 7s]
Seat 5: BrownieSpy (big blind) folded on the Flop
Seat 6: hooliganooo (button) (small blind) collected ($11.76)


PokerStars Hand #155127621047:  Hold'em Limit ($3/$6 USD) - 2016/06/24 2:05:21 ET
Table 'Libra' 6-max Seat #5 is the button
Seat 5: BrownieSpy ($436.02 in chips)
Seat 6: hooliganooo ($114.30 in chips)
BrownieSpy: posts small blind $1
hooliganooo: posts big blind $3
*** HOLE CARDS ***
BrownieSpy: raises $3 to $6
hooliganooo: folds
Uncalled bet ($3) returned to BrownieSpy
BrownieSpy collected $6 from pot
BrownieSpy: doesn't show hand
*** SUMMARY ***
Total pot $6 | Rake $0
Seat 5: BrownieSpy (button) (small blind) collected ($6)
Seat 6: hooliganooo (big blind) folded before Flop


PokerStars Hand #155127620137:  Hold'em Limit ($3/$6 USD) - 2016/06/24 2:05:17 ET
Table 'Libra' 6-max Seat #6 is the button
Seat 5: BrownieSpy ($435.02 in chips)
Seat 6: hooliganooo ($115.30 in chips)
hooliganooo: posts small blind $1
BrownieSpy: posts big blind $3
*** HOLE CARDS ***
hooliganooo: folds
Uncalled bet ($2) returned to BrownieSpy
BrownieSpy collected $2 from pot
BrownieSpy: doesn't show hand
*** SUMMARY ***
Total pot $2 | Rake $0
Seat 5: BrownieSpy (big blind) collected ($2)
Seat 6: hooliganooo (button) (small blind) folded before Flop


PokerStars Hand #155127617880:  Hold'em Limit ($3/$6 USD) - 2016/06/24 2:05:07 ET
Table 'Libra' 6-max Seat #5 is the button
Seat 5: BrownieSpy ($429.26 in chips)
Seat 6: hooliganooo ($121.30 in chips)
BrownieSpy: posts small blind $1
hooliganooo: posts big blind $3
*** HOLE CARDS ***
BrownieSpy: raises $3 to $6
hooliganooo: calls $3
*** FLOP *** [Td Ah Ad]
hooliganooo: checks
BrownieSpy: bets $3
hooliganooo: folds
Uncalled bet ($3) returned to BrownieSpy
BrownieSpy collected $11.76 from pot
BrownieSpy: doesn't show hand
*** SUMMARY ***
Total pot $12 | Rake $0.24
Board [Td Ah Ad]
Seat 5: BrownieSpy (button) (small blind) collected ($11.76)
Seat 6: hooliganooo (big blind) folded on the Flop


PokerStars Hand #155127616849:  Hold'em Limit ($3/$6 USD) - 2016/06/24 2:05:03 ET
Table 'Libra' 6-max Seat #6 is the button
Seat 5: BrownieSpy ($428.26 in chips)
Seat 6: hooliganooo ($122.30 in chips)
hooliganooo: posts small blind $1
BrownieSpy: posts big blind $3
*** HOLE CARDS ***
hooliganooo: folds
Uncalled bet ($2) returned to BrownieSpy
BrownieSpy collected $2 from pot
BrownieSpy: doesn't show hand
*** SUMMARY ***
Total pot $2 | Rake $0
Seat 5: BrownieSpy (big blind) collected ($2)
Seat 6: hooliganooo (button) (small blind) folded before Flop


PokerStars Hand #155127615743:  Hold'em Limit ($3/$6 USD) - 2016/06/24 2:04:58 ET
Table 'Libra' 6-max Seat #5 is the button
Seat 5: BrownieSpy ($429.26 in chips)
Seat 6: hooliganooo ($121.30 in chips)
BrownieSpy: posts small blind $1
hooliganooo: posts big blind $3
*** HOLE CARDS ***
BrownieSpy: folds
Uncalled bet ($2) returned to hooliganooo
hooliganooo collected $2 from pot
hooliganooo: doesn't show hand
*** SUMMARY ***
Total pot $2 | Rake $0
Seat 5: BrownieSpy (button) (small blind) folded before Flop
Seat 6: hooliganooo (big blind) collected ($2)


PokerStars Hand #155127614743:  Hold'em Limit ($3/$6 USD) - 2016/06/24 2:04:54 ET
Table 'Libra' 6-max Seat #6 is the button
Seat 5: BrownieSpy ($428.26 in chips)
Seat 6: hooliganooo ($122.30 in chips)
hooliganooo: posts small blind $1
BrownieSpy: posts big blind $3
*** HOLE CARDS ***
hooliganooo: folds
Uncalled bet ($2) returned to BrownieSpy
BrownieSpy collected $2 from pot
BrownieSpy: doesn't show hand
*** SUMMARY ***
Total pot $2 | Rake $0
Seat 5: BrownieSpy (big blind) collected ($2)
Seat 6: hooliganooo (button) (small blind) folded before Flop


PokerStars Hand #155127609815:  Hold'em Limit ($3/$6 USD) - 2016/06/24 2:04:33 ET
Table 'Libra' 6-max Seat #5 is the button
Seat 5: BrownieSpy ($467.26 in chips)
Seat 6: hooliganooo ($83.80 in chips)
BrownieSpy: posts small blind $1
hooliganooo: posts big blind $3
*** HOLE CARDS ***
BrownieSpy: raises $3 to $6
hooliganooo: calls $3
*** FLOP *** [Ts 3h 4s]
hooliganooo: checks
BrownieSpy: bets $3
hooliganooo: calls $3
*** TURN *** [Ts 3h 4s] [6h]
hooliganooo: checks
BrownieSpy: bets $6
hooliganooo: raises $6 to $12
BrownieSpy: calls $6
*** RIVER *** [Ts 3h 4s 6h] [Ad]
hooliganooo: bets $6
BrownieSpy: raises $6 to $12
hooliganooo: raises $6 to $18
BrownieSpy: calls $6
*** SHOW DOWN ***
hooliganooo: shows [3s 3c] (three of a kind, Threes)
BrownieSpy: mucks hand
hooliganooo collected $77.50 from pot
*** SUMMARY ***
Total pot $78 | Rake $0.50
Board [Ts 3h 4s 6h Ad]
Seat 5: BrownieSpy (button) (small blind) mucked
Seat 6: hooliganooo (big blind) showed [3s 3c] and won ($77.50) with three of a kind, Threes


PokerStars Hand #155127629232:  Hold'em Limit ($3/$6 USD) - 2016/06/24 2:05:57 ET
Table 'Libra' 6-max Seat #6 is the button
Seat 5: BrownieSpy ($441.66 in chips)
Seat 6: hooliganooo ($108.06 in chips)
hooliganooo: posts small blind $1
BrownieSpy: posts big blind $3
*** HOLE CARDS ***
hooliganooo: raises $3 to $6
BrownieSpy: raises $3 to $9
hooliganooo: raises $3 to $12
Betting is capped
BrownieSpy: calls $3
*** FLOP *** [Qs Kh Tc]
BrownieSpy: checks
hooliganooo: checks
*** TURN *** [Qs Kh Tc] [9d]
BrownieSpy: bets $6
hooliganooo: calls $6
*** RIVER *** [Qs Kh Tc 9d] [Kc]
BrownieSpy: bets $6
hooliganooo: calls $6
*** SHOW DOWN ***
BrownieSpy: shows [Td Ts] (a full house, Tens full of Kings)
hooliganooo: mucks hand
BrownieSpy collected $47.50 from pot
*** SUMMARY ***
Total pot $48 | Rake $0.50
Board [Qs Kh Tc 9d Kc]
Seat 5: BrownieSpy (big blind) showed [Td Ts] and won ($47.50) with a full house, Tens full of Kings
Seat 6: hooliganooo (button) (small blind) mucked


PokerStars Hand #155127624638:  Hold'em Limit ($3/$6 USD) - 2016/06/24 2:05:37 ET
Table 'Libra' 6-max Seat #5 is the button
Seat 5: BrownieSpy ($433.02 in chips)
Seat 6: hooliganooo ($117.06 in chips)
BrownieSpy: posts small blind $1
hooliganooo: posts big blind $3
*** HOLE CARDS ***
BrownieSpy: raises $3 to $6
hooliganooo: calls $3
*** FLOP *** [8d 7h 2h]
hooliganooo: checks
BrownieSpy: bets $3
hooliganooo: calls $3
*** TURN *** [8d 7h 2h] [8c]
hooliganooo: checks
BrownieSpy: checks
*** RIVER *** [8d 7h 2h 8c] [3d]
hooliganooo: checks
BrownieSpy: bets $6
hooliganooo: folds
Uncalled bet ($6) returned to BrownieSpy
BrownieSpy collected $17.64 from pot
BrownieSpy: doesn't show hand
*** SUMMARY ***
Total pot $18 | Rake $0.36
Board [8d 7h 2h 8c 3d]
Seat 5: BrownieSpy (button) (small blind) collected ($17.64)
Seat 6: hooliganooo (big blind) folded on the River


PokerStars Hand #155127622274:  Hold'em Limit ($3/$6 USD) - 2016/06/24 2:05:27 ET
Table 'Libra' 6-max Seat #6 is the button
Seat 5: BrownieSpy ($439.02 in chips)
Seat 6: hooliganooo ($111.30 in chips)
hooliganooo: posts small blind $1
BrownieSpy: posts big blind $3
*** HOLE CARDS ***
hooliganooo: raises $3 to $6
BrownieSpy: calls $3
*** FLOP *** [Qd Qs 2c]
BrownieSpy: checks
hooliganooo: bets $3
BrownieSpy: folds
Uncalled bet ($3) returned to hooliganooo
hooliganooo collected $11.76 from pot
hooliganooo: doesn't show hand
*** SUMMARY ***
Total pot $12 | Rake $0.24
Board [Qd Qs 2c]
Seat 5: BrownieSpy (big blind) folded on the Flop
Seat 6: hooliganooo (button) (small blind) collected ($11.76)


PokerStars Hand #155127633081:  Hold'em Limit ($3/$6 USD) - 2016/06/24 2:06:14 ET
Table 'Libra' 6-max Seat #5 is the button
Seat 5: BrownieSpy ($465.16 in chips)
Seat 6: hooliganooo ($84.06 in chips)
BrownieSpy: posts small blind $1
hooliganooo: posts big blind $3
*** HOLE CARDS ***
BrownieSpy: raises $3 to $6
hooliganooo: calls $3
*** FLOP *** [7h 2h 2s]
hooliganooo: bets $3
BrownieSpy: calls $3
*** TURN *** [7h 2h 2s] [9d]
hooliganooo: bets $6
BrownieSpy: calls $6
*** RIVER *** [7h 2h 2s 9d] [As]
hooliganooo: bets $6
BrownieSpy: folds
Uncalled bet ($6) returned to hooliganooo
hooliganooo collected $29.50 from pot
hooliganooo: doesn't show hand
*** SUMMARY ***
Total pot $30 | Rake $0.50
Board [7h 2h 2s 9d As]
Seat 5: BrownieSpy (button) (small blind) folded on the River
Seat 6: hooliganooo (big blind) collected ($29.50)


PokerStars Hand #155127647818:  Hold'em Limit ($3/$6 USD) - 2016/06/24 2:07:18 ET
Table 'Libra' 6-max Seat #5 is the button
Seat 5: BrownieSpy ($451.92 in chips)
Seat 6: hooliganooo ($96.56 in chips)
BrownieSpy: posts small blind $1
hooliganooo: posts big blind $3
*** HOLE CARDS ***
BrownieSpy: folds
Uncalled bet ($2) returned to hooliganooo
hooliganooo collected $2 from pot
hooliganooo: doesn't show hand
*** SUMMARY ***
Total pot $2 | Rake $0
Seat 5: BrownieSpy (button) (small blind) folded before Flop
Seat 6: hooliganooo (big blind) collected ($2)


PokerStars Hand #155127644621:  Hold'em Limit ($3/$6 USD) - 2016/06/24 2:07:04 ET
Table 'Libra' 6-max Seat #6 is the button
Seat 5: BrownieSpy ($454.92 in chips)
Seat 6: hooliganooo ($93.56 in chips)
hooliganooo: posts small blind $1
BrownieSpy: posts big blind $3
*** HOLE CARDS ***
hooliganooo: raises $3 to $6
BrownieSpy: folds
Uncalled bet ($3) returned to hooliganooo
hooliganooo collected $6 from pot
hooliganooo: doesn't show hand
*** SUMMARY ***
Total pot $6 | Rake $0
Seat 5: BrownieSpy (big blind) folded before Flop
Seat 6: hooliganooo (button) (small blind) collected ($6)


PokerStars Hand #155127643445:  Hold'em Limit ($3/$6 USD) - 2016/06/24 2:06:58 ET
Table 'Libra' 6-max Seat #5 is the button
Seat 5: BrownieSpy ($455.92 in chips)
Seat 6: hooliganooo ($92.56 in chips)
BrownieSpy: posts small blind $1
hooliganooo: posts big blind $3
*** HOLE CARDS ***
BrownieSpy: folds
Uncalled bet ($2) returned to hooliganooo
hooliganooo collected $2 from pot
hooliganooo: doesn't show hand
*** SUMMARY ***
Total pot $2 | Rake $0
Seat 5: BrownieSpy (button) (small blind) folded before Flop
Seat 6: hooliganooo (big blind) collected ($2)


PokerStars Hand #155127637755:  Hold'em Limit ($3/$6 USD) - 2016/06/24 2:06:34 ET
Table 'Libra' 6-max Seat #6 is the button
Seat 5: BrownieSpy ($450.16 in chips)
Seat 6: hooliganooo ($98.56 in chips)
hooliganooo: posts small blind $1
BrownieSpy: posts big blind $3
*** HOLE CARDS ***
hooliganooo: raises $3 to $6
BrownieSpy: calls $3
*** FLOP *** [Qs 3h 4h]
BrownieSpy: checks
hooliganooo: checks
*** TURN *** [Qs 3h 4h] [8s]
BrownieSpy: bets $6
hooliganooo: folds
Uncalled bet ($6) returned to BrownieSpy
BrownieSpy collected $11.76 from pot
BrownieSpy: doesn't show hand
*** SUMMARY ***
Total pot $12 | Rake $0.24
Board [Qs 3h 4h 8s]
Seat 5: BrownieSpy (big blind) collected ($11.76)
Seat 6: hooliganooo (button) (small blind) folded on the Turn


PokerStars Hand #155127662219:  Hold'em Limit ($3/$6 USD) - 2016/06/24 2:08:21 ET
Table 'Libra' 6-max Seat #6 is the button
Seat 5: BrownieSpy ($456.42 in chips)
Seat 6: hooliganooo ($91.20 in chips)
hooliganooo: posts small blind $1
BrownieSpy: posts big blind $3
*** HOLE CARDS ***
hooliganooo: raises $3 to $6
BrownieSpy: calls $3
*** FLOP *** [3c Th Qd]
BrownieSpy: checks
hooliganooo: bets $3
BrownieSpy: folds
Uncalled bet ($3) returned to hooliganooo
hooliganooo collected $11.76 from pot
hooliganooo: doesn't show hand
*** SUMMARY ***
Total pot $12 | Rake $0.24
Board [3c Th Qd]
Seat 5: BrownieSpy (big blind) folded on the Flop
Seat 6: hooliganooo (button) (small blind) collected ($11.76)


PokerStars Hand #155127660966:  Hold'em Limit ($3/$6 USD) - 2016/06/24 2:08:16 ET
Table 'Libra' 6-max Seat #5 is the button
Seat 5: BrownieSpy ($457.42 in chips)
Seat 6: hooliganooo ($90.20 in chips)
BrownieSpy: posts small blind $1
hooliganooo: posts big blind $3
*** HOLE CARDS ***
BrownieSpy: folds
Uncalled bet ($2) returned to hooliganooo
hooliganooo collected $2 from pot
hooliganooo: doesn't show hand
*** SUMMARY ***
Total pot $2 | Rake $0
Seat 5: BrownieSpy (button) (small blind) folded before Flop
Seat 6: hooliganooo (big blind) collected ($2)


PokerStars Hand #155127659904:  Hold'em Limit ($3/$6 USD) - 2016/06/24 2:08:11 ET
Table 'Libra' 6-max Seat #6 is the button
Seat 5: BrownieSpy ($456.42 in chips)
Seat 6: hooliganooo ($91.20 in chips)
hooliganooo: posts small blind $1
BrownieSpy: posts big blind $3
*** HOLE CARDS ***
hooliganooo: folds
Uncalled bet ($2) returned to BrownieSpy
BrownieSpy collected $2 from pot
BrownieSpy: doesn't show hand
*** SUMMARY ***
Total pot $2 | Rake $0
Seat 5: BrownieSpy (big blind) collected ($2)
Seat 6: hooliganooo (button) (small blind) folded before Flop


PokerStars Hand #155127656638:  Hold'em Limit ($3/$6 USD) - 2016/06/24 2:07:57 ET
Table 'Libra' 6-max Seat #5 is the button
Seat 5: BrownieSpy ($441.92 in chips)
Seat 6: hooliganooo ($106.20 in chips)
BrownieSpy: posts small blind $1
hooliganooo: posts big blind $3
*** HOLE CARDS ***
BrownieSpy: raises $3 to $6
hooliganooo: calls $3
*** FLOP *** [Qh 6c 7c]
hooliganooo: checks
BrownieSpy: bets $3
hooliganooo: calls $3
*** TURN *** [Qh 6c 7c] [8s]
hooliganooo: checks
BrownieSpy: checks
*** RIVER *** [Qh 6c 7c 8s] [Qs]
hooliganooo: bets $6
BrownieSpy: calls $6
*** SHOW DOWN ***
hooliganooo: shows [2h 2c] (two pair, Queens and Deuces)
BrownieSpy: shows [Th 6h] (two pair, Queens and Sixes)
BrownieSpy collected $29.50 from pot
*** SUMMARY ***
Total pot $30 | Rake $0.50
Board [Qh 6c 7c 8s Qs]
Seat 5: BrownieSpy (button) (small blind) showed [Th 6h] and won ($29.50) with two pair, Queens and Sixes
Seat 6: hooliganooo (big blind) showed [2h 2c] and lost with two pair, Queens and Deuces


PokerStars Hand #155127649316:  Hold'em Limit ($3/$6 USD) - 2016/06/24 2:07:24 ET
Table 'Libra' 6-max Seat #6 is the button
Seat 5: BrownieSpy ($450.92 in chips)
Seat 6: hooliganooo ($97.56 in chips)
hooliganooo: posts small blind $1
BrownieSpy: posts big blind $3
*** HOLE CARDS ***
hooliganooo: raises $3 to $6
BrownieSpy: calls $3
*** FLOP *** [9h Js 4c]
BrownieSpy: checks
hooliganooo: bets $3
BrownieSpy: calls $3
*** TURN *** [9h Js 4c] [6s]
BrownieSpy: checks
hooliganooo: bets $6
BrownieSpy: folds
Uncalled bet ($6) returned to hooliganooo
hooliganooo collected $17.64 from pot
hooliganooo: doesn't show hand
*** SUMMARY ***
Total pot $18 | Rake $0.36
Board [9h Js 4c 6s]
Seat 5: BrownieSpy (big blind) folded on the Turn
Seat 6: hooliganooo (button) (small blind) collected ($17.64)


PokerStars Hand #155127670886:  Hold'em Limit ($3/$6 USD) - 2016/06/24 2:08:58 ET
Table 'Libra' 6-max Seat #6 is the button
Seat 5: BrownieSpy ($476.92 in chips)
Seat 6: hooliganooo ($69.96 in chips)
hooliganooo: posts small blind $1
BrownieSpy: posts big blind $3
*** HOLE CARDS ***
hooliganooo: calls $2
BrownieSpy: raises $3 to $6
hooliganooo: calls $3
*** FLOP *** [8s 7d 5d]
BrownieSpy: bets $3
hooliganooo: folds
Uncalled bet ($3) returned to BrownieSpy
BrownieSpy collected $11.76 from pot
BrownieSpy: doesn't show hand
*** SUMMARY ***
Total pot $12 | Rake $0.24
Board [8s 7d 5d]
Seat 5: BrownieSpy (big blind) collected ($11.76)
Seat 6: hooliganooo (button) (small blind) folded on the Flop


PokerStars Hand #155127665712:  Hold'em Limit ($3/$6 USD) - 2016/06/24 2:08:36 ET
Table 'Libra' 6-max Seat #5 is the button
Seat 5: BrownieSpy ($450.42 in chips)
Seat 6: hooliganooo ($96.96 in chips)
BrownieSpy: posts small blind $1
hooliganooo: posts big blind $3
*** HOLE CARDS ***
BrownieSpy: raises $3 to $6
hooliganooo: calls $3
*** FLOP *** [2d 5h 7d]
hooliganooo: checks
pukuotukxx89 joins the table at seat #2
BrownieSpy: bets $3
hooliganooo: calls $3
*** TURN *** [2d 5h 7d] [2c]
hooliganooo: checks
BrownieSpy: bets $6
pukuotukxx89 leaves the table
hooliganooo: calls $6
*** RIVER *** [2d 5h 7d 2c] [9s]
hooliganooo: bets $6
BrownieSpy: raises $6 to $12
hooliganooo: calls $6
*** SHOW DOWN ***
BrownieSpy: shows [As Ad] (two pair, Aces and Deuces)
hooliganooo: mucks hand
BrownieSpy collected $53.50 from pot
*** SUMMARY ***
Total pot $54 | Rake $0.50
Board [2d 5h 7d 2c 9s]
Seat 5: BrownieSpy (button) (small blind) showed [As Ad] and won ($53.50) with two pair, Aces and Deuces
Seat 6: hooliganooo (big blind) mucked


PokerStars Hand #155127674655:  Hold'em Limit ($3/$6 USD) - 2016/06/24 2:09:15 ET
Table 'Libra' 6-max Seat #5 is the button
Seat 5: BrownieSpy ($482.68 in chips)
Seat 6: hooliganooo ($63.96 in chips)
BrownieSpy: posts small blind $1
hooliganooo: posts big blind $3
*** HOLE CARDS ***
BrownieSpy: raises $3 to $6
hooliganooo: calls $3
*** FLOP *** [Qd 7s 3s]
hooliganooo: checks
BrownieSpy: bets $3
hooliganooo: calls $3
*** TURN *** [Qd 7s 3s] [4h]
hooliganooo: checks
BrownieSpy: bets $6
hooliganooo: raises $6 to $12
BrownieSpy: calls $6
*** RIVER *** [Qd 7s 3s 4h] [Ts]
hooliganooo: bets $6
BrownieSpy: folds
Uncalled bet ($6) returned to hooliganooo
hooliganooo collected $41.50 from pot
hooliganooo: doesn't show hand
*** SUMMARY ***
Total pot $42 | Rake $0.50
Board [Qd 7s 3s 4h Ts]
Seat 5: BrownieSpy (button) (small blind) folded on the River
Seat 6: hooliganooo (big blind) collected ($41.50)


PokerStars Hand #155127686008:  Hold'em Limit ($3/$6 USD) - 2016/06/24 2:10:04 ET
Table 'Libra' 6-max Seat #6 is the button
Seat 5: BrownieSpy ($433.68 in chips)
Seat 6: hooliganooo ($111.96 in chips)
hooliganooo: posts small blind $1
BrownieSpy: posts big blind $3
*** HOLE CARDS ***
hooliganooo: raises $3 to $6
BrownieSpy: calls $3
*** FLOP *** [Jd Ad Ts]
BrownieSpy: checks
hooliganooo: bets $3
BrownieSpy: calls $3
*** TURN *** [Jd Ad Ts] [9c]
BrownieSpy: checks
hooliganooo: bets $6
BrownieSpy: folds
Uncalled bet ($6) returned to hooliganooo
hooliganooo collected $17.64 from pot
hooliganooo: doesn't show hand
*** SUMMARY ***
Total pot $18 | Rake $0.36
Board [Jd Ad Ts 9c]
Seat 5: BrownieSpy (big blind) folded on the Turn
Seat 6: hooliganooo (button) (small blind) collected ($17.64)


PokerStars Hand #155127684823:  Hold'em Limit ($3/$6 USD) - 2016/06/24 2:09:59 ET
Table 'Libra' 6-max Seat #5 is the button
Seat 5: BrownieSpy ($434.68 in chips)
Seat 6: hooliganooo ($110.96 in chips)
BrownieSpy: posts small blind $1
hooliganooo: posts big blind $3
*** HOLE CARDS ***
BrownieSpy: folds
Uncalled bet ($2) returned to hooliganooo
hooliganooo collected $2 from pot
hooliganooo: doesn't show hand
*** SUMMARY ***
Total pot $2 | Rake $0
Seat 5: BrownieSpy (button) (small blind) folded before Flop
Seat 6: hooliganooo (big blind) collected ($2)


PokerStars Hand #155127680329:  Hold'em Limit ($3/$6 USD) - 2016/06/24 2:09:40 ET
Table 'Libra' 6-max Seat #6 is the button
Seat 5: BrownieSpy ($461.68 in chips)
Seat 6: hooliganooo ($84.46 in chips)
hooliganooo: posts small blind $1
BrownieSpy: posts big blind $3
*** HOLE CARDS ***
hooliganooo: calls $2
BrownieSpy: raises $3 to $6
hooliganooo: calls $3
*** FLOP *** [6d Th Qc]
BrownieSpy: bets $3
hooliganooo: calls $3
*** TURN *** [6d Th Qc] [9h]
BrownieSpy: bets $6
hooliganooo: raises $6 to $12
BrownieSpy: calls $6
*** RIVER *** [6d Th Qc 9h] [3s]
BrownieSpy: checks
hooliganooo: bets $6
BrownieSpy: calls $6
*** SHOW DOWN ***
hooliganooo: shows [Jc 8c] (a straight, Eight to Queen)
BrownieSpy: mucks hand
hooliganooo collected $53.50 from pot
*** SUMMARY ***
Total pot $54 | Rake $0.50
Board [6d Th Qc 9h 3s]
Seat 5: BrownieSpy (big blind) mucked
Seat 6: hooliganooo (button) (small blind) showed [Jc 8c] and won ($53.50) with a straight, Eight to Queen


PokerStars Hand #155127693061:  Hold'em Limit ($3/$6 USD) - 2016/06/24 2:10:36 ET
Table 'Libra' 6-max Seat #5 is the button
Seat 5: BrownieSpy ($424.68 in chips)
Seat 6: hooliganooo ($120.60 in chips)
BrownieSpy: posts small blind $1
hooliganooo: posts big blind $3
*** HOLE CARDS ***
BrownieSpy: folds
Uncalled bet ($2) returned to hooliganooo
hooliganooo collected $2 from pot
hooliganooo: doesn't show hand
*** SUMMARY ***
Total pot $2 | Rake $0
Seat 5: BrownieSpy (button) (small blind) folded before Flop
Seat 6: hooliganooo (big blind) collected ($2)


PokerStars Hand #155127785131:  Hold'em Limit ($3/$6 USD) - 2016/06/24 2:17:19 ET
Table 'Libra' 6-max Seat #1 is the button
Seat 1: Brama Br ($222.18 in chips)
Seat 5: BrownieSpy ($460.30 in chips)
Brama Br: posts small blind $1
AzureCaper: is sitting out
BrownieSpy: posts big blind $3
*** HOLE CARDS ***
AzureCaper leaves the table
Brama Br: folds
Uncalled bet ($2) returned to BrownieSpy
BrownieSpy collected $2 from pot
BrownieSpy: doesn't show hand
*** SUMMARY ***
Total pot $2 | Rake $0
Seat 1: Brama Br (button) (small blind) folded before Flop
Seat 5: BrownieSpy (big blind) collected ($2)


PokerStars Hand #155127786942:  Hold'em Limit ($3/$6 USD) - 2016/06/24 2:17:27 ET
Table 'Libra' 6-max Seat #5 is the button
Seat 1: Brama Br ($221.18 in chips)
Seat 5: BrownieSpy ($461.30 in chips)
BrownieSpy: posts small blind $1
Brama Br: posts big blind $3
*** HOLE CARDS ***
BrownieSpy: raises $3 to $6
Brama Br: calls $3
*** FLOP *** [3c Jc 3s]
Brama Br: checks
BrownieSpy: bets $3
Brama Br: raises $3 to $6
BrownieSpy: folds
Uncalled bet ($3) returned to Brama Br
Brama Br collected $17.64 from pot
Brama Br: doesn't show hand
*** SUMMARY ***
Total pot $18 | Rake $0.36
Board [3c Jc 3s]
Seat 1: Brama Br (big blind) collected ($17.64)
Seat 5: BrownieSpy (button) (small blind) folded on the Flop


PokerStars Hand #155127793783:  Hold'em Limit ($3/$6 USD) - 2016/06/24 2:17:57 ET
Table 'Libra' 6-max Seat #1 is the button
Seat 1: Brama Br ($229.82 in chips)
Seat 5: BrownieSpy ($452.30 in chips)
Brama Br: posts small blind $1
BrownieSpy: posts big blind $3
*** HOLE CARDS ***
Brama Br: raises $3 to $6
BrownieSpy: calls $3
*** FLOP *** [5d 2c 4c]
BrownieSpy: checks
Brama Br: bets $3
BrownieSpy: folds
Uncalled bet ($3) returned to Brama Br
Brama Br collected $11.76 from pot
Brama Br: doesn't show hand
*** SUMMARY ***
Total pot $12 | Rake $0.24
Board [5d 2c 4c]
Seat 1: Brama Br (button) (small blind) collected ($11.76)
Seat 5: BrownieSpy (big blind) folded on the Flop


PokerStars Hand #155127797854:  Hold'em Limit ($3/$6 USD) - 2016/06/24 2:18:15 ET
Table 'Libra' 6-max Seat #5 is the button
Seat 1: Brama Br ($235.58 in chips)
Seat 5: BrownieSpy ($446.30 in chips)
BrownieSpy: posts small blind $1
Brama Br: posts big blind $3
*** HOLE CARDS ***
BrownieSpy: raises $3 to $6
Brama Br: calls $3
*** FLOP *** [Js As 9h]
Brama Br: checks
BrownieSpy: bets $3
Brama Br: folds
Uncalled bet ($3) returned to BrownieSpy
BrownieSpy collected $11.76 from pot
BrownieSpy: doesn't show hand
*** SUMMARY ***
Total pot $12 | Rake $0.24
Board [Js As 9h]
Seat 1: Brama Br (big blind) folded on the Flop
Seat 5: BrownieSpy (button) (small blind) collected ($11.76)


PokerStars Hand #155127805472:  Hold'em Limit ($3/$6 USD) - 2016/06/24 2:18:48 ET
Table 'Libra' 6-max Seat #5 is the button
Seat 1: Brama Br ($232.58 in chips)
Seat 5: BrownieSpy ($449.06 in chips)
BrownieSpy: posts small blind $1
Brama Br: posts big blind $3
*** HOLE CARDS ***
BrownieSpy: raises $3 to $6
Brama Br: folds
Uncalled bet ($3) returned to BrownieSpy
BrownieSpy collected $6 from pot
BrownieSpy: doesn't show hand
*** SUMMARY ***
Total pot $6 | Rake $0
Seat 1: Brama Br (big blind) folded before Flop
Seat 5: BrownieSpy (button) (small blind) collected ($6)


PokerStars Hand #155127808087:  Hold'em Limit ($3/$6 USD) - 2016/06/24 2:19:00 ET
Table 'Libra' 6-max Seat #1 is the button
Seat 1: Brama Br ($229.58 in chips)
Seat 5: BrownieSpy ($452.06 in chips)
Brama Br: posts small blind $1
BrownieSpy: posts big blind $3
*** HOLE CARDS ***
Brama Br: raises $3 to $6
BrownieSpy: calls $3
*** FLOP *** [2h 8s 7s]
BrownieSpy: checks
Brama Br: checks
*** TURN *** [2h 8s 7s] [4s]
BrownieSpy: bets $6
Brama Br: raises $6 to $12
BrownieSpy: calls $6
*** RIVER *** [2h 8s 7s 4s] [8h]
BrownieSpy: checks
Brama Br: bets $6
BrownieSpy: calls $6
*** SHOW DOWN ***
Brama Br: shows [Kd 6h] (a pair of Eights)
BrownieSpy: shows [Qh 7c] (two pair, Eights and Sevens)
BrownieSpy collected $47.50 from pot
*** SUMMARY ***
Total pot $48 | Rake $0.50
Board [2h 8s 7s 4s 8h]
Seat 1: Brama Br (button) (small blind) showed [Kd 6h] and lost with a pair of Eights
Seat 5: BrownieSpy (big blind) showed [Qh 7c] and won ($47.50) with two pair, Eights and Sevens


PokerStars Hand #155127803890:  Hold'em Limit ($3/$6 USD) - 2016/06/24 2:18:41 ET
Table 'Libra' 6-max Seat #1 is the button
Seat 1: Brama Br ($229.58 in chips)
Seat 5: BrownieSpy ($452.06 in chips)
Brama Br: posts small blind $1
BrownieSpy: posts big blind $3
*** HOLE CARDS ***
Brama Br: raises $3 to $6
BrownieSpy: folds
Uncalled bet ($3) returned to Brama Br
Brama Br collected $6 from pot
Brama Br: doesn't show hand
*** SUMMARY ***
Total pot $6 | Rake $0
Seat 1: Brama Br (button) (small blind) collected ($6)
Seat 5: BrownieSpy (big blind) folded before Flop


PokerStars Hand #155127802021:  Hold'em Limit ($3/$6 USD) - 2016/06/24 2:18:33 ET
Table 'Libra' 6-max Seat #5 is the button
Seat 1: Brama Br ($228.58 in chips)
Seat 5: BrownieSpy ($453.06 in chips)
BrownieSpy: posts small blind $1
Brama Br: posts big blind $3
*** HOLE CARDS ***
BrownieSpy: folds
Uncalled bet ($2) returned to Brama Br
Brama Br collected $2 from pot
Brama Br: doesn't show hand
*** SUMMARY ***
Total pot $2 | Rake $0
Seat 1: Brama Br (big blind) collected ($2)
Seat 5: BrownieSpy (button) (small blind) folded before Flop


PokerStars Hand #155127800603:  Hold'em Limit ($3/$6 USD) - 2016/06/24 2:18:27 ET
Table 'Libra' 6-max Seat #1 is the button
Seat 1: Brama Br ($229.58 in chips)
Seat 5: BrownieSpy ($452.06 in chips)
Brama Br: posts small blind $1
BrownieSpy: posts big blind $3
*** HOLE CARDS ***
Brama Br: folds
Uncalled bet ($2) returned to BrownieSpy
BrownieSpy collected $2 from pot
BrownieSpy: doesn't show hand
*** SUMMARY ***
Total pot $2 | Rake $0
Seat 1: Brama Br (button) (small blind) folded before Flop
Seat 5: BrownieSpy (big blind) collected ($2)


PokerStars Hand #155127817535:  Hold'em Limit ($3/$6 USD) - 2016/06/24 2:19:41 ET
Table 'Libra' 6-max Seat #1 is the button
Seat 1: Brama Br ($206.58 in chips)
Seat 5: BrownieSpy ($474.56 in chips)
Brama Br: posts small blind $1
BrownieSpy: posts big blind $3
*** HOLE CARDS ***
Brama Br: raises $3 to $6
BrownieSpy: calls $3
*** FLOP *** [9s Tc 8c]
BrownieSpy: checks
Brama Br: bets $3
BrownieSpy: raises $3 to $6
Brama Br: raises $3 to $9
BrownieSpy: calls $3
*** TURN *** [9s Tc 8c] [Ac]
BrownieSpy: checks
Brama Br: bets $6
BrownieSpy: calls $6
*** RIVER *** [9s Tc 8c Ac] [Qd]
BrownieSpy: checks
Brama Br: bets $6
BrownieSpy: folds
Uncalled bet ($6) returned to Brama Br
Brama Br collected $41.50 from pot
Brama Br: doesn't show hand
*** SUMMARY ***
Total pot $42 | Rake $0.50
Board [9s Tc 8c Ac Qd]
Seat 1: Brama Br (button) (small blind) collected ($41.50)
Seat 5: BrownieSpy (big blind) folded on the River


PokerStars Hand #155127814514:  Hold'em Limit ($3/$6 USD) - 2016/06/24 2:19:28 ET
Table 'Libra' 6-max Seat #5 is the button
Seat 1: Brama Br ($205.58 in chips)
Seat 5: BrownieSpy ($475.56 in chips)
BrownieSpy: posts small blind $1
Brama Br: posts big blind $3
*** HOLE CARDS ***
BrownieSpy: folds
Uncalled bet ($2) returned to Brama Br
Brama Br collected $2 from pot
Brama Br: doesn't show hand
*** SUMMARY ***
Total pot $2 | Rake $0
Seat 1: Brama Br (big blind) collected ($2)
Seat 5: BrownieSpy (button) (small blind) folded before Flop


PokerStars Hand #155127827032:  Hold'em Limit ($3/$6 USD) - 2016/06/24 2:20:23 ET
Table 'Libra' 6-max Seat #5 is the button
Seat 1: Brama Br ($227.08 in chips)
Seat 5: BrownieSpy ($453.56 in chips)
BrownieSpy: posts small blind $1
Brama Br: posts big blind $3
*** HOLE CARDS ***
BrownieSpy: raises $3 to $6
Brama Br: calls $3
*** FLOP *** [Qc 9c Ad]
Brama Br: checks
BrownieSpy: bets $3
Brama Br: calls $3
*** TURN *** [Qc 9c Ad] [Tc]
Brama Br: checks
BrownieSpy: checks
*** RIVER *** [Qc 9c Ad Tc] [7h]
Brama Br: bets $6
BrownieSpy: folds
Uncalled bet ($6) returned to Brama Br
Brama Br collected $17.64 from pot
Brama Br: doesn't show hand
*** SUMMARY ***
Total pot $18 | Rake $0.36
Board [Qc 9c Ad Tc 7h]
Seat 1: Brama Br (big blind) collected ($17.64)
Seat 5: BrownieSpy (button) (small blind) folded on the River


PokerStars Hand #155127835319:  Hold'em Limit ($3/$6 USD) - 2016/06/24 2:21:01 ET
Table 'Libra' 6-max Seat #1 is the button
Seat 1: Brama Br ($235.72 in chips)
Seat 5: BrownieSpy ($444.56 in chips)
Brama Br: posts small blind $1
BrownieSpy: posts big blind $3
*** HOLE CARDS ***
Brama Br: raises $3 to $6
BrownieSpy: calls $3
*** FLOP *** [Ts Th Qh]
BrownieSpy: checks
Brama Br: bets $3
BrownieSpy: raises $3 to $6
Brama Br: calls $3
*** TURN *** [Ts Th Qh] [Ad]
BrownieSpy: bets $6
Brama Br: raises $6 to $12
BrownieSpy: raises $6 to $18
Brama Br: calls $6
*** RIVER *** [Ts Th Qh Ad] [8c]
BrownieSpy: bets $6
Brama Br: folds
Uncalled bet ($6) returned to BrownieSpy
BrownieSpy collected $59.50 from pot
BrownieSpy: doesn't show hand
*** SUMMARY ***
Total pot $60 | Rake $0.50
Board [Ts Th Qh Ad 8c]
Seat 1: Brama Br (button) (small blind) folded on the River
Seat 5: BrownieSpy (big blind) collected ($59.50)


PokerStars Hand #155127847198:  Hold'em Limit ($3/$6 USD) - 2016/06/24 2:21:54 ET
Table 'Libra' 6-max Seat #5 is the button
Seat 1: Brama Br ($205.72 in chips)
Seat 5: BrownieSpy ($474.06 in chips)
BrownieSpy: posts small blind $1
Brama Br: posts big blind $3
*** HOLE CARDS ***
BrownieSpy: raises $3 to $6
Brama Br: raises $3 to $9
BrownieSpy: calls $3
*** FLOP *** [Qd 7h 9d]
Brama Br: bets $3
BrownieSpy: calls $3
*** TURN *** [Qd 7h 9d] [Qh]
Brama Br: bets $6
BrownieSpy: calls $6
*** RIVER *** [Qd 7h 9d Qh] [Jd]
Brama Br: bets $6
BrownieSpy: calls $6
*** SHOW DOWN ***
Brama Br: shows [Jh 9s] (two pair, Queens and Jacks)
BrownieSpy: mucks hand
Brama Br collected $47.50 from pot
*** SUMMARY ***
Total pot $48 | Rake $0.50
Board [Qd 7h 9d Qh Jd]
Seat 1: Brama Br (big blind) showed [Jh 9s] and won ($47.50) with two pair, Queens and Jacks
Seat 5: BrownieSpy (button) (small blind) mucked


PokerStars Hand #155127850783:  Hold'em Limit ($3/$6 USD) - 2016/06/24 2:22:10 ET
Table 'Libra' 6-max Seat #1 is the button
Seat 1: Brama Br ($229.22 in chips)
Seat 5: BrownieSpy ($450.06 in chips)
Brama Br: posts small blind $1
BrownieSpy: posts big blind $3
*** HOLE CARDS ***
Brama Br: raises $3 to $6
BrownieSpy: calls $3
*** FLOP *** [As 8s 5c]
BrownieSpy: checks
Brama Br: bets $3
BrownieSpy: calls $3
*** TURN *** [As 8s 5c] [2s]
BrownieSpy: checks
Brama Br: bets $6
BrownieSpy: raises $6 to $12
Brama Br: calls $6
*** RIVER *** [As 8s 5c 2s] [Th]
BrownieSpy: bets $6
Brama Br: raises $6 to $12
BrownieSpy: folds
Uncalled bet ($6) returned to Brama Br
Brama Br collected $53.50 from pot
Brama Br: doesn't show hand
*** SUMMARY ***
Total pot $54 | Rake $0.50
Board [As 8s 5c 2s Th]
Seat 1: Brama Br (button) (small blind) collected ($53.50)
Seat 5: BrownieSpy (big blind) folded on the River


PokerStars Hand #155127862033:  Hold'em Limit ($3/$6 USD) - 2016/06/24 2:23:00 ET
Table 'Libra' 6-max Seat #1 is the button
Seat 1: Brama Br ($255.47 in chips)
Seat 5: BrownieSpy ($422.81 in chips)
Brama Br: posts small blind $1
BrownieSpy: posts big blind $3
*** HOLE CARDS ***
Brama Br: folds
Uncalled bet ($2) returned to BrownieSpy
BrownieSpy collected $2 from pot
BrownieSpy: doesn't show hand
*** SUMMARY ***
Total pot $2 | Rake $0
Seat 1: Brama Br (button) (small blind) folded before Flop
Seat 5: BrownieSpy (big blind) collected ($2)


PokerStars Hand #155127858217:  Hold'em Limit ($3/$6 USD) - 2016/06/24 2:22:44 ET
Table 'Libra' 6-max Seat #5 is the button
Seat 1: Brama Br ($255.72 in chips)
Seat 5: BrownieSpy ($423.06 in chips)
BrownieSpy: posts small blind $1
Brama Br: posts big blind $3
*** HOLE CARDS ***
BrownieSpy: raises $3 to $6
Brama Br: raises $3 to $9
BrownieSpy: calls $3
*** FLOP *** [8c 9c 7s]
Brama Br: bets $3
BrownieSpy: calls $3
*** TURN *** [8c 9c 7s] [6d]
Brama Br: checks
BrownieSpy: checks
*** RIVER *** [8c 9c 7s 6d] [Td]
Brama Br: bets $6
BrownieSpy: calls $6
*** SHOW DOWN ***
Brama Br: shows [Ac Kd] (a straight, Six to Ten)
BrownieSpy: shows [7d Kh] (a straight, Six to Ten)
Brama Br collected $17.75 from pot
BrownieSpy collected $17.75 from pot
*** SUMMARY ***
Total pot $36 | Rake $0.50
Board [8c 9c 7s 6d Td]
Seat 1: Brama Br (big blind) showed [Ac Kd] and won ($17.75) with a straight, Six to Ten
Seat 5: BrownieSpy (button) (small blind) showed [7d Kh] and won ($17.75) with a straight, Six to Ten


PokerStars Hand #155127863367:  Hold'em Limit ($3/$6 USD) - 2016/06/24 2:23:06 ET
Table 'Libra' 6-max Seat #5 is the button
Seat 1: Brama Br ($254.47 in chips)
Seat 5: BrownieSpy ($423.81 in chips)
BrownieSpy: posts small blind $1
Brama Br: posts big blind $3
*** HOLE CARDS ***
BrownieSpy: raises $3 to $6
Brama Br: folds
Uncalled bet ($3) returned to BrownieSpy
BrownieSpy collected $6 from pot
BrownieSpy: doesn't show hand
*** SUMMARY ***
Total pot $6 | Rake $0
Seat 1: Brama Br (big blind) folded before Flop
Seat 5: BrownieSpy (button) (small blind) collected ($6)


PokerStars Hand #155127865727:  Hold'em Limit ($3/$6 USD) - 2016/06/24 2:23:17 ET
Table 'Libra' 6-max Seat #1 is the button
Seat 1: Brama Br ($251.47 in chips)
Seat 5: BrownieSpy ($426.81 in chips)
Brama Br: posts small blind $1
BrownieSpy: posts big blind $3
*** HOLE CARDS ***
Brama Br: raises $3 to $6
BrownieSpy: raises $3 to $9
Brama Br: calls $3
*** FLOP *** [Jd Jc 6d]
BrownieSpy: bets $3
Brama Br: raises $3 to $6
BrownieSpy: calls $3
*** TURN *** [Jd Jc 6d] [2h]
BrownieSpy: checks
Brama Br: checks
*** RIVER *** [Jd Jc 6d 2h] [Tc]
BrownieSpy: bets $6
Brama Br: folds
Uncalled bet ($6) returned to BrownieSpy
BrownieSpy collected $29.50 from pot
BrownieSpy: doesn't show hand
*** SUMMARY ***
Total pot $30 | Rake $0.50
Board [Jd Jc 6d 2h Tc]
Seat 1: Brama Br (button) (small blind) folded on the River
Seat 5: BrownieSpy (big blind) collected ($29.50)


PokerStars Hand #155127871873:  Hold'em Limit ($3/$6 USD) - 2016/06/24 2:23:44 ET
Table 'Libra' 6-max Seat #5 is the button
Seat 1: Brama Br ($236.47 in chips)
Seat 5: BrownieSpy ($441.31 in chips)
BrownieSpy: posts small blind $1
Brama Br: posts big blind $3
*** HOLE CARDS ***
BrownieSpy: raises $3 to $6
Brama Br: calls $3
*** FLOP *** [Ac Qh Ad]
Brama Br: checks
BrownieSpy: bets $3
Brama Br: folds
Uncalled bet ($3) returned to BrownieSpy
BrownieSpy collected $11.76 from pot
BrownieSpy: doesn't show hand
*** SUMMARY ***
Total pot $12 | Rake $0.24
Board [Ac Qh Ad]
Seat 1: Brama Br (big blind) folded on the Flop
Seat 5: BrownieSpy (button) (small blind) collected ($11.76)


PokerStars Hand #155127881482:  Hold'em Limit ($3/$6 USD) - 2016/06/24 2:24:25 ET
Table 'Libra' 6-max Seat #5 is the button
Seat 1: Brama Br ($209.47 in chips)
Seat 5: BrownieSpy ($467.57 in chips)
BrownieSpy: posts small blind $1
Brama Br: posts big blind $3
*** HOLE CARDS ***
BrownieSpy: folds
Uncalled bet ($2) returned to Brama Br
Brama Br collected $2 from pot
Brama Br: doesn't show hand
*** SUMMARY ***
Total pot $2 | Rake $0
Seat 1: Brama Br (big blind) collected ($2)
Seat 5: BrownieSpy (button) (small blind) folded before Flop


PokerStars Hand #155127874440:  Hold'em Limit ($3/$6 USD) - 2016/06/24 2:23:55 ET
Table 'Libra' 6-max Seat #1 is the button
Seat 1: Brama Br ($230.47 in chips)
Seat 5: BrownieSpy ($447.07 in chips)
Brama Br: posts small blind $1
BrownieSpy: posts big blind $3
*** HOLE CARDS ***
Brama Br: raises $3 to $6
BrownieSpy: raises $3 to $9
Brama Br: raises $3 to $12
Betting is capped
BrownieSpy: calls $3
*** FLOP *** [3d As 6d]
BrownieSpy: checks
Brama Br: bets $3
BrownieSpy: calls $3
*** TURN *** [3d As 6d] [5h]
BrownieSpy: checks
Brama Br: bets $6
BrownieSpy: raises $6 to $12
Brama Br: folds
Uncalled bet ($6) returned to BrownieSpy
BrownieSpy collected $41.50 from pot
BrownieSpy: doesn't show hand
*** SUMMARY ***
Total pot $42 | Rake $0.50
Board [3d As 6d 5h]
Seat 1: Brama Br (button) (small blind) folded on the Turn
Seat 5: BrownieSpy (big blind) collected ($41.50)


PokerStars Hand #155127882562:  Hold'em Limit ($3/$6 USD) - 2016/06/24 2:24:30 ET
Table 'Libra' 6-max Seat #1 is the button
Seat 1: Brama Br ($210.47 in chips)
Seat 5: BrownieSpy ($466.57 in chips)
Brama Br: posts small blind $1
BrownieSpy: posts big blind $3
*** HOLE CARDS ***
Brama Br: raises $3 to $6
BrownieSpy: calls $3
*** FLOP *** [Kh 7h Qc]
BrownieSpy: checks
Brama Br: bets $3
BrownieSpy: calls $3
*** TURN *** [Kh 7h Qc] [6h]
BrownieSpy: checks
Brama Br: bets $6
BrownieSpy: calls $6
*** RIVER *** [Kh 7h Qc 6h] [2d]
BrownieSpy: checks
Brama Br: bets $6
BrownieSpy: calls $6
*** SHOW DOWN ***
Brama Br: shows [Kc 7s] (two pair, Kings and Sevens)
BrownieSpy: mucks hand
Brama Br collected $41.50 from pot
*** SUMMARY ***
Total pot $42 | Rake $0.50
Board [Kh 7h Qc 6h 2d]
Seat 1: Brama Br (button) (small blind) showed [Kc 7s] and won ($41.50) with two pair, Kings and Sevens
Seat 5: BrownieSpy (big blind) mucked


PokerStars Hand #155127892992:  Hold'em Limit ($3/$6 USD) - 2016/06/24 2:24:50 ET
Table 'Libra' 6-max Seat #5 is the button
Seat 1: Brama Br ($230.97 in chips)
Seat 5: BrownieSpy ($445.57 in chips)
BrownieSpy: posts small blind $1
Brama Br: posts big blind $3
*** HOLE CARDS ***
BrownieSpy: raises $3 to $6
Brama Br: calls $3
*** FLOP *** [9d 8d Kd]
Brama Br: checks
BrownieSpy: bets $3
Brama Br: folds
Uncalled bet ($3) returned to BrownieSpy
BrownieSpy collected $11.76 from pot
BrownieSpy: doesn't show hand
*** SUMMARY ***
Total pot $12 | Rake $0.24
Board [9d 8d Kd]
Seat 1: Brama Br (big blind) folded on the Flop
Seat 5: BrownieSpy (button) (small blind) collected ($11.76)


PokerStars Hand #155128788001:  Hold'em Limit ($3/$6 USD) - 2016/06/24 3:26:43 ET
Table 'Libra' 6-max Seat #2 is the button
Seat 2: pukuotukxx89 ($32.10 in chips)
Seat 3: Tryptamean ($104.53 in chips)
pukuotukxx89: posts small blind $1
Tryptamean: posts big blind $3
*** HOLE CARDS ***
pukuotukxx89: raises $3 to $6
Tryptamean: calls $3
*** FLOP *** [Jc 2d Ad]
Tryptamean: checks
pukuotukxx89: checks
*** TURN *** [Jc 2d Ad] [7c]
Tryptamean: checks
pukuotukxx89: checks
*** RIVER *** [Jc 2d Ad 7c] [2h]
Tryptamean: checks
pukuotukxx89: bets $6
Tryptamean: folds
Uncalled bet ($6) returned to pukuotukxx89
pukuotukxx89 collected $11.76 from pot
*** SUMMARY ***
Total pot $12 | Rake $0.24
Board [Jc 2d Ad 7c 2h]
Seat 2: pukuotukxx89 (button) (small blind) collected ($11.76)
Seat 3: Tryptamean (big blind) folded on the River


PokerStars Hand #155128812796:  Hold'em Limit ($3/$6 USD) - 2016/06/24 3:28:20 ET
Table 'Libra' 6-max Seat #2 is the button
Seat 2: pukuotukxx89 ($61.36 in chips)
Seat 3: Tryptamean ($74.53 in chips)
pukuotukxx89: posts small blind $1
Tryptamean: posts big blind $3
*** HOLE CARDS ***
pukuotukxx89: folds
Uncalled bet ($2) returned to Tryptamean
pukuotukxx89 leaves the table
Tryptamean collected $2 from pot
Tryptamean: doesn't show hand
*** SUMMARY ***
Total pot $2 | Rake $0
Seat 2: pukuotukxx89 (button) (small blind) folded before Flop
Seat 3: Tryptamean (big blind) collected ($2)


PokerStars Hand #155128799422:  Hold'em Limit ($3/$6 USD) - 2016/06/24 3:27:28 ET
Table 'Libra' 6-max Seat #3 is the button
Seat 2: pukuotukxx89 ($37.86 in chips)
Seat 3: Tryptamean ($98.53 in chips)
Tryptamean: posts small blind $1
pukuotukxx89: posts big blind $3
*** HOLE CARDS ***
Tryptamean: raises $3 to $6
pukuotukxx89: raises $3 to $9
Tryptamean: calls $3
*** FLOP *** [9d Jc As]
pukuotukxx89: bets $3
Tryptamean: calls $3
*** TURN *** [9d Jc As] [8s]
pukuotukxx89: checks
Tryptamean: bets $6
pukuotukxx89: calls $6
*** RIVER *** [9d Jc As 8s] [7c]
pukuotukxx89: bets $6
Tryptamean: calls $6
*** SHOW DOWN ***
pukuotukxx89: shows [Ts Tc] (a straight, Seven to Jack)
Tryptamean: mucks hand
pukuotukxx89 collected $47.50 from pot
*** SUMMARY ***
Total pot $48 | Rake $0.50
Board [9d Jc As 8s 7c]
Seat 2: pukuotukxx89 (big blind) showed [Ts Tc] and won ($47.50) with a straight, Seven to Jack
Seat 3: Tryptamean (button) (small blind) mucked


