PokerStars Hand #166634483424:  Hold'em Limit ($3/$6 USD) - 2017/02/22 23:02:01 ET
Table 'Libra' 6-max Seat #1 is the button
Seat 1: LifeisagameX ($84 in chips)
Seat 2: lammer3 ($80 in chips)
LifeisagameX: posts small blind $1
lammer3: posts big blind $3
*** HOLE CARDS ***
LifeisagameX: raises $3 to $6
lammer3: folds
Uncalled bet ($3) returned to LifeisagameX
LifeisagameX collected $6 from pot
*** SUMMARY ***
Total pot $6 | Rake $0
Seat 1: LifeisagameX (button) (small blind) collected ($6)
Seat 2: lammer3 (big blind) folded before Flop


PokerStars Hand #166634498725:  Hold'em Limit ($3/$6 USD) - 2017/02/22 23:02:47 ET
Table 'Libra' 6-max Seat #1 is the button
Seat 1: LifeisagameX ($84 in chips)
Seat 4: KIT426 ($314.58 in chips)
LifeisagameX: posts small blind $1
KIT426: posts big blind $3
*** HOLE CARDS ***
LifeisagameX: raises $3 to $6
KIT426: calls $3
*** FLOP *** [Ac 6c Kd]
KIT426: checks
LifeisagameX: bets $3
KIT426: folds
Uncalled bet ($3) returned to LifeisagameX
LifeisagameX collected $11.76 from pot
LifeisagameX: doesn't show hand
*** SUMMARY ***
Total pot $12 | Rake $0.24
Board [Ac 6c Kd]
Seat 1: LifeisagameX (button) (small blind) collected ($11.76)
Seat 4: KIT426 (big blind) folded on the Flop


PokerStars Hand #166634487767:  Hold'em Limit ($3/$6 USD) - 2017/02/22 23:02:14 ET
Table 'Libra' 6-max Seat #2 is the button
Seat 1: LifeisagameX ($87 in chips)
Seat 2: lammer3 ($77 in chips)
lammer3: posts small blind $1
LifeisagameX: posts big blind $3
*** HOLE CARDS ***
lammer3: raises $3 to $6
LifeisagameX: calls $3
*** FLOP *** [Qh 7c As]
LifeisagameX: checks
lammer3: bets $3
KIT426 joins the table at seat #4
LifeisagameX: folds
Uncalled bet ($3) returned to lammer3
lammer3 collected $11.76 from pot
lammer3: doesn't show hand
*** SUMMARY ***
Total pot $12 | Rake $0.24
Board [Qh 7c As]
Seat 1: LifeisagameX (big blind) folded on the Flop
Seat 2: lammer3 (button) (small blind) collected ($11.76)


PokerStars Hand #166634507845:  Hold'em Limit ($3/$6 USD) - 2017/02/22 23:03:15 ET
Table 'Libra' 6-max Seat #4 is the button
Seat 1: LifeisagameX ($89.76 in chips)
Seat 4: KIT426 ($308.58 in chips)
KIT426: posts small blind $1
LifeisagameX: posts big blind $3
*** HOLE CARDS ***
KIT426: calls $2
LifeisagameX: raises $3 to $6
KIT426 is disconnected
KIT426 has timed out while disconnected
KIT426: folds
Uncalled bet ($3) returned to LifeisagameX
LifeisagameX collected $6 from pot
LifeisagameX: doesn't show hand
*** SUMMARY ***
Total pot $6 | Rake $0
Seat 1: LifeisagameX (big blind) collected ($6)
Seat 4: KIT426 (button) (small blind) folded before Flop


PokerStars Hand #166634530820:  Hold'em Limit ($3/$6 USD) - 2017/02/22 23:04:25 ET
Table 'Libra' 6-max Seat #4 is the button
Seat 2: lammer3 ($82.76 in chips)
Seat 4: KIT426 ($305.58 in chips)
KIT426: posts small blind $1
LifeisagameX: is sitting out
LifeisagameX leaves the table
lammer3: posts big blind $3
*** HOLE CARDS ***
KIT426 has timed out while being disconnected
KIT426: folds
Uncalled bet ($2) returned to lammer3
lammer3 collected $2 from pot
lammer3: doesn't show hand
*** SUMMARY ***
Total pot $2 | Rake $0
Seat 2: lammer3 (big blind) collected ($2)
Seat 4: KIT426 (button) (small blind) folded before Flop


