PokerStars Hand #155016289309:  Hold'em Limit ($3/$6 USD) - 2016/06/21 9:12:51 ET
Table 'Libra' 6-max Seat #1 is the button
Seat 1: VolkovDmitri ($121 in chips)
Seat 2: SeanPeary ($30 in chips)
VolkovDmitri: posts small blind $1
SeanPeary: posts big blind $3
*** HOLE CARDS ***
VolkovDmitri: raises $3 to $6
SeanPeary: calls $3
*** FLOP *** [8h 6h 5c]
SeanPeary: checks
VolkovDmitri: bets $3
SeanPeary: calls $3
*** TURN *** [8h 6h 5c] [8s]
SeanPeary: checks
VolkovDmitri: bets $6
SeanPeary: folds
Uncalled bet ($6) returned to VolkovDmitri
VolkovDmitri collected $17.64 from pot
VolkovDmitri: doesn't show hand
*** SUMMARY ***
Total pot $18 | Rake $0.36
Board [8h 6h 5c 8s]
Seat 1: VolkovDmitri (button) (small blind) collected ($17.64)
Seat 2: SeanPeary (big blind) folded on the Turn


PokerStars Hand #155016331118:  Hold'em Limit ($3/$6 USD) - 2016/06/21 9:14:11 ET
Table 'Libra' 6-max Seat #1 is the button
Seat 1: VolkovDmitri ($128.64 in chips)
Seat 2: SeanPeary ($21.52 in chips)
VolkovDmitri: posts small blind $1
SeanPeary: posts big blind $3
*** HOLE CARDS ***
VolkovDmitri: raises $3 to $6
SeanPeary: raises $3 to $9
VolkovDmitri: calls $3
*** FLOP *** [5s Qs Qh]
SeanPeary: bets $3
VolkovDmitri: folds
Uncalled bet ($3) returned to SeanPeary
SeanPeary collected $17.64 from pot
SeanPeary: doesn't show hand
*** SUMMARY ***
Total pot $18 | Rake $0.36
Board [5s Qs Qh]
Seat 1: VolkovDmitri (button) (small blind) folded on the Flop
Seat 2: SeanPeary (big blind) collected ($17.64)


PokerStars Hand #155016323651:  Hold'em Limit ($3/$6 USD) - 2016/06/21 9:13:57 ET
Table 'Libra' 6-max Seat #1 is the button
Seat 1: VolkovDmitri ($124.64 in chips)
Seat 2: SeanPeary ($25.52 in chips)
VolkovDmitri: posts small blind $1
SeanPeary: posts big blind $3
*** HOLE CARDS ***
VolkovDmitri: raises $3 to $6
SeanPeary: folds
Uncalled bet ($3) returned to VolkovDmitri
VolkovDmitri collected $6 from pot
VolkovDmitri: doesn't show hand
*** SUMMARY ***
Total pot $6 | Rake $0
Seat 1: VolkovDmitri (button) (small blind) collected ($6)
Seat 2: SeanPeary (big blind) folded before Flop


PokerStars Hand #155016317372:  Hold'em Limit ($3/$6 USD) - 2016/06/21 9:13:45 ET
Table 'Libra' 6-max Seat #2 is the button
Seat 1: VolkovDmitri ($130.64 in chips)
Seat 2: SeanPeary ($19.76 in chips)
SeanPeary: posts small blind $1
VolkovDmitri: posts big blind $3
*** HOLE CARDS ***
SeanPeary: raises $3 to $6
VolkovDmitri: calls $3
*** FLOP *** [Qc Tc Qh]
VolkovDmitri: checks
SeanPeary: bets $3
VolkovDmitri: folds
Uncalled bet ($3) returned to SeanPeary
SeanPeary collected $11.76 from pot
SeanPeary: doesn't show hand
*** SUMMARY ***
Total pot $12 | Rake $0.24
Board [Qc Tc Qh]
Seat 1: VolkovDmitri (big blind) folded on the Flop
Seat 2: SeanPeary (button) (small blind) collected ($11.76)


PokerStars Hand #155016313703:  Hold'em Limit ($3/$6 USD) - 2016/06/21 9:13:38 ET
Table 'Libra' 6-max Seat #1 is the button
Seat 1: VolkovDmitri ($127.64 in chips)
Seat 2: SeanPeary ($22.76 in chips)
VolkovDmitri: posts small blind $1
SeanPeary: posts big blind $3
*** HOLE CARDS ***
VolkovDmitri: raises $3 to $6
SeanPeary: folds
Uncalled bet ($3) returned to VolkovDmitri
VolkovDmitri collected $6 from pot
VolkovDmitri: doesn't show hand
*** SUMMARY ***
Total pot $6 | Rake $0
Seat 1: VolkovDmitri (button) (small blind) collected ($6)
Seat 2: SeanPeary (big blind) folded before Flop


PokerStars Hand #155016311228:  Hold'em Limit ($3/$6 USD) - 2016/06/21 9:13:33 ET
Table 'Libra' 6-max Seat #2 is the button
Seat 1: VolkovDmitri ($126.64 in chips)
Seat 2: SeanPeary ($23.76 in chips)
SeanPeary: posts small blind $1
VolkovDmitri: posts big blind $3
*** HOLE CARDS ***
SeanPeary: folds
Uncalled bet ($2) returned to VolkovDmitri
VolkovDmitri collected $2 from pot
VolkovDmitri: doesn't show hand
*** SUMMARY ***
Total pot $2 | Rake $0
Seat 1: VolkovDmitri (big blind) collected ($2)
Seat 2: SeanPeary (button) (small blind) folded before Flop


PokerStars Hand #155016307571:  Hold'em Limit ($3/$6 USD) - 2016/06/21 9:13:26 ET
Table 'Libra' 6-max Seat #1 is the button
Seat 1: VolkovDmitri ($123.64 in chips)
Seat 2: SeanPeary ($26.76 in chips)
VolkovDmitri: posts small blind $1
SeanPeary: posts big blind $3
*** HOLE CARDS ***
VolkovDmitri: raises $3 to $6
SeanPeary: folds
Uncalled bet ($3) returned to VolkovDmitri
VolkovDmitri collected $6 from pot
VolkovDmitri: doesn't show hand
*** SUMMARY ***
Total pot $6 | Rake $0
Seat 1: VolkovDmitri (button) (small blind) collected ($6)
Seat 2: SeanPeary (big blind) folded before Flop


PokerStars Hand #155016297641:  Hold'em Limit ($3/$6 USD) - 2016/06/21 9:13:07 ET
Table 'Libra' 6-max Seat #2 is the button
Seat 1: VolkovDmitri ($129.64 in chips)
Seat 2: SeanPeary ($21 in chips)
SeanPeary: posts small blind $1
VolkovDmitri: posts big blind $3
*** HOLE CARDS ***
SeanPeary: raises $3 to $6
VolkovDmitri: calls $3
*** FLOP *** [9c 6d Th]
VolkovDmitri: checks
SeanPeary: bets $3
VolkovDmitri: folds
Uncalled bet ($3) returned to SeanPeary
SeanPeary collected $11.76 from pot
SeanPeary: doesn't show hand
*** SUMMARY ***
Total pot $12 | Rake $0.24
Board [9c 6d Th]
Seat 1: VolkovDmitri (big blind) folded on the Flop
Seat 2: SeanPeary (button) (small blind) collected ($11.76)


PokerStars Hand #155016359177:  Hold'em Limit ($3/$6 USD) - 2016/06/21 9:15:05 ET
Table 'Libra' 6-max Seat #1 is the button
Seat 1: VolkovDmitri ($132.64 in chips)
Seat 2: SeanPeary ($17.16 in chips)
VolkovDmitri: posts small blind $1
SeanPeary: posts big blind $3
*** HOLE CARDS ***
VolkovDmitri: folds
Uncalled bet ($2) returned to SeanPeary
SeanPeary collected $2 from pot
SeanPeary: doesn't show hand
*** SUMMARY ***
Total pot $2 | Rake $0
Seat 1: VolkovDmitri (button) (small blind) folded before Flop
Seat 2: SeanPeary (big blind) collected ($2)


PokerStars Hand #155016356367:  Hold'em Limit ($3/$6 USD) - 2016/06/21 9:15:00 ET
Table 'Libra' 6-max Seat #2 is the button
Seat 1: VolkovDmitri ($135.64 in chips)
Seat 2: SeanPeary ($14.16 in chips)
SeanPeary: posts small blind $1
VolkovDmitri: posts big blind $3
*** HOLE CARDS ***
SeanPeary: raises $3 to $6
VolkovDmitri: folds
Uncalled bet ($3) returned to SeanPeary
SeanPeary collected $6 from pot
SeanPeary: doesn't show hand
*** SUMMARY ***
Total pot $6 | Rake $0
Seat 1: VolkovDmitri (big blind) folded before Flop
Seat 2: SeanPeary (button) (small blind) collected ($6)


PokerStars Hand #155016353139:  Hold'em Limit ($3/$6 USD) - 2016/06/21 9:14:54 ET
Table 'Libra' 6-max Seat #1 is the button
Seat 1: VolkovDmitri ($132.64 in chips)
Seat 2: SeanPeary ($17.16 in chips)
VolkovDmitri: posts small blind $1
SeanPeary: posts big blind $3
*** HOLE CARDS ***
VolkovDmitri: raises $3 to $6
SeanPeary: folds
Uncalled bet ($3) returned to VolkovDmitri
VolkovDmitri collected $6 from pot
VolkovDmitri: doesn't show hand
*** SUMMARY ***
Total pot $6 | Rake $0
Seat 1: VolkovDmitri (button) (small blind) collected ($6)
Seat 2: SeanPeary (big blind) folded before Flop


PokerStars Hand #155016346168:  Hold'em Limit ($3/$6 USD) - 2016/06/21 9:14:40 ET
Table 'Libra' 6-max Seat #2 is the button
Seat 1: VolkovDmitri ($124 in chips)
Seat 2: SeanPeary ($26.16 in chips)
SeanPeary: posts small blind $1
VolkovDmitri: posts big blind $3
*** HOLE CARDS ***
SeanPeary: raises $3 to $6
VolkovDmitri: calls $3
*** FLOP *** [Js Qs 5h]
VolkovDmitri: checks
SeanPeary: bets $3
VolkovDmitri: raises $3 to $6
SeanPeary: folds
Uncalled bet ($3) returned to VolkovDmitri
VolkovDmitri collected $17.64 from pot
VolkovDmitri: doesn't show hand
*** SUMMARY ***
Total pot $18 | Rake $0.36
Board [Js Qs 5h]
Seat 1: VolkovDmitri (big blind) collected ($17.64)
Seat 2: SeanPeary (button) (small blind) folded on the Flop


PokerStars Hand #155016341005:  Hold'em Limit ($3/$6 USD) - 2016/06/21 9:14:30 ET
Table 'Libra' 6-max Seat #1 is the button
Seat 1: VolkovDmitri ($121 in chips)
Seat 2: SeanPeary ($29.16 in chips)
VolkovDmitri: posts small blind $1
SeanPeary: posts big blind $3
*** HOLE CARDS ***
VolkovDmitri: raises $3 to $6
SeanPeary: folds
Uncalled bet ($3) returned to VolkovDmitri
VolkovDmitri collected $6 from pot
VolkovDmitri: doesn't show hand
*** SUMMARY ***
Total pot $6 | Rake $0
Seat 1: VolkovDmitri (button) (small blind) collected ($6)
Seat 2: SeanPeary (big blind) folded before Flop


PokerStars Hand #155016338293:  Hold'em Limit ($3/$6 USD) - 2016/06/21 9:14:25 ET
Table 'Libra' 6-max Seat #2 is the button
Seat 1: VolkovDmitri ($120 in chips)
Seat 2: SeanPeary ($30.16 in chips)
SeanPeary: posts small blind $1
VolkovDmitri: posts big blind $3
*** HOLE CARDS ***
SeanPeary: folds
Uncalled bet ($2) returned to VolkovDmitri
VolkovDmitri collected $2 from pot
VolkovDmitri: doesn't show hand
*** SUMMARY ***
Total pot $2 | Rake $0
Seat 1: VolkovDmitri (big blind) collected ($2)
Seat 2: SeanPeary (button) (small blind) folded before Flop


PokerStars Hand #155016395557:  Hold'em Limit ($3/$6 USD) - 2016/06/21 9:16:16 ET
Table 'Libra' 6-max Seat #2 is the button
Seat 1: VolkovDmitri ($132.64 in chips)
Seat 2: SeanPeary ($16.92 in chips)
SeanPeary: posts small blind $1
VolkovDmitri: posts big blind $3
*** HOLE CARDS ***
SeanPeary: folds
Uncalled bet ($2) returned to VolkovDmitri
VolkovDmitri collected $2 from pot
VolkovDmitri: doesn't show hand
*** SUMMARY ***
Total pot $2 | Rake $0
Seat 1: VolkovDmitri (big blind) collected ($2)
Seat 2: SeanPeary (button) (small blind) folded before Flop


PokerStars Hand #155016389317:  Hold'em Limit ($3/$6 USD) - 2016/06/21 9:16:04 ET
Table 'Libra' 6-max Seat #1 is the button
Seat 1: VolkovDmitri ($129.64 in chips)
Seat 2: SeanPeary ($19.92 in chips)
VolkovDmitri: posts small blind $1
SeanPeary: posts big blind $3
*** HOLE CARDS ***
VolkovDmitri: raises $3 to $6
SeanPeary: folds
Uncalled bet ($3) returned to VolkovDmitri
VolkovDmitri collected $6 from pot
VolkovDmitri: doesn't show hand
*** SUMMARY ***
Total pot $6 | Rake $0
Seat 1: VolkovDmitri (button) (small blind) collected ($6)
Seat 2: SeanPeary (big blind) folded before Flop


PokerStars Hand #155016386149:  Hold'em Limit ($3/$6 USD) - 2016/06/21 9:15:58 ET
Table 'Libra' 6-max Seat #2 is the button
Seat 1: VolkovDmitri ($128.64 in chips)
Seat 2: SeanPeary ($20.92 in chips)
SeanPeary: posts small blind $1
VolkovDmitri: posts big blind $3
*** HOLE CARDS ***
SeanPeary: folds
Uncalled bet ($2) returned to VolkovDmitri
VolkovDmitri collected $2 from pot
VolkovDmitri: doesn't show hand
*** SUMMARY ***
Total pot $2 | Rake $0
Seat 1: VolkovDmitri (big blind) collected ($2)
Seat 2: SeanPeary (button) (small blind) folded before Flop


PokerStars Hand #155016381636:  Hold'em Limit ($3/$6 USD) - 2016/06/21 9:15:49 ET
Table 'Libra' 6-max Seat #1 is the button
Seat 1: VolkovDmitri ($125.64 in chips)
Seat 2: SeanPeary ($23.92 in chips)
VolkovDmitri: posts small blind $1
SeanPeary: posts big blind $3
*** HOLE CARDS ***
VolkovDmitri: raises $3 to $6
SeanPeary: folds
Uncalled bet ($3) returned to VolkovDmitri
VolkovDmitri collected $6 from pot
VolkovDmitri: doesn't show hand
*** SUMMARY ***
Total pot $6 | Rake $0
Seat 1: VolkovDmitri (button) (small blind) collected ($6)
Seat 2: SeanPeary (big blind) folded before Flop


PokerStars Hand #155016361556:  Hold'em Limit ($3/$6 USD) - 2016/06/21 9:15:10 ET
Table 'Libra' 6-max Seat #2 is the button
Seat 1: VolkovDmitri ($131.64 in chips)
Seat 2: SeanPeary ($18.16 in chips)
SeanPeary: posts small blind $1
VolkovDmitri: posts big blind $3
*** HOLE CARDS ***
SeanPeary: raises $3 to $6
VolkovDmitri: calls $3
*** FLOP *** [4c 7s 7c]
VolkovDmitri: checks
SeanPeary: checks
*** TURN *** [4c 7s 7c] [Ts]
VolkovDmitri: checks
SeanPeary: bets $6
VolkovDmitri: folds
Uncalled bet ($6) returned to SeanPeary
SeanPeary collected $11.76 from pot
SeanPeary: doesn't show hand
*** SUMMARY ***
Total pot $12 | Rake $0.24
Board [4c 7s 7c Ts]
Seat 1: VolkovDmitri (big blind) folded on the Turn
Seat 2: SeanPeary (button) (small blind) collected ($11.76)


PokerStars Hand #155016398255:  Hold'em Limit ($3/$6 USD) - 2016/06/21 9:16:21 ET
Table 'Libra' 6-max Seat #1 is the button
Seat 1: VolkovDmitri ($133.64 in chips)
Seat 2: SeanPeary ($15.92 in chips)
VolkovDmitri: posts small blind $1
SeanPeary: posts big blind $3
*** HOLE CARDS ***
VolkovDmitri: raises $3 to $6
gogo3474 joins the table at seat #6
SeanPeary: folds
Uncalled bet ($3) returned to VolkovDmitri
VolkovDmitri collected $6 from pot
VolkovDmitri: doesn't show hand
*** SUMMARY ***
Total pot $6 | Rake $0
Seat 1: VolkovDmitri (button) (small blind) collected ($6)
Seat 2: SeanPeary (big blind) folded before Flop


