PokerStars Hand #162279677314:  Hold'em Limit ($3/$6 USD) - 2016/12/02 4:26:06 ET
Table 'Libra' 6-max Seat #1 is the button
Seat 1: HAOYUN88888 ($47.90 in chips)
Seat 4: VolkovDmitri ($120 in chips)
HAOYUN88888: posts small blind $1
VolkovDmitri: posts big blind $3
*** HOLE CARDS ***
HAOYUN88888: raises $3 to $6
VolkovDmitri: calls $3
*** FLOP *** [2d Qc Ad]
VolkovDmitri: checks
HAOYUN88888: bets $3
VolkovDmitri: calls $3
*** TURN *** [2d Qc Ad] [Jh]
VolkovDmitri: checks
HAOYUN88888: bets $6
VolkovDmitri: calls $6
*** RIVER *** [2d Qc Ad Jh] [Td]
VolkovDmitri: checks
HAOYUN88888: checks
*** SHOW DOWN ***
VolkovDmitri: shows [4h Qs] (a pair of Queens)
HAOYUN88888: shows [Qd 6h] (a pair of Queens)
VolkovDmitri collected $14.75 from pot
HAOYUN88888 collected $14.75 from pot
*** SUMMARY ***
Total pot $30 | Rake $0.50
Board [2d Qc Ad Jh Td]
Seat 1: HAOYUN88888 (button) (small blind) showed [Qd 6h] and won ($14.75) with a pair of Queens
Seat 4: VolkovDmitri (big blind) showed [4h Qs] and won ($14.75) with a pair of Queens


PokerStars Hand #162279692311:  Hold'em Limit ($3/$6 USD) - 2016/12/02 4:26:46 ET
Table 'Libra' 6-max Seat #4 is the button
Seat 1: HAOYUN88888 ($47.65 in chips)
Seat 4: VolkovDmitri ($120 in chips)
VolkovDmitri: posts small blind $1
HAOYUN88888: posts big blind $3
*** HOLE CARDS ***
VolkovDmitri: raises $3 to $6
HAOYUN88888: calls $3
*** FLOP *** [Kh Jd Kd]
HAOYUN88888: bets $3
VolkovDmitri: calls $3
*** TURN *** [Kh Jd Kd] [3c]
HAOYUN88888: bets $6
VolkovDmitri: calls $6
*** RIVER *** [Kh Jd Kd 3c] [8h]
HAOYUN88888: bets $6
VolkovDmitri: calls $6
*** SHOW DOWN ***
HAOYUN88888: shows [7h 5h] (a pair of Kings)
VolkovDmitri: shows [8d 9d] (two pair, Kings and Eights)
VolkovDmitri collected $41.50 from pot
*** SUMMARY ***
Total pot $42 | Rake $0.50
Board [Kh Jd Kd 3c 8h]
Seat 1: HAOYUN88888 (big blind) showed [7h 5h] and lost with a pair of Kings
Seat 4: VolkovDmitri (button) (small blind) showed [8d 9d] and won ($41.50) with two pair, Kings and Eights


PokerStars Hand #162279711417:  Hold'em Limit ($3/$6 USD) - 2016/12/02 4:27:37 ET
Table 'Libra' 6-max Seat #1 is the button
Seat 1: HAOYUN88888 ($26.65 in chips)
Seat 4: VolkovDmitri ($140.50 in chips)
HAOYUN88888: posts small blind $1
VolkovDmitri: posts big blind $3
*** HOLE CARDS ***
HAOYUN88888: raises $3 to $6
VolkovDmitri: raises $3 to $9
ToDaFelt joins the table at seat #2
HAOYUN88888: calls $3
*** FLOP *** [2s 9s Jd]
VolkovDmitri: bets $3
HAOYUN88888: raises $3 to $6
VolkovDmitri: raises $3 to $9
HAOYUN88888: calls $3
*** TURN *** [2s 9s Jd] [Jh]
VolkovDmitri: bets $6
HAOYUN88888: calls $6
*** RIVER *** [2s 9s Jd Jh] [9c]
VolkovDmitri: bets $6
HAOYUN88888: folds
Uncalled bet ($6) returned to VolkovDmitri
VolkovDmitri collected $47.50 from pot
VolkovDmitri: doesn't show hand
*** SUMMARY ***
Total pot $48 | Rake $0.50
Board [2s 9s Jd Jh 9c]
Seat 1: HAOYUN88888 (button) (small blind) folded on the River
Seat 4: VolkovDmitri (big blind) collected ($47.50)


