PokerStars Hand #156896633251:  Hold'em Limit ($3/$6 USD) - 2016/08/05 11:39:18 ET
Table 'Libra II' 6-max Seat #1 is the button
Seat 1: iskambil ($126.62 in chips)
Seat 4: Kasinojunge* ($143.86 in chips)
sokol-max-PS will be allowed to play after the button
iskambil: posts small blind $1
tangxueke: is sitting out
Kasinojunge*: posts big blind $3
*** HOLE CARDS ***
iskambil: folds
Uncalled bet ($2) returned to Kasinojunge*
Kasinojunge* collected $2 from pot
Kasinojunge*: doesn't show hand
*** SUMMARY ***
Total pot $2 | Rake $0
Seat 1: iskambil (button) (small blind) folded before Flop
Seat 4: Kasinojunge* (big blind) collected ($2)


PokerStars Hand #156899157220:  Hold'em Limit ($3/$6 USD) - 2016/08/05 12:49:33 ET
Table 'Libra II' 6-max Seat #6 is the button
Seat 2: tangxueke ($238.13 in chips)
Seat 6: sokol-max-PS ($193.41 in chips)
sokol-max-PS: posts small blind $1
tangxueke: posts big blind $3
*** HOLE CARDS ***
sokol-max-PS: folds
Uncalled bet ($2) returned to tangxueke
tangxueke collected $2 from pot
tangxueke: doesn't show hand
*** SUMMARY ***
Total pot $2 | Rake $0
Seat 2: tangxueke (big blind) collected ($2)
Seat 6: sokol-max-PS (button) (small blind) folded before Flop


PokerStars Hand #156899160750:  Hold'em Limit ($3/$6 USD) - 2016/08/05 12:49:39 ET
Table 'Libra II' 6-max Seat #2 is the button
Seat 2: tangxueke ($239.13 in chips)
Seat 6: sokol-max-PS ($192.41 in chips)
tangxueke: posts small blind $1
sokol-max-PS: posts big blind $3
*** HOLE CARDS ***
tangxueke: raises $3 to $6
sokol-max-PS: raises $3 to $9
tangxueke: calls $3
*** FLOP *** [6c 7d 8d]
sokol-max-PS: checks
tangxueke: checks
*** TURN *** [6c 7d 8d] [4s]
sokol-max-PS: bets $6
tangxueke: folds
Uncalled bet ($6) returned to sokol-max-PS
sokol-max-PS collected $17.64 from pot
sokol-max-PS: doesn't show hand
*** SUMMARY ***
Total pot $18 | Rake $0.36
Board [6c 7d 8d 4s]
Seat 2: tangxueke (button) (small blind) folded on the Turn
Seat 6: sokol-max-PS (big blind) collected ($17.64)


