PokerStars Hand #148040313813:  Hold'em Limit ($3/$6 USD) - 2016/02/01 4:37:16 ET
Table 'Libra' 6-max Seat #1 is the button
Seat 1: BelSv ($89.52 in chips)
Seat 5: Icecold ($109 in chips)
BelSv: posts small blind $1
Icecold: posts big blind $3
*** HOLE CARDS ***
BelSv: raises $3 to $6
Icecold: raises $3 to $9
BelSv: calls $3
*** FLOP *** [7s Qc 8c]
Icecold: bets $3
BelSv: calls $3
*** TURN *** [7s Qc 8c] [2h]
Icecold: bets $6
BelSv: calls $6
*** RIVER *** [7s Qc 8c 2h] [3c]
Icecold: bets $6
BelSv: calls $6
*** SHOW DOWN ***
Icecold: shows [Jh As] (high card Ace)
BelSv: shows [7h 6d] (a pair of Sevens)
BelSv collected $47.50 from pot
*** SUMMARY ***
Total pot $48 | Rake $0.50
Board [7s Qc 8c 2h 3c]
Seat 1: BelSv (button) (small blind) showed [7h 6d] and won ($47.50) with a pair of Sevens
Seat 5: Icecold (big blind) showed [Jh As] and lost with high card Ace


PokerStars Hand #148040340746:  Hold'em Limit ($3/$6 USD) - 2016/02/01 4:38:23 ET
Table 'Libra' 6-max Seat #1 is the button
Seat 1: BelSv ($86.02 in chips)
Seat 5: Icecold ($111.50 in chips)
BelSv: posts small blind $1
Icecold: posts big blind $3
*** HOLE CARDS ***
BelSv: raises $3 to $6
Icecold: calls $3
*** FLOP *** [7h 2s 8s]
Icecold: bets $3
BelSv: calls $3
*** TURN *** [7h 2s 8s] [As]
Icecold: bets $6
BelSv: folds
Uncalled bet ($6) returned to Icecold
Icecold collected $17.64 from pot
*** SUMMARY ***
Total pot $18 | Rake $0.36
Board [7h 2s 8s As]
Seat 1: BelSv (button) (small blind) folded on the Turn
Seat 5: Icecold (big blind) collected ($17.64)


PokerStars Hand #148040322942:  Hold'em Limit ($3/$6 USD) - 2016/02/01 4:37:38 ET
Table 'Libra' 6-max Seat #5 is the button
Seat 1: BelSv ($113.02 in chips)
Seat 5: Icecold ($85 in chips)
Icecold: posts small blind $1
BelSv: posts big blind $3
*** HOLE CARDS ***
Icecold: raises $3 to $6
BelSv: raises $3 to $9
Icecold: raises $3 to $12
Betting is capped
BelSv: calls $3
*** FLOP *** [Ks Ah 7h]
BelSv: checks
Icecold: bets $3
BelSv: calls $3
*** TURN *** [Ks Ah 7h] [4c]
BelSv: checks
Icecold: bets $6
BelSv: calls $6
*** RIVER *** [Ks Ah 7h 4c] [Jh]
BelSv: checks
Icecold: bets $6
BelSv: calls $6
*** SHOW DOWN ***
Icecold: shows [7s 7c] (three of a kind, Sevens)
BelSv: mucks hand
Icecold collected $53.50 from pot
*** SUMMARY ***
Total pot $54 | Rake $0.50
Board [Ks Ah 7h 4c Jh]
Seat 1: BelSv (big blind) mucked
Seat 5: Icecold (button) (small blind) showed [7s 7c] and won ($53.50) with three of a kind, Sevens


PokerStars Hand #148040376643:  Hold'em Limit ($3/$6 USD) - 2016/02/01 4:39:52 ET
Table 'Libra' 6-max Seat #5 is the button
Seat 1: BelSv ($81.50 in chips)
Seat 5: Icecold ($115.64 in chips)
Icecold: posts small blind $1
BelSv: posts big blind $3
*** HOLE CARDS ***
Icecold: folds
Uncalled bet ($2) returned to BelSv
BelSv collected $2 from pot
BelSv: doesn't show hand
*** SUMMARY ***
Total pot $2 | Rake $0
Seat 1: BelSv (big blind) collected ($2)
Seat 5: Icecold (button) (small blind) folded before Flop


PokerStars Hand #148040369058:  Hold'em Limit ($3/$6 USD) - 2016/02/01 4:39:34 ET
Table 'Libra' 6-max Seat #1 is the button
Seat 1: BelSv ($99.50 in chips)
Seat 5: Icecold ($98.14 in chips)
BelSv: posts small blind $1
Icecold: posts big blind $3
*** HOLE CARDS ***
BelSv: raises $3 to $6
Icecold: calls $3
*** FLOP *** [3d 5s 7s]
Icecold: checks
BelSv: checks
*** TURN *** [3d 5s 7s] [7c]
Icecold: bets $6
BelSv: calls $6
*** RIVER *** [3d 5s 7s 7c] [2s]
Icecold: bets $6
BelSv: calls $6
*** SHOW DOWN ***
Icecold: shows [6c 3h] (two pair, Sevens and Threes)
BelSv: mucks hand
Icecold collected $35.50 from pot
*** SUMMARY ***
Total pot $36 | Rake $0.50
Board [3d 5s 7s 7c 2s]
Seat 1: BelSv (button) (small blind) mucked
Seat 5: Icecold (big blind) showed [6c 3h] and won ($35.50) with two pair, Sevens and Threes


PokerStars Hand #148040362984:  Hold'em Limit ($3/$6 USD) - 2016/02/01 4:39:18 ET
Table 'Libra' 6-max Seat #5 is the button
Seat 1: BelSv ($98.50 in chips)
Seat 5: Icecold ($99.14 in chips)
Icecold: posts small blind $1
BelSv: posts big blind $3
*** HOLE CARDS ***
Icecold: folds
Uncalled bet ($2) returned to BelSv
BelSv collected $2 from pot
BelSv: doesn't show hand
*** SUMMARY ***
Total pot $2 | Rake $0
Seat 1: BelSv (big blind) collected ($2)
Seat 5: Icecold (button) (small blind) folded before Flop


PokerStars Hand #148040360233:  Hold'em Limit ($3/$6 USD) - 2016/02/01 4:39:12 ET
Table 'Libra' 6-max Seat #1 is the button
Seat 1: BelSv ($95.50 in chips)
Seat 5: Icecold ($102.14 in chips)
BelSv: posts small blind $1
Icecold: posts big blind $3
*** HOLE CARDS ***
BelSv: raises $3 to $6
Icecold: folds
Uncalled bet ($3) returned to BelSv
BelSv collected $6 from pot
BelSv: doesn't show hand
*** SUMMARY ***
Total pot $6 | Rake $0
Seat 1: BelSv (button) (small blind) collected ($6)
Seat 5: Icecold (big blind) folded before Flop


PokerStars Hand #148040351443:  Hold'em Limit ($3/$6 USD) - 2016/02/01 4:38:49 ET
Table 'Libra' 6-max Seat #5 is the button
Seat 1: BelSv ($78 in chips)
Seat 5: Icecold ($120.14 in chips)
Icecold: posts small blind $1
BelSv: posts big blind $3
*** HOLE CARDS ***
Icecold: raises $3 to $6
BelSv: calls $3
*** FLOP *** [5d 6d Td]
BelSv: checks
Icecold: checks
*** TURN *** [5d 6d Td] [4d]
BelSv: checks
Icecold: bets $6
BelSv: calls $6
*** RIVER *** [5d 6d Td 4d] [4c]
BelSv: checks
Icecold: bets $6
BelSv: calls $6
*** SHOW DOWN ***
Icecold: shows [7h Jh] (a pair of Fours)
BelSv: shows [As 2d] (a flush, Ten high)
BelSv collected $35.50 from pot
*** SUMMARY ***
Total pot $36 | Rake $0.50
Board [5d 6d Td 4d 4c]
Seat 1: BelSv (big blind) showed [As 2d] and won ($35.50) with a flush, Ten high
Seat 5: Icecold (button) (small blind) showed [7h Jh] and lost with a pair of Fours


PokerStars Hand #148040404771:  Hold'em Limit ($3/$6 USD) - 2016/02/01 4:41:02 ET
Table 'Libra' 6-max Seat #5 is the button
Seat 1: BelSv ($84.76 in chips)
Seat 5: Icecold ($113.40 in chips)
Icecold: posts small blind $1
BelSv: posts big blind $3
*** HOLE CARDS ***
Icecold: folds
Uncalled bet ($2) returned to BelSv
BelSv collected $2 from pot
BelSv: doesn't show hand
*** SUMMARY ***
Total pot $2 | Rake $0
Seat 1: BelSv (big blind) collected ($2)
Seat 5: Icecold (button) (small blind) folded before Flop


PokerStars Hand #148040392136:  Hold'em Limit ($3/$6 USD) - 2016/02/01 4:40:31 ET
Table 'Libra' 6-max Seat #1 is the button
Seat 1: BelSv ($79 in chips)
Seat 5: Icecold ($119.40 in chips)
BelSv: posts small blind $1
Icecold: posts big blind $3
*** HOLE CARDS ***
BelSv: raises $3 to $6
Icecold: calls $3
*** FLOP *** [7c 3s 7d]
Icecold: checks
BelSv: bets $3
Icecold: folds
Uncalled bet ($3) returned to BelSv
BelSv collected $11.76 from pot
BelSv: doesn't show hand
*** SUMMARY ***
Total pot $12 | Rake $0.24
Board [7c 3s 7d]
Seat 1: BelSv (button) (small blind) collected ($11.76)
Seat 5: Icecold (big blind) folded on the Flop


PokerStars Hand #148040389598:  Hold'em Limit ($3/$6 USD) - 2016/02/01 4:40:24 ET
Table 'Libra' 6-max Seat #5 is the button
Seat 1: BelSv ($78 in chips)
Seat 5: Icecold ($120.40 in chips)
Icecold: posts small blind $1
BelSv: posts big blind $3
*** HOLE CARDS ***
Icecold: folds
Uncalled bet ($2) returned to BelSv
BelSv collected $2 from pot
BelSv: doesn't show hand
*** SUMMARY ***
Total pot $2 | Rake $0
Seat 1: BelSv (big blind) collected ($2)
Seat 5: Icecold (button) (small blind) folded before Flop


PokerStars Hand #148040378818:  Hold'em Limit ($3/$6 USD) - 2016/02/01 4:39:58 ET
Table 'Libra' 6-max Seat #1 is the button
Seat 1: BelSv ($82.50 in chips)
Seat 5: Icecold ($114.64 in chips)
BelSv: posts small blind $1
Icecold: posts big blind $3
*** HOLE CARDS ***
BelSv: raises $3 to $6
Icecold: calls $3
*** FLOP *** [4h 6s 3c]
Icecold: checks
BelSv: checks
*** TURN *** [4h 6s 3c] [8h]
Icecold: checks
BelSv: checks
*** RIVER *** [4h 6s 3c 8h] [6d]
Icecold: checks
BelSv: checks
*** SHOW DOWN ***
Icecold: shows [Qs Kd] (a pair of Sixes)
BelSv: mucks hand
Icecold collected $11.76 from pot
*** SUMMARY ***
Total pot $12 | Rake $0.24
Board [4h 6s 3c 8h 6d]
Seat 1: BelSv (button) (small blind) mucked
Seat 5: Icecold (big blind) showed [Qs Kd] and won ($11.76) with a pair of Sixes


PokerStars Hand #148040419964:  Hold'em Limit ($3/$6 USD) - 2016/02/01 4:41:39 ET
Table 'Libra' 6-max Seat #1 is the button
Seat 1: BelSv ($89.76 in chips)
Seat 5: Icecold ($108.40 in chips)
BelSv: posts small blind $1
Icecold: posts big blind $3
*** HOLE CARDS ***
BelSv: raises $3 to $6
wxcvnb joins the table at seat #3
Icecold: calls $3
*** FLOP *** [7h 3c 9h]
Icecold: checks
BelSv: bets $3
Icecold: calls $3
*** TURN *** [7h 3c 9h] [Ac]
Icecold: checks
BelSv: bets $6
Icecold: calls $6
*** RIVER *** [7h 3c 9h Ac] [Qd]
Icecold: checks
BelSv: checks
*** SHOW DOWN ***
Icecold: shows [9s 5d] (a pair of Nines)
BelSv: mucks hand
Icecold collected $29.50 from pot
*** SUMMARY ***
Total pot $30 | Rake $0.50
Board [7h 3c 9h Ac Qd]
Seat 1: BelSv (button) (small blind) mucked
Seat 5: Icecold (big blind) showed [9s 5d] and won ($29.50) with a pair of Nines


PokerStars Hand #148040417870:  Hold'em Limit ($3/$6 USD) - 2016/02/01 4:41:34 ET
Table 'Libra' 6-max Seat #5 is the button
Seat 1: BelSv ($88.76 in chips)
Seat 5: Icecold ($109.40 in chips)
Icecold: posts small blind $1
BelSv: posts big blind $3
*** HOLE CARDS ***
Icecold: folds
Uncalled bet ($2) returned to BelSv
BelSv collected $2 from pot
BelSv: doesn't show hand
*** SUMMARY ***
Total pot $2 | Rake $0
Seat 1: BelSv (big blind) collected ($2)
Seat 5: Icecold (button) (small blind) folded before Flop


PokerStars Hand #148040406976:  Hold'em Limit ($3/$6 USD) - 2016/02/01 4:41:07 ET
Table 'Libra' 6-max Seat #1 is the button
Seat 1: BelSv ($85.76 in chips)
Seat 5: Icecold ($112.40 in chips)
BelSv: posts small blind $1
Icecold: posts big blind $3
*** HOLE CARDS ***
BelSv: raises $3 to $6
Leblanc1 joins the table at seat #2
Icecold: folds
Uncalled bet ($3) returned to BelSv
BelSv collected $6 from pot
BelSv: doesn't show hand
*** SUMMARY ***
Total pot $6 | Rake $0
Seat 1: BelSv (button) (small blind) collected ($6)
Seat 5: Icecold (big blind) folded before Flop


PokerStars Hand #148040431475:  Hold'em Limit ($3/$6 USD) - 2016/02/01 4:42:06 ET
Table 'Libra' 6-max Seat #5 is the button
Seat 1: BelSv ($78 in chips)
Seat 5: Icecold ($122.90 in chips)
Icecold: posts small blind $1
BelSv: posts big blind $3
*** HOLE CARDS ***
Icecold: raises $3 to $6
BelSv: folds
Uncalled bet ($3) returned to Icecold
Icecold collected $6 from pot
*** SUMMARY ***
Total pot $6 | Rake $0
Seat 1: BelSv (big blind) folded before Flop
Seat 5: Icecold (button) (small blind) collected ($6)


PokerStars Hand #148041372971:  Hold'em Limit ($3/$6 USD) - 2016/02/01 5:18:35 ET
Table 'Libra' 6-max Seat #6 is the button
Seat 1: BelSv ($319.72 in chips)
Seat 6: Rmk1500 ($106.66 in chips)
Rmk1500: posts small blind $1
BelSv: posts big blind $3
*** HOLE CARDS ***
Rmk1500: folds
Uncalled bet ($2) returned to BelSv
BelSv collected $2 from pot
BelSv: doesn't show hand
*** SUMMARY ***
Total pot $2 | Rake $0
Seat 1: BelSv (big blind) collected ($2)
Seat 6: Rmk1500 (button) (small blind) folded before Flop


