PokerStars Hand #155938679715:  Hold'em Limit ($3/$6 USD) - 2016/07/13 18:34:53 ET
Table 'Libra' 6-max Seat #5 is the button
Seat 1: Ramsesace ($118.29 in chips)
Seat 5: Zubasa07 ($480.29 in chips)
Zubasa07: posts small blind $1
Ramsesace: posts big blind $3
*** HOLE CARDS ***
Zubasa07: raises $3 to $6
Ramsesace: folds
Uncalled bet ($3) returned to Zubasa07
Zubasa07 collected $6 from pot
Zubasa07: doesn't show hand
*** SUMMARY ***
Total pot $6 | Rake $0
Seat 1: Ramsesace (big blind) folded before Flop
Seat 5: Zubasa07 (button) (small blind) collected ($6)


PokerStars Hand #155938643386:  Hold'em Limit ($3/$6 USD) - 2016/07/13 18:33:55 ET
Table 'Libra' 6-max Seat #1 is the button
Seat 1: Ramsesace ($97.79 in chips)
Seat 5: Zubasa07 ($501.29 in chips)
Ramsesace: posts small blind $1
Actionni13: is sitting out
Zubasa07: posts big blind $3
*** HOLE CARDS ***
Ramsesace: raises $3 to $6
Zubasa07: raises $3 to $9
Ramsesace: raises $3 to $12
Betting is capped
Zubasa07: calls $3
*** FLOP *** [8c 2c 2d]
Actionni13 leaves the table
Zubasa07: checks
Ramsesace: bets $3
Zubasa07: calls $3
*** TURN *** [8c 2c 2d] [2h]
Zubasa07: checks
Ramsesace: bets $6
Zubasa07: calls $6
*** RIVER *** [8c 2c 2d 2h] [6d]
Zubasa07: checks
Ramsesace: checks
*** SHOW DOWN ***
Zubasa07: shows [Ah 4h] (three of a kind, Deuces)
Ramsesace: shows [Qh Ac] (three of a kind, Deuces - Ace+Queen kicker)
Ramsesace collected $41.50 from pot
*** SUMMARY ***
Total pot $42 | Rake $0.50
Board [8c 2c 2d 2h 6d]
Seat 1: Ramsesace (button) (small blind) showed [Qh Ac] and won ($41.50) with three of a kind, Deuces
Seat 5: Zubasa07 (big blind) showed [Ah 4h] and lost with three of a kind, Deuces


PokerStars Hand #155939180837:  Hold'em Limit ($3/$6 USD) - 2016/07/13 18:48:04 ET
Table 'Libra' 6-max Seat #1 is the button
Seat 1: Ramsesace ($79.29 in chips)
Seat 5: Zubasa07 ($578.89 in chips)
Ramsesace: posts small blind $1
Zubasa07: posts big blind $3
*** HOLE CARDS ***
Ramsesace: folds
Uncalled bet ($2) returned to Zubasa07
Zubasa07 collected $2 from pot
Zubasa07: doesn't show hand
*** SUMMARY ***
Total pot $2 | Rake $0
Seat 1: Ramsesace (button) (small blind) folded before Flop
Seat 5: Zubasa07 (big blind) collected ($2)


PokerStars Hand #155939184782:  Hold'em Limit ($3/$6 USD) - 2016/07/13 18:48:10 ET
Table 'Libra' 6-max Seat #5 is the button
Seat 1: Ramsesace ($78.29 in chips)
Seat 5: Zubasa07 ($579.89 in chips)
Zubasa07: posts small blind $1
Ramsesace: posts big blind $3
*** HOLE CARDS ***
Zubasa07: raises $3 to $6
Ramsesace: calls $3
*** FLOP *** [Ad 3c 6h]
Ramsesace: checks
Zubasa07: bets $3
Ramsesace: calls $3
*** TURN *** [Ad 3c 6h] [Jc]
Ramsesace: bets $6
Zubasa07: calls $6
*** RIVER *** [Ad 3c 6h Jc] [5c]
Ramsesace: bets $6
Zubasa07: calls $6
*** SHOW DOWN ***
Ramsesace: shows [Ah 7d] (a pair of Aces)
Zubasa07: mucks hand
Ramsesace collected $41.50 from pot
*** SUMMARY ***
Total pot $42 | Rake $0.50
Board [Ad 3c 6h Jc 5c]
Seat 1: Ramsesace (big blind) showed [Ah 7d] and won ($41.50) with a pair of Aces
Seat 5: Zubasa07 (button) (small blind) mucked


PokerStars Hand #155939209027:  Hold'em Limit ($3/$6 USD) - 2016/07/13 18:48:50 ET
Table 'Libra' 6-max Seat #1 is the button
Seat 1: Ramsesace ($98.79 in chips)
Seat 5: Zubasa07 ($558.89 in chips)
Ramsesace: posts small blind $1
Zubasa07: posts big blind $3
*** HOLE CARDS ***
Ramsesace: raises $3 to $6
Zubasa07: calls $3
*** FLOP *** [4s 4h Kc]
Zubasa07: checks
Ramsesace: bets $3
Zubasa07: calls $3
*** TURN *** [4s 4h Kc] [Jd]
Zubasa07: checks
Ramsesace: bets $6
Zubasa07: calls $6
*** RIVER *** [4s 4h Kc Jd] [2d]
Zubasa07: checks
Ramsesace: bets $6
Zubasa07: folds
Uncalled bet ($6) returned to Ramsesace
Ramsesace collected $29.50 from pot
Ramsesace: doesn't show hand
*** SUMMARY ***
Total pot $30 | Rake $0.50
Board [4s 4h Kc Jd 2d]
Seat 1: Ramsesace (button) (small blind) collected ($29.50)
Seat 5: Zubasa07 (big blind) folded on the River


PokerStars Hand #155939245229:  Hold'em Limit ($3/$6 USD) - 2016/07/13 18:49:49 ET
Table 'Libra' 6-max Seat #5 is the button
Seat 1: Ramsesace ($113.29 in chips)
Seat 5: Zubasa07 ($543.89 in chips)
Zubasa07: posts small blind $1
Ramsesace: posts big blind $3
*** HOLE CARDS ***
Zubasa07: folds
Uncalled bet ($2) returned to Ramsesace
Ramsesace collected $2 from pot
Ramsesace: doesn't show hand
*** SUMMARY ***
Total pot $2 | Rake $0
Seat 1: Ramsesace (big blind) collected ($2)
Seat 5: Zubasa07 (button) (small blind) folded before Flop


PokerStars Hand #155939253072:  Hold'em Limit ($3/$6 USD) - 2016/07/13 18:50:01 ET
Table 'Libra' 6-max Seat #1 is the button
Seat 1: Ramsesace ($114.29 in chips)
Seat 5: Zubasa07 ($542.89 in chips)
Ramsesace: posts small blind $1
Zubasa07: posts big blind $3
*** HOLE CARDS ***
Ramsesace: folds
Uncalled bet ($2) returned to Zubasa07
Zubasa07 collected $2 from pot
Zubasa07: doesn't show hand
*** SUMMARY ***
Total pot $2 | Rake $0
Seat 1: Ramsesace (button) (small blind) folded before Flop
Seat 5: Zubasa07 (big blind) collected ($2)


PokerStars Hand #155939255951:  Hold'em Limit ($3/$6 USD) - 2016/07/13 18:50:06 ET
Table 'Libra' 6-max Seat #5 is the button
Seat 1: Ramsesace ($113.29 in chips)
Seat 5: Zubasa07 ($543.89 in chips)
Zubasa07: posts small blind $1
Ramsesace: posts big blind $3
*** HOLE CARDS ***
Zubasa07: raises $3 to $6
Ramsesace: folds
Uncalled bet ($3) returned to Zubasa07
Zubasa07 collected $6 from pot
Zubasa07: doesn't show hand
*** SUMMARY ***
Total pot $6 | Rake $0
Seat 1: Ramsesace (big blind) folded before Flop
Seat 5: Zubasa07 (button) (small blind) collected ($6)


PokerStars Hand #155939261914:  Hold'em Limit ($3/$6 USD) - 2016/07/13 18:50:16 ET
Table 'Libra' 6-max Seat #1 is the button
Seat 1: Ramsesace ($110.29 in chips)
Seat 5: Zubasa07 ($546.89 in chips)
Ramsesace: posts small blind $1
Zubasa07: posts big blind $3
*** HOLE CARDS ***
Ramsesace: raises $3 to $6
Zubasa07: calls $3
*** FLOP *** [4d Td 3c]
Zubasa07: checks
Ramsesace: bets $3
Zubasa07: raises $3 to $6
Ramsesace: calls $3
*** TURN *** [4d Td 3c] [5s]
Zubasa07: bets $6
Ramsesace: raises $6 to $12
Zubasa07: calls $6
*** RIVER *** [4d Td 3c 5s] [3h]
Zubasa07: checks
Ramsesace: bets $6
Zubasa07: folds
Uncalled bet ($6) returned to Ramsesace
Ramsesace collected $47.50 from pot
Ramsesace: doesn't show hand
*** SUMMARY ***
Total pot $48 | Rake $0.50
Board [4d Td 3c 5s 3h]
Seat 1: Ramsesace (button) (small blind) collected ($47.50)
Seat 5: Zubasa07 (big blind) folded on the River


PokerStars Hand #155939291749:  Hold'em Limit ($3/$6 USD) - 2016/07/13 18:51:05 ET
Table 'Libra' 6-max Seat #5 is the button
Seat 1: Ramsesace ($133.79 in chips)
Seat 5: Zubasa07 ($522.89 in chips)
Zubasa07: posts small blind $1
Ramsesace: posts big blind $3
*** HOLE CARDS ***
Zubasa07: raises $3 to $6
Ramsesace: calls $3
*** FLOP *** [3c 6c Kd]
Ramsesace: checks
Zubasa07: bets $3
Ramsesace: folds
Uncalled bet ($3) returned to Zubasa07
Zubasa07 collected $11.76 from pot
Zubasa07: doesn't show hand
*** SUMMARY ***
Total pot $12 | Rake $0.24
Board [3c 6c Kd]
Seat 1: Ramsesace (big blind) folded on the Flop
Seat 5: Zubasa07 (button) (small blind) collected ($11.76)


PokerStars Hand #155939300344:  Hold'em Limit ($3/$6 USD) - 2016/07/13 18:51:19 ET
Table 'Libra' 6-max Seat #1 is the button
Seat 1: Ramsesace ($127.79 in chips)
Seat 5: Zubasa07 ($528.65 in chips)
Ramsesace: posts small blind $1
Zubasa07: posts big blind $3
*** HOLE CARDS ***
Ramsesace: raises $3 to $6
Zubasa07: calls $3
*** FLOP *** [6s 3c 5c]
Zubasa07: checks
Ramsesace: bets $3
Zubasa07: raises $3 to $6
Ramsesace: calls $3
*** TURN *** [6s 3c 5c] [7s]
Zubasa07: bets $6
Ramsesace: calls $6
*** RIVER *** [6s 3c 5c 7s] [7d]
Zubasa07: bets $6
Ramsesace: calls $6
*** SHOW DOWN ***
Zubasa07: shows [Jh 2d] (a pair of Sevens)
Ramsesace: shows [Ac As] (two pair, Aces and Sevens)
Ramsesace collected $47.50 from pot
*** SUMMARY ***
Total pot $48 | Rake $0.50
Board [6s 3c 5c 7s 7d]
Seat 1: Ramsesace (button) (small blind) showed [Ac As] and won ($47.50) with two pair, Aces and Sevens
Seat 5: Zubasa07 (big blind) showed [Jh 2d] and lost with a pair of Sevens


PokerStars Hand #155939318199:  Hold'em Limit ($3/$6 USD) - 2016/07/13 18:51:49 ET
Table 'Libra' 6-max Seat #5 is the button
Seat 1: Ramsesace ($151.29 in chips)
Seat 5: Zubasa07 ($504.65 in chips)
Zubasa07: posts small blind $1
Ramsesace: posts big blind $3
*** HOLE CARDS ***
Zubasa07: raises $3 to $6
Ramsesace: calls $3
*** FLOP *** [6h Qd 7s]
Ramsesace: checks
Zubasa07: checks
*** TURN *** [6h Qd 7s] [Kc]
Ramsesace: checks
Zubasa07: bets $6
Ramsesace: raises $6 to $12
Zubasa07: calls $6
*** RIVER *** [6h Qd 7s Kc] [Qh]
Ramsesace: bets $6
Zubasa07: calls $6
*** SHOW DOWN ***
Ramsesace: shows [7h Qc] (a full house, Queens full of Sevens)
Zubasa07: mucks hand
Ramsesace collected $47.50 from pot
*** SUMMARY ***
Total pot $48 | Rake $0.50
Board [6h Qd 7s Kc Qh]
Seat 1: Ramsesace (big blind) showed [7h Qc] and won ($47.50) with a full house, Queens full of Sevens
Seat 5: Zubasa07 (button) (small blind) mucked


PokerStars Hand #155939351966:  Hold'em Limit ($3/$6 USD) - 2016/07/13 18:52:45 ET
Table 'Libra' 6-max Seat #5 is the button
Seat 1: Ramsesace ($180.55 in chips)
Seat 5: Zubasa07 ($474.65 in chips)
Zubasa07: posts small blind $1
Ramsesace: posts big blind $3
*** HOLE CARDS ***
Zubasa07: raises $3 to $6
Ramsesace: folds
Uncalled bet ($3) returned to Zubasa07
Zubasa07 collected $6 from pot
Zubasa07: doesn't show hand
*** SUMMARY ***
Total pot $6 | Rake $0
Seat 1: Ramsesace (big blind) folded before Flop
Seat 5: Zubasa07 (button) (small blind) collected ($6)


PokerStars Hand #155939340681:  Hold'em Limit ($3/$6 USD) - 2016/07/13 18:52:27 ET
Table 'Libra' 6-max Seat #1 is the button
Seat 1: Ramsesace ($174.79 in chips)
Seat 5: Zubasa07 ($480.65 in chips)
Ramsesace: posts small blind $1
Zubasa07: posts big blind $3
*** HOLE CARDS ***
Ramsesace: raises $3 to $6
Zubasa07: calls $3
*** FLOP *** [9s 2s 9c]
Zubasa07: checks
Ramsesace: bets $3
Zubasa07: folds
Uncalled bet ($3) returned to Ramsesace
Ramsesace collected $11.76 from pot
Ramsesace: doesn't show hand
*** SUMMARY ***
Total pot $12 | Rake $0.24
Board [9s 2s 9c]
Seat 1: Ramsesace (button) (small blind) collected ($11.76)
Seat 5: Zubasa07 (big blind) folded on the Flop


PokerStars Hand #155939358504:  Hold'em Limit ($3/$6 USD) - 2016/07/13 18:52:56 ET
Table 'Libra' 6-max Seat #5 is the button
Seat 1: Ramsesace ($176.55 in chips)
Seat 5: Zubasa07 ($478.65 in chips)
Zubasa07: posts small blind $1
Ramsesace: posts big blind $3
*** HOLE CARDS ***
Zubasa07: folds
Uncalled bet ($2) returned to Ramsesace
Ramsesace collected $2 from pot
Ramsesace: doesn't show hand
*** SUMMARY ***
Total pot $2 | Rake $0
Seat 1: Ramsesace (big blind) collected ($2)
Seat 5: Zubasa07 (button) (small blind) folded before Flop


PokerStars Hand #155939355298:  Hold'em Limit ($3/$6 USD) - 2016/07/13 18:52:51 ET
Table 'Libra' 6-max Seat #1 is the button
Seat 1: Ramsesace ($177.55 in chips)
Seat 5: Zubasa07 ($477.65 in chips)
Ramsesace: posts small blind $1
Zubasa07: posts big blind $3
*** HOLE CARDS ***
Ramsesace: folds
Uncalled bet ($2) returned to Zubasa07
Zubasa07 collected $2 from pot
Zubasa07: doesn't show hand
*** SUMMARY ***
Total pot $2 | Rake $0
Seat 1: Ramsesace (button) (small blind) folded before Flop
Seat 5: Zubasa07 (big blind) collected ($2)


PokerStars Hand #155939361173:  Hold'em Limit ($3/$6 USD) - 2016/07/13 18:53:01 ET
Table 'Libra' 6-max Seat #1 is the button
Seat 1: Ramsesace ($177.55 in chips)
Seat 5: Zubasa07 ($477.65 in chips)
Ramsesace: posts small blind $1
Zubasa07: posts big blind $3
*** HOLE CARDS ***
Ramsesace: raises $3 to $6
Zubasa07: calls $3
*** FLOP *** [Kh Th Ah]
Zubasa07: checks
Ramsesace: bets $3
Zubasa07: calls $3
*** TURN *** [Kh Th Ah] [5h]
Zubasa07: checks
Ramsesace: checks
*** RIVER *** [Kh Th Ah 5h] [Qc]
Zubasa07: checks
Ramsesace: checks
*** SHOW DOWN ***
Zubasa07: shows [Qs 4c] (a pair of Queens)
Ramsesace: shows [Ad Ts] (two pair, Aces and Tens)
Ramsesace collected $17.64 from pot
*** SUMMARY ***
Total pot $18 | Rake $0.36
Board [Kh Th Ah 5h Qc]
Seat 1: Ramsesace (button) (small blind) showed [Ad Ts] and won ($17.64) with two pair, Aces and Tens
Seat 5: Zubasa07 (big blind) showed [Qs 4c] and lost with a pair of Queens


PokerStars Hand #155939377559:  Hold'em Limit ($3/$6 USD) - 2016/07/13 18:53:28 ET
Table 'Libra' 6-max Seat #5 is the button
Seat 1: Ramsesace ($186.19 in chips)
Seat 5: Zubasa07 ($468.65 in chips)
Zubasa07: posts small blind $1
Ramsesace: posts big blind $3
*** HOLE CARDS ***
Zubasa07: raises $3 to $6
Ramsesace: raises $3 to $9
Zubasa07: calls $3
*** FLOP *** [7h Kd 3s]
Ramsesace: bets $3
Zubasa07: calls $3
*** TURN *** [7h Kd 3s] [Jh]
Ramsesace: bets $6
Zubasa07: calls $6
*** RIVER *** [7h Kd 3s Jh] [8h]
Ramsesace: bets $6
Zubasa07: calls $6
*** SHOW DOWN ***
Ramsesace: shows [Js Ac] (a pair of Jacks)
Zubasa07: mucks hand
Ramsesace collected $47.50 from pot
*** SUMMARY ***
Total pot $48 | Rake $0.50
Board [7h Kd 3s Jh 8h]
Seat 1: Ramsesace (big blind) showed [Js Ac] and won ($47.50) with a pair of Jacks
Seat 5: Zubasa07 (button) (small blind) mucked


PokerStars Hand #155939397807:  Hold'em Limit ($3/$6 USD) - 2016/07/13 18:54:02 ET
Table 'Libra' 6-max Seat #1 is the button
Seat 1: Ramsesace ($209.69 in chips)
Seat 5: Zubasa07 ($444.65 in chips)
Ramsesace: posts small blind $1
Zubasa07: posts big blind $3
*** HOLE CARDS ***
Ramsesace: calls $2
Zubasa07: raises $3 to $6
Ramsesace: calls $3
*** FLOP *** [Kc 6c Jc]
Zubasa07: bets $3
Ramsesace: folds
Uncalled bet ($3) returned to Zubasa07
Zubasa07 collected $11.76 from pot
Zubasa07: doesn't show hand
*** SUMMARY ***
Total pot $12 | Rake $0.24
Board [Kc 6c Jc]
Seat 1: Ramsesace (button) (small blind) folded on the Flop
Seat 5: Zubasa07 (big blind) collected ($11.76)


PokerStars Hand #155939419342:  Hold'em Limit ($3/$6 USD) - 2016/07/13 18:54:39 ET
Table 'Libra' 6-max Seat #1 is the button
Seat 1: Ramsesace ($179.69 in chips)
Seat 5: Zubasa07 ($473.91 in chips)
Ramsesace: posts small blind $1
Zubasa07: posts big blind $3
*** HOLE CARDS ***
Ramsesace: folds
Uncalled bet ($2) returned to Zubasa07
Zubasa07 collected $2 from pot
Zubasa07: doesn't show hand
*** SUMMARY ***
Total pot $2 | Rake $0
Seat 1: Ramsesace (button) (small blind) folded before Flop
Seat 5: Zubasa07 (big blind) collected ($2)


PokerStars Hand #155939403842:  Hold'em Limit ($3/$6 USD) - 2016/07/13 18:54:12 ET
Table 'Libra' 6-max Seat #5 is the button
Seat 1: Ramsesace ($203.69 in chips)
Seat 5: Zubasa07 ($450.41 in chips)
Zubasa07: posts small blind $1
Ramsesace: posts big blind $3
*** HOLE CARDS ***
Zubasa07: raises $3 to $6
Ramsesace: calls $3
*** FLOP *** [6h Qd 3d]
Ramsesace: checks
Zubasa07: bets $3
Ramsesace: raises $3 to $6
Zubasa07: calls $3
*** TURN *** [6h Qd 3d] [7s]
Ramsesace: bets $6
Zubasa07: calls $6
*** RIVER *** [6h Qd 3d 7s] [Kh]
Ramsesace: checks
Zubasa07: bets $6
Ramsesace: calls $6
*** SHOW DOWN ***
Zubasa07: shows [7d 2d] (a pair of Sevens)
Ramsesace: mucks hand
Zubasa07 collected $47.50 from pot
*** SUMMARY ***
Total pot $48 | Rake $0.50
Board [6h Qd 3d 7s Kh]
Seat 1: Ramsesace (big blind) mucked
Seat 5: Zubasa07 (button) (small blind) showed [7d 2d] and won ($47.50) with a pair of Sevens


PokerStars Hand #155939422128:  Hold'em Limit ($3/$6 USD) - 2016/07/13 18:54:43 ET
Table 'Libra' 6-max Seat #5 is the button
Seat 1: Ramsesace ($178.69 in chips)
Seat 5: Zubasa07 ($474.91 in chips)
Zubasa07: posts small blind $1
Ramsesace: posts big blind $3
*** HOLE CARDS ***
Zubasa07: raises $3 to $6
Ramsesace: calls $3
*** FLOP *** [3c 2s Tc]
Ramsesace: checks
Zubasa07: bets $3
Ramsesace: calls $3
*** TURN *** [3c 2s Tc] [8h]
Ramsesace: checks
Zubasa07: checks
*** RIVER *** [3c 2s Tc 8h] [6h]
Ramsesace: bets $6
Zubasa07: folds
Uncalled bet ($6) returned to Ramsesace
Ramsesace collected $17.64 from pot
Ramsesace: doesn't show hand
*** SUMMARY ***
Total pot $18 | Rake $0.36
Board [3c 2s Tc 8h 6h]
Seat 1: Ramsesace (big blind) collected ($17.64)
Seat 5: Zubasa07 (button) (small blind) folded on the River


PokerStars Hand #155939444151:  Hold'em Limit ($3/$6 USD) - 2016/07/13 18:55:21 ET
Table 'Libra' 6-max Seat #1 is the button
Seat 1: Ramsesace ($187.33 in chips)
Seat 5: Zubasa07 ($465.91 in chips)
Ramsesace: posts small blind $1
Zubasa07: posts big blind $3
*** HOLE CARDS ***
Ramsesace: folds
Uncalled bet ($2) returned to Zubasa07
Zubasa07 collected $2 from pot
Zubasa07: doesn't show hand
*** SUMMARY ***
Total pot $2 | Rake $0
Seat 1: Ramsesace (button) (small blind) folded before Flop
Seat 5: Zubasa07 (big blind) collected ($2)


PokerStars Hand #155939462130:  Hold'em Limit ($3/$6 USD) - 2016/07/13 18:55:58 ET
Table 'Libra' 6-max Seat #1 is the button
Seat 1: Ramsesace ($209.83 in chips)
Seat 5: Zubasa07 ($442.91 in chips)
Ramsesace: posts small blind $1
Zubasa07: posts big blind $3
*** HOLE CARDS ***
Ramsesace: folds
Uncalled bet ($2) returned to Zubasa07
Zubasa07 collected $2 from pot
Zubasa07: doesn't show hand
*** SUMMARY ***
Total pot $2 | Rake $0
Seat 1: Ramsesace (button) (small blind) folded before Flop
Seat 5: Zubasa07 (big blind) collected ($2)


PokerStars Hand #155939446318:  Hold'em Limit ($3/$6 USD) - 2016/07/13 18:55:26 ET
Table 'Libra' 6-max Seat #5 is the button
Seat 1: Ramsesace ($186.33 in chips)
Seat 5: Zubasa07 ($466.91 in chips)
Zubasa07: posts small blind $1
Ramsesace: posts big blind $3
*** HOLE CARDS ***
Zubasa07: raises $3 to $6
Ramsesace: calls $3
*** FLOP *** [7s Ac Qc]
Ramsesace: checks
Zubasa07: bets $3
Ramsesace: raises $3 to $6
Zubasa07: calls $3
*** TURN *** [7s Ac Qc] [7c]
Ramsesace: bets $6
Zubasa07: calls $6
*** RIVER *** [7s Ac Qc 7c] [9d]
Ramsesace: bets $6
Zubasa07: calls $6
*** SHOW DOWN ***
Ramsesace: shows [As 9c] (two pair, Aces and Nines)
Zubasa07: mucks hand
Ramsesace collected $47.50 from pot
*** SUMMARY ***
Total pot $48 | Rake $0.50
Board [7s Ac Qc 7c 9d]
Seat 1: Ramsesace (big blind) showed [As 9c] and won ($47.50) with two pair, Aces and Nines
Seat 5: Zubasa07 (button) (small blind) mucked


PokerStars Hand #155939464286:  Hold'em Limit ($3/$6 USD) - 2016/07/13 18:56:03 ET
Table 'Libra' 6-max Seat #5 is the button
Seat 1: Ramsesace ($208.83 in chips)
Seat 5: Zubasa07 ($443.91 in chips)
Zubasa07: posts small blind $1
Ramsesace: posts big blind $3
*** HOLE CARDS ***
Zubasa07: raises $3 to $6
Ramsesace: raises $3 to $9
Zubasa07: calls $3
*** FLOP *** [Qh 2s Th]
Ramsesace: bets $3
Zubasa07: folds
Uncalled bet ($3) returned to Ramsesace
Ramsesace collected $17.64 from pot
Ramsesace: doesn't show hand
*** SUMMARY ***
Total pot $18 | Rake $0.36
Board [Qh 2s Th]
Seat 1: Ramsesace (big blind) collected ($17.64)
Seat 5: Zubasa07 (button) (small blind) folded on the Flop


PokerStars Hand #155939474249:  Hold'em Limit ($3/$6 USD) - 2016/07/13 18:56:23 ET
Table 'Libra' 6-max Seat #1 is the button
Seat 1: Ramsesace ($217.47 in chips)
Seat 5: Zubasa07 ($434.91 in chips)
Ramsesace: posts small blind $1
Zubasa07: posts big blind $3
*** HOLE CARDS ***
Ramsesace: calls $2
Zubasa07: raises $3 to $6
Ramsesace: calls $3
*** FLOP *** [6d Qh Ad]
Zubasa07: bets $3
Ramsesace: folds
Uncalled bet ($3) returned to Zubasa07
Zubasa07 collected $11.76 from pot
Zubasa07: doesn't show hand
*** SUMMARY ***
Total pot $12 | Rake $0.24
Board [6d Qh Ad]
Seat 1: Ramsesace (button) (small blind) folded on the Flop
Seat 5: Zubasa07 (big blind) collected ($11.76)


PokerStars Hand #155939485357:  Hold'em Limit ($3/$6 USD) - 2016/07/13 18:56:45 ET
Table 'Libra' 6-max Seat #5 is the button
Seat 1: Ramsesace ($211.47 in chips)
Seat 5: Zubasa07 ($440.67 in chips)
Zubasa07: posts small blind $1
Ramsesace: posts big blind $3
*** HOLE CARDS ***
Zubasa07: raises $3 to $6
Ramsesace: calls $3
*** FLOP *** [2d Ks Qs]
Ramsesace: checks
Zubasa07: bets $3
Ramsesace: folds
Uncalled bet ($3) returned to Zubasa07
Zubasa07 collected $11.76 from pot
Zubasa07: doesn't show hand
*** SUMMARY ***
Total pot $12 | Rake $0.24
Board [2d Ks Qs]
Seat 1: Ramsesace (big blind) folded on the Flop
Seat 5: Zubasa07 (button) (small blind) collected ($11.76)


PokerStars Hand #155939493671:  Hold'em Limit ($3/$6 USD) - 2016/07/13 18:57:02 ET
Table 'Libra' 6-max Seat #1 is the button
Seat 1: Ramsesace ($205.47 in chips)
Seat 5: Zubasa07 ($446.43 in chips)
Ramsesace: posts small blind $1
Zubasa07: posts big blind $3
*** HOLE CARDS ***
Ramsesace: folds
Uncalled bet ($2) returned to Zubasa07
Zubasa07 collected $2 from pot
Zubasa07: doesn't show hand
*** SUMMARY ***
Total pot $2 | Rake $0
Seat 1: Ramsesace (button) (small blind) folded before Flop
Seat 5: Zubasa07 (big blind) collected ($2)


PokerStars Hand #155939495929:  Hold'em Limit ($3/$6 USD) - 2016/07/13 18:57:06 ET
Table 'Libra' 6-max Seat #5 is the button
Seat 1: Ramsesace ($204.47 in chips)
Seat 5: Zubasa07 ($447.43 in chips)
Zubasa07: posts small blind $1
Ramsesace: posts big blind $3
*** HOLE CARDS ***
Zubasa07: raises $3 to $6
Ramsesace: folds
Uncalled bet ($3) returned to Zubasa07
Zubasa07 collected $6 from pot
Zubasa07: doesn't show hand
*** SUMMARY ***
Total pot $6 | Rake $0
Seat 1: Ramsesace (big blind) folded before Flop
Seat 5: Zubasa07 (button) (small blind) collected ($6)


PokerStars Hand #155939531543:  Hold'em Limit ($3/$6 USD) - 2016/07/13 18:58:00 ET
Table 'Libra' 6-max Seat #1 is the button
Seat 1: Ramsesace ($204.23 in chips)
Seat 5: Zubasa07 ($447.43 in chips)
Ramsesace: posts small blind $1
Zubasa07: posts big blind $3
*** HOLE CARDS ***
Ramsesace: raises $3 to $6
Zubasa07: calls $3
*** FLOP *** [2d 5d 5c]
Zubasa07: checks
Ramsesace: bets $3
Zubasa07: raises $3 to $6
Ramsesace: folds
Uncalled bet ($3) returned to Zubasa07
Zubasa07 collected $17.64 from pot
Zubasa07: doesn't show hand
*** SUMMARY ***
Total pot $18 | Rake $0.36
Board [2d 5d 5c]
Seat 1: Ramsesace (button) (small blind) folded on the Flop
Seat 5: Zubasa07 (big blind) collected ($17.64)


PokerStars Hand #155939528332:  Hold'em Limit ($3/$6 USD) - 2016/07/13 18:57:54 ET
Table 'Libra' 6-max Seat #5 is the button
Seat 1: Ramsesace ($207.23 in chips)
Seat 5: Zubasa07 ($444.43 in chips)
Zubasa07: posts small blind $1
Ramsesace: posts big blind $3
*** HOLE CARDS ***
Zubasa07: raises $3 to $6
Ramsesace: folds
Uncalled bet ($3) returned to Zubasa07
Zubasa07 collected $6 from pot
Zubasa07: doesn't show hand
*** SUMMARY ***
Total pot $6 | Rake $0
Seat 1: Ramsesace (big blind) folded before Flop
Seat 5: Zubasa07 (button) (small blind) collected ($6)


PokerStars Hand #155939499952:  Hold'em Limit ($3/$6 USD) - 2016/07/13 18:57:14 ET
Table 'Libra' 6-max Seat #1 is the button
Seat 1: Ramsesace ($201.47 in chips)
Seat 5: Zubasa07 ($450.43 in chips)
Ramsesace: posts small blind $1
Zubasa07: posts big blind $3
*** HOLE CARDS ***
Ramsesace: raises $3 to $6
Zubasa07: calls $3
*** FLOP *** [Js 2h 2s]
Zubasa07: checks
Ramsesace: bets $3
Zubasa07: folds
Uncalled bet ($3) returned to Ramsesace
Ramsesace collected $11.76 from pot
Ramsesace: doesn't show hand
*** SUMMARY ***
Total pot $12 | Rake $0.24
Board [Js 2h 2s]
Seat 1: Ramsesace (button) (small blind) collected ($11.76)
Seat 5: Zubasa07 (big blind) folded on the Flop


PokerStars Hand #155939548500:  Hold'em Limit ($3/$6 USD) - 2016/07/13 18:58:34 ET
Table 'Libra' 6-max Seat #1 is the button
Seat 1: Ramsesace ($192.23 in chips)
Seat 5: Zubasa07 ($459.07 in chips)
Ramsesace: posts small blind $1
Zubasa07: posts big blind $3
*** HOLE CARDS ***
Ramsesace: raises $3 to $6
Zubasa07: folds
Uncalled bet ($3) returned to Ramsesace
Ramsesace collected $6 from pot
Ramsesace: doesn't show hand
*** SUMMARY ***
Total pot $6 | Rake $0
Seat 1: Ramsesace (button) (small blind) collected ($6)
Seat 5: Zubasa07 (big blind) folded before Flop


PokerStars Hand #155939545537:  Hold'em Limit ($3/$6 USD) - 2016/07/13 18:58:28 ET
Table 'Libra' 6-max Seat #5 is the button
Seat 1: Ramsesace ($195.23 in chips)
Seat 5: Zubasa07 ($456.07 in chips)
Zubasa07: posts small blind $1
Ramsesace: posts big blind $3
*** HOLE CARDS ***
Zubasa07: raises $3 to $6
Ramsesace: folds
Uncalled bet ($3) returned to Zubasa07
Zubasa07 collected $6 from pot
Zubasa07: doesn't show hand
*** SUMMARY ***
Total pot $6 | Rake $0
Seat 1: Ramsesace (big blind) folded before Flop
Seat 5: Zubasa07 (button) (small blind) collected ($6)


PokerStars Hand #155939574987:  Hold'em Limit ($3/$6 USD) - 2016/07/13 18:59:28 ET
Table 'Libra' 6-max Seat #1 is the button
Seat 1: Ramsesace ($198.75 in chips)
Seat 5: Zubasa07 ($452.07 in chips)
Ramsesace: posts small blind $1
Zubasa07: posts big blind $3
*** HOLE CARDS ***
Ramsesace: folds
Uncalled bet ($2) returned to Zubasa07
Zubasa07 collected $2 from pot
Zubasa07: doesn't show hand
*** SUMMARY ***
Total pot $2 | Rake $0
Seat 1: Ramsesace (button) (small blind) folded before Flop
Seat 5: Zubasa07 (big blind) collected ($2)


PokerStars Hand #155939562241:  Hold'em Limit ($3/$6 USD) - 2016/07/13 18:59:02 ET
Table 'Libra' 6-max Seat #5 is the button
Seat 1: Ramsesace ($187.23 in chips)
Seat 5: Zubasa07 ($464.07 in chips)
Zubasa07: posts small blind $1
Ramsesace: posts big blind $3
*** HOLE CARDS ***
Zubasa07: raises $3 to $6
Ramsesace: raises $3 to $9
Zubasa07: calls $3
*** FLOP *** [3h 9s 8h]
Ramsesace: bets $3
Zubasa07: calls $3
*** TURN *** [3h 9s 8h] [8d]
Ramsesace: checks
Zubasa07: checks
*** RIVER *** [3h 9s 8h 8d] [5d]
Ramsesace: checks
Zubasa07: checks
*** SHOW DOWN ***
Ramsesace: shows [Ts Ad] (a pair of Eights)
Zubasa07: mucks hand
Ramsesace collected $23.52 from pot
*** SUMMARY ***
Total pot $24 | Rake $0.48
Board [3h 9s 8h 8d 5d]
Seat 1: Ramsesace (big blind) showed [Ts Ad] and won ($23.52) with a pair of Eights
Seat 5: Zubasa07 (button) (small blind) mucked


PokerStars Hand #155939560149:  Hold'em Limit ($3/$6 USD) - 2016/07/13 18:58:58 ET
Table 'Libra' 6-max Seat #1 is the button
Seat 1: Ramsesace ($188.23 in chips)
Seat 5: Zubasa07 ($463.07 in chips)
Ramsesace: posts small blind $1
Zubasa07: posts big blind $3
*** HOLE CARDS ***
Ramsesace: folds
Uncalled bet ($2) returned to Zubasa07
Zubasa07 collected $2 from pot
Zubasa07: doesn't show hand
*** SUMMARY ***
Total pot $2 | Rake $0
Seat 1: Ramsesace (button) (small blind) folded before Flop
Seat 5: Zubasa07 (big blind) collected ($2)


PokerStars Hand #155939556631:  Hold'em Limit ($3/$6 USD) - 2016/07/13 18:58:51 ET
Table 'Libra' 6-max Seat #5 is the button
Seat 1: Ramsesace ($191.23 in chips)
Seat 5: Zubasa07 ($460.07 in chips)
Zubasa07: posts small blind $1
Ramsesace: posts big blind $3
*** HOLE CARDS ***
Zubasa07: raises $3 to $6
Ramsesace: folds
Uncalled bet ($3) returned to Zubasa07
Zubasa07 collected $6 from pot
Zubasa07: doesn't show hand
*** SUMMARY ***
Total pot $6 | Rake $0
Seat 1: Ramsesace (big blind) folded before Flop
Seat 5: Zubasa07 (button) (small blind) collected ($6)


PokerStars Hand #155939554434:  Hold'em Limit ($3/$6 USD) - 2016/07/13 18:58:47 ET
Table 'Libra' 6-max Seat #1 is the button
Seat 1: Ramsesace ($192.23 in chips)
Seat 5: Zubasa07 ($459.07 in chips)
Ramsesace: posts small blind $1
Zubasa07: posts big blind $3
*** HOLE CARDS ***
Ramsesace: folds
Uncalled bet ($2) returned to Zubasa07
Zubasa07 collected $2 from pot
Zubasa07: doesn't show hand
*** SUMMARY ***
Total pot $2 | Rake $0
Seat 1: Ramsesace (button) (small blind) folded before Flop
Seat 5: Zubasa07 (big blind) collected ($2)


PokerStars Hand #155939551439:  Hold'em Limit ($3/$6 USD) - 2016/07/13 18:58:40 ET
Table 'Libra' 6-max Seat #5 is the button
Seat 1: Ramsesace ($195.23 in chips)
Seat 5: Zubasa07 ($456.07 in chips)
Zubasa07: posts small blind $1
Ramsesace: posts big blind $3
*** HOLE CARDS ***
Zubasa07: raises $3 to $6
Ramsesace: folds
Uncalled bet ($3) returned to Zubasa07
Zubasa07 collected $6 from pot
Zubasa07: doesn't show hand
*** SUMMARY ***
Total pot $6 | Rake $0
Seat 1: Ramsesace (big blind) folded before Flop
Seat 5: Zubasa07 (button) (small blind) collected ($6)


PokerStars Hand #155939597542:  Hold'em Limit ($3/$6 USD) - 2016/07/13 19:00:14 ET
Table 'Libra' 6-max Seat #5 is the button
Seat 1: Ramsesace ($200.51 in chips)
Seat 5: Zubasa07 ($450.07 in chips)
Zubasa07: posts small blind $1
Ramsesace: posts big blind $3
*** HOLE CARDS ***
Zubasa07: raises $3 to $6
Ramsesace: calls $3
*** FLOP *** [6d 7c Ks]
Ramsesace: checks
Zubasa07: bets $3
Ramsesace: calls $3
*** TURN *** [6d 7c Ks] [Qd]
Ramsesace: checks
Zubasa07: bets $6
Ramsesace: calls $6
*** RIVER *** [6d 7c Ks Qd] [8d]
Ramsesace: checks
Zubasa07: bets $6
Ramsesace: calls $6
*** SHOW DOWN ***
Zubasa07: shows [Ah As] (a pair of Aces)
Ramsesace: mucks hand
Zubasa07 collected $41.50 from pot
*** SUMMARY ***
Total pot $42 | Rake $0.50
Board [6d 7c Ks Qd 8d]
Seat 1: Ramsesace (big blind) mucked
Seat 5: Zubasa07 (button) (small blind) showed [Ah As] and won ($41.50) with a pair of Aces


PokerStars Hand #155939588801:  Hold'em Limit ($3/$6 USD) - 2016/07/13 18:59:56 ET
Table 'Libra' 6-max Seat #1 is the button
Seat 1: Ramsesace ($194.75 in chips)
Seat 5: Zubasa07 ($456.07 in chips)
Ramsesace: posts small blind $1
Zubasa07: posts big blind $3
*** HOLE CARDS ***
Ramsesace: raises $3 to $6
Zubasa07: calls $3
*** FLOP *** [6c 4c 8c]
Zubasa07: checks
Ramsesace: bets $3
Zubasa07: folds
Uncalled bet ($3) returned to Ramsesace
Ramsesace collected $11.76 from pot
Ramsesace: doesn't show hand
*** SUMMARY ***
Total pot $12 | Rake $0.24
Board [6c 4c 8c]
Seat 1: Ramsesace (button) (small blind) collected ($11.76)
Seat 5: Zubasa07 (big blind) folded on the Flop


PokerStars Hand #155939585793:  Hold'em Limit ($3/$6 USD) - 2016/07/13 18:59:50 ET
Table 'Libra' 6-max Seat #5 is the button
Seat 1: Ramsesace ($197.75 in chips)
Seat 5: Zubasa07 ($453.07 in chips)
Zubasa07: posts small blind $1
Ramsesace: posts big blind $3
*** HOLE CARDS ***
Zubasa07: raises $3 to $6
Ramsesace: folds
Uncalled bet ($3) returned to Zubasa07
Zubasa07 collected $6 from pot
Zubasa07: doesn't show hand
*** SUMMARY ***
Total pot $6 | Rake $0
Seat 1: Ramsesace (big blind) folded before Flop
Seat 5: Zubasa07 (button) (small blind) collected ($6)


PokerStars Hand #155939583284:  Hold'em Limit ($3/$6 USD) - 2016/07/13 18:59:45 ET
Table 'Libra' 6-max Seat #1 is the button
Seat 1: Ramsesace ($198.75 in chips)
Seat 5: Zubasa07 ($452.07 in chips)
Ramsesace: posts small blind $1
Zubasa07: posts big blind $3
*** HOLE CARDS ***
Ramsesace: folds
Uncalled bet ($2) returned to Zubasa07
Zubasa07 collected $2 from pot
Zubasa07: doesn't show hand
*** SUMMARY ***
Total pot $2 | Rake $0
Seat 1: Ramsesace (button) (small blind) folded before Flop
Seat 5: Zubasa07 (big blind) collected ($2)


PokerStars Hand #155939580325:  Hold'em Limit ($3/$6 USD) - 2016/07/13 18:59:39 ET
Table 'Libra' 6-max Seat #5 is the button
Seat 1: Ramsesace ($197.75 in chips)
Seat 5: Zubasa07 ($453.07 in chips)
Zubasa07: posts small blind $1
Ramsesace: posts big blind $3
*** HOLE CARDS ***
Zubasa07: folds
Uncalled bet ($2) returned to Ramsesace
Ramsesace collected $2 from pot
Ramsesace: doesn't show hand
*** SUMMARY ***
Total pot $2 | Rake $0
Seat 1: Ramsesace (big blind) collected ($2)
Seat 5: Zubasa07 (button) (small blind) folded before Flop


PokerStars Hand #155939618930:  Hold'em Limit ($3/$6 USD) - 2016/07/13 19:00:56 ET
Table 'Libra' 6-max Seat #5 is the button
Seat 1: Ramsesace ($174.51 in chips)
Seat 5: Zubasa07 ($475.57 in chips)
Zubasa07: posts small blind $1
Ramsesace: posts big blind $3
*** HOLE CARDS ***
Zubasa07: raises $3 to $6
Ramsesace: calls $3
*** FLOP *** [Js 3d 6d]
Ramsesace: checks
Zubasa07: bets $3
Ramsesace: folds
Uncalled bet ($3) returned to Zubasa07
Zubasa07 collected $11.76 from pot
Zubasa07: doesn't show hand
*** SUMMARY ***
Total pot $12 | Rake $0.24
Board [Js 3d 6d]
Seat 1: Ramsesace (big blind) folded on the Flop
Seat 5: Zubasa07 (button) (small blind) collected ($11.76)


PokerStars Hand #155939613031:  Hold'em Limit ($3/$6 USD) - 2016/07/13 19:00:44 ET
Table 'Libra' 6-max Seat #5 is the button
Seat 1: Ramsesace ($178.51 in chips)
Seat 5: Zubasa07 ($471.57 in chips)
Zubasa07: posts small blind $1
Ramsesace: posts big blind $3
*** HOLE CARDS ***
Zubasa07: raises $3 to $6
Ramsesace: folds
Uncalled bet ($3) returned to Zubasa07
Zubasa07 collected $6 from pot
Zubasa07: doesn't show hand
*** SUMMARY ***
Total pot $6 | Rake $0
Seat 1: Ramsesace (big blind) folded before Flop
Seat 5: Zubasa07 (button) (small blind) collected ($6)


PokerStars Hand #155939628360:  Hold'em Limit ($3/$6 USD) - 2016/07/13 19:01:13 ET
Table 'Libra' 6-max Seat #1 is the button
Seat 1: Ramsesace ($168.51 in chips)
Seat 5: Zubasa07 ($481.33 in chips)
Ramsesace: posts small blind $1
Zubasa07: posts big blind $3
*** HOLE CARDS ***
Ramsesace: raises $3 to $6
Zubasa07: raises $3 to $9
Ramsesace: calls $3
*** FLOP *** [4c 3d 6c]
Zubasa07: bets $3
Ramsesace: calls $3
*** TURN *** [4c 3d 6c] [Jh]
Zubasa07: checks
Ramsesace: checks
*** RIVER *** [4c 3d 6c Jh] [Ac]
Zubasa07: bets $6
Ramsesace: folds
Uncalled bet ($6) returned to Zubasa07
Zubasa07 collected $23.52 from pot
Zubasa07: doesn't show hand
*** SUMMARY ***
Total pot $24 | Rake $0.48
Board [4c 3d 6c Jh Ac]
Seat 1: Ramsesace (button) (small blind) folded on the River
Seat 5: Zubasa07 (big blind) collected ($23.52)


