PokerStars Hand #153145443870:  Hold'em Limit ($3/$6 USD) - 2016/05/10 23:59:15 ET
Table 'Libra' 10-max Seat #1 is the button
Seat 1: LifeisagameX ($68.76 in chips)
Seat 2: Rabbidge ($26.87 in chips)
LifeisagameX: posts small blind $1
Rabbidge: posts big blind $3
*** HOLE CARDS ***
LifeisagameX: raises $3 to $6
Rabbidge: calls $3
*** FLOP *** [7s Ac Kd]
Rabbidge: bets $3
LifeisagameX: folds
Uncalled bet ($3) returned to Rabbidge
Rabbidge collected $11.76 from pot
*** SUMMARY ***
Total pot $12 | Rake $0.24
Board [7s Ac Kd]
Seat 1: LifeisagameX (button) (small blind) folded on the Flop
Seat 2: Rabbidge (big blind) collected ($11.76)


PokerStars Hand #153145435667:  Hold'em Limit ($3/$6 USD) - 2016/05/10 23:58:39 ET
Table 'Libra' 10-max Seat #1 is the button
Seat 1: LifeisagameX ($60 in chips)
Seat 2: Rabbidge ($35.87 in chips)
LifeisagameX: posts small blind $1
Rabbidge: posts big blind $3
*** HOLE CARDS ***
LifeisagameX: raises $3 to $6
Rabbidge: folds
Uncalled bet ($3) returned to LifeisagameX
LifeisagameX collected $6 from pot
LifeisagameX: doesn't show hand
*** SUMMARY ***
Total pot $6 | Rake $0
Seat 1: LifeisagameX (button) (small blind) collected ($6)
Seat 2: Rabbidge (big blind) folded before Flop


PokerStars Hand #153145438361:  Hold'em Limit ($3/$6 USD) - 2016/05/10 23:58:51 ET
Table 'Libra' 10-max Seat #2 is the button
Seat 1: LifeisagameX ($63 in chips)
Seat 2: Rabbidge ($32.87 in chips)
Rabbidge: posts small blind $1
LifeisagameX: posts big blind $3
*** HOLE CARDS ***
Rabbidge: calls $2
LifeisagameX: raises $3 to $6
Rabbidge: calls $3
*** FLOP *** [Kh 3c 7h]
LifeisagameX: bets $3
Rabbidge: folds
Uncalled bet ($3) returned to LifeisagameX
LifeisagameX collected $11.76 from pot
LifeisagameX: doesn't show hand
*** SUMMARY ***
Total pot $12 | Rake $0.24
Board [Kh 3c 7h]
Seat 1: LifeisagameX (big blind) collected ($11.76)
Seat 2: Rabbidge (button) (small blind) folded on the Flop


PokerStars Hand #153145457484:  Hold'em Limit ($3/$6 USD) - 2016/05/11 0:00:13 ET
Table 'Libra' 10-max Seat #1 is the button
Seat 1: LifeisagameX ($77.26 in chips)
Seat 2: Rabbidge ($17.63 in chips)
LifeisagameX: posts small blind $1
Rabbidge: posts big blind $3
*** HOLE CARDS ***
LifeisagameX: raises $3 to $6
Rabbidge: raises $3 to $9
LifeisagameX: calls $3
*** FLOP *** [Tc Qc Th]
Rabbidge: bets $3
LifeisagameX: folds
Uncalled bet ($3) returned to Rabbidge
Rabbidge collected $17.64 from pot
*** SUMMARY ***
Total pot $18 | Rake $0.36
Board [Tc Qc Th]
Seat 1: LifeisagameX (button) (small blind) folded on the Flop
Seat 2: Rabbidge (big blind) collected ($17.64)


PokerStars Hand #153145448127:  Hold'em Limit ($3/$6 USD) - 2016/05/10 23:59:33 ET
Table 'Libra' 10-max Seat #2 is the button
Seat 1: LifeisagameX ($62.76 in chips)
Seat 2: Rabbidge ($32.63 in chips)
Rabbidge: posts small blind $1
LifeisagameX: posts big blind $3
*** HOLE CARDS ***
Rabbidge: calls $2
LifeisagameX: raises $3 to $6
Rabbidge: calls $3
*** FLOP *** [5s Qs 4h]
LifeisagameX: bets $3
Rabbidge: calls $3
*** TURN *** [5s Qs 4h] [Kd]
LifeisagameX: checks
Rabbidge: checks
*** RIVER *** [5s Qs 4h Kd] [8c]
LifeisagameX: bets $6
Rabbidge: calls $6
*** SHOW DOWN ***
LifeisagameX: shows [8d 5d] (two pair, Eights and Fives)
Rabbidge: mucks hand
LifeisagameX collected $29.50 from pot
*** SUMMARY ***
Total pot $30 | Rake $0.50
Board [5s Qs 4h Kd 8c]
Seat 1: LifeisagameX (big blind) showed [8d 5d] and won ($29.50) with two pair, Eights and Fives
Seat 2: Rabbidge (button) (small blind) mucked


PokerStars Hand #153145464012:  Hold'em Limit ($3/$6 USD) - 2016/05/11 0:00:41 ET
Table 'Libra' 10-max Seat #2 is the button
Seat 1: LifeisagameX ($68.26 in chips)
Seat 2: Rabbidge ($26.27 in chips)
Rabbidge: posts small blind $1
LifeisagameX: posts big blind $3
*** HOLE CARDS ***
Rabbidge: calls $2
LifeisagameX: checks
*** FLOP *** [9c 3s Js]
LifeisagameX: checks
Rabbidge: checks
*** TURN *** [9c 3s Js] [5c]
LifeisagameX: checks
Rabbidge: bets $6
LifeisagameX: folds
Uncalled bet ($6) returned to Rabbidge
Rabbidge collected $5.88 from pot
*** SUMMARY ***
Total pot $6 | Rake $0.12
Board [9c 3s Js 5c]
Seat 1: LifeisagameX (big blind) folded on the Turn
Seat 2: Rabbidge (button) (small blind) collected ($5.88)


PokerStars Hand #153145469453:  Hold'em Limit ($3/$6 USD) - 2016/05/11 0:01:03 ET
Table 'Libra' 10-max Seat #1 is the button
Seat 1: LifeisagameX ($65.26 in chips)
Seat 2: Rabbidge ($29.15 in chips)
LifeisagameX: posts small blind $1
Rabbidge: posts big blind $3
*** HOLE CARDS ***
LifeisagameX: raises $3 to $6
Rabbidge: calls $3
*** FLOP *** [Ah Qh Jh]
Rabbidge: checks
LifeisagameX: bets $3
Rabbidge: calls $3
*** TURN *** [Ah Qh Jh] [Ad]
Rabbidge: checks
LifeisagameX: bets $6
Rabbidge: raises $6 to $12
LifeisagameX: calls $6
*** RIVER *** [Ah Qh Jh Ad] [Kd]
Rabbidge: bets $6
LifeisagameX: folds
Uncalled bet ($6) returned to Rabbidge
Rabbidge collected $41.50 from pot
*** SUMMARY ***
Total pot $42 | Rake $0.50
Board [Ah Qh Jh Ad Kd]
Seat 1: LifeisagameX (button) (small blind) folded on the River
Seat 2: Rabbidge (big blind) collected ($41.50)


PokerStars Hand #153145484051:  Hold'em Limit ($3/$6 USD) - 2016/05/11 0:01:59 ET
Table 'Libra' 10-max Seat #2 is the button
Seat 1: LifeisagameX ($44.26 in chips)
Seat 2: Rabbidge ($49.65 in chips)
Rabbidge: posts small blind $1
LifeisagameX: posts big blind $3
*** HOLE CARDS ***
Rabbidge: calls $2
LifeisagameX: raises $3 to $6
Rabbidge: calls $3
*** FLOP *** [Kd Ah 8s]
LifeisagameX: checks
Rabbidge: bets $3
LifeisagameX: raises $3 to $6
Rabbidge: calls $3
*** TURN *** [Kd Ah 8s] [4c]
LifeisagameX: bets $6
Rabbidge: folds
Uncalled bet ($6) returned to LifeisagameX
LifeisagameX collected $23.52 from pot
LifeisagameX: doesn't show hand
*** SUMMARY ***
Total pot $24 | Rake $0.48
Board [Kd Ah 8s 4c]
Seat 1: LifeisagameX (big blind) collected ($23.52)
Seat 2: Rabbidge (button) (small blind) folded on the Turn


PokerStars Hand #153145494546:  Hold'em Limit ($3/$6 USD) - 2016/05/11 0:02:39 ET
Table 'Libra' 10-max Seat #1 is the button
Seat 1: LifeisagameX ($55.78 in chips)
Seat 2: Rabbidge ($37.65 in chips)
LifeisagameX: posts small blind $1
Rabbidge: posts big blind $3
*** HOLE CARDS ***
LifeisagameX: raises $3 to $6
Rabbidge: folds
Uncalled bet ($3) returned to LifeisagameX
LifeisagameX collected $6 from pot
LifeisagameX: doesn't show hand
*** SUMMARY ***
Total pot $6 | Rake $0
Seat 1: LifeisagameX (button) (small blind) collected ($6)
Seat 2: Rabbidge (big blind) folded before Flop


PokerStars Hand #153145496947:  Hold'em Limit ($3/$6 USD) - 2016/05/11 0:02:48 ET
Table 'Libra' 10-max Seat #2 is the button
Seat 1: LifeisagameX ($58.78 in chips)
Seat 2: Rabbidge ($34.65 in chips)
Rabbidge: posts small blind $1
LifeisagameX: posts big blind $3
*** HOLE CARDS ***
Rabbidge: folds
Uncalled bet ($2) returned to LifeisagameX
LifeisagameX collected $2 from pot
LifeisagameX: doesn't show hand
*** SUMMARY ***
Total pot $2 | Rake $0
Seat 1: LifeisagameX (big blind) collected ($2)
Seat 2: Rabbidge (button) (small blind) folded before Flop


PokerStars Hand #153145515539:  Hold'em Limit ($3/$6 USD) - 2016/05/11 0:03:50 ET
Table 'Libra' 10-max Seat #2 is the button
Seat 1: LifeisagameX ($32.78 in chips)
Seat 2: Rabbidge ($60.15 in chips)
Rabbidge: posts small blind $1
LifeisagameX: posts big blind $3
*** HOLE CARDS ***
Rabbidge: calls $2
LifeisagameX: raises $3 to $6
Rabbidge: folds
Uncalled bet ($3) returned to LifeisagameX
LifeisagameX collected $6 from pot
LifeisagameX: doesn't show hand
*** SUMMARY ***
Total pot $6 | Rake $0
Seat 1: LifeisagameX (big blind) collected ($6)
Seat 2: Rabbidge (button) (small blind) folded before Flop


PokerStars Hand #153145498534:  Hold'em Limit ($3/$6 USD) - 2016/05/11 0:02:54 ET
Table 'Libra' 10-max Seat #1 is the button
Seat 1: LifeisagameX ($59.78 in chips)
Seat 2: Rabbidge ($33.65 in chips)
LifeisagameX: posts small blind $1
Rabbidge: posts big blind $3
*** HOLE CARDS ***
LifeisagameX: raises $3 to $6
Rabbidge: calls $3
*** FLOP *** [Qs 4s 6d]
Rabbidge: checks
LifeisagameX: bets $3
Rabbidge: calls $3
*** TURN *** [Qs 4s 6d] [Jh]
Rabbidge: bets $6
LifeisagameX: raises $6 to $12
Rabbidge: raises $6 to $18
LifeisagameX: calls $6
*** RIVER *** [Qs 4s 6d Jh] [Js]
Rabbidge: bets $6
LifeisagameX: folds
Uncalled bet ($6) returned to Rabbidge
Rabbidge collected $53.50 from pot
*** SUMMARY ***
Total pot $54 | Rake $0.50
Board [Qs 4s 6d Jh Js]
Seat 1: LifeisagameX (button) (small blind) folded on the River
Seat 2: Rabbidge (big blind) collected ($53.50)


PokerStars Hand #153145535120:  Hold'em Limit ($3/$6 USD) - 2016/05/11 0:05:05 ET
Table 'Libra' 10-max Seat #2 is the button
Seat 1: LifeisagameX ($71.06 in chips)
Seat 2: Rabbidge ($21.37 in chips)
Rabbidge: posts small blind $1
LifeisagameX: posts big blind $3
*** HOLE CARDS ***
Rabbidge: calls $2
LifeisagameX: checks
*** FLOP *** [6c Kh 6d]
LifeisagameX: checks
Rabbidge: bets $3
LifeisagameX: folds
Uncalled bet ($3) returned to Rabbidge
Rabbidge collected $5.88 from pot
*** SUMMARY ***
Total pot $6 | Rake $0.12
Board [6c Kh 6d]
Seat 1: LifeisagameX (big blind) folded on the Flop
Seat 2: Rabbidge (button) (small blind) collected ($5.88)


PokerStars Hand #153145522391:  Hold'em Limit ($3/$6 USD) - 2016/05/11 0:04:16 ET
Table 'Libra' 10-max Seat #1 is the button
Seat 1: LifeisagameX ($35.78 in chips)
Seat 2: Rabbidge ($57.15 in chips)
LifeisagameX: posts small blind $1
Rabbidge: posts big blind $3
*** HOLE CARDS ***
LifeisagameX: raises $3 to $6
Rabbidge: calls $3
*** FLOP *** [Js Tc 2c]
Rabbidge: bets $3
LifeisagameX: raises $3 to $6
Rabbidge: calls $3
*** TURN *** [Js Tc 2c] [Ac]
Rabbidge: bets $6
LifeisagameX: raises $6 to $12
Rabbidge: raises $6 to $18
LifeisagameX: raises $5.78 to $23.78 and is all-in
Betting is capped
Rabbidge: calls $5.78
*** RIVER *** [Js Tc 2c Ac] [5c]
*** SHOW DOWN ***
Rabbidge: shows [As 4s] (a pair of Aces)
LifeisagameX: shows [Ks Qc] (a flush, Ace high)
LifeisagameX collected $71.06 from pot
*** SUMMARY ***
Total pot $71.56 | Rake $0.50
Board [Js Tc 2c Ac 5c]
Seat 1: LifeisagameX (button) (small blind) showed [Ks Qc] and won ($71.06) with a flush, Ace high
Seat 2: Rabbidge (big blind) showed [As 4s] and lost with a pair of Aces


PokerStars Hand #153145545685:  Hold'em Limit ($3/$6 USD) - 2016/05/11 0:05:45 ET
Table 'Libra' 10-max Seat #1 is the button
Seat 1: LifeisagameX ($68.06 in chips)
Seat 2: Rabbidge ($24.25 in chips)
LifeisagameX: posts small blind $1
Rabbidge: posts big blind $3
*** HOLE CARDS ***
LifeisagameX: raises $3 to $6
Rabbidge: folds
Uncalled bet ($3) returned to LifeisagameX
LifeisagameX collected $6 from pot
LifeisagameX: doesn't show hand
*** SUMMARY ***
Total pot $6 | Rake $0
Seat 1: LifeisagameX (button) (small blind) collected ($6)
Seat 2: Rabbidge (big blind) folded before Flop


PokerStars Hand #153145548444:  Hold'em Limit ($3/$6 USD) - 2016/05/11 0:05:55 ET
Table 'Libra' 10-max Seat #2 is the button
Seat 1: LifeisagameX ($71.06 in chips)
Seat 2: Rabbidge ($21.25 in chips)
Rabbidge: posts small blind $1
LifeisagameX: posts big blind $3
*** HOLE CARDS ***
Rabbidge: raises $3 to $6
LifeisagameX: calls $3
*** FLOP *** [9h 7d Jd]
LifeisagameX: checks
Rabbidge: bets $3
LifeisagameX: calls $3
*** TURN *** [9h 7d Jd] [Qs]
LifeisagameX: checks
Rabbidge: bets $6
LifeisagameX: folds
Uncalled bet ($6) returned to Rabbidge
Rabbidge collected $17.64 from pot
*** SUMMARY ***
Total pot $18 | Rake $0.36
Board [9h 7d Jd Qs]
Seat 1: LifeisagameX (big blind) folded on the Turn
Seat 2: Rabbidge (button) (small blind) collected ($17.64)


PokerStars Hand #153145571243:  Hold'em Limit ($3/$6 USD) - 2016/05/11 0:07:22 ET
Table 'Libra' 10-max Seat #1 is the button
Seat 1: LifeisagameX ($70.82 in chips)
Seat 2: Rabbidge ($20.89 in chips)
LifeisagameX: posts small blind $1
Rabbidge: posts big blind $3
*** HOLE CARDS ***
LifeisagameX: folds
Uncalled bet ($2) returned to Rabbidge
Rabbidge collected $2 from pot
*** SUMMARY ***
Total pot $2 | Rake $0
Seat 1: LifeisagameX (button) (small blind) folded before Flop
Seat 2: Rabbidge (big blind) collected ($2)


PokerStars Hand #153145563654:  Hold'em Limit ($3/$6 USD) - 2016/05/11 0:06:53 ET
Table 'Libra' 10-max Seat #2 is the button
Seat 1: LifeisagameX ($65.06 in chips)
Seat 2: Rabbidge ($26.89 in chips)
Rabbidge: posts small blind $1
LifeisagameX: posts big blind $3
*** HOLE CARDS ***
Rabbidge: calls $2
LifeisagameX: raises $3 to $6
Rabbidge: calls $3
*** FLOP *** [8h Kc Qs]
tangxueke joins the table at seat #5
LifeisagameX: bets $3
Rabbidge: folds
Uncalled bet ($3) returned to LifeisagameX
LifeisagameX collected $11.76 from pot
LifeisagameX: doesn't show hand
*** SUMMARY ***
Total pot $12 | Rake $0.24
Board [8h Kc Qs]
Seat 1: LifeisagameX (big blind) collected ($11.76)
Seat 2: Rabbidge (button) (small blind) folded on the Flop


PokerStars Hand #153145558689:  Hold'em Limit ($3/$6 USD) - 2016/05/11 0:06:35 ET
Table 'Libra' 10-max Seat #1 is the button
Seat 1: LifeisagameX ($62.06 in chips)
Seat 2: Rabbidge ($29.89 in chips)
LifeisagameX: posts small blind $1
Rabbidge: posts big blind $3
*** HOLE CARDS ***
LifeisagameX: raises $3 to $6
Rabbidge: folds
Uncalled bet ($3) returned to LifeisagameX
LifeisagameX collected $6 from pot
LifeisagameX: doesn't show hand
*** SUMMARY ***
Total pot $6 | Rake $0
Seat 1: LifeisagameX (button) (small blind) collected ($6)
Seat 2: Rabbidge (big blind) folded before Flop


PokerStars Hand #153145603990:  Hold'em Limit ($3/$6 USD) - 2016/05/11 0:09:30 ET
Table 'Libra' 10-max Seat #1 is the button
Seat 1: LifeisagameX ($116.08 in chips)
Seat 5: tangxueke ($32.73 in chips)
LifeisagameX: posts small blind $1
tangxueke: posts big blind $3
*** HOLE CARDS ***
LifeisagameX: raises $3 to $6
tangxueke: calls $3
*** FLOP *** [Kh 7s 5h]
tangxueke: checks
LifeisagameX: checks
*** TURN *** [Kh 7s 5h] [Tc]
tangxueke: bets $6
Rabbidge leaves the table
LifeisagameX: calls $6
*** RIVER *** [Kh 7s 5h Tc] [8d]
tangxueke: bets $6
LifeisagameX: calls $6
*** SHOW DOWN ***
tangxueke: shows [Ac Ad] (a pair of Aces)
LifeisagameX: mucks hand
tangxueke collected $35.50 from pot
*** SUMMARY ***
Total pot $36 | Rake $0.50
Board [Kh 7s 5h Tc 8d]
Seat 1: LifeisagameX (button) (small blind) mucked
Seat 5: tangxueke (big blind) showed [Ac Ad] and won ($35.50) with a pair of Aces


PokerStars Hand #153145617029:  Hold'em Limit ($3/$6 USD) - 2016/05/11 0:10:21 ET
Table 'Libra' 10-max Seat #1 is the button
Seat 1: LifeisagameX ($92.08 in chips)
Seat 5: tangxueke ($55.99 in chips)
LifeisagameX: posts small blind $1
tangxueke: posts big blind $3
*** HOLE CARDS ***
LifeisagameX: raises $3 to $6
tangxueke: raises $3 to $9
LifeisagameX: calls $3
*** FLOP *** [3c Ts Jd]
tangxueke: bets $3
LifeisagameX: folds
Uncalled bet ($3) returned to tangxueke
tangxueke collected $17.64 from pot
tangxueke: doesn't show hand
*** SUMMARY ***
Total pot $18 | Rake $0.36
Board [3c Ts Jd]
Seat 1: LifeisagameX (button) (small blind) folded on the Flop
Seat 5: tangxueke (big blind) collected ($17.64)


PokerStars Hand #153145612356:  Hold'em Limit ($3/$6 USD) - 2016/05/11 0:10:03 ET
Table 'Libra' 10-max Seat #5 is the button
Seat 1: LifeisagameX ($98.08 in chips)
Seat 5: tangxueke ($50.23 in chips)
tangxueke: posts small blind $1
LifeisagameX: posts big blind $3
*** HOLE CARDS ***
tangxueke: raises $3 to $6
LifeisagameX: calls $3
*** FLOP *** [4d 8c 8d]
LifeisagameX: checks
tangxueke: bets $3
LifeisagameX: folds
Uncalled bet ($3) returned to tangxueke
tangxueke collected $11.76 from pot
tangxueke: doesn't show hand
*** SUMMARY ***
Total pot $12 | Rake $0.24
Board [4d 8c 8d]
Seat 1: LifeisagameX (big blind) folded on the Flop
Seat 5: tangxueke (button) (small blind) collected ($11.76)


PokerStars Hand #153145630516:  Hold'em Limit ($3/$6 USD) - 2016/05/11 0:11:13 ET
Table 'Libra' 10-max Seat #1 is the button
Seat 1: LifeisagameX ($88.84 in chips)
Seat 5: tangxueke ($58.63 in chips)
LifeisagameX: posts small blind $1
tangxueke: posts big blind $3
*** HOLE CARDS ***
LifeisagameX: folds
Uncalled bet ($2) returned to tangxueke
tangxueke collected $2 from pot
tangxueke: doesn't show hand
*** SUMMARY ***
Total pot $2 | Rake $0
Seat 1: LifeisagameX (button) (small blind) folded before Flop
Seat 5: tangxueke (big blind) collected ($2)


PokerStars Hand #153145623349:  Hold'em Limit ($3/$6 USD) - 2016/05/11 0:10:45 ET
Table 'Libra' 10-max Seat #5 is the button
Seat 1: LifeisagameX ($83.08 in chips)
Seat 5: tangxueke ($64.63 in chips)
tangxueke: posts small blind $1
LifeisagameX: posts big blind $3
*** HOLE CARDS ***
tangxueke: raises $3 to $6
LifeisagameX: calls $3
*** FLOP *** [Jd 2h Td]
LifeisagameX: checks
tangxueke: checks
*** TURN *** [Jd 2h Td] [Ad]
LifeisagameX: bets $6
tangxueke: folds
Uncalled bet ($6) returned to LifeisagameX
LifeisagameX collected $11.76 from pot
LifeisagameX: doesn't show hand
*** SUMMARY ***
Total pot $12 | Rake $0.24
Board [Jd 2h Td Ad]
Seat 1: LifeisagameX (big blind) collected ($11.76)
Seat 5: tangxueke (button) (small blind) folded on the Turn


PokerStars Hand #153145642793:  Hold'em Limit ($3/$6 USD) - 2016/05/11 0:12:00 ET
Table 'Libra' 10-max Seat #1 is the button
Seat 1: LifeisagameX ($81.84 in chips)
Seat 5: tangxueke ($65.39 in chips)
LifeisagameX: posts small blind $1
tangxueke: posts big blind $3
*** HOLE CARDS ***
LifeisagameX: raises $3 to $6
tangxueke: calls $3
*** FLOP *** [2c Kc 8c]
tangxueke: checks
LifeisagameX: bets $3
tangxueke: calls $3
*** TURN *** [2c Kc 8c] [Ah]
tangxueke: checks
LifeisagameX: checks
*** RIVER *** [2c Kc 8c Ah] [Jc]
tangxueke: checks
LifeisagameX: bets $6
tangxueke: calls $6
*** SHOW DOWN ***
LifeisagameX: shows [Tc 5h] (a flush, King high)
tangxueke: mucks hand
LifeisagameX collected $29.50 from pot
*** SUMMARY ***
Total pot $30 | Rake $0.50
Board [2c Kc 8c Ah Jc]
Seat 1: LifeisagameX (button) (small blind) showed [Tc 5h] and won ($29.50) with a flush, King high
Seat 5: tangxueke (big blind) mucked


PokerStars Hand #153145635688:  Hold'em Limit ($3/$6 USD) - 2016/05/11 0:11:32 ET
Table 'Libra' 10-max Seat #5 is the button
Seat 1: LifeisagameX ($87.84 in chips)
Seat 5: tangxueke ($59.63 in chips)
tangxueke: posts small blind $1
LifeisagameX: posts big blind $3
*** HOLE CARDS ***
tangxueke: raises $3 to $6
LifeisagameX: calls $3
*** FLOP *** [6s 6h 4c]
LifeisagameX: checks
tangxueke: bets $3
LifeisagameX: folds
Uncalled bet ($3) returned to tangxueke
tangxueke collected $11.76 from pot
tangxueke: doesn't show hand
*** SUMMARY ***
Total pot $12 | Rake $0.24
Board [6s 6h 4c]
Seat 1: LifeisagameX (big blind) folded on the Flop
Seat 5: tangxueke (button) (small blind) collected ($11.76)


PokerStars Hand #153145651187:  Hold'em Limit ($3/$6 USD) - 2016/05/11 0:12:33 ET
Table 'Libra' 10-max Seat #5 is the button
Seat 1: LifeisagameX ($96.34 in chips)
Seat 5: tangxueke ($50.39 in chips)
tangxueke: posts small blind $1
LifeisagameX: posts big blind $3
*** HOLE CARDS ***
tangxueke: raises $3 to $6
LifeisagameX: calls $3
*** FLOP *** [5c 6d 5d]
LifeisagameX: checks
tangxueke: bets $3
LifeisagameX: raises $3 to $6
tangxueke: raises $3 to $9
LifeisagameX: calls $3
*** TURN *** [5c 6d 5d] [9h]
LifeisagameX: checks
tangxueke: checks
*** RIVER *** [5c 6d 5d 9h] [8d]
LifeisagameX: checks
tangxueke: checks
*** SHOW DOWN ***
LifeisagameX: shows [Jh 6c] (two pair, Sixes and Fives)
tangxueke: shows [Qd 6s] (two pair, Sixes and Fives - Queen kicker)
tangxueke collected $29.50 from pot
*** SUMMARY ***
Total pot $30 | Rake $0.50
Board [5c 6d 5d 9h 8d]
Seat 1: LifeisagameX (big blind) showed [Jh 6c] and lost with two pair, Sixes and Fives
Seat 5: tangxueke (button) (small blind) showed [Qd 6s] and won ($29.50) with two pair, Sixes and Fives


PokerStars Hand #153145668143:  Hold'em Limit ($3/$6 USD) - 2016/05/11 0:13:27 ET
Table 'Libra' 10-max Seat #5 is the button
Seat 1: LifeisagameX ($87.10 in chips)
Seat 5: tangxueke ($58.89 in chips)
tangxueke: posts small blind $1
LifeisagameX: posts big blind $3
*** HOLE CARDS ***
tangxueke: raises $3 to $6
LifeisagameX: raises $3 to $9
tangxueke: calls $3
*** FLOP *** [Jc 8h 9c]
LifeisagameX: bets $3
tangxueke: raises $3 to $6
LifeisagameX: raises $3 to $9
tangxueke: raises $3 to $12
Betting is capped
LifeisagameX: calls $3
*** TURN *** [Jc 8h 9c] [Ts]
LifeisagameX: checks
tangxueke: checks
*** RIVER *** [Jc 8h 9c Ts] [Kh]
LifeisagameX: bets $6
tangxueke: calls $6
*** SHOW DOWN ***
LifeisagameX: shows [Qs 8d] (a straight, Nine to King)
tangxueke: mucks hand
LifeisagameX collected $53.50 from pot
*** SUMMARY ***
Total pot $54 | Rake $0.50
Board [Jc 8h 9c Ts Kh]
Seat 1: LifeisagameX (big blind) showed [Qs 8d] and won ($53.50) with a straight, Nine to King
Seat 5: tangxueke (button) (small blind) mucked


PokerStars Hand #153145680585:  Hold'em Limit ($3/$6 USD) - 2016/05/11 0:14:16 ET
Table 'Libra' 10-max Seat #1 is the button
Seat 1: LifeisagameX ($113.60 in chips)
Seat 5: tangxueke ($31.89 in chips)
LifeisagameX: posts small blind $1
tangxueke: posts big blind $3
*** HOLE CARDS ***
LifeisagameX: raises $3 to $6
tangxueke: folds
Uncalled bet ($3) returned to LifeisagameX
LifeisagameX collected $6 from pot
LifeisagameX: doesn't show hand
*** SUMMARY ***
Total pot $6 | Rake $0
Seat 1: LifeisagameX (button) (small blind) collected ($6)
Seat 5: tangxueke (big blind) folded before Flop


PokerStars Hand #153145691764:  Hold'em Limit ($3/$6 USD) - 2016/05/11 0:14:59 ET
Table 'Libra' 10-max Seat #1 is the button
Seat 1: LifeisagameX ($125.24 in chips)
Seat 5: tangxueke ($19.89 in chips)
LifeisagameX: posts small blind $1
tangxueke: posts big blind $3
*** HOLE CARDS ***
LifeisagameX: raises $3 to $6
tangxueke: raises $3 to $9
LifeisagameX: calls $3
*** FLOP *** [Tc Kh 5s]
tangxueke: bets $3
LifeisagameX: calls $3
*** TURN *** [Tc Kh 5s] [3s]
tangxueke: bets $6
LifeisagameX: calls $6
*** RIVER *** [Tc Kh 5s 3s] [Jd]
tangxueke: bets $1.89 and is all-in
LifeisagameX: calls $1.89
*** SHOW DOWN ***
tangxueke: shows [Ac 2c] (high card Ace)
LifeisagameX: shows [Jh Th] (two pair, Jacks and Tens)
LifeisagameX collected $39.28 from pot
*** SUMMARY ***
Total pot $39.78 | Rake $0.50
Board [Tc Kh 5s 3s Jd]
Seat 1: LifeisagameX (button) (small blind) showed [Jh Th] and won ($39.28) with two pair, Jacks and Tens
Seat 5: tangxueke (big blind) showed [Ac 2c] and lost with high card Ace


PokerStars Hand #153145683166:  Hold'em Limit ($3/$6 USD) - 2016/05/11 0:14:26 ET
Table 'Libra' 10-max Seat #5 is the button
Seat 1: LifeisagameX ($116.60 in chips)
Seat 5: tangxueke ($28.89 in chips)
tangxueke: posts small blind $1
LifeisagameX: posts big blind $3
*** HOLE CARDS ***
tangxueke: raises $3 to $6
LifeisagameX: raises $3 to $9
tangxueke: calls $3
*** FLOP *** [Ac 2d 8c]
LifeisagameX: bets $3
tangxueke: folds
Uncalled bet ($3) returned to LifeisagameX
LifeisagameX collected $17.64 from pot
LifeisagameX: doesn't show hand
*** SUMMARY ***
Total pot $18 | Rake $0.36
Board [Ac 2d 8c]
Seat 1: LifeisagameX (big blind) collected ($17.64)
Seat 5: tangxueke (button) (small blind) folded on the Flop


PokerStars Hand #153145707315:  Hold'em Limit ($3/$6 USD) - 2016/05/11 0:16:00 ET
Table 'Libra' 10-max Seat #1 is the button
Seat 1: LifeisagameX ($141.63 in chips)
Seat 5: tangxueke ($123 in chips)
LifeisagameX: posts small blind $1
tangxueke: posts big blind $3
*** HOLE CARDS ***
LifeisagameX: folds
Uncalled bet ($2) returned to tangxueke
tangxueke collected $2 from pot
tangxueke: doesn't show hand
*** SUMMARY ***
Total pot $2 | Rake $0
Seat 1: LifeisagameX (button) (small blind) folded before Flop
Seat 5: tangxueke (big blind) collected ($2)


PokerStars Hand #153145704355:  Hold'em Limit ($3/$6 USD) - 2016/05/11 0:15:48 ET
Table 'Libra' 10-max Seat #5 is the button
Seat 1: LifeisagameX ($144.63 in chips)
Seat 5: tangxueke ($120 in chips)
tangxueke: posts small blind $1
LifeisagameX: posts big blind $3
*** HOLE CARDS ***
tangxueke: raises $3 to $6
LifeisagameX: folds
Uncalled bet ($3) returned to tangxueke
tangxueke collected $6 from pot
tangxueke: doesn't show hand
*** SUMMARY ***
Total pot $6 | Rake $0
Seat 1: LifeisagameX (big blind) folded before Flop
Seat 5: tangxueke (button) (small blind) collected ($6)


PokerStars Hand #153145709499:  Hold'em Limit ($3/$6 USD) - 2016/05/11 0:16:08 ET
Table 'Libra' 10-max Seat #5 is the button
Seat 1: LifeisagameX ($140.63 in chips)
Seat 5: tangxueke ($124 in chips)
tangxueke: posts small blind $1
LifeisagameX: posts big blind $3
*** HOLE CARDS ***
tangxueke: raises $3 to $6
LifeisagameX: raises $3 to $9
tangxueke: raises $3 to $12
Betting is capped
LifeisagameX: calls $3
*** FLOP *** [8s 9s 3c]
LifeisagameX: checks
tangxueke: bets $3
LifeisagameX: raises $3 to $6
tangxueke: raises $3 to $9
LifeisagameX: calls $3
*** TURN *** [8s 9s 3c] [Kh]
LifeisagameX: checks
tangxueke: bets $6
LifeisagameX: calls $6
*** RIVER *** [8s 9s 3c Kh] [Tc]
LifeisagameX: checks
tangxueke: bets $6
LifeisagameX: calls $6
*** SHOW DOWN ***
tangxueke: shows [Th Td] (three of a kind, Tens)
LifeisagameX: mucks hand
tangxueke collected $65.50 from pot
*** SUMMARY ***
Total pot $66 | Rake $0.50
Board [8s 9s 3c Kh Tc]
Seat 1: LifeisagameX (big blind) mucked
Seat 5: tangxueke (button) (small blind) showed [Th Td] and won ($65.50) with three of a kind, Tens


PokerStars Hand #153145727744:  Hold'em Limit ($3/$6 USD) - 2016/05/11 0:17:18 ET
Table 'Libra' 10-max Seat #1 is the button
Seat 1: LifeisagameX ($107.63 in chips)
Seat 5: tangxueke ($156.50 in chips)
LifeisagameX: posts small blind $1
tangxueke: posts big blind $3
*** HOLE CARDS ***
LifeisagameX: raises $3 to $6
tangxueke: folds
Uncalled bet ($3) returned to LifeisagameX
LifeisagameX collected $6 from pot
LifeisagameX: doesn't show hand
*** SUMMARY ***
Total pot $6 | Rake $0
Seat 1: LifeisagameX (button) (small blind) collected ($6)
Seat 5: tangxueke (big blind) folded before Flop


PokerStars Hand #153145730625:  Hold'em Limit ($3/$6 USD) - 2016/05/11 0:17:29 ET
Table 'Libra' 10-max Seat #5 is the button
Seat 1: LifeisagameX ($110.63 in chips)
Seat 5: tangxueke ($153.50 in chips)
tangxueke: posts small blind $1
LifeisagameX: posts big blind $3
*** HOLE CARDS ***
tangxueke: folds
Uncalled bet ($2) returned to LifeisagameX
LifeisagameX collected $2 from pot
LifeisagameX: doesn't show hand
*** SUMMARY ***
Total pot $2 | Rake $0
Seat 1: LifeisagameX (big blind) collected ($2)
Seat 5: tangxueke (button) (small blind) folded before Flop


PokerStars Hand #153145736466:  Hold'em Limit ($3/$6 USD) - 2016/05/11 0:17:52 ET
Table 'Libra' 10-max Seat #5 is the button
Seat 1: LifeisagameX ($105.63 in chips)
Seat 5: tangxueke ($158.26 in chips)
tangxueke: posts small blind $1
LifeisagameX: posts big blind $3
*** HOLE CARDS ***
tangxueke: raises $3 to $6
LifeisagameX: raises $3 to $9
tangxueke: calls $3
*** FLOP *** [Jd Ad 2h]
LifeisagameX: bets $3
tangxueke: calls $3
*** TURN *** [Jd Ad 2h] [As]
LifeisagameX: checks
tangxueke: bets $6
LifeisagameX: folds
Uncalled bet ($6) returned to tangxueke
tangxueke collected $23.52 from pot
tangxueke: doesn't show hand
*** SUMMARY ***
Total pot $24 | Rake $0.48
Board [Jd Ad 2h As]
Seat 1: LifeisagameX (big blind) folded on the Turn
Seat 5: tangxueke (button) (small blind) collected ($23.52)


PokerStars Hand #153145744592:  Hold'em Limit ($3/$6 USD) - 2016/05/11 0:18:23 ET
Table 'Libra' 10-max Seat #1 is the button
Seat 1: LifeisagameX ($93.63 in chips)
Seat 5: tangxueke ($169.78 in chips)
LifeisagameX: posts small blind $1
tangxueke: posts big blind $3
*** HOLE CARDS ***
LifeisagameX: raises $3 to $6
tangxueke: calls $3
*** FLOP *** [8c Jh 4d]
tangxueke: checks
LifeisagameX: checks
*** TURN *** [8c Jh 4d] [7s]
tangxueke: bets $6
LifeisagameX: raises $6 to $12
MARIBORO8 joins the table at seat #6
tangxueke: calls $6
*** RIVER *** [8c Jh 4d 7s] [3c]
tangxueke: checks
LifeisagameX: checks
*** SHOW DOWN ***
tangxueke: shows [3d 9d] (a pair of Threes)
LifeisagameX: shows [Th 8d] (a pair of Eights)
LifeisagameX collected $35.50 from pot
*** SUMMARY ***
Total pot $36 | Rake $0.50
Board [8c Jh 4d 7s 3c]
Seat 1: LifeisagameX (button) (small blind) showed [Th 8d] and won ($35.50) with a pair of Eights
Seat 5: tangxueke (big blind) showed [3d 9d] and lost with a pair of Threes


PokerStars Hand #153147066577:  Hold'em Limit ($3/$6 USD) - 2016/05/11 1:48:06 ET
Table 'Libra' 10-max Seat #5 is the button
Seat 2: belik555 ($72 in chips)
Seat 5: ct-650 ($147 in chips)
ct-650: posts small blind $1
kuku4a: is sitting out
belik555: posts big blind $3
*** HOLE CARDS ***
ct-650: raises $3 to $6
kuku4a leaves the table
belik555: folds
Uncalled bet ($3) returned to ct-650
ct-650 collected $6 from pot
*** SUMMARY ***
Total pot $6 | Rake $0
Seat 2: belik555 (big blind) folded before Flop
Seat 5: ct-650 (button) (small blind) collected ($6)


PokerStars Hand #153152198687:  Hold'em Limit ($3/$6 USD) - 2016/05/11 6:23:47 ET
Table 'Libra' 10-max Seat #3 is the button
Seat 3: boiotov ($72 in chips)
Seat 6: Agrotait ($72 in chips)
boiotov: posts small blind $1
Agrotait: posts big blind $3
*** HOLE CARDS ***
RockKillerTY joins the table at seat #4
boiotov: folds
Uncalled bet ($2) returned to Agrotait
Agrotait collected $2 from pot
Agrotait: doesn't show hand
*** SUMMARY ***
Total pot $2 | Rake $0
Seat 3: boiotov (button) (small blind) folded before Flop
Seat 6: Agrotait (big blind) collected ($2)


PokerStars Hand #153152207850:  Hold'em Limit ($3/$6 USD) - 2016/05/11 6:24:09 ET
Table 'Libra' 10-max Seat #6 is the button
Seat 3: boiotov ($71 in chips)
Seat 6: Agrotait ($73 in chips)
Agrotait: posts small blind $1
boiotov: posts big blind $3
*** HOLE CARDS ***
Agrotait: raises $3 to $6
boiotov: folds
Uncalled bet ($3) returned to Agrotait
Agrotait collected $6 from pot
Agrotait: doesn't show hand
*** SUMMARY ***
Total pot $6 | Rake $0
Seat 3: boiotov (big blind) folded before Flop
Seat 6: Agrotait (button) (small blind) collected ($6)


PokerStars Hand #153154502222:  Hold'em Limit ($3/$6 USD) - 2016/05/11 7:51:14 ET
Table 'Libra' 10-max Seat #3 is the button
Seat 3: belik555 ($204.67 in chips)
Seat 9: Actionni13 ($165.11 in chips)
belik555: posts small blind $1
Actionni13: posts big blind $3
*** HOLE CARDS ***
belik555: raises $3 to $6
Actionni13: calls $3
*** FLOP *** [7s 8h Jc]
mishosauga34 leaves the table
Actionni13: bets $3
belik555: calls $3
*** TURN *** [7s 8h Jc] [5d]
Actionni13: checks
belik555: bets $6
Actionni13: calls $6
*** RIVER *** [7s 8h Jc 5d] [9c]
Actionni13: checks
belik555: bets $6
Actionni13: folds
Uncalled bet ($6) returned to belik555
belik555 collected $29.50 from pot
belik555: doesn't show hand
*** SUMMARY ***
Total pot $30 | Rake $0.50
Board [7s 8h Jc 5d 9c]
Seat 3: belik555 (button) (small blind) collected ($29.50)
Seat 9: Actionni13 (big blind) folded on the River


