PokerStars Hand #155609758266:  Hold'em Limit ($3/$6 USD) - 2016/07/05 17:23:24 ET
Table 'Libussa II' 6-max Seat #4 is the button
Seat 1: Zubasa07 ($510.64 in chips)
Seat 4: Silverpilen8 ($59 in chips)
Silverpilen8: posts small blind $1
Zubasa07: posts big blind $3
*** HOLE CARDS ***
Silverpilen8: folds
Uncalled bet ($2) returned to Zubasa07
Zubasa07 collected $2 from pot
Zubasa07: doesn't show hand
*** SUMMARY ***
Total pot $2 | Rake $0
Seat 1: Zubasa07 (big blind) collected ($2)
Seat 4: Silverpilen8 (button) (small blind) folded before Flop


PokerStars Hand #155609754366:  Hold'em Limit ($3/$6 USD) - 2016/07/05 17:23:19 ET
Table 'Libussa II' 6-max Seat #1 is the button
Seat 1: Zubasa07 ($507.64 in chips)
Seat 4: Silverpilen8 ($62 in chips)
Zubasa07: posts small blind $1
Silverpilen8: posts big blind $3
*** HOLE CARDS ***
Zubasa07: raises $3 to $6
Silverpilen8: folds
Uncalled bet ($3) returned to Zubasa07
Zubasa07 collected $6 from pot
Zubasa07: doesn't show hand
*** SUMMARY ***
Total pot $6 | Rake $0
Seat 1: Zubasa07 (button) (small blind) collected ($6)
Seat 4: Silverpilen8 (big blind) folded before Flop


PokerStars Hand #155609774363:  Hold'em Limit ($3/$6 USD) - 2016/07/05 17:23:45 ET
Table 'Libussa II' 6-max Seat #4 is the button
Seat 1: Zubasa07 ($502.64 in chips)
Seat 4: Silverpilen8 ($66.64 in chips)
Silverpilen8: posts small blind $1
Zubasa07: posts big blind $3
*** HOLE CARDS ***
Silverpilen8: raises $3 to $6
Zubasa07: calls $3
*** FLOP *** [2d 8s Ad]
Zubasa07: checks
Silverpilen8: bets $3
Zubasa07: raises $3 to $6
Silverpilen8: calls $3
*** TURN *** [2d 8s Ad] [9d]
Zubasa07: bets $6
Silverpilen8: calls $6
*** RIVER *** [2d 8s Ad 9d] [9h]
Zubasa07: bets $6
Silverpilen8: calls $6
*** SHOW DOWN ***
Zubasa07: shows [Ac 4d] (two pair, Aces and Nines)
Silverpilen8: mucks hand
Zubasa07 collected $47.50 from pot
*** SUMMARY ***
Total pot $48 | Rake $0.50
Board [2d 8s Ad 9d 9h]
Seat 1: Zubasa07 (big blind) showed [Ac 4d] and won ($47.50) with two pair, Aces and Nines
Seat 4: Silverpilen8 (button) (small blind) mucked


PokerStars Hand #155609761565:  Hold'em Limit ($3/$6 USD) - 2016/07/05 17:23:29 ET
Table 'Libussa II' 6-max Seat #1 is the button
Seat 1: Zubasa07 ($511.64 in chips)
Seat 4: Silverpilen8 ($58 in chips)
Zubasa07: posts small blind $1
Silverpilen8: posts big blind $3
*** HOLE CARDS ***
Zubasa07: raises $3 to $6
Silverpilen8: raises $3 to $9
Zubasa07: calls $3
*** FLOP *** [8s As Js]
Silverpilen8: bets $3
Zubasa07: folds
Uncalled bet ($3) returned to Silverpilen8
Silverpilen8 collected $17.64 from pot
Silverpilen8: doesn't show hand
*** SUMMARY ***
Total pot $18 | Rake $0.36
Board [8s As Js]
Seat 1: Zubasa07 (button) (small blind) folded on the Flop
Seat 4: Silverpilen8 (big blind) collected ($17.64)


PokerStars Hand #155609835990:  Hold'em Limit ($3/$6 USD) - 2016/07/05 17:25:06 ET
Table 'Libussa II' 6-max Seat #4 is the button
Seat 1: Zubasa07 ($521.14 in chips)
Seat 4: Silverpilen8 ($47.28 in chips)
Silverpilen8: posts small blind $1
Zubasa07: posts big blind $3
*** HOLE CARDS ***
Silverpilen8: calls $2
Zubasa07: checks
*** FLOP *** [As 9c 4d]
Zubasa07: bets $3
Slash8282 joins the table at seat #3
Silverpilen8: calls $3
*** TURN *** [As 9c 4d] [2d]
Zubasa07: bets $6
Silverpilen8: calls $6
*** RIVER *** [As 9c 4d 2d] [8h]
Zubasa07: checks
Silverpilen8: bets $6
Zubasa07: folds
Uncalled bet ($6) returned to Silverpilen8
Silverpilen8 collected $23.52 from pot
Silverpilen8: doesn't show hand
*** SUMMARY ***
Total pot $24 | Rake $0.48
Board [As 9c 4d 2d 8h]
Seat 1: Zubasa07 (big blind) folded on the River
Seat 4: Silverpilen8 (button) (small blind) collected ($23.52)


PokerStars Hand #155609825239:  Hold'em Limit ($3/$6 USD) - 2016/07/05 17:24:52 ET
Table 'Libussa II' 6-max Seat #1 is the button
Seat 1: Zubasa07 ($518.14 in chips)
Seat 4: Silverpilen8 ($50.28 in chips)
Zubasa07: posts small blind $1
Silverpilen8: posts big blind $3
*** HOLE CARDS ***
Zubasa07: raises $3 to $6
Silverpilen8: folds
Uncalled bet ($3) returned to Zubasa07
Zubasa07 collected $6 from pot
Zubasa07: doesn't show hand
*** SUMMARY ***
Total pot $6 | Rake $0
Seat 1: Zubasa07 (button) (small blind) collected ($6)
Seat 4: Silverpilen8 (big blind) folded before Flop


PokerStars Hand #155609820669:  Hold'em Limit ($3/$6 USD) - 2016/07/05 17:24:46 ET
Table 'Libussa II' 6-max Seat #4 is the button
Seat 1: Zubasa07 ($517.14 in chips)
Seat 4: Silverpilen8 ($51.28 in chips)
Silverpilen8: posts small blind $1
Zubasa07: posts big blind $3
*** HOLE CARDS ***
Silverpilen8: folds
Uncalled bet ($2) returned to Zubasa07
Zubasa07 collected $2 from pot
Zubasa07: doesn't show hand
*** SUMMARY ***
Total pot $2 | Rake $0
Seat 1: Zubasa07 (big blind) collected ($2)
Seat 4: Silverpilen8 (button) (small blind) folded before Flop


PokerStars Hand #155609800646:  Hold'em Limit ($3/$6 USD) - 2016/07/05 17:24:20 ET
Table 'Libussa II' 6-max Seat #1 is the button
Seat 1: Zubasa07 ($526.14 in chips)
Seat 4: Silverpilen8 ($42.64 in chips)
Zubasa07: posts small blind $1
Silverpilen8: posts big blind $3
*** HOLE CARDS ***
Zubasa07: raises $3 to $6
Silverpilen8: raises $3 to $9
Zubasa07: calls $3
*** FLOP *** [Ts 3d As]
Silverpilen8: bets $3
Zubasa07: folds
Uncalled bet ($3) returned to Silverpilen8
Silverpilen8 collected $17.64 from pot
Silverpilen8: doesn't show hand
*** SUMMARY ***
Total pot $18 | Rake $0.36
Board [Ts 3d As]
Seat 1: Zubasa07 (button) (small blind) folded on the Flop
Seat 4: Silverpilen8 (big blind) collected ($17.64)


PokerStars Hand #155610056958:  Hold'em Limit ($3/$6 USD) - 2016/07/05 17:29:57 ET
Table 'Libussa II' 6-max Seat #1 is the button
Seat 1: Zubasa07 ($541.15 in chips)
Seat 3: Slash8282 ($81.69 in chips)
Zubasa07: posts small blind $1
Slash8282: posts big blind $3
*** HOLE CARDS ***
Zubasa07: folds
Uncalled bet ($2) returned to Slash8282
Slash8282 collected $2 from pot
Slash8282: doesn't show hand
*** SUMMARY ***
Total pot $2 | Rake $0
Seat 1: Zubasa07 (button) (small blind) folded before Flop
Seat 3: Slash8282 (big blind) collected ($2)


PokerStars Hand #155610009336:  Hold'em Limit ($3/$6 USD) - 2016/07/05 17:28:55 ET
Table 'Libussa II' 6-max Seat #3 is the button
Seat 1: Zubasa07 ($556.15 in chips)
Seat 3: Slash8282 ($67.19 in chips)
Slash8282: posts small blind $1
Zubasa07: posts big blind $3
*** HOLE CARDS ***
Slash8282: raises $3 to $6
Zubasa07: calls $3
*** FLOP *** [Td Ad Kc]
Zubasa07: checks
Slash8282: bets $3
Zubasa07: calls $3
*** TURN *** [Td Ad Kc] [Jd]
Zubasa07: checks
Slash8282: bets $6
Zubasa07: calls $6
*** RIVER *** [Td Ad Kc Jd] [6c]
Zubasa07: checks
Slash8282: bets $6
Zubasa07: folds
Uncalled bet ($6) returned to Slash8282
Slash8282 collected $29.50 from pot
Slash8282: doesn't show hand
*** SUMMARY ***
Total pot $30 | Rake $0.50
Board [Td Ad Kc Jd 6c]
Seat 1: Zubasa07 (big blind) folded on the River
Seat 3: Slash8282 (button) (small blind) collected ($29.50)


PokerStars Hand #155611973188:  Hold'em Limit ($3/$6 USD) - 2016/07/05 18:12:29 ET
Table 'Libussa II' 6-max Seat #2 is the button
Seat 1: Mr10P ($57 in chips)
Seat 2: jackRizzar ($234 in chips)
jackRizzar: posts small blind $1
Koraseg: is sitting out
Mr10P: posts big blind $3
*** HOLE CARDS ***
jackRizzar: raises $3 to $6
Mr10P: raises $3 to $9
jackRizzar: calls $3
*** FLOP *** [Tc 4c Kd]
Mr10P: bets $3
jackRizzar: calls $3
*** TURN *** [Tc 4c Kd] [8h]
Mr10P: bets $6
jackRizzar: calls $6
*** RIVER *** [Tc 4c Kd 8h] [Qs]
Mr10P: bets $6
jackRizzar: raises $6 to $12
Mr10P: calls $6
*** SHOW DOWN ***
jackRizzar: shows [Jh 9h] (a straight, Nine to King)
Mr10P: mucks hand
jackRizzar collected $59.50 from pot
*** SUMMARY ***
Total pot $60 | Rake $0.50
Board [Tc 4c Kd 8h Qs]
Seat 1: Mr10P (big blind) mucked
Seat 2: jackRizzar (button) (small blind) showed [Jh 9h] and won ($59.50) with a straight, Nine to King


PokerStars Hand #155611995479:  Hold'em Limit ($3/$6 USD) - 2016/07/05 18:12:58 ET
Table 'Libussa II' 6-max Seat #1 is the button
Seat 1: Mr10P ($27 in chips)
Seat 2: jackRizzar ($263.50 in chips)
Mr10P: posts small blind $1
jackRizzar: posts big blind $3
*** HOLE CARDS ***
Mr10P: raises $3 to $6
Koraseg leaves the table
jackRizzar: calls $3
*** FLOP *** [As Qs 8h]
jackRizzar: checks
Mr10P: bets $3
jackRizzar: folds
Uncalled bet ($3) returned to Mr10P
Mr10P collected $11.76 from pot
Mr10P: doesn't show hand
*** SUMMARY ***
Total pot $12 | Rake $0.24
Board [As Qs 8h]
Seat 1: Mr10P (button) (small blind) collected ($11.76)
Seat 2: jackRizzar (big blind) folded on the Flop


PokerStars Hand #155612007287:  Hold'em Limit ($3/$6 USD) - 2016/07/05 18:13:14 ET
Table 'Libussa II' 6-max Seat #2 is the button
Seat 1: Mr10P ($32.76 in chips)
Seat 2: jackRizzar ($257.50 in chips)
jackRizzar: posts small blind $1
Mr10P: posts big blind $3
*** HOLE CARDS ***
jackRizzar: raises $3 to $6
Mr10P: calls $3
*** FLOP *** [Tc Ks 2d]
Mr10P: checks
jackRizzar: bets $3
Mr10P: calls $3
*** TURN *** [Tc Ks 2d] [Qc]
Mr10P: checks
jackRizzar: checks
*** RIVER *** [Tc Ks 2d Qc] [Jc]
Mr10P: bets $6
jackRizzar: calls $6
*** SHOW DOWN ***
Mr10P: shows [6c Kd] (a pair of Kings)
jackRizzar: shows [9c 6s] (a straight, Nine to King)
jackRizzar collected $29.50 from pot
*** SUMMARY ***
Total pot $30 | Rake $0.50
Board [Tc Ks 2d Qc Jc]
Seat 1: Mr10P (big blind) showed [6c Kd] and lost with a pair of Kings
Seat 2: jackRizzar (button) (small blind) showed [9c 6s] and won ($29.50) with a straight, Nine to King


PokerStars Hand #155612037512:  Hold'em Limit ($3/$6 USD) - 2016/07/05 18:13:53 ET
Table 'Libussa II' 6-max Seat #2 is the button
Seat 1: Mr10P ($35.02 in chips)
Seat 2: jackRizzar ($254.24 in chips)
jackRizzar: posts small blind $1
Mr10P: posts big blind $3
*** HOLE CARDS ***
jackRizzar: raises $3 to $6
Mr10P: calls $3
*** FLOP *** [Jd Qh 9s]
Mr10P: checks
jackRizzar: bets $3
Mr10P: folds
Uncalled bet ($3) returned to jackRizzar
jackRizzar collected $11.76 from pot
*** SUMMARY ***
Total pot $12 | Rake $0.24
Board [Jd Qh 9s]
Seat 1: Mr10P (big blind) folded on the Flop
Seat 2: jackRizzar (button) (small blind) collected ($11.76)


PokerStars Hand #155612044700:  Hold'em Limit ($3/$6 USD) - 2016/07/05 18:14:02 ET
Table 'Libussa II' 6-max Seat #1 is the button
Seat 1: Mr10P ($29.02 in chips)
Seat 2: jackRizzar ($260 in chips)
Mr10P: posts small blind $1
jackRizzar: posts big blind $3
*** HOLE CARDS ***
Mr10P: raises $3 to $6
jackRizzar: calls $3
*** FLOP *** [Ks 6c As]
jackRizzar: checks
Mr10P: bets $3
jackRizzar: folds
Uncalled bet ($3) returned to Mr10P
Mr10P collected $11.76 from pot
Mr10P: doesn't show hand
*** SUMMARY ***
Total pot $12 | Rake $0.24
Board [Ks 6c As]
Seat 1: Mr10P (button) (small blind) collected ($11.76)
Seat 2: jackRizzar (big blind) folded on the Flop


PokerStars Hand #155612053047:  Hold'em Limit ($3/$6 USD) - 2016/07/05 18:14:13 ET
Table 'Libussa II' 6-max Seat #2 is the button
Seat 1: Mr10P ($34.78 in chips)
Seat 2: jackRizzar ($254 in chips)
jackRizzar: posts small blind $1
Mr10P: posts big blind $3
*** HOLE CARDS ***
jackRizzar: raises $3 to $6
Mr10P: calls $3
*** FLOP *** [Jc 5d 2c]
Mr10P: checks
jackRizzar: bets $3
Mr10P: raises $3 to $6
jackRizzar: folds
Uncalled bet ($3) returned to Mr10P
Mr10P collected $17.64 from pot
Mr10P: doesn't show hand
*** SUMMARY ***
Total pot $18 | Rake $0.36
Board [Jc 5d 2c]
Seat 1: Mr10P (big blind) collected ($17.64)
Seat 2: jackRizzar (button) (small blind) folded on the Flop


PokerStars Hand #155612023093:  Hold'em Limit ($3/$6 USD) - 2016/07/05 18:13:34 ET
Table 'Libussa II' 6-max Seat #1 is the button
Seat 1: Mr10P ($17.76 in chips)
Seat 2: jackRizzar ($272 in chips)
Mr10P: posts small blind $1
jackRizzar: posts big blind $3
*** HOLE CARDS ***
Mr10P: raises $3 to $6
jackRizzar: calls $3
*** FLOP *** [2d 6d 5d]
jackRizzar: checks
Mr10P: bets $3
jackRizzar: raises $3 to $6
Mr10P: raises $3 to $9
jackRizzar: raises $3 to $12
Betting is capped
Mr10P: calls $2.76 and is all-in
Uncalled bet ($0.24) returned to jackRizzar
*** TURN *** [2d 6d 5d] [5h]
*** RIVER *** [2d 6d 5d 5h] [5c]
*** SHOW DOWN ***
jackRizzar: shows [Jc 7d] (three of a kind, Fives)
Mr10P: shows [6s 8c] (a full house, Fives full of Sixes)
Mr10P collected $35.02 from pot
*** SUMMARY ***
Total pot $35.52 | Rake $0.50
Board [2d 6d 5d 5h 5c]
Seat 1: Mr10P (button) (small blind) showed [6s 8c] and won ($35.02) with a full house, Fives full of Sixes
Seat 2: jackRizzar (big blind) showed [Jc 7d] and lost with three of a kind, Fives


