PokerStars Hand #145658728931:  Hold'em Limit ($3/$6 USD) - 2015/12/20 17:08:33 ET
Table 'Lictoria II' 2-max Seat #1 is the button
Seat 1: Kostetikus ($84.26 in chips)
Seat 2: 777VNIK777 ($106.52 in chips)
Kostetikus: posts small blind $1
777VNIK777: posts big blind $3
*** HOLE CARDS ***
Kostetikus: raises $3 to $6
777VNIK777: folds
Uncalled bet ($3) returned to Kostetikus
Kostetikus collected $6 from pot
Kostetikus: doesn't show hand
*** SUMMARY ***
Total pot $6 | Rake $0
Seat 1: Kostetikus (button) (small blind) collected ($6)
Seat 2: 777VNIK777 (big blind) folded before Flop


PokerStars Hand #145658798210:  Hold'em Limit ($3/$6 USD) - 2015/12/20 17:09:41 ET
Table 'Lictoria II' 2-max Seat #2 is the button
Seat 1: Kostetikus ($102.50 in chips)
Seat 2: 777VNIK777 ($90.02 in chips)
777VNIK777: posts small blind $1
Kostetikus: posts big blind $3
*** HOLE CARDS ***
777VNIK777: raises $3 to $6
Kostetikus: calls $3
*** FLOP *** [Td 4h 4c]
Kostetikus: checks
777VNIK777: bets $3
Kostetikus: raises $3 to $6
777VNIK777: raises $3 to $9
Kostetikus: folds
Uncalled bet ($3) returned to 777VNIK777
777VNIK777 collected $23.52 from pot
777VNIK777: doesn't show hand
*** SUMMARY ***
Total pot $24 | Rake $0.48
Board [Td 4h 4c]
Seat 1: Kostetikus (big blind) folded on the Flop
Seat 2: 777VNIK777 (button) (small blind) collected ($23.52)


PokerStars Hand #145658793607:  Hold'em Limit ($3/$6 USD) - 2015/12/20 17:09:36 ET
Table 'Lictoria II' 2-max Seat #1 is the button
Seat 1: Kostetikus ($103.50 in chips)
Seat 2: 777VNIK777 ($89.02 in chips)
Kostetikus: posts small blind $1
777VNIK777: posts big blind $3
*** HOLE CARDS ***
Kostetikus: folds
Uncalled bet ($2) returned to 777VNIK777
777VNIK777 collected $2 from pot
777VNIK777: doesn't show hand
*** SUMMARY ***
Total pot $2 | Rake $0
Seat 1: Kostetikus (button) (small blind) folded before Flop
Seat 2: 777VNIK777 (big blind) collected ($2)


PokerStars Hand #145658788642:  Hold'em Limit ($3/$6 USD) - 2015/12/20 17:09:31 ET
Table 'Lictoria II' 2-max Seat #2 is the button
Seat 1: Kostetikus ($102.50 in chips)
Seat 2: 777VNIK777 ($90.02 in chips)
777VNIK777: posts small blind $1
Kostetikus: posts big blind $3
*** HOLE CARDS ***
777VNIK777: folds
Uncalled bet ($2) returned to Kostetikus
Kostetikus collected $2 from pot
Kostetikus: doesn't show hand
*** SUMMARY ***
Total pot $2 | Rake $0
Seat 1: Kostetikus (big blind) collected ($2)
Seat 2: 777VNIK777 (button) (small blind) folded before Flop


PokerStars Hand #145658767870:  Hold'em Limit ($3/$6 USD) - 2015/12/20 17:09:11 ET
Table 'Lictoria II' 2-max Seat #1 is the button
Seat 1: Kostetikus ($76 in chips)
Seat 2: 777VNIK777 ($117.02 in chips)
Kostetikus: posts small blind $1
777VNIK777: posts big blind $3
*** HOLE CARDS ***
Kostetikus: raises $3 to $6
777VNIK777: raises $3 to $9
Kostetikus: calls $3
*** FLOP *** [7s Qc 8h]
777VNIK777: bets $3
Kostetikus: raises $3 to $6
777VNIK777: calls $3
*** TURN *** [7s Qc 8h] [Qd]
777VNIK777: checks
Kostetikus: bets $6
777VNIK777: calls $6
*** RIVER *** [7s Qc 8h Qd] [Tc]
777VNIK777: checks
Kostetikus: bets $6
777VNIK777: calls $6
*** SHOW DOWN ***
Kostetikus: shows [Td Js] (two pair, Queens and Tens)
777VNIK777: mucks hand
Kostetikus collected $53.50 from pot
*** SUMMARY ***
Total pot $54 | Rake $0.50
Board [7s Qc 8h Qd Tc]
Seat 1: Kostetikus (button) (small blind) showed [Td Js] and won ($53.50) with two pair, Queens and Tens
Seat 2: 777VNIK777 (big blind) mucked


PokerStars Hand #145658762876:  Hold'em Limit ($3/$6 USD) - 2015/12/20 17:09:06 ET
Table 'Lictoria II' 2-max Seat #2 is the button
Seat 1: Kostetikus ($75 in chips)
Seat 2: 777VNIK777 ($118.02 in chips)
777VNIK777: posts small blind $1
Kostetikus: posts big blind $3
*** HOLE CARDS ***
777VNIK777: folds
Uncalled bet ($2) returned to Kostetikus
Kostetikus collected $2 from pot
Kostetikus: doesn't show hand
*** SUMMARY ***
Total pot $2 | Rake $0
Seat 1: Kostetikus (big blind) collected ($2)
Seat 2: 777VNIK777 (button) (small blind) folded before Flop


PokerStars Hand #145658755391:  Hold'em Limit ($3/$6 USD) - 2015/12/20 17:08:59 ET
Table 'Lictoria II' 2-max Seat #1 is the button
Seat 1: Kostetikus ($72 in chips)
Seat 2: 777VNIK777 ($121.02 in chips)
Kostetikus: posts small blind $1
777VNIK777: posts big blind $3
*** HOLE CARDS ***
Kostetikus: raises $3 to $6
777VNIK777: folds
Uncalled bet ($3) returned to Kostetikus
Kostetikus collected $6 from pot
Kostetikus: doesn't show hand
*** SUMMARY ***
Total pot $6 | Rake $0
Seat 1: Kostetikus (button) (small blind) collected ($6)
Seat 2: 777VNIK777 (big blind) folded before Flop


PokerStars Hand #145658735344:  Hold'em Limit ($3/$6 USD) - 2015/12/20 17:08:39 ET
Table 'Lictoria II' 2-max Seat #2 is the button
Seat 1: Kostetikus ($87.26 in chips)
Seat 2: 777VNIK777 ($103.52 in chips)
777VNIK777: posts small blind $1
Kostetikus: posts big blind $3
*** HOLE CARDS ***
777VNIK777: raises $3 to $6
Kostetikus: calls $3
*** FLOP *** [Ts Qs 8d]
Kostetikus: checks
777VNIK777: checks
*** TURN *** [Ts Qs 8d] [5s]
Kostetikus: bets $6
777VNIK777: calls $6
*** RIVER *** [Ts Qs 8d 5s] [Jc]
Kostetikus: checks
777VNIK777: bets $6
Kostetikus: calls $6
*** SHOW DOWN ***
777VNIK777: shows [Js 6s] (a flush, Queen high)
Kostetikus: mucks hand
777VNIK777 collected $35.50 from pot
*** SUMMARY ***
Total pot $36 | Rake $0.50
Board [Ts Qs 8d 5s Jc]
Seat 1: Kostetikus (big blind) mucked
Seat 2: 777VNIK777 (button) (small blind) showed [Js 6s] and won ($35.50) with a flush, Queen high


PokerStars Hand #145658832533:  Hold'em Limit ($3/$6 USD) - 2015/12/20 17:10:15 ET
Table 'Lictoria II' 2-max Seat #2 is the button
Seat 1: Kostetikus ($96.26 in chips)
Seat 2: 777VNIK777 ($95.54 in chips)
777VNIK777: posts small blind $1
Kostetikus: posts big blind $3
*** HOLE CARDS ***
777VNIK777: raises $3 to $6
Kostetikus: calls $3
*** FLOP *** [5d 3d Kd]
Kostetikus: checks
777VNIK777: checks
*** TURN *** [5d 3d Kd] [8d]
Kostetikus: bets $6
777VNIK777: folds
Uncalled bet ($6) returned to Kostetikus
Kostetikus collected $11.76 from pot
Kostetikus: doesn't show hand
*** SUMMARY ***
Total pot $12 | Rake $0.24
Board [5d 3d Kd 8d]
Seat 1: Kostetikus (big blind) collected ($11.76)
Seat 2: 777VNIK777 (button) (small blind) folded on the Turn


PokerStars Hand #145658820515:  Hold'em Limit ($3/$6 USD) - 2015/12/20 17:10:03 ET
Table 'Lictoria II' 2-max Seat #1 is the button
Seat 1: Kostetikus ($90.50 in chips)
Seat 2: 777VNIK777 ($101.54 in chips)
Kostetikus: posts small blind $1
777VNIK777: posts big blind $3
*** HOLE CARDS ***
Kostetikus: raises $3 to $6
777VNIK777: calls $3
*** FLOP *** [Ah Ts 5d]
777VNIK777: checks
Kostetikus: bets $3
777VNIK777: folds
Uncalled bet ($3) returned to Kostetikus
Kostetikus collected $11.76 from pot
Kostetikus: doesn't show hand
*** SUMMARY ***
Total pot $12 | Rake $0.24
Board [Ah Ts 5d]
Seat 1: Kostetikus (button) (small blind) collected ($11.76)
Seat 2: 777VNIK777 (big blind) folded on the Flop


PokerStars Hand #145658815585:  Hold'em Limit ($3/$6 USD) - 2015/12/20 17:09:58 ET
Table 'Lictoria II' 2-max Seat #2 is the button
Seat 1: Kostetikus ($89.50 in chips)
Seat 2: 777VNIK777 ($102.54 in chips)
777VNIK777: posts small blind $1
Kostetikus: posts big blind $3
*** HOLE CARDS ***
777VNIK777: folds
Uncalled bet ($2) returned to Kostetikus
Kostetikus collected $2 from pot
Kostetikus: doesn't show hand
*** SUMMARY ***
Total pot $2 | Rake $0
Seat 1: Kostetikus (big blind) collected ($2)
Seat 2: 777VNIK777 (button) (small blind) folded before Flop


PokerStars Hand #145658810778:  Hold'em Limit ($3/$6 USD) - 2015/12/20 17:09:53 ET
Table 'Lictoria II' 2-max Seat #1 is the button
Seat 1: Kostetikus ($90.50 in chips)
Seat 2: 777VNIK777 ($101.54 in chips)
Kostetikus: posts small blind $1
777VNIK777: posts big blind $3
*** HOLE CARDS ***
Kostetikus: folds
Uncalled bet ($2) returned to 777VNIK777
777VNIK777 collected $2 from pot
777VNIK777: doesn't show hand
*** SUMMARY ***
Total pot $2 | Rake $0
Seat 1: Kostetikus (button) (small blind) folded before Flop
Seat 2: 777VNIK777 (big blind) collected ($2)


PokerStars Hand #145658848278:  Hold'em Limit ($3/$6 USD) - 2015/12/20 17:10:30 ET
Table 'Lictoria II' 2-max Seat #1 is the button
Seat 1: Kostetikus ($102.02 in chips)
Seat 2: 777VNIK777 ($89.54 in chips)
Kostetikus: posts small blind $1
777VNIK777: posts big blind $3
*** HOLE CARDS ***
Kostetikus: raises $3 to $6
777VNIK777: raises $3 to $9
Kostetikus: calls $3
*** FLOP *** [5c 9h 7h]
777VNIK777: bets $3
Kostetikus: calls $3
*** TURN *** [5c 9h 7h] [Qd]
777VNIK777: bets $6
Kostetikus: raises $6 to $12
777VNIK777: raises $6 to $18
Kostetikus: calls $6
*** RIVER *** [5c 9h 7h Qd] [5d]
777VNIK777: bets $6
Kostetikus: raises $6 to $12
777VNIK777: raises $6 to $18
Kostetikus: raises $6 to $24
Betting is capped
777VNIK777: calls $6
*** SHOW DOWN ***
Kostetikus: shows [9c 5h] (a full house, Fives full of Nines)
777VNIK777: mucks hand
Kostetikus collected $107.50 from pot
*** SUMMARY ***
Total pot $108 | Rake $0.50
Board [5c 9h 7h Qd 5d]
Seat 1: Kostetikus (button) (small blind) showed [9c 5h] and won ($107.50) with a full house, Fives full of Nines
Seat 2: 777VNIK777 (big blind) mucked


