PokerStars Hand #150762488376:  Hold'em Limit ($3/$6 USD) - 2016/03/22 13:20:10 ET
Table 'Lictoria' 6-max Seat #4 is the button
Seat 3: fire852181 ($68 in chips)
Seat 4: AzureCaper ($73 in chips)
AzureCaper: posts small blind $1
fire852181: posts big blind $3
*** HOLE CARDS ***
AzureCaper: folds
Uncalled bet ($2) returned to fire852181
fire852181 collected $2 from pot
fire852181: doesn't show hand
*** SUMMARY ***
Total pot $2 | Rake $0
Seat 3: fire852181 (big blind) collected ($2)
Seat 4: AzureCaper (button) (small blind) folded before Flop


PokerStars Hand #150762484031:  Hold'em Limit ($3/$6 USD) - 2016/03/22 13:20:05 ET
Table 'Lictoria' 6-max Seat #3 is the button
Seat 3: fire852181 ($69 in chips)
Seat 4: AzureCaper ($72 in chips)
fire852181: posts small blind $1
AzureCaper: posts big blind $3
*** HOLE CARDS ***
fire852181: folds
Uncalled bet ($2) returned to AzureCaper
AzureCaper collected $2 from pot
AzureCaper: doesn't show hand
*** SUMMARY ***
Total pot $2 | Rake $0
Seat 3: fire852181 (button) (small blind) folded before Flop
Seat 4: AzureCaper (big blind) collected ($2)


PokerStars Hand #150762479816:  Hold'em Limit ($3/$6 USD) - 2016/03/22 13:20:00 ET
Table 'Lictoria' 6-max Seat #4 is the button
Seat 3: fire852181 ($68 in chips)
Seat 4: AzureCaper ($72 in chips)
AzureCaper: posts small blind $1
fire852181: posts big blind $3
*** HOLE CARDS ***
AzureCaper: folds
Uncalled bet ($2) returned to fire852181
fire852181 collected $2 from pot
fire852181: doesn't show hand
*** SUMMARY ***
Total pot $2 | Rake $0
Seat 3: fire852181 (big blind) collected ($2)
Seat 4: AzureCaper (button) (small blind) folded before Flop


PokerStars Hand #150762535131:  Hold'em Limit ($3/$6 USD) - 2016/03/22 13:21:04 ET
Table 'Lictoria' 6-max Seat #3 is the button
Seat 3: fire852181 ($104.90 in chips)
Seat 4: AzureCaper ($72 in chips)
fire852181: posts small blind $1
AzureCaper: posts big blind $3
*** HOLE CARDS ***
Zubasa07 joins the table at seat #5
fire852181: raises $3 to $6
AzureCaper: raises $3 to $9
fire852181: calls $3
*** FLOP *** [Kc 7c Qs]
AzureCaper: bets $3
fire852181: folds
Uncalled bet ($3) returned to AzureCaper
AzureCaper collected $17.64 from pot
AzureCaper: doesn't show hand
*** SUMMARY ***
Total pot $18 | Rake $0.36
Board [Kc 7c Qs]
Seat 3: fire852181 (button) (small blind) folded on the Flop
Seat 4: AzureCaper (big blind) collected ($17.64)


PokerStars Hand #150762519752:  Hold'em Limit ($3/$6 USD) - 2016/03/22 13:20:46 ET
Table 'Lictoria' 6-max Seat #4 is the button
Seat 3: fire852181 ($96.26 in chips)
Seat 4: AzureCaper ($72 in chips)
AzureCaper: posts small blind $1
fire852181: posts big blind $3
*** HOLE CARDS ***
AzureCaper: raises $3 to $6
fire852181: calls $3
*** FLOP *** [Td Kh 3h]
fire852181: checks
AzureCaper: bets $3
fire852181: calls $3
*** TURN *** [Td Kh 3h] [5s]
fire852181: checks
AzureCaper: checks
*** RIVER *** [Td Kh 3h 5s] [Tc]
fire852181: bets $6
AzureCaper: folds
Uncalled bet ($6) returned to fire852181
fire852181 collected $17.64 from pot
fire852181: doesn't show hand
*** SUMMARY ***
Total pot $18 | Rake $0.36
Board [Td Kh 3h 5s Tc]
Seat 3: fire852181 (big blind) collected ($17.64)
Seat 4: AzureCaper (button) (small blind) folded on the River


PokerStars Hand #150762511186:  Hold'em Limit ($3/$6 USD) - 2016/03/22 13:20:36 ET
Table 'Lictoria' 6-max Seat #3 is the button
Seat 3: fire852181 ($90.50 in chips)
Seat 4: AzureCaper ($72 in chips)
fire852181: posts small blind $1
AzureCaper: posts big blind $3
*** HOLE CARDS ***
fire852181: raises $3 to $6
AzureCaper: calls $3
*** FLOP *** [Jh Jc 2c]
AzureCaper: checks
fire852181: bets $3
AzureCaper: folds
Uncalled bet ($3) returned to fire852181
fire852181 collected $11.76 from pot
fire852181: doesn't show hand
*** SUMMARY ***
Total pot $12 | Rake $0.24
Board [Jh Jc 2c]
Seat 3: fire852181 (button) (small blind) collected ($11.76)
Seat 4: AzureCaper (big blind) folded on the Flop


PokerStars Hand #150762507312:  Hold'em Limit ($3/$6 USD) - 2016/03/22 13:20:32 ET
Table 'Lictoria' 6-max Seat #4 is the button
Seat 3: fire852181 ($89.50 in chips)
Seat 4: AzureCaper ($72 in chips)
AzureCaper: posts small blind $1
fire852181: posts big blind $3
*** HOLE CARDS ***
AzureCaper: folds
Uncalled bet ($2) returned to fire852181
fire852181 collected $2 from pot
fire852181: doesn't show hand
*** SUMMARY ***
Total pot $2 | Rake $0
Seat 3: fire852181 (big blind) collected ($2)
Seat 4: AzureCaper (button) (small blind) folded before Flop


PokerStars Hand #150762491932:  Hold'em Limit ($3/$6 USD) - 2016/03/22 13:20:14 ET
Table 'Lictoria' 6-max Seat #3 is the button
Seat 3: fire852181 ($69 in chips)
Seat 4: AzureCaper ($72 in chips)
fire852181: posts small blind $1
AzureCaper: posts big blind $3
*** HOLE CARDS ***
fire852181: raises $3 to $6
AzureCaper: calls $3
*** FLOP *** [As Kc 7c]
AzureCaper: checks
fire852181: bets $3
AzureCaper: calls $3
*** TURN *** [As Kc 7c] [6h]
AzureCaper: checks
fire852181: bets $6
AzureCaper: calls $6
*** RIVER *** [As Kc 7c 6h] [Qc]
AzureCaper: checks
fire852181: bets $6
AzureCaper: calls $6
*** SHOW DOWN ***
fire852181: shows [8c Ad] (a pair of Aces)
AzureCaper: mucks hand
fire852181 collected $41.50 from pot
*** SUMMARY ***
Total pot $42 | Rake $0.50
Board [As Kc 7c 6h Qc]
Seat 3: fire852181 (button) (small blind) showed [8c Ad] and won ($41.50) with a pair of Aces
Seat 4: AzureCaper (big blind) mucked


PokerStars Hand #150763595556:  Hold'em Limit ($3/$6 USD) - 2016/03/22 13:41:28 ET
Table 'Lictoria' 6-max Seat #4 is the button
Seat 2: eldanis ($125.53 in chips)
Seat 4: AzureCaper ($175.44 in chips)
AzureCaper: posts small blind $1
eldanis: posts big blind $3
*** HOLE CARDS ***
AzureCaper: raises $3 to $6
eldanis: folds
Uncalled bet ($3) returned to AzureCaper
flohamo leaves the table
AzureCaper collected $6 from pot
AzureCaper: doesn't show hand
eldanis leaves the table
*** SUMMARY ***
Total pot $6 | Rake $0
Seat 2: eldanis (big blind) folded before Flop
Seat 4: AzureCaper (button) (small blind) collected ($6)


