PokerStars Hand #150894154201:  Hold'em Limit ($3/$6 USD) - 2016/03/25 6:00:41 ET
Table 'Lictoria' 6-max Seat #3 is the button
Seat 3: CRoberto888 ($72 in chips)
Seat 4: Agrotait ($72 in chips)
CRoberto888: posts small blind $1
Agrotait: posts big blind $3
*** HOLE CARDS ***
CRoberto888: raises $3 to $6
Agrotait: folds
Uncalled bet ($3) returned to CRoberto888
CRoberto888 collected $6 from pot
CRoberto888: doesn't show hand
*** SUMMARY ***
Total pot $6 | Rake $0
Seat 3: CRoberto888 (button) (small blind) collected ($6)
Seat 4: Agrotait (big blind) folded before Flop


PokerStars Hand #150894164480:  Hold'em Limit ($3/$6 USD) - 2016/03/25 6:01:04 ET
Table 'Lictoria' 6-max Seat #4 is the button
Seat 3: CRoberto888 ($75 in chips)
Seat 4: Agrotait ($69 in chips)
Agrotait: posts small blind $1
CRoberto888: posts big blind $3
*** HOLE CARDS ***
Agrotait: raises $3 to $6
CRoberto888: calls $3
*** FLOP *** [Ts Jd 7d]
CRoberto888: checks
Agrotait: bets $3
CRoberto888: calls $3
*** TURN *** [Ts Jd 7d] [Jc]
CRoberto888: checks
Agrotait: checks
*** RIVER *** [Ts Jd 7d Jc] [3s]
CRoberto888: bets $6
Agrotait: calls $6
*** SHOW DOWN ***
CRoberto888: shows [Qc 7h] (two pair, Jacks and Sevens)
Agrotait: mucks hand
CRoberto888 collected $29.50 from pot
*** SUMMARY ***
Total pot $30 | Rake $0.50
Board [Ts Jd 7d Jc 3s]
Seat 3: CRoberto888 (big blind) showed [Qc 7h] and won ($29.50) with two pair, Jacks and Sevens
Seat 4: Agrotait (button) (small blind) mucked


PokerStars Hand #150894209541:  Hold'em Limit ($3/$6 USD) - 2016/03/25 6:02:43 ET
Table 'Lictoria' 6-max Seat #4 is the button
Seat 3: CRoberto888 ($83.50 in chips)
Seat 4: Agrotait ($77.76 in chips)
Agrotait: posts small blind $1
CRoberto888: posts big blind $3
*** HOLE CARDS ***
Agrotait: raises $3 to $6
CRoberto888: folds
Uncalled bet ($3) returned to Agrotait
Agrotait collected $6 from pot
Agrotait: doesn't show hand
*** SUMMARY ***
Total pot $6 | Rake $0
Seat 3: CRoberto888 (big blind) folded before Flop
Seat 4: Agrotait (button) (small blind) collected ($6)


PokerStars Hand #150894184750:  Hold'em Limit ($3/$6 USD) - 2016/03/25 6:01:49 ET
Table 'Lictoria' 6-max Seat #3 is the button
Seat 3: CRoberto888 ($89.50 in chips)
Seat 4: Agrotait ($72 in chips)
CRoberto888: posts small blind $1
Agrotait: posts big blind $3
*** HOLE CARDS ***
CRoberto888: raises $3 to $6
Agrotait: calls $3
*** FLOP *** [8h 7c 3c]
Agrotait: checks
CRoberto888: checks
*** TURN *** [8h 7c 3c] [9s]
Agrotait: bets $6
CRoberto888: folds
Uncalled bet ($6) returned to Agrotait
Agrotait collected $11.76 from pot
Agrotait: doesn't show hand
*** SUMMARY ***
Total pot $12 | Rake $0.24
Board [8h 7c 3c 9s]
Seat 3: CRoberto888 (button) (small blind) folded on the Turn
Seat 4: Agrotait (big blind) collected ($11.76)


PokerStars Hand #150894206471:  Hold'em Limit ($3/$6 USD) - 2016/03/25 6:02:36 ET
Table 'Lictoria' 6-max Seat #3 is the button
Seat 3: CRoberto888 ($84.50 in chips)
Seat 4: Agrotait ($76.76 in chips)
CRoberto888: posts small blind $1
Agrotait: posts big blind $3
*** HOLE CARDS ***
CRoberto888: folds
Uncalled bet ($2) returned to Agrotait
Agrotait collected $2 from pot
Agrotait: doesn't show hand
*** SUMMARY ***
Total pot $2 | Rake $0
Seat 3: CRoberto888 (button) (small blind) folded before Flop
Seat 4: Agrotait (big blind) collected ($2)


PokerStars Hand #150894195670:  Hold'em Limit ($3/$6 USD) - 2016/03/25 6:02:13 ET
Table 'Lictoria' 6-max Seat #4 is the button
Seat 3: CRoberto888 ($83.50 in chips)
Seat 4: Agrotait ($77.76 in chips)
Agrotait: posts small blind $1
CRoberto888: posts big blind $3
*** HOLE CARDS ***
Agrotait: folds
Uncalled bet ($2) returned to CRoberto888
CRoberto888 collected $2 from pot
CRoberto888: doesn't show hand
*** SUMMARY ***
Total pot $2 | Rake $0
Seat 3: CRoberto888 (big blind) collected ($2)
Seat 4: Agrotait (button) (small blind) folded before Flop


PokerStars Hand #150894214027:  Hold'em Limit ($3/$6 USD) - 2016/03/25 6:02:53 ET
Table 'Lictoria' 6-max Seat #3 is the button
Seat 3: CRoberto888 ($80.50 in chips)
Seat 4: Agrotait ($80.76 in chips)
CRoberto888: posts small blind $1
Agrotait: posts big blind $3
*** HOLE CARDS ***
CRoberto888: raises $3 to $6
Agrotait: calls $3
*** FLOP *** [3c 8c 8h]
Agrotait: checks
CRoberto888: bets $3
Agrotait: folds
Uncalled bet ($3) returned to CRoberto888
CRoberto888 collected $11.76 from pot
CRoberto888: doesn't show hand
*** SUMMARY ***
Total pot $12 | Rake $0.24
Board [3c 8c 8h]
Seat 3: CRoberto888 (button) (small blind) collected ($11.76)
Seat 4: Agrotait (big blind) folded on the Flop


