PokerStars Hand #161979060246:  Hold'em Limit ($3/$6 USD) - 2016/11/26 6:05:52 ET
Table 'Lictoria II' 6-max Seat #4 is the button
Seat 3: dpdan06 ($155.50 in chips)
Seat 4: Agrotait ($72 in chips)
Agrotait: posts small blind $1
dpdan06: posts big blind $3
*** HOLE CARDS ***
Agrotait: raises $3 to $6
dpdan06: calls $3
*** FLOP *** [Ks 2c As]
dpdan06: checks
Agrotait: bets $3
dpdan06: folds
Uncalled bet ($3) returned to Agrotait
Agrotait collected $11.76 from pot
Agrotait: doesn't show hand
*** SUMMARY ***
Total pot $12 | Rake $0.24
Board [Ks 2c As]
Seat 3: dpdan06 (big blind) folded on the Flop
Seat 4: Agrotait (button) (small blind) collected ($11.76)


PokerStars Hand #161979047667:  Hold'em Limit ($3/$6 USD) - 2016/11/26 6:05:26 ET
Table 'Lictoria II' 6-max Seat #3 is the button
Seat 3: dpdan06 ($120 in chips)
Seat 4: Agrotait ($72 in chips)
dpdan06: posts small blind $1
Agrotait: posts big blind $3
*** HOLE CARDS ***
dpdan06: raises $3 to $6
Agrotait: calls $3
*** FLOP *** [7s 9h 7h]
Agrotait: checks
dpdan06: bets $3
Agrotait: raises $3 to $6
dpdan06: raises $3 to $9
Agrotait: raises $3 to $12
Betting is capped
dpdan06: calls $3
*** TURN *** [7s 9h 7h] [4h]
Agrotait: bets $6
dpdan06: raises $6 to $12
Agrotait: calls $6
*** RIVER *** [7s 9h 7h 4h] [2d]
Agrotait: checks
dpdan06: bets $6
Agrotait: calls $6
*** SHOW DOWN ***
dpdan06: shows [Ah Th] (a flush, Ace high)
Agrotait: mucks hand
dpdan06 collected $71.50 from pot
*** SUMMARY ***
Total pot $72 | Rake $0.50
Board [7s 9h 7h 4h 2d]
Seat 3: dpdan06 (button) (small blind) showed [Ah Th] and won ($71.50) with a flush, Ace high
Seat 4: Agrotait (big blind) mucked


PokerStars Hand #161979066421:  Hold'em Limit ($3/$6 USD) - 2016/11/26 6:06:05 ET
Table 'Lictoria II' 6-max Seat #3 is the button
Seat 3: dpdan06 ($149.50 in chips)
Seat 4: Agrotait ($77.76 in chips)
dpdan06: posts small blind $1
Agrotait: posts big blind $3
*** HOLE CARDS ***
dpdan06: raises $3 to $6
Agrotait: calls $3
*** FLOP *** [9h 6d 2h]
Agrotait: checks
dpdan06: bets $3
Agrotait: calls $3
*** TURN *** [9h 6d 2h] [Qc]
Agrotait: checks
dpdan06: bets $6
Agrotait: folds
Uncalled bet ($6) returned to dpdan06
dpdan06 collected $17.64 from pot
*** SUMMARY ***
Total pot $18 | Rake $0.36
Board [9h 6d 2h Qc]
Seat 3: dpdan06 (button) (small blind) collected ($17.64)
Seat 4: Agrotait (big blind) folded on the Turn


PokerStars Hand #161979085504:  Hold'em Limit ($3/$6 USD) - 2016/11/26 6:06:44 ET
Table 'Lictoria II' 6-max Seat #4 is the button
Seat 3: dpdan06 ($145.14 in chips)
Seat 4: Agrotait ($81.28 in chips)
Agrotait: posts small blind $1
dpdan06: posts big blind $3
*** HOLE CARDS ***
Agrotait: raises $3 to $6
dpdan06: calls $3
*** FLOP *** [Ts 3c 9d]
dpdan06: checks
Agrotait: bets $3
dpdan06: raises $3 to $6
Agrotait: calls $3
*** TURN *** [Ts 3c 9d] [7h]
dpdan06: bets $6
Agrotait: folds
Uncalled bet ($6) returned to dpdan06
dpdan06 collected $23.52 from pot
*** SUMMARY ***
Total pot $24 | Rake $0.48
Board [Ts 3c 9d 7h]
Seat 3: dpdan06 (big blind) collected ($23.52)
Seat 4: Agrotait (button) (small blind) folded on the Turn


PokerStars Hand #161979082963:  Hold'em Limit ($3/$6 USD) - 2016/11/26 6:06:39 ET
Table 'Lictoria II' 6-max Seat #3 is the button
Seat 3: dpdan06 ($146.14 in chips)
Seat 4: Agrotait ($80.28 in chips)
dpdan06: posts small blind $1
Agrotait: posts big blind $3
*** HOLE CARDS ***
dpdan06: folds
Uncalled bet ($2) returned to Agrotait
Agrotait collected $2 from pot
Agrotait: doesn't show hand
*** SUMMARY ***
Total pot $2 | Rake $0
Seat 3: dpdan06 (button) (small blind) folded before Flop
Seat 4: Agrotait (big blind) collected ($2)


PokerStars Hand #161979072843:  Hold'em Limit ($3/$6 USD) - 2016/11/26 6:06:18 ET
Table 'Lictoria II' 6-max Seat #4 is the button
Seat 3: dpdan06 ($158.14 in chips)
Seat 4: Agrotait ($68.76 in chips)
Agrotait: posts small blind $1
dpdan06: posts big blind $3
*** HOLE CARDS ***
Agrotait: raises $3 to $6
dpdan06: calls $3
*** FLOP *** [Kc Jh Th]
dpdan06: checks
Agrotait: checks
*** TURN *** [Kc Jh Th] [6s]
dpdan06: checks
Agrotait: checks
*** RIVER *** [Kc Jh Th 6s] [7c]
dpdan06: checks
Agrotait: bets $6
dpdan06: calls $6
*** SHOW DOWN ***
Agrotait: shows [Jc Ah] (a pair of Jacks)
dpdan06: mucks hand
Agrotait collected $23.52 from pot
*** SUMMARY ***
Total pot $24 | Rake $0.48
Board [Kc Jh Th 6s 7c]
Seat 3: dpdan06 (big blind) mucked
Seat 4: Agrotait (button) (small blind) showed [Jc Ah] and won ($23.52) with a pair of Jacks


PokerStars Hand #161979093001:  Hold'em Limit ($3/$6 USD) - 2016/11/26 6:06:59 ET
Table 'Lictoria II' 6-max Seat #3 is the button
Seat 3: dpdan06 ($156.66 in chips)
Seat 4: Agrotait ($69.28 in chips)
dpdan06: posts small blind $1
Agrotait: posts big blind $3
*** HOLE CARDS ***
dpdan06: raises $3 to $6
Agrotait: folds
Uncalled bet ($3) returned to dpdan06
dpdan06 collected $6 from pot
*** SUMMARY ***
Total pot $6 | Rake $0
Seat 3: dpdan06 (button) (small blind) collected ($6)
Seat 4: Agrotait (big blind) folded before Flop


PokerStars Hand #161979101754:  Hold'em Limit ($3/$6 USD) - 2016/11/26 6:07:17 ET
Table 'Lictoria II' 6-max Seat #3 is the button
Seat 3: dpdan06 ($160.66 in chips)
Seat 4: Agrotait ($65.28 in chips)
dpdan06: posts small blind $1
Agrotait: posts big blind $3
*** HOLE CARDS ***
dpdan06: folds
Uncalled bet ($2) returned to Agrotait
Chrimi joins the table at seat #5
Agrotait collected $2 from pot
Agrotait: doesn't show hand
*** SUMMARY ***
Total pot $2 | Rake $0
Seat 3: dpdan06 (button) (small blind) folded before Flop
Seat 4: Agrotait (big blind) collected ($2)


PokerStars Hand #161980572014:  Hold'em Limit ($3/$6 USD) - 2016/11/26 6:55:21 ET
Table 'Lictoria II' 6-max Seat #6 is the button
Seat 5: thebutterboy ($78.10 in chips)
Seat 6: aade1ante ($130.38 in chips)
aade1ante: posts small blind $1
Pelurile: is sitting out
thebutterboy: posts big blind $3
*** HOLE CARDS ***
aade1ante: raises $3 to $6
thebutterboy: calls $3
*** FLOP *** [Jd 4h 7c]
thebutterboy: checks
aade1ante: bets $3
thebutterboy: raises $3 to $6
aade1ante: calls $3
*** TURN *** [Jd 4h 7c] [8c]
thebutterboy: bets $6
aade1ante: calls $6
*** RIVER *** [Jd 4h 7c 8c] [Kh]
thebutterboy: bets $6
aade1ante: folds
Uncalled bet ($6) returned to thebutterboy
thebutterboy collected $35.50 from pot
*** SUMMARY ***
Total pot $36 | Rake $0.50
Board [Jd 4h 7c 8c Kh]
Seat 5: thebutterboy (big blind) collected ($35.50)
Seat 6: aade1ante (button) (small blind) folded on the River


PokerStars Hand #161980586760:  Hold'em Limit ($3/$6 USD) - 2016/11/26 6:55:52 ET
Table 'Lictoria II' 6-max Seat #5 is the button
Seat 5: thebutterboy ($95.60 in chips)
Seat 6: aade1ante ($112.38 in chips)
thebutterboy: posts small blind $1
aade1ante: posts big blind $3
*** HOLE CARDS ***
thebutterboy: calls $2
aade1ante: checks
*** FLOP *** [Jd 2h Qs]
aade1ante: bets $3
thebutterboy: calls $3
*** TURN *** [Jd 2h Qs] [Ks]
aade1ante: bets $6
thebutterboy: raises $6 to $12
aade1ante: calls $6
*** RIVER *** [Jd 2h Qs Ks] [9d]
aade1ante: bets $6
thebutterboy: calls $6
*** SHOW DOWN ***
aade1ante: shows [Th 8c] (a straight, Nine to King)
thebutterboy: mucks hand
aade1ante collected $47.50 from pot
*** SUMMARY ***
Total pot $48 | Rake $0.50
Board [Jd 2h Qs Ks 9d]
Seat 5: thebutterboy (button) (small blind) mucked
Seat 6: aade1ante (big blind) showed [Th 8c] and won ($47.50) with a straight, Nine to King


PokerStars Hand #161980617033:  Hold'em Limit ($3/$6 USD) - 2016/11/26 6:56:56 ET
Table 'Lictoria II' 6-max Seat #6 is the button
Seat 5: thebutterboy ($78.36 in chips)
Seat 6: aade1ante ($128.88 in chips)
aade1ante: posts small blind $1
thebutterboy: posts big blind $3
*** HOLE CARDS ***
aade1ante: folds
Uncalled bet ($2) returned to thebutterboy
thebutterboy collected $2 from pot
*** SUMMARY ***
Total pot $2 | Rake $0
Seat 5: thebutterboy (big blind) collected ($2)
Seat 6: aade1ante (button) (small blind) folded before Flop


PokerStars Hand #161980602676:  Hold'em Limit ($3/$6 USD) - 2016/11/26 6:56:26 ET
Table 'Lictoria II' 6-max Seat #5 is the button
Seat 5: thebutterboy ($72.60 in chips)
Seat 6: aade1ante ($134.88 in chips)
thebutterboy: posts small blind $1
aade1ante: posts big blind $3
*** HOLE CARDS ***
thebutterboy: raises $3 to $6
aade1ante: calls $3
*** FLOP *** [5h Qd Jc]
aade1ante: checks
thebutterboy: checks
*** TURN *** [5h Qd Jc] [As]
aade1ante: checks
thebutterboy: checks
*** RIVER *** [5h Qd Jc As] [2c]
aade1ante: checks
thebutterboy: bets $6
aade1ante: folds
Uncalled bet ($6) returned to thebutterboy
thebutterboy collected $11.76 from pot
*** SUMMARY ***
Total pot $12 | Rake $0.24
Board [5h Qd Jc As 2c]
Seat 5: thebutterboy (button) (small blind) collected ($11.76)
Seat 6: aade1ante (big blind) folded on the River


PokerStars Hand #161980599400:  Hold'em Limit ($3/$6 USD) - 2016/11/26 6:56:19 ET
Table 'Lictoria II' 6-max Seat #6 is the button
Seat 5: thebutterboy ($71.60 in chips)
Seat 6: aade1ante ($135.88 in chips)
aade1ante: posts small blind $1
thebutterboy: posts big blind $3
*** HOLE CARDS ***
aade1ante: folds
Uncalled bet ($2) returned to thebutterboy
thebutterboy collected $2 from pot
*** SUMMARY ***
Total pot $2 | Rake $0
Seat 5: thebutterboy (big blind) collected ($2)
Seat 6: aade1ante (button) (small blind) folded before Flop


PokerStars Hand #161980635532:  Hold'em Limit ($3/$6 USD) - 2016/11/26 6:57:34 ET
Table 'Lictoria II' 6-max Seat #6 is the button
Seat 5: thebutterboy ($108.86 in chips)
Seat 6: aade1ante ($97.88 in chips)
aade1ante: posts small blind $1
thebutterboy: posts big blind $3
*** HOLE CARDS ***
aade1ante: folds
Uncalled bet ($2) returned to thebutterboy
thebutterboy collected $2 from pot
*** SUMMARY ***
Total pot $2 | Rake $0
Seat 5: thebutterboy (big blind) collected ($2)
Seat 6: aade1ante (button) (small blind) folded before Flop


PokerStars Hand #161980620227:  Hold'em Limit ($3/$6 USD) - 2016/11/26 6:57:02 ET
Table 'Lictoria II' 6-max Seat #5 is the button
Seat 5: thebutterboy ($79.36 in chips)
Seat 6: aade1ante ($127.88 in chips)
thebutterboy: posts small blind $1
aade1ante: posts big blind $3
*** HOLE CARDS ***
thebutterboy: calls $2
aade1ante: raises $3 to $6
thebutterboy: calls $3
*** FLOP *** [Td 7c 9s]
aade1ante: bets $3
thebutterboy: raises $3 to $6
aade1ante: raises $3 to $9
thebutterboy: raises $3 to $12
Betting is capped
aade1ante: calls $3
*** TURN *** [Td 7c 9s] [6d]
aade1ante: checks
thebutterboy: bets $6
aade1ante: calls $6
*** RIVER *** [Td 7c 9s 6d] [As]
aade1ante: checks
thebutterboy: bets $6
aade1ante: calls $6
*** SHOW DOWN ***
thebutterboy: shows [8h Ts] (a straight, Six to Ten)
aade1ante: mucks hand
thebutterboy collected $59.50 from pot
*** SUMMARY ***
Total pot $60 | Rake $0.50
Board [Td 7c 9s 6d As]
Seat 5: thebutterboy (button) (small blind) showed [8h Ts] and won ($59.50) with a straight, Six to Ten
Seat 6: aade1ante (big blind) mucked


PokerStars Hand #161980638396:  Hold'em Limit ($3/$6 USD) - 2016/11/26 6:57:40 ET
Table 'Lictoria II' 6-max Seat #5 is the button
Seat 5: thebutterboy ($109.86 in chips)
Seat 6: aade1ante ($96.88 in chips)
u9iiiK joins the table at seat #3
thebutterboy: posts small blind $1
aade1ante: posts big blind $3
*** HOLE CARDS ***
thebutterboy: folds
Uncalled bet ($2) returned to aade1ante
aade1ante collected $2 from pot
aade1ante: doesn't show hand
*** SUMMARY ***
Total pot $2 | Rake $0
Seat 5: thebutterboy (button) (small blind) folded before Flop
Seat 6: aade1ante (big blind) collected ($2)


