PokerStars Hand #144791262813:  Hold'em Limit ($3/$6 USD) - 2015/12/03 23:26:16 ET
Table 'Liguria' 2-max Seat #2 is the button
Seat 1: tw3ntyfive ($104.34 in chips)
Seat 2: Necromadx ($120 in chips)
Necromadx: posts small blind $1
tw3ntyfive: posts big blind $3
*** HOLE CARDS ***
Necromadx: raises $3 to $6
tw3ntyfive: raises $3 to $9
Necromadx: calls $3
*** FLOP *** [2d 3s 2c]
tw3ntyfive: bets $3
Necromadx: calls $3
*** TURN *** [2d 3s 2c] [4d]
tw3ntyfive: checks
Necromadx: checks
*** RIVER *** [2d 3s 2c 4d] [Ts]
tw3ntyfive: checks
Necromadx: checks
*** SHOW DOWN ***
tw3ntyfive: shows [As Ks] (a pair of Deuces)
Necromadx: mucks hand
tw3ntyfive collected $23.52 from pot
*** SUMMARY ***
Total pot $24 | Rake $0.48
Board [2d 3s 2c 4d Ts]
Seat 1: tw3ntyfive (big blind) showed [As Ks] and won ($23.52) with a pair of Deuces
Seat 2: Necromadx (button) (small blind) mucked


PokerStars Hand #144791279417:  Hold'em Limit ($3/$6 USD) - 2015/12/03 23:27:12 ET
Table 'Liguria' 2-max Seat #1 is the button
Seat 1: tw3ntyfive ($109.74 in chips)
Seat 2: Necromadx ($128.64 in chips)
tw3ntyfive: posts small blind $1
Necromadx: posts big blind $3
*** HOLE CARDS ***
tw3ntyfive: folds
Uncalled bet ($2) returned to Necromadx
Necromadx collected $2 from pot
Necromadx: doesn't show hand
*** SUMMARY ***
Total pot $2 | Rake $0
Seat 1: tw3ntyfive (button) (small blind) folded before Flop
Seat 2: Necromadx (big blind) collected ($2)


PokerStars Hand #144791274859:  Hold'em Limit ($3/$6 USD) - 2015/12/03 23:26:57 ET
Table 'Liguria' 2-max Seat #2 is the button
Seat 1: tw3ntyfive ($118.74 in chips)
Seat 2: Necromadx ($120 in chips)
Necromadx: posts small blind $1
tw3ntyfive: posts big blind $3
*** HOLE CARDS ***
Necromadx: raises $3 to $6
tw3ntyfive: calls $3
*** FLOP *** [4d 3d 8d]
tw3ntyfive: checks
Necromadx: bets $3
tw3ntyfive: calls $3
*** TURN *** [4d 3d 8d] [7d]
tw3ntyfive: checks
Necromadx: checks
*** RIVER *** [4d 3d 8d 7d] [Qc]
tw3ntyfive: checks
Necromadx: checks
*** SHOW DOWN ***
tw3ntyfive: shows [6c 7s] (a pair of Sevens)
Necromadx: shows [8h Ks] (a pair of Eights)
Necromadx collected $17.64 from pot
*** SUMMARY ***
Total pot $18 | Rake $0.36
Board [4d 3d 8d 7d Qc]
Seat 1: tw3ntyfive (big blind) showed [6c 7s] and lost with a pair of Sevens
Seat 2: Necromadx (button) (small blind) showed [8h Ks] and won ($17.64) with a pair of Eights


PokerStars Hand #144791280780:  Hold'em Limit ($3/$6 USD) - 2015/12/03 23:27:17 ET
Table 'Liguria' 2-max Seat #2 is the button
Seat 1: tw3ntyfive ($108.74 in chips)
Seat 2: Necromadx ($129.64 in chips)
Necromadx: posts small blind $1
tw3ntyfive: posts big blind $3
*** HOLE CARDS ***
Necromadx: raises $3 to $6
tw3ntyfive: raises $3 to $9
Necromadx: calls $3
*** FLOP *** [Jh Ad 4s]
tw3ntyfive: bets $3
Necromadx: folds
Uncalled bet ($3) returned to tw3ntyfive
tw3ntyfive collected $17.64 from pot
tw3ntyfive: doesn't show hand
*** SUMMARY ***
Total pot $18 | Rake $0.36
Board [Jh Ad 4s]
Seat 1: tw3ntyfive (big blind) collected ($17.64)
Seat 2: Necromadx (button) (small blind) folded on the Flop


PokerStars Hand #144791285097:  Hold'em Limit ($3/$6 USD) - 2015/12/03 23:27:32 ET
Table 'Liguria' 2-max Seat #2 is the button
Seat 1: tw3ntyfive ($116.38 in chips)
Seat 2: Necromadx ($121.64 in chips)
Necromadx: posts small blind $1
tw3ntyfive: posts big blind $3
*** HOLE CARDS ***
Necromadx: raises $3 to $6
tw3ntyfive: folds
Uncalled bet ($3) returned to Necromadx
Necromadx collected $6 from pot
Necromadx: doesn't show hand
*** SUMMARY ***
Total pot $6 | Rake $0
Seat 1: tw3ntyfive (big blind) folded before Flop
Seat 2: Necromadx (button) (small blind) collected ($6)


PokerStars Hand #144791283744:  Hold'em Limit ($3/$6 USD) - 2015/12/03 23:27:27 ET
Table 'Liguria' 2-max Seat #1 is the button
Seat 1: tw3ntyfive ($117.38 in chips)
Seat 2: Necromadx ($120.64 in chips)
tw3ntyfive: posts small blind $1
Necromadx: posts big blind $3
*** HOLE CARDS ***
tw3ntyfive: folds
Uncalled bet ($2) returned to Necromadx
Necromadx collected $2 from pot
Necromadx: doesn't show hand
*** SUMMARY ***
Total pot $2 | Rake $0
Seat 1: tw3ntyfive (button) (small blind) folded before Flop
Seat 2: Necromadx (big blind) collected ($2)


PokerStars Hand #144791270121:  Hold'em Limit ($3/$6 USD) - 2015/12/03 23:26:41 ET
Table 'Liguria' 2-max Seat #1 is the button
Seat 1: tw3ntyfive ($115.86 in chips)
Seat 2: Necromadx ($120 in chips)
tw3ntyfive: posts small blind $1
Necromadx: posts big blind $3
*** HOLE CARDS ***
tw3ntyfive: calls $2
Necromadx: checks
*** FLOP *** [9s Ac 9c]
Necromadx: checks
tw3ntyfive: bets $3
Necromadx: folds
Uncalled bet ($3) returned to tw3ntyfive
tw3ntyfive collected $5.88 from pot
tw3ntyfive: doesn't show hand
*** SUMMARY ***
Total pot $6 | Rake $0.12
Board [9s Ac 9c]
Seat 1: tw3ntyfive (button) (small blind) collected ($5.88)
Seat 2: Necromadx (big blind) folded on the Flop


PokerStars Hand #144791290674:  Hold'em Limit ($3/$6 USD) - 2015/12/03 23:27:51 ET
Table 'Liguria' 2-max Seat #2 is the button
Seat 1: tw3ntyfive ($116.26 in chips)
Seat 2: Necromadx ($121.64 in chips)
Necromadx: posts small blind $1
tw3ntyfive: posts big blind $3
*** HOLE CARDS ***
Necromadx: raises $3 to $6
tw3ntyfive: calls $3
*** FLOP *** [2s Td 6s]
tw3ntyfive: bets $3
Necromadx: calls $3
*** TURN *** [2s Td 6s] [6c]
tw3ntyfive: checks
Necromadx: bets $6
tw3ntyfive: calls $6
*** RIVER *** [2s Td 6s 6c] [4h]
tw3ntyfive: checks
Necromadx: bets $6
tw3ntyfive: raises $6 to $12
Necromadx: calls $6
*** SHOW DOWN ***
tw3ntyfive: shows [5d 6h] (three of a kind, Sixes)
Necromadx: mucks hand
tw3ntyfive collected $53.50 from pot
*** SUMMARY ***
Total pot $54 | Rake $0.50
Board [2s Td 6s 6c 4h]
Seat 1: tw3ntyfive (big blind) showed [5d 6h] and won ($53.50) with three of a kind, Sixes
Seat 2: Necromadx (button) (small blind) mucked


PokerStars Hand #144791300749:  Hold'em Limit ($3/$6 USD) - 2015/12/03 23:28:25 ET
Table 'Liguria' 2-max Seat #1 is the button
Seat 1: tw3ntyfive ($142.76 in chips)
Seat 2: Necromadx ($120 in chips)
tw3ntyfive: posts small blind $1
Necromadx: posts big blind $3
*** HOLE CARDS ***
tw3ntyfive: raises $3 to $6
Necromadx: raises $3 to $9
tw3ntyfive: calls $3
*** FLOP *** [4d 7c 3d]
Necromadx: bets $3
tw3ntyfive: calls $3
*** TURN *** [4d 7c 3d] [Ah]
Necromadx: bets $6
tw3ntyfive: calls $6
*** RIVER *** [4d 7c 3d Ah] [Kd]
Necromadx: bets $6
tw3ntyfive: calls $6
*** SHOW DOWN ***
Necromadx: shows [Ad Jc] (a pair of Aces)
tw3ntyfive: mucks hand
Necromadx collected $47.50 from pot
*** SUMMARY ***
Total pot $48 | Rake $0.50
Board [4d 7c 3d Ah Kd]
Seat 1: tw3ntyfive (button) (small blind) mucked
Seat 2: Necromadx (big blind) showed [Ad Jc] and won ($47.50) with a pair of Aces


PokerStars Hand #144791304889:  Hold'em Limit ($3/$6 USD) - 2015/12/03 23:28:40 ET
Table 'Liguria' 2-max Seat #2 is the button
Seat 1: tw3ntyfive ($118.76 in chips)
Seat 2: Necromadx ($143.50 in chips)
Necromadx: posts small blind $1
tw3ntyfive: posts big blind $3
*** HOLE CARDS ***
Necromadx: folds
Uncalled bet ($2) returned to tw3ntyfive
tw3ntyfive collected $2 from pot
tw3ntyfive: doesn't show hand
*** SUMMARY ***
Total pot $2 | Rake $0
Seat 1: tw3ntyfive (big blind) collected ($2)
Seat 2: Necromadx (button) (small blind) folded before Flop


PokerStars Hand #144791286476:  Hold'em Limit ($3/$6 USD) - 2015/12/03 23:27:36 ET
Table 'Liguria' 2-max Seat #1 is the button
Seat 1: tw3ntyfive ($113.38 in chips)
Seat 2: Necromadx ($124.64 in chips)
tw3ntyfive: posts small blind $1
Necromadx: posts big blind $3
*** HOLE CARDS ***
tw3ntyfive: calls $2
Necromadx: checks
*** FLOP *** [7c 4c Ks]
Necromadx: checks
tw3ntyfive: checks
*** TURN *** [7c 4c Ks] [Ad]
Necromadx: checks
tw3ntyfive: bets $6
Necromadx: folds
Uncalled bet ($6) returned to tw3ntyfive
tw3ntyfive collected $5.88 from pot
tw3ntyfive: doesn't show hand
*** SUMMARY ***
Total pot $6 | Rake $0.12
Board [7c 4c Ks Ad]
Seat 1: tw3ntyfive (button) (small blind) collected ($5.88)
Seat 2: Necromadx (big blind) folded on the Turn


PokerStars Hand #144791308894:  Hold'em Limit ($3/$6 USD) - 2015/12/03 23:28:54 ET
Table 'Liguria' 2-max Seat #2 is the button
Seat 1: tw3ntyfive ($125.52 in chips)
Seat 2: Necromadx ($136.50 in chips)
Necromadx: posts small blind $1
tw3ntyfive: posts big blind $3
*** HOLE CARDS ***
Necromadx: raises $3 to $6
tw3ntyfive: calls $3
*** FLOP *** [8h Tc Qd]
tw3ntyfive: bets $3
Necromadx: calls $3
*** TURN *** [8h Tc Qd] [6d]
tw3ntyfive: bets $6
Necromadx: calls $6
*** RIVER *** [8h Tc Qd 6d] [Kh]
tw3ntyfive: bets $6
Necromadx: raises $6 to $12
tw3ntyfive: calls $6
*** SHOW DOWN ***
Necromadx: shows [Js Ah] (a straight, Ten to Ace)
tw3ntyfive: mucks hand
Necromadx collected $53.50 from pot
*** SUMMARY ***
Total pot $54 | Rake $0.50
Board [8h Tc Qd 6d Kh]
Seat 1: tw3ntyfive (big blind) mucked
Seat 2: Necromadx (button) (small blind) showed [Js Ah] and won ($53.50) with a straight, Ten to Ace


PokerStars Hand #144791314372:  Hold'em Limit ($3/$6 USD) - 2015/12/03 23:29:13 ET
Table 'Liguria' 2-max Seat #1 is the button
Seat 1: tw3ntyfive ($98.52 in chips)
Seat 2: Necromadx ($163 in chips)
tw3ntyfive: posts small blind $1
Necromadx: posts big blind $3
*** HOLE CARDS ***
tw3ntyfive: raises $3 to $6
Necromadx: folds
Uncalled bet ($3) returned to tw3ntyfive
tw3ntyfive collected $6 from pot
tw3ntyfive: doesn't show hand
*** SUMMARY ***
Total pot $6 | Rake $0
Seat 1: tw3ntyfive (button) (small blind) collected ($6)
Seat 2: Necromadx (big blind) folded before Flop


PokerStars Hand #144791320173:  Hold'em Limit ($3/$6 USD) - 2015/12/03 23:29:33 ET
Table 'Liguria' 2-max Seat #1 is the button
Seat 1: tw3ntyfive ($98.52 in chips)
Seat 2: Necromadx ($163 in chips)
tw3ntyfive: posts small blind $1
Necromadx: posts big blind $3
*** HOLE CARDS ***
tw3ntyfive: folds
Uncalled bet ($2) returned to Necromadx
Necromadx collected $2 from pot
Necromadx: doesn't show hand
*** SUMMARY ***
Total pot $2 | Rake $0
Seat 1: tw3ntyfive (button) (small blind) folded before Flop
Seat 2: Necromadx (big blind) collected ($2)


PokerStars Hand #144791317510:  Hold'em Limit ($3/$6 USD) - 2015/12/03 23:29:24 ET
Table 'Liguria' 2-max Seat #2 is the button
Seat 1: tw3ntyfive ($101.52 in chips)
Seat 2: Necromadx ($160 in chips)
Necromadx: posts small blind $1
tw3ntyfive: posts big blind $3
*** HOLE CARDS ***
Necromadx: raises $3 to $6
tw3ntyfive: folds
Uncalled bet ($3) returned to Necromadx
Necromadx collected $6 from pot
Necromadx: doesn't show hand
*** SUMMARY ***
Total pot $6 | Rake $0
Seat 1: tw3ntyfive (big blind) folded before Flop
Seat 2: Necromadx (button) (small blind) collected ($6)


PokerStars Hand #144791306334:  Hold'em Limit ($3/$6 USD) - 2015/12/03 23:28:45 ET
Table 'Liguria' 2-max Seat #1 is the button
Seat 1: tw3ntyfive ($119.76 in chips)
Seat 2: Necromadx ($142.50 in chips)
tw3ntyfive: posts small blind $1
Necromadx: posts big blind $3
*** HOLE CARDS ***
tw3ntyfive: raises $3 to $6
Necromadx: calls $3
*** FLOP *** [Qh 8d 4d]
Necromadx: checks
tw3ntyfive: bets $3
Necromadx: folds
Uncalled bet ($3) returned to tw3ntyfive
tw3ntyfive collected $11.76 from pot
tw3ntyfive: doesn't show hand
*** SUMMARY ***
Total pot $12 | Rake $0.24
Board [Qh 8d 4d]
Seat 1: tw3ntyfive (button) (small blind) collected ($11.76)
Seat 2: Necromadx (big blind) folded on the Flop


PokerStars Hand #144791337214:  Hold'em Limit ($3/$6 USD) - 2015/12/03 23:30:32 ET
Table 'Liguria' 2-max Seat #1 is the button
Seat 1: tw3ntyfive ($69.27 in chips)
Seat 2: Necromadx ($191.25 in chips)
tw3ntyfive: posts small blind $1
Necromadx: posts big blind $3
*** HOLE CARDS ***
tw3ntyfive: folds
Uncalled bet ($2) returned to Necromadx
Necromadx collected $2 from pot
Necromadx: doesn't show hand
*** SUMMARY ***
Total pot $2 | Rake $0
Seat 1: tw3ntyfive (button) (small blind) folded before Flop
Seat 2: Necromadx (big blind) collected ($2)


PokerStars Hand #144791328141:  Hold'em Limit ($3/$6 USD) - 2015/12/03 23:30:01 ET
Table 'Liguria' 2-max Seat #2 is the button
Seat 1: tw3ntyfive ($96.27 in chips)
Seat 2: Necromadx ($164.75 in chips)
Necromadx: posts small blind $1
tw3ntyfive: posts big blind $3
*** HOLE CARDS ***
Necromadx: raises $3 to $6
tw3ntyfive: calls $3
*** FLOP *** [6d Kh Th]
tw3ntyfive: checks
Necromadx: bets $3
tw3ntyfive: calls $3
*** TURN *** [6d Kh Th] [Js]
tw3ntyfive: checks
Necromadx: bets $6
tw3ntyfive: calls $6
*** RIVER *** [6d Kh Th Js] [Qs]
tw3ntyfive: bets $6
Necromadx: raises $6 to $12
tw3ntyfive: calls $6
*** SHOW DOWN ***
Necromadx: shows [Ac Ah] (a straight, Ten to Ace)
tw3ntyfive: mucks hand
Necromadx collected $53.50 from pot
*** SUMMARY ***
Total pot $54 | Rake $0.50
Board [6d Kh Th Js Qs]
Seat 1: tw3ntyfive (big blind) mucked
Seat 2: Necromadx (button) (small blind) showed [Ac Ah] and won ($53.50) with a straight, Ten to Ace


PokerStars Hand #144791338719:  Hold'em Limit ($3/$6 USD) - 2015/12/03 23:30:38 ET
Table 'Liguria' 2-max Seat #2 is the button
Seat 1: tw3ntyfive ($68.27 in chips)
Seat 2: Necromadx ($192.25 in chips)
Necromadx: posts small blind $1
tw3ntyfive: posts big blind $3
*** HOLE CARDS ***
Necromadx: folds
Uncalled bet ($2) returned to tw3ntyfive
tw3ntyfive collected $2 from pot
tw3ntyfive: doesn't show hand
*** SUMMARY ***
Total pot $2 | Rake $0
Seat 1: tw3ntyfive (big blind) collected ($2)
Seat 2: Necromadx (button) (small blind) folded before Flop


PokerStars Hand #144791326549:  Hold'em Limit ($3/$6 USD) - 2015/12/03 23:29:55 ET
Table 'Liguria' 2-max Seat #1 is the button
Seat 1: tw3ntyfive ($97.27 in chips)
Seat 2: Necromadx ($163.75 in chips)
tw3ntyfive: posts small blind $1
Necromadx: posts big blind $3
*** HOLE CARDS ***
tw3ntyfive: folds
Uncalled bet ($2) returned to Necromadx
Necromadx collected $2 from pot
Necromadx: doesn't show hand
*** SUMMARY ***
Total pot $2 | Rake $0
Seat 1: tw3ntyfive (button) (small blind) folded before Flop
Seat 2: Necromadx (big blind) collected ($2)


PokerStars Hand #144791321693:  Hold'em Limit ($3/$6 USD) - 2015/12/03 23:29:38 ET
Table 'Liguria' 2-max Seat #2 is the button
Seat 1: tw3ntyfive ($97.52 in chips)
Seat 2: Necromadx ($164 in chips)
Necromadx: posts small blind $1
tw3ntyfive: posts big blind $3
*** HOLE CARDS ***
Necromadx: raises $3 to $6
tw3ntyfive: raises $3 to $9
Necromadx: calls $3
*** FLOP *** [5c 5h Ts]
tw3ntyfive: bets $3
Necromadx: calls $3
*** TURN *** [5c 5h Ts] [Tc]
tw3ntyfive: bets $6
Necromadx: calls $6
*** RIVER *** [5c 5h Ts Tc] [5d]
tw3ntyfive: bets $6
Necromadx: calls $6
*** SHOW DOWN ***
tw3ntyfive: shows [Ks Ad] (a full house, Fives full of Tens)
Necromadx: shows [Kh 6h] (a full house, Fives full of Tens)
tw3ntyfive collected $23.75 from pot
Necromadx collected $23.75 from pot
*** SUMMARY ***
Total pot $48 | Rake $0.50
Board [5c 5h Ts Tc 5d]
Seat 1: tw3ntyfive (big blind) showed [Ks Ad] and won ($23.75) with a full house, Fives full of Tens
Seat 2: Necromadx (button) (small blind) showed [Kh 6h] and won ($23.75) with a full house, Fives full of Tens


PokerStars Hand #144791347014:  Hold'em Limit ($3/$6 USD) - 2015/12/03 23:31:07 ET
Table 'Liguria' 2-max Seat #1 is the button
Seat 1: tw3ntyfive ($58.27 in chips)
Seat 2: Necromadx ($201.77 in chips)
tw3ntyfive: posts small blind $1
Necromadx: posts big blind $3
*** HOLE CARDS ***
tw3ntyfive: raises $3 to $6
Necromadx: calls $3
*** FLOP *** [6d Ac 8d]
Necromadx: checks
tw3ntyfive: checks
*** TURN *** [6d Ac 8d] [Ah]
Necromadx: checks
tw3ntyfive: bets $6
Necromadx: folds
Uncalled bet ($6) returned to tw3ntyfive
tw3ntyfive collected $11.76 from pot
tw3ntyfive: doesn't show hand
*** SUMMARY ***
Total pot $12 | Rake $0.24
Board [6d Ac 8d Ah]
Seat 1: tw3ntyfive (button) (small blind) collected ($11.76)
Seat 2: Necromadx (big blind) folded on the Turn


PokerStars Hand #144791345866:  Hold'em Limit ($3/$6 USD) - 2015/12/03 23:31:03 ET
Table 'Liguria' 2-max Seat #2 is the button
Seat 1: tw3ntyfive ($57.27 in chips)
Seat 2: Necromadx ($202.77 in chips)
Necromadx: posts small blind $1
tw3ntyfive: posts big blind $3
*** HOLE CARDS ***
Necromadx: folds
Uncalled bet ($2) returned to tw3ntyfive
tw3ntyfive collected $2 from pot
tw3ntyfive: doesn't show hand
*** SUMMARY ***
Total pot $2 | Rake $0
Seat 1: tw3ntyfive (big blind) collected ($2)
Seat 2: Necromadx (button) (small blind) folded before Flop


PokerStars Hand #144791340171:  Hold'em Limit ($3/$6 USD) - 2015/12/03 23:30:43 ET
Table 'Liguria' 2-max Seat #1 is the button
Seat 1: tw3ntyfive ($69.27 in chips)
Seat 2: Necromadx ($191.25 in chips)
tw3ntyfive: posts small blind $1
Necromadx: posts big blind $3
*** HOLE CARDS ***
tw3ntyfive: raises $3 to $6
Necromadx: calls $3
*** FLOP *** [4s Kh 6s]
Necromadx: checks
tw3ntyfive: checks
*** TURN *** [4s Kh 6s] [7h]
Necromadx: checks
tw3ntyfive: bets $6
Necromadx: calls $6
*** RIVER *** [4s Kh 6s 7h] [3s]
Necromadx: checks
tw3ntyfive: checks
*** SHOW DOWN ***
Necromadx: shows [2s Js] (a flush, Jack high)
tw3ntyfive: mucks hand
Necromadx collected $23.52 from pot
*** SUMMARY ***
Total pot $24 | Rake $0.48
Board [4s Kh 6s 7h 3s]
Seat 1: tw3ntyfive (button) (small blind) mucked
Seat 2: Necromadx (big blind) showed [2s Js] and won ($23.52) with a flush, Jack high


PokerStars Hand #144791369115:  Hold'em Limit ($3/$6 USD) - 2015/12/03 23:32:24 ET
Table 'Liguria' 2-max Seat #1 is the button
Seat 1: tw3ntyfive ($94.05 in chips)
Seat 2: Necromadx ($164.77 in chips)
tw3ntyfive: posts small blind $1
Necromadx: posts big blind $3
*** HOLE CARDS ***
tw3ntyfive: folds
Uncalled bet ($2) returned to Necromadx
Necromadx collected $2 from pot
Necromadx: doesn't show hand
*** SUMMARY ***
Total pot $2 | Rake $0
Seat 1: tw3ntyfive (button) (small blind) folded before Flop
Seat 2: Necromadx (big blind) collected ($2)


PokerStars Hand #144791367640:  Hold'em Limit ($3/$6 USD) - 2015/12/03 23:32:19 ET
Table 'Liguria' 2-max Seat #2 is the button
Seat 1: tw3ntyfive ($97.05 in chips)
Seat 2: Necromadx ($161.77 in chips)
Necromadx: posts small blind $1
tw3ntyfive: posts big blind $3
*** HOLE CARDS ***
Necromadx: raises $3 to $6
tw3ntyfive: folds
Uncalled bet ($3) returned to Necromadx
Necromadx collected $6 from pot
Necromadx: doesn't show hand
*** SUMMARY ***
Total pot $6 | Rake $0
Seat 1: tw3ntyfive (big blind) folded before Flop
Seat 2: Necromadx (button) (small blind) collected ($6)


PokerStars Hand #144791363889:  Hold'em Limit ($3/$6 USD) - 2015/12/03 23:32:06 ET
Table 'Liguria' 2-max Seat #1 is the button
Seat 1: tw3ntyfive ($94.17 in chips)
Seat 2: Necromadx ($164.77 in chips)
tw3ntyfive: posts small blind $1
Necromadx: posts big blind $3
*** HOLE CARDS ***
tw3ntyfive: calls $2
Necromadx: checks
*** FLOP *** [Th 3h Qc]
Necromadx: checks
tw3ntyfive: bets $3
Necromadx: folds
Uncalled bet ($3) returned to tw3ntyfive
tw3ntyfive collected $5.88 from pot
tw3ntyfive: doesn't show hand
*** SUMMARY ***
Total pot $6 | Rake $0.12
Board [Th 3h Qc]
Seat 1: tw3ntyfive (button) (small blind) collected ($5.88)
Seat 2: Necromadx (big blind) folded on the Flop


PokerStars Hand #144791362682:  Hold'em Limit ($3/$6 USD) - 2015/12/03 23:32:01 ET
Table 'Liguria' 2-max Seat #2 is the button
Seat 1: tw3ntyfive ($93.17 in chips)
Seat 2: Necromadx ($165.77 in chips)
Necromadx: posts small blind $1
tw3ntyfive: posts big blind $3
*** HOLE CARDS ***
Necromadx: folds
Uncalled bet ($2) returned to tw3ntyfive
tw3ntyfive collected $2 from pot
tw3ntyfive: doesn't show hand
*** SUMMARY ***
Total pot $2 | Rake $0
Seat 1: tw3ntyfive (big blind) collected ($2)
Seat 2: Necromadx (button) (small blind) folded before Flop


PokerStars Hand #144791357122:  Hold'em Limit ($3/$6 USD) - 2015/12/03 23:31:42 ET
Table 'Liguria' 2-max Seat #1 is the button
Seat 1: tw3ntyfive ($84.53 in chips)
Seat 2: Necromadx ($174.77 in chips)
tw3ntyfive: posts small blind $1
Necromadx: posts big blind $3
*** HOLE CARDS ***
tw3ntyfive: raises $3 to $6
Necromadx: calls $3
*** FLOP *** [Th Qd 8d]
Necromadx: checks
tw3ntyfive: bets $3
Necromadx: calls $3
*** TURN *** [Th Qd 8d] [4c]
Necromadx: checks
tw3ntyfive: checks
*** RIVER *** [Th Qd 8d 4c] [9s]
Necromadx: checks
tw3ntyfive: bets $6
Necromadx: folds
Uncalled bet ($6) returned to tw3ntyfive
tw3ntyfive collected $17.64 from pot
tw3ntyfive: doesn't show hand
*** SUMMARY ***
Total pot $18 | Rake $0.36
Board [Th Qd 8d 4c 9s]
Seat 1: tw3ntyfive (button) (small blind) collected ($17.64)
Seat 2: Necromadx (big blind) folded on the River


PokerStars Hand #144791386425:  Hold'em Limit ($3/$6 USD) - 2015/12/03 23:33:24 ET
Table 'Liguria' 2-max Seat #1 is the button
Seat 1: tw3ntyfive ($59.81 in chips)
Seat 2: Necromadx ($197.77 in chips)
tw3ntyfive: posts small blind $1
Necromadx: posts big blind $3
*** HOLE CARDS ***
tw3ntyfive: folds
Uncalled bet ($2) returned to Necromadx
Necromadx collected $2 from pot
Necromadx: doesn't show hand
*** SUMMARY ***
Total pot $2 | Rake $0
Seat 1: tw3ntyfive (button) (small blind) folded before Flop
Seat 2: Necromadx (big blind) collected ($2)


PokerStars Hand #144791385363:  Hold'em Limit ($3/$6 USD) - 2015/12/03 23:33:21 ET
Table 'Liguria' 2-max Seat #2 is the button
Seat 1: tw3ntyfive ($58.81 in chips)
Seat 2: Necromadx ($198.77 in chips)
Necromadx: posts small blind $1
tw3ntyfive: posts big blind $3
*** HOLE CARDS ***
Necromadx: folds
Uncalled bet ($2) returned to tw3ntyfive
tw3ntyfive collected $2 from pot
tw3ntyfive: doesn't show hand
*** SUMMARY ***
Total pot $2 | Rake $0
Seat 1: tw3ntyfive (big blind) collected ($2)
Seat 2: Necromadx (button) (small blind) folded before Flop


PokerStars Hand #144791384028:  Hold'em Limit ($3/$6 USD) - 2015/12/03 23:33:16 ET
Table 'Liguria' 2-max Seat #1 is the button
Seat 1: tw3ntyfive ($59.81 in chips)
Seat 2: Necromadx ($197.77 in chips)
tw3ntyfive: posts small blind $1
Necromadx: posts big blind $3
*** HOLE CARDS ***
tw3ntyfive: folds
Uncalled bet ($2) returned to Necromadx
Necromadx collected $2 from pot
Necromadx: doesn't show hand
*** SUMMARY ***
Total pot $2 | Rake $0
Seat 1: tw3ntyfive (button) (small blind) folded before Flop
Seat 2: Necromadx (big blind) collected ($2)


PokerStars Hand #144791381743:  Hold'em Limit ($3/$6 USD) - 2015/12/03 23:33:08 ET
Table 'Liguria' 2-max Seat #2 is the button
Seat 1: tw3ntyfive ($54.05 in chips)
Seat 2: Necromadx ($203.77 in chips)
Necromadx: posts small blind $1
tw3ntyfive: posts big blind $3
*** HOLE CARDS ***
Necromadx: raises $3 to $6
tw3ntyfive: calls $3
*** FLOP *** [Qc 4s 3s]
tw3ntyfive: bets $3
Necromadx: folds
Uncalled bet ($3) returned to tw3ntyfive
tw3ntyfive collected $11.76 from pot
tw3ntyfive: doesn't show hand
*** SUMMARY ***
Total pot $12 | Rake $0.24
Board [Qc 4s 3s]
Seat 1: tw3ntyfive (big blind) collected ($11.76)
Seat 2: Necromadx (button) (small blind) folded on the Flop


PokerStars Hand #144791377242:  Hold'em Limit ($3/$6 USD) - 2015/12/03 23:32:52 ET
Table 'Liguria' 2-max Seat #1 is the button
Seat 1: tw3ntyfive ($69.05 in chips)
Seat 2: Necromadx ($189.27 in chips)
tw3ntyfive: posts small blind $1
Necromadx: posts big blind $3
*** HOLE CARDS ***
tw3ntyfive: calls $2
Necromadx: raises $3 to $6
tw3ntyfive: calls $3
*** FLOP *** [7h 8s 5c]
Necromadx: bets $3
tw3ntyfive: calls $3
*** TURN *** [7h 8s 5c] [Jc]
Necromadx: bets $6
tw3ntyfive: calls $6
*** RIVER *** [7h 8s 5c Jc] [Qs]
Necromadx: checks
tw3ntyfive: checks
*** SHOW DOWN ***
Necromadx: shows [6d 6s] (a pair of Sixes)
tw3ntyfive: mucks hand
Necromadx collected $29.50 from pot
*** SUMMARY ***
Total pot $30 | Rake $0.50
Board [7h 8s 5c Jc Qs]
Seat 1: tw3ntyfive (button) (small blind) mucked
Seat 2: Necromadx (big blind) showed [6d 6s] and won ($29.50) with a pair of Sixes


PokerStars Hand #144791370667:  Hold'em Limit ($3/$6 USD) - 2015/12/03 23:32:29 ET
Table 'Liguria' 2-max Seat #2 is the button
Seat 1: tw3ntyfive ($93.05 in chips)
Seat 2: Necromadx ($165.77 in chips)
Necromadx: posts small blind $1
tw3ntyfive: posts big blind $3
*** HOLE CARDS ***
Necromadx: raises $3 to $6
tw3ntyfive: calls $3
*** FLOP *** [9h Qc 9s]
tw3ntyfive: checks
Necromadx: bets $3
tw3ntyfive: raises $3 to $6
Necromadx: calls $3
*** TURN *** [9h Qc 9s] [8h]
tw3ntyfive: bets $6
Necromadx: calls $6
*** RIVER *** [9h Qc 9s 8h] [4s]
tw3ntyfive: bets $6
Necromadx: calls $6
*** SHOW DOWN ***
tw3ntyfive: shows [7s 6h] (a pair of Nines)
Necromadx: shows [2d 2h] (two pair, Nines and Deuces)
Necromadx collected $47.50 from pot
*** SUMMARY ***
Total pot $48 | Rake $0.50
Board [9h Qc 9s 8h 4s]
Seat 1: tw3ntyfive (big blind) showed [7s 6h] and lost with a pair of Nines
Seat 2: Necromadx (button) (small blind) showed [2d 2h] and won ($47.50) with two pair, Nines and Deuces


PokerStars Hand #144791387743:  Hold'em Limit ($3/$6 USD) - 2015/12/03 23:33:29 ET
Table 'Liguria' 2-max Seat #2 is the button
Seat 1: tw3ntyfive ($58.81 in chips)
Seat 2: Necromadx ($198.77 in chips)
Necromadx: posts small blind $1
tw3ntyfive: posts big blind $3
*** HOLE CARDS ***
Necromadx: raises $3 to $6
tw3ntyfive: calls $3
*** FLOP *** [Jc Jh 9c]
tw3ntyfive: bets $3
Necromadx: calls $3
*** TURN *** [Jc Jh 9c] [2h]
tw3ntyfive: bets $6
Necromadx: calls $6
*** RIVER *** [Jc Jh 9c 2h] [As]
tw3ntyfive: bets $6
Necromadx: raises $6 to $12
tw3ntyfive: calls $6
*** SHOW DOWN ***
Necromadx: shows [7d 8h] (a pair of Jacks)
tw3ntyfive: shows [8s 7h] (a pair of Jacks)
tw3ntyfive collected $26.75 from pot
Necromadx collected $26.75 from pot
*** SUMMARY ***
Total pot $54 | Rake $0.50
Board [Jc Jh 9c 2h As]
Seat 1: tw3ntyfive (big blind) showed [8s 7h] and won ($26.75) with a pair of Jacks
Seat 2: Necromadx (button) (small blind) showed [7d 8h] and won ($26.75) with a pair of Jacks


PokerStars Hand #144791401517:  Hold'em Limit ($3/$6 USD) - 2015/12/03 23:34:18 ET
Table 'Liguria' 2-max Seat #1 is the button
Seat 1: tw3ntyfive ($40.08 in chips)
Seat 2: Necromadx ($216.02 in chips)
tw3ntyfive: posts small blind $1
Necromadx: posts big blind $3
*** HOLE CARDS ***
tw3ntyfive: raises $3 to $6
Necromadx: calls $3
*** FLOP *** [5d 7s 2c]
Necromadx: checks
tw3ntyfive: checks
*** TURN *** [5d 7s 2c] [3c]
Necromadx: checks
tw3ntyfive: bets $6
Necromadx: calls $6
*** RIVER *** [5d 7s 2c 3c] [7c]
Necromadx: checks
tw3ntyfive: bets $6
Necromadx: calls $6
*** SHOW DOWN ***
tw3ntyfive: shows [8c 9s] (a pair of Sevens)
Necromadx: shows [4h 3d] (two pair, Sevens and Threes)
Necromadx collected $35.50 from pot
*** SUMMARY ***
Total pot $36 | Rake $0.50
Board [5d 7s 2c 3c 7c]
Seat 1: tw3ntyfive (button) (small blind) showed [8c 9s] and lost with a pair of Sevens
Seat 2: Necromadx (big blind) showed [4h 3d] and won ($35.50) with two pair, Sevens and Threes


PokerStars Hand #144791396208:  Hold'em Limit ($3/$6 USD) - 2015/12/03 23:33:59 ET
Table 'Liguria' 2-max Seat #2 is the button
Seat 1: tw3ntyfive ($70.08 in chips)
Seat 2: Necromadx ($186.52 in chips)
Necromadx: posts small blind $1
tw3ntyfive: posts big blind $3
*** HOLE CARDS ***
Necromadx: raises $3 to $6
tw3ntyfive: raises $3 to $9
Necromadx: calls $3
*** FLOP *** [7h 3h 4h]
tw3ntyfive: bets $3
Necromadx: calls $3
*** TURN *** [7h 3h 4h] [3c]
tw3ntyfive: bets $6
Necromadx: raises $6 to $12
tw3ntyfive: calls $6
*** RIVER *** [7h 3h 4h 3c] [Th]
tw3ntyfive: bets $6
Necromadx: calls $6
*** SHOW DOWN ***
tw3ntyfive: shows [5h 5d] (a flush, Ten high)
Necromadx: shows [Kh Qh] (a flush, King high)
Necromadx collected $59.50 from pot
*** SUMMARY ***
Total pot $60 | Rake $0.50
Board [7h 3h 4h 3c Th]
Seat 1: tw3ntyfive (big blind) showed [5h 5d] and lost with a flush, Ten high
Seat 2: Necromadx (button) (small blind) showed [Kh Qh] and won ($59.50) with a flush, King high


PokerStars Hand #144791391841:  Hold'em Limit ($3/$6 USD) - 2015/12/03 23:33:44 ET
Table 'Liguria' 2-max Seat #1 is the button
Seat 1: tw3ntyfive ($58.56 in chips)
Seat 2: Necromadx ($198.52 in chips)
tw3ntyfive: posts small blind $1
Necromadx: posts big blind $3
*** HOLE CARDS ***
tw3ntyfive: calls $2
Necromadx: checks
*** FLOP *** [Ah 4d Tc]
Necromadx: bets $3
tw3ntyfive: calls $3
*** TURN *** [Ah 4d Tc] [9d]
Necromadx: checks
tw3ntyfive: checks
*** RIVER *** [Ah 4d Tc 9d] [3d]
Necromadx: bets $6
tw3ntyfive: calls $6
*** SHOW DOWN ***
Necromadx: shows [4h Jc] (a pair of Fours)
tw3ntyfive: shows [6s 6h] (a pair of Sixes)
tw3ntyfive collected $23.52 from pot
*** SUMMARY ***
Total pot $24 | Rake $0.48
Board [Ah 4d Tc 9d 3d]
Seat 1: tw3ntyfive (button) (small blind) showed [6s 6h] and won ($23.52) with a pair of Sixes
Seat 2: Necromadx (big blind) showed [4h Jc] and lost with a pair of Fours


PokerStars Hand #144791405344:  Hold'em Limit ($3/$6 USD) - 2015/12/03 23:34:31 ET
Table 'Liguria' 2-max Seat #2 is the button
Seat 1: tw3ntyfive ($22.08 in chips)
Seat 2: Necromadx ($233.52 in chips)
Necromadx: posts small blind $1
tw3ntyfive: posts big blind $3
*** HOLE CARDS ***
Necromadx: folds
Uncalled bet ($2) returned to tw3ntyfive
tw3ntyfive collected $2 from pot
tw3ntyfive: doesn't show hand
*** SUMMARY ***
Total pot $2 | Rake $0
Seat 1: tw3ntyfive (big blind) collected ($2)
Seat 2: Necromadx (button) (small blind) folded before Flop


PokerStars Hand #144791415156:  Hold'em Limit ($3/$6 USD) - 2015/12/03 23:35:06 ET
Table 'Liguria' 2-max Seat #1 is the button
Seat 1: tw3ntyfive ($9.96 in chips)
Seat 2: Necromadx ($244.94 in chips)
tw3ntyfive: posts small blind $1
Necromadx: posts big blind $3
*** HOLE CARDS ***
tw3ntyfive: calls $2
Necromadx: checks
*** FLOP *** [6s 2c Ac]
Necromadx: checks
tw3ntyfive: checks
*** TURN *** [6s 2c Ac] [Ts]
Necromadx: checks
tw3ntyfive: checks
*** RIVER *** [6s 2c Ac Ts] [Kh]
Necromadx: checks
tw3ntyfive: checks
*** SHOW DOWN ***
Necromadx: shows [Js 7c] (high card Ace)
tw3ntyfive: mucks hand
Necromadx collected $5.88 from pot
*** SUMMARY ***
Total pot $6 | Rake $0.12
Board [6s 2c Ac Ts Kh]
Seat 1: tw3ntyfive (button) (small blind) mucked
Seat 2: Necromadx (big blind) showed [Js 7c] and won ($5.88) with high card Ace


PokerStars Hand #144791411294:  Hold'em Limit ($3/$6 USD) - 2015/12/03 23:34:52 ET
Table 'Liguria' 2-max Seat #2 is the button
Seat 1: tw3ntyfive ($5.08 in chips)
Seat 2: Necromadx ($250.02 in chips)
Necromadx: posts small blind $1
tw3ntyfive: posts big blind $3
*** HOLE CARDS ***
Necromadx: raises $3 to $6
tw3ntyfive: calls $2.08 and is all-in
Uncalled bet ($0.92) returned to Necromadx
*** FLOP *** [4h 4s 3c]
*** TURN *** [4h 4s 3c] [5h]
*** RIVER *** [4h 4s 3c 5h] [Ad]
*** SHOW DOWN ***
tw3ntyfive: shows [Ac 3d] (two pair, Aces and Fours)
Necromadx: shows [3h 9h] (two pair, Fours and Threes)
tw3ntyfive collected $9.96 from pot
*** SUMMARY ***
Total pot $10.16 | Rake $0.20
Board [4h 4s 3c 5h Ad]
Seat 1: tw3ntyfive (big blind) showed [Ac 3d] and won ($9.96) with two pair, Aces and Fours
Seat 2: Necromadx (button) (small blind) showed [3h 9h] and lost with two pair, Fours and Threes


PokerStars Hand #144791406870:  Hold'em Limit ($3/$6 USD) - 2015/12/03 23:34:37 ET
Table 'Liguria' 2-max Seat #1 is the button
Seat 1: tw3ntyfive ($23.08 in chips)
Seat 2: Necromadx ($232.52 in chips)
tw3ntyfive: posts small blind $1
Necromadx: posts big blind $3
*** HOLE CARDS ***
tw3ntyfive: raises $3 to $6
Necromadx: raises $3 to $9
tw3ntyfive: calls $3
*** FLOP *** [5c Th 3c]
Necromadx: bets $3
tw3ntyfive: calls $3
*** TURN *** [5c Th 3c] [4c]
Necromadx: bets $6
tw3ntyfive: calls $6
*** RIVER *** [5c Th 3c 4c] [5d]
Necromadx: bets $6
tw3ntyfive: folds
Uncalled bet ($6) returned to Necromadx
Necromadx collected $35.50 from pot
Necromadx: doesn't show hand
*** SUMMARY ***
Total pot $36 | Rake $0.50
Board [5c Th 3c 4c 5d]
Seat 1: tw3ntyfive (button) (small blind) folded on the River
Seat 2: Necromadx (big blind) collected ($35.50)


PokerStars Hand #144791426779:  Hold'em Limit ($3/$6 USD) - 2015/12/03 23:35:46 ET
Table 'Liguria' 2-max Seat #2 is the button
Seat 1: tw3ntyfive ($26.78 in chips)
Seat 2: Necromadx ($227.22 in chips)
Necromadx: posts small blind $1
tw3ntyfive: posts big blind $3
*** HOLE CARDS ***
Necromadx: raises $3 to $6
tw3ntyfive: folds
Uncalled bet ($3) returned to Necromadx
Necromadx collected $6 from pot
Necromadx: doesn't show hand
*** SUMMARY ***
Total pot $6 | Rake $0
Seat 1: tw3ntyfive (big blind) folded before Flop
Seat 2: Necromadx (button) (small blind) collected ($6)


PokerStars Hand #144791422646:  Hold'em Limit ($3/$6 USD) - 2015/12/03 23:35:32 ET
Table 'Liguria' 2-max Seat #1 is the button
Seat 1: tw3ntyfive ($13.64 in chips)
Seat 2: Necromadx ($240.86 in chips)
tw3ntyfive: posts small blind $1
Necromadx: posts big blind $3
*** HOLE CARDS ***
tw3ntyfive: raises $3 to $6
Necromadx: calls $3
*** FLOP *** [7d 6h Qc]
Necromadx: checks
tw3ntyfive: bets $3
Necromadx: raises $3 to $6
tw3ntyfive: raises $1.64 to $7.64 and is all-in
Necromadx: calls $1.64
*** TURN *** [7d 6h Qc] [7s]
*** RIVER *** [7d 6h Qc 7s] [8s]
*** SHOW DOWN ***
Necromadx: shows [Jh 6d] (two pair, Sevens and Sixes)
tw3ntyfive: shows [8d 9h] (two pair, Eights and Sevens)
tw3ntyfive collected $26.78 from pot
*** SUMMARY ***
Total pot $27.28 | Rake $0.50
Board [7d 6h Qc 7s 8s]
Seat 1: tw3ntyfive (button) (small blind) showed [8d 9h] and won ($26.78) with two pair, Eights and Sevens
Seat 2: Necromadx (big blind) showed [Jh 6d] and lost with two pair, Sevens and Sixes


PokerStars Hand #144791441668:  Hold'em Limit ($3/$6 USD) - 2015/12/03 23:36:39 ET
Table 'Liguria' 2-max Seat #1 is the button
Seat 1: tw3ntyfive ($36.18 in chips)
Seat 2: Necromadx ($217.10 in chips)
tw3ntyfive: posts small blind $1
Necromadx: posts big blind $3
*** HOLE CARDS ***
tw3ntyfive: raises $3 to $6
Necromadx: calls $3
*** FLOP *** [Qh Qc 7c]
Necromadx: checks
tw3ntyfive: bets $3
Necromadx: folds
Uncalled bet ($3) returned to tw3ntyfive
tw3ntyfive collected $11.76 from pot
tw3ntyfive: doesn't show hand
*** SUMMARY ***
Total pot $12 | Rake $0.24
Board [Qh Qc 7c]
Seat 1: tw3ntyfive (button) (small blind) collected ($11.76)
Seat 2: Necromadx (big blind) folded on the Flop


PokerStars Hand #144791438649:  Hold'em Limit ($3/$6 USD) - 2015/12/03 23:36:28 ET
Table 'Liguria' 2-max Seat #2 is the button
Seat 1: tw3ntyfive ($27.54 in chips)
Seat 2: Necromadx ($226.10 in chips)
Necromadx: posts small blind $1
tw3ntyfive: posts big blind $3
*** HOLE CARDS ***
Necromadx: raises $3 to $6
tw3ntyfive: calls $3
*** FLOP *** [Kd 5d 4h]
tw3ntyfive: bets $3
Necromadx: calls $3
*** TURN *** [Kd 5d 4h] [9d]
tw3ntyfive: bets $6
Necromadx: folds
Uncalled bet ($6) returned to tw3ntyfive
tw3ntyfive collected $17.64 from pot
tw3ntyfive: doesn't show hand
*** SUMMARY ***
Total pot $18 | Rake $0.36
Board [Kd 5d 4h 9d]
Seat 1: tw3ntyfive (big blind) collected ($17.64)
Seat 2: Necromadx (button) (small blind) folded on the Turn


PokerStars Hand #144791435600:  Hold'em Limit ($3/$6 USD) - 2015/12/03 23:36:17 ET
Table 'Liguria' 2-max Seat #1 is the button
Seat 1: tw3ntyfive ($21.78 in chips)
Seat 2: Necromadx ($232.10 in chips)
tw3ntyfive: posts small blind $1
Necromadx: posts big blind $3
*** HOLE CARDS ***
tw3ntyfive: raises $3 to $6
Necromadx: calls $3
*** FLOP *** [6c 3c 8c]
Necromadx: checks
tw3ntyfive: checks
*** TURN *** [6c 3c 8c] [Qs]
Necromadx: checks
tw3ntyfive: bets $6
Necromadx: folds
Uncalled bet ($6) returned to tw3ntyfive
tw3ntyfive collected $11.76 from pot
tw3ntyfive: doesn't show hand
*** SUMMARY ***
Total pot $12 | Rake $0.24
Board [6c 3c 8c Qs]
Seat 1: tw3ntyfive (button) (small blind) collected ($11.76)
Seat 2: Necromadx (big blind) folded on the Turn


PokerStars Hand #144791434301:  Hold'em Limit ($3/$6 USD) - 2015/12/03 23:36:13 ET
Table 'Liguria' 2-max Seat #2 is the button
Seat 1: tw3ntyfive ($24.78 in chips)
Seat 2: Necromadx ($229.10 in chips)
Necromadx: posts small blind $1
tw3ntyfive: posts big blind $3
*** HOLE CARDS ***
Necromadx: raises $3 to $6
tw3ntyfive: folds
Uncalled bet ($3) returned to Necromadx
Necromadx collected $6 from pot
Necromadx: doesn't show hand
*** SUMMARY ***
Total pot $6 | Rake $0
Seat 1: tw3ntyfive (big blind) folded before Flop
Seat 2: Necromadx (button) (small blind) collected ($6)


PokerStars Hand #144791431045:  Hold'em Limit ($3/$6 USD) - 2015/12/03 23:36:01 ET
Table 'Liguria' 2-max Seat #1 is the button
Seat 1: tw3ntyfive ($27.78 in chips)
Seat 2: Necromadx ($226.22 in chips)
tw3ntyfive: posts small blind $1
Necromadx: posts big blind $3
*** HOLE CARDS ***
tw3ntyfive: calls $2
Necromadx: checks
*** FLOP *** [6c 4h Jd]
Necromadx: checks
tw3ntyfive: checks
*** TURN *** [6c 4h Jd] [9c]
Necromadx: checks
tw3ntyfive: checks
*** RIVER *** [6c 4h Jd 9c] [7s]
Necromadx: bets $6
tw3ntyfive: folds
Uncalled bet ($6) returned to Necromadx
Necromadx collected $5.88 from pot
Necromadx: doesn't show hand
*** SUMMARY ***
Total pot $6 | Rake $0.12
Board [6c 4h Jd 9c 7s]
Seat 1: tw3ntyfive (button) (small blind) folded on the River
Seat 2: Necromadx (big blind) collected ($5.88)


PokerStars Hand #144791429510:  Hold'em Limit ($3/$6 USD) - 2015/12/03 23:35:56 ET
Table 'Liguria' 2-max Seat #2 is the button
Seat 1: tw3ntyfive ($26.78 in chips)
Seat 2: Necromadx ($227.22 in chips)
Necromadx: posts small blind $1
tw3ntyfive: posts big blind $3
*** HOLE CARDS ***
Necromadx: folds
Uncalled bet ($2) returned to tw3ntyfive
tw3ntyfive collected $2 from pot
tw3ntyfive: doesn't show hand
*** SUMMARY ***
Total pot $2 | Rake $0
Seat 1: tw3ntyfive (big blind) collected ($2)
Seat 2: Necromadx (button) (small blind) folded before Flop


PokerStars Hand #144791428147:  Hold'em Limit ($3/$6 USD) - 2015/12/03 23:35:51 ET
Table 'Liguria' 2-max Seat #1 is the button
Seat 1: tw3ntyfive ($23.78 in chips)
Seat 2: Necromadx ($230.22 in chips)
tw3ntyfive: posts small blind $1
Necromadx: posts big blind $3
*** HOLE CARDS ***
tw3ntyfive: raises $3 to $6
Necromadx: folds
Uncalled bet ($3) returned to tw3ntyfive
tw3ntyfive collected $6 from pot
tw3ntyfive: doesn't show hand
*** SUMMARY ***
Total pot $6 | Rake $0
Seat 1: tw3ntyfive (button) (small blind) collected ($6)
Seat 2: Necromadx (big blind) folded before Flop


PokerStars Hand #144791449474:  Hold'em Limit ($3/$6 USD) - 2015/12/03 23:37:07 ET
Table 'Liguria' 2-max Seat #1 is the button
Seat 1: tw3ntyfive ($14.94 in chips)
Seat 2: Necromadx ($237.60 in chips)
tw3ntyfive: posts small blind $1
Necromadx: posts big blind $3
*** HOLE CARDS ***
tw3ntyfive: raises $3 to $6
Necromadx: raises $3 to $9
tw3ntyfive: raises $3 to $12
Betting is capped
Necromadx: calls $3
*** FLOP *** [4d 5h Ac]
Necromadx: bets $3
tw3ntyfive: calls $2.94 and is all-in
Uncalled bet ($0.06) returned to Necromadx
*** TURN *** [4d 5h Ac] [5c]
*** RIVER *** [4d 5h Ac 5c] [9d]
*** SHOW DOWN ***
Necromadx: shows [As Ts] (two pair, Aces and Fives)
tw3ntyfive: shows [Kd 6c] (a pair of Fives)
Necromadx collected $29.38 from pot
*** SUMMARY ***
Total pot $29.88 | Rake $0.50
Board [4d 5h Ac 5c 9d]
Seat 1: tw3ntyfive (button) (small blind) showed [Kd 6c] and lost with a pair of Fives
Seat 2: Necromadx (big blind) showed [As Ts] and won ($29.38) with two pair, Aces and Fives


PokerStars Hand #144791444649:  Hold'em Limit ($3/$6 USD) - 2015/12/03 23:36:50 ET
Table 'Liguria' 2-max Seat #2 is the button
Seat 1: tw3ntyfive ($41.94 in chips)
Seat 2: Necromadx ($211.10 in chips)
Necromadx: posts small blind $1
tw3ntyfive: posts big blind $3
*** HOLE CARDS ***
Necromadx: raises $3 to $6
tw3ntyfive: calls $3
*** FLOP *** [6d 3h 2h]
tw3ntyfive: bets $3
Necromadx: calls $3
*** TURN *** [6d 3h 2h] [Kd]
tw3ntyfive: checks
Necromadx: bets $6
tw3ntyfive: calls $6
*** RIVER *** [6d 3h 2h Kd] [6h]
tw3ntyfive: checks
Necromadx: bets $6
tw3ntyfive: raises $6 to $12
Necromadx: calls $6
*** SHOW DOWN ***
tw3ntyfive: shows [Th 6c] (three of a kind, Sixes)
Necromadx: shows [6s Qs] (three of a kind, Sixes - King+Queen kicker)
Necromadx collected $53.50 from pot
*** SUMMARY ***
Total pot $54 | Rake $0.50
Board [6d 3h 2h Kd 6h]
Seat 1: tw3ntyfive (big blind) showed [Th 6c] and lost with three of a kind, Sixes
Seat 2: Necromadx (button) (small blind) showed [6s Qs] and won ($53.50) with three of a kind, Sixes


