PokerStars Hand #153056487227:  Hold'em Limit ($3/$6 USD) - 2016/05/09 3:24:15 ET
Table 'Liguria' 6-max Seat #2 is the button
Seat 2: seregasan87 ($120 in chips)
Seat 4: VolkovDmitri ($120 in chips)
seregasan87: posts small blind $1
VolkovDmitri: posts big blind $3
*** HOLE CARDS ***
seregasan87: calls $2
VolkovDmitri: raises $3 to $6
seregasan87: calls $3
*** FLOP *** [3h 6c 6d]
old_col joins the table at seat #3
VolkovDmitri: bets $3
seregasan87: calls $3
*** TURN *** [3h 6c 6d] [Kd]
Velbor107 joins the table at seat #5
VolkovDmitri: bets $6
seregasan87: calls $6
*** RIVER *** [3h 6c 6d Kd] [9s]
VolkovDmitri: checks
seregasan87: bets $6
VolkovDmitri: calls $6
*** SHOW DOWN ***
seregasan87: shows [2d Ad] (a pair of Sixes)
VolkovDmitri: shows [4h 9h] (two pair, Nines and Sixes)
VolkovDmitri collected $41.50 from pot
*** SUMMARY ***
Total pot $42 | Rake $0.50
Board [3h 6c 6d Kd 9s]
Seat 2: seregasan87 (button) (small blind) showed [2d Ad] and lost with a pair of Sixes
Seat 4: VolkovDmitri (big blind) showed [4h 9h] and won ($41.50) with two pair, Nines and Sixes


PokerStars Hand #153061231269:  Hold'em Limit ($3/$6 USD) - 2016/05/09 7:16:41 ET
Table 'Liguria' 6-max Seat #1 is the button
Seat 1: Nirelle ($132.80 in chips)
Seat 6: Tryptamean ($139.42 in chips)
Nirelle: posts small blind $1
skanQ: is sitting out
Tryptamean: posts big blind $3
*** HOLE CARDS ***
Nirelle: folds
Uncalled bet ($2) returned to Tryptamean
skanQ leaves the table
Tryptamean collected $2 from pot
Tryptamean: doesn't show hand
*** SUMMARY ***
Total pot $2 | Rake $0
Seat 1: Nirelle (button) (small blind) folded before Flop
Seat 6: Tryptamean (big blind) collected ($2)


