PokerStars Hand #146009828695:  Hold'em Limit ($3/$6 USD) - 2015/12/27 12:46:09 ET
Table 'Liguria II' 2-max Seat #1 is the button
Seat 1: Swe_OlssoN ($101 in chips)
Seat 2: MTails ($117.50 in chips)
Swe_OlssoN: posts small blind $1
MTails: posts big blind $3
*** HOLE CARDS ***
Swe_OlssoN: raises $3 to $6
MTails: calls $3
*** FLOP *** [8h 2c Ad]
MTails: checks
Swe_OlssoN: bets $3
MTails: raises $3 to $6
Swe_OlssoN: raises $3 to $9
MTails: calls $3
*** TURN *** [8h 2c Ad] [Qd]
MTails: checks
Swe_OlssoN: bets $6
MTails: calls $6
*** RIVER *** [8h 2c Ad Qd] [5h]
MTails: checks
Swe_OlssoN: bets $6
MTails: calls $6
*** SHOW DOWN ***
Swe_OlssoN: shows [7h Tc] (high card Ace)
MTails: shows [9c Ac] (a pair of Aces)
MTails collected $53.50 from pot
*** SUMMARY ***
Total pot $54 | Rake $0.50
Board [8h 2c Ad Qd 5h]
Seat 1: Swe_OlssoN (button) (small blind) showed [7h Tc] and lost with high card Ace
Seat 2: MTails (big blind) showed [9c Ac] and won ($53.50) with a pair of Aces


PokerStars Hand #146009822640:  Hold'em Limit ($3/$6 USD) - 2015/12/27 12:46:03 ET
Table 'Liguria II' 2-max Seat #2 is the button
Seat 1: Swe_OlssoN ($104 in chips)
Seat 2: MTails ($114.50 in chips)
MTails: posts small blind $1
Swe_OlssoN: posts big blind $3
*** HOLE CARDS ***
MTails: raises $3 to $6
Swe_OlssoN: folds
Uncalled bet ($3) returned to MTails
MTails collected $6 from pot
*** SUMMARY ***
Total pot $6 | Rake $0
Seat 1: Swe_OlssoN (big blind) folded before Flop
Seat 2: MTails (button) (small blind) collected ($6)


PokerStars Hand #146009804243:  Hold'em Limit ($3/$6 USD) - 2015/12/27 12:45:45 ET
Table 'Liguria II' 2-max Seat #1 is the button
Seat 1: Swe_OlssoN ($83.50 in chips)
Seat 2: MTails ($135.50 in chips)
Swe_OlssoN: posts small blind $1
MTails: posts big blind $3
*** HOLE CARDS ***
Swe_OlssoN: raises $3 to $6
MTails: raises $3 to $9
Swe_OlssoN: calls $3
*** FLOP *** [3c 8d 7s]
MTails: bets $3
Swe_OlssoN: raises $3 to $6
MTails: calls $3
*** TURN *** [3c 8d 7s] [9c]
MTails: checks
Swe_OlssoN: bets $6
MTails: calls $6
*** RIVER *** [3c 8d 7s 9c] [Jc]
MTails: checks
Swe_OlssoN: checks
*** SHOW DOWN ***
MTails: shows [4h 7d] (a pair of Sevens)
Swe_OlssoN: shows [7h Kd] (a pair of Sevens - King kicker)
Swe_OlssoN collected $41.50 from pot
*** SUMMARY ***
Total pot $42 | Rake $0.50
Board [3c 8d 7s 9c Jc]
Seat 1: Swe_OlssoN (button) (small blind) showed [7h Kd] and won ($41.50) with a pair of Sevens
Seat 2: MTails (big blind) showed [4h 7d] and lost with a pair of Sevens


PokerStars Hand #146009780062:  Hold'em Limit ($3/$6 USD) - 2015/12/27 12:45:21 ET
Table 'Liguria II' 2-max Seat #2 is the button
Seat 1: Swe_OlssoN ($113.50 in chips)
Seat 2: MTails ($106 in chips)
MTails: posts small blind $1
Swe_OlssoN: posts big blind $3
*** HOLE CARDS ***
MTails: raises $3 to $6
Swe_OlssoN: raises $3 to $9
MTails: calls $3
*** FLOP *** [As 8c Qc]
Swe_OlssoN: bets $3
MTails: calls $3
*** TURN *** [As 8c Qc] [4d]
Swe_OlssoN: bets $6
MTails: raises $6 to $12
Swe_OlssoN: calls $6
*** RIVER *** [As 8c Qc 4d] [Kc]
Swe_OlssoN: checks
MTails: bets $6
Swe_OlssoN: calls $6
*** SHOW DOWN ***
MTails: shows [4c 4h] (three of a kind, Fours)
Swe_OlssoN: mucks hand
MTails collected $59.50 from pot
*** SUMMARY ***
Total pot $60 | Rake $0.50
Board [As 8c Qc 4d Kc]
Seat 1: Swe_OlssoN (big blind) mucked
Seat 2: MTails (button) (small blind) showed [4c 4h] and won ($59.50) with three of a kind, Fours


PokerStars Hand #146009905176:  Hold'em Limit ($3/$6 USD) - 2015/12/27 12:47:21 ET
Table 'Liguria II' 2-max Seat #2 is the button
Seat 1: Swe_OlssoN ($48.64 in chips)
Seat 2: MTails ($168 in chips)
MTails: posts small blind $1
Swe_OlssoN: posts big blind $3
*** HOLE CARDS ***
MTails: raises $3 to $6
Swe_OlssoN: folds
Uncalled bet ($3) returned to MTails
MTails collected $6 from pot
*** SUMMARY ***
Total pot $6 | Rake $0
Seat 1: Swe_OlssoN (big blind) folded before Flop
Seat 2: MTails (button) (small blind) collected ($6)


PokerStars Hand #146009849950:  Hold'em Limit ($3/$6 USD) - 2015/12/27 12:46:30 ET
Table 'Liguria II' 2-max Seat #2 is the button
Seat 1: Swe_OlssoN ($74 in chips)
Seat 2: MTails ($144 in chips)
MTails: posts small blind $1
Swe_OlssoN: posts big blind $3
*** HOLE CARDS ***
MTails: raises $3 to $6
Swe_OlssoN: calls $3
*** FLOP *** [9d 6h Ah]
Swe_OlssoN: checks
MTails: bets $3
Swe_OlssoN: calls $3
*** TURN *** [9d 6h Ah] [Ks]
Swe_OlssoN: checks
MTails: checks
*** RIVER *** [9d 6h Ah Ks] [8h]
Swe_OlssoN: checks
MTails: bets $6
Swe_OlssoN: calls $6
*** SHOW DOWN ***
MTails: shows [Td 6d] (a pair of Sixes)
Swe_OlssoN: mucks hand
MTails collected $29.50 from pot
*** SUMMARY ***
Total pot $30 | Rake $0.50
Board [9d 6h Ah Ks 8h]
Seat 1: Swe_OlssoN (big blind) mucked
Seat 2: MTails (button) (small blind) showed [Td 6d] and won ($29.50) with a pair of Sixes


PokerStars Hand #146009869750:  Hold'em Limit ($3/$6 USD) - 2015/12/27 12:46:49 ET
Table 'Liguria II' 2-max Seat #1 is the button
Seat 1: Swe_OlssoN ($59 in chips)
Seat 2: MTails ($158.50 in chips)
Swe_OlssoN: posts small blind $1
MTails: posts big blind $3
*** HOLE CARDS ***
Swe_OlssoN: raises $3 to $6
MTails: calls $3
*** FLOP *** [Kd 3h 6s]
MTails: checks
Swe_OlssoN: bets $3
MTails: calls $3
*** TURN *** [Kd 3h 6s] [8h]
MTails: checks
Swe_OlssoN: bets $6
MTails: folds
Uncalled bet ($6) returned to Swe_OlssoN
Swe_OlssoN collected $17.64 from pot
Swe_OlssoN: doesn't show hand
*** SUMMARY ***
Total pot $18 | Rake $0.36
Board [Kd 3h 6s 8h]
Seat 1: Swe_OlssoN (button) (small blind) collected ($17.64)
Seat 2: MTails (big blind) folded on the Turn


PokerStars Hand #146009900646:  Hold'em Limit ($3/$6 USD) - 2015/12/27 12:47:17 ET
Table 'Liguria II' 2-max Seat #1 is the button
Seat 1: Swe_OlssoN ($49.64 in chips)
Seat 2: MTails ($167 in chips)
Swe_OlssoN: posts small blind $1
MTails: posts big blind $3
*** HOLE CARDS ***
Swe_OlssoN: folds
Uncalled bet ($2) returned to MTails
MTails collected $2 from pot
MTails: doesn't show hand
*** SUMMARY ***
Total pot $2 | Rake $0
Seat 1: Swe_OlssoN (button) (small blind) folded before Flop
Seat 2: MTails (big blind) collected ($2)


PokerStars Hand #146009883360:  Hold'em Limit ($3/$6 USD) - 2015/12/27 12:47:02 ET
Table 'Liguria II' 2-max Seat #2 is the button
Seat 1: Swe_OlssoN ($67.64 in chips)
Seat 2: MTails ($149.50 in chips)
MTails: posts small blind $1
Swe_OlssoN: posts big blind $3
*** HOLE CARDS ***
MTails: raises $3 to $6
Swe_OlssoN: raises $3 to $9
MTails: calls $3
*** FLOP *** [Ac Qs Kd]
Swe_OlssoN: bets $3
MTails: calls $3
*** TURN *** [Ac Qs Kd] [5d]
Swe_OlssoN: bets $6
MTails: raises $6 to $12
Swe_OlssoN: folds
Uncalled bet ($6) returned to MTails
MTails collected $35.50 from pot
*** SUMMARY ***
Total pot $36 | Rake $0.50
Board [Ac Qs Kd 5d]
Seat 1: Swe_OlssoN (big blind) folded on the Turn
Seat 2: MTails (button) (small blind) collected ($35.50)


PokerStars Hand #146009911295:  Hold'em Limit ($3/$6 USD) - 2015/12/27 12:47:27 ET
Table 'Liguria II' 2-max Seat #1 is the button
Seat 1: Swe_OlssoN ($45.64 in chips)
Seat 2: MTails ($171 in chips)
Swe_OlssoN: posts small blind $1
MTails: posts big blind $3
*** HOLE CARDS ***
Swe_OlssoN: raises $3 to $6
MTails: calls $3
*** FLOP *** [4c 6s Ts]
MTails: checks
Swe_OlssoN: bets $3
MTails: calls $3
*** TURN *** [4c 6s Ts] [Ah]
MTails: checks
Swe_OlssoN: bets $6
MTails: calls $6
*** RIVER *** [4c 6s Ts Ah] [2c]
MTails: checks
Swe_OlssoN: checks
*** SHOW DOWN ***
MTails: shows [8c Tc] (a pair of Tens)
Swe_OlssoN: mucks hand
MTails collected $29.50 from pot
*** SUMMARY ***
Total pot $30 | Rake $0.50
Board [4c 6s Ts Ah 2c]
Seat 1: Swe_OlssoN (button) (small blind) mucked
Seat 2: MTails (big blind) showed [8c Tc] and won ($29.50) with a pair of Tens


PokerStars Hand #146009930198:  Hold'em Limit ($3/$6 USD) - 2015/12/27 12:47:44 ET
Table 'Liguria II' 2-max Seat #2 is the button
Seat 1: Swe_OlssoN ($30.64 in chips)
Seat 2: MTails ($185.50 in chips)
MTails: posts small blind $1
Swe_OlssoN: posts big blind $3
*** HOLE CARDS ***
MTails: raises $3 to $6
Swe_OlssoN: folds
Uncalled bet ($3) returned to MTails
MTails collected $6 from pot
*** SUMMARY ***
Total pot $6 | Rake $0
Seat 1: Swe_OlssoN (big blind) folded before Flop
Seat 2: MTails (button) (small blind) collected ($6)


PokerStars Hand #146009937706:  Hold'em Limit ($3/$6 USD) - 2015/12/27 12:47:50 ET
Table 'Liguria II' 2-max Seat #1 is the button
Seat 1: Swe_OlssoN ($27.64 in chips)
Seat 2: MTails ($188.50 in chips)
Swe_OlssoN: posts small blind $1
MTails: posts big blind $3
*** HOLE CARDS ***
Swe_OlssoN: folds
Uncalled bet ($2) returned to MTails
MTails collected $2 from pot
*** SUMMARY ***
Total pot $2 | Rake $0
Seat 1: Swe_OlssoN (button) (small blind) folded before Flop
Seat 2: MTails (big blind) collected ($2)


PokerStars Hand #146009942686:  Hold'em Limit ($3/$6 USD) - 2015/12/27 12:47:55 ET
Table 'Liguria II' 2-max Seat #2 is the button
Seat 1: Swe_OlssoN ($26.64 in chips)
Seat 2: MTails ($189.50 in chips)
MTails: posts small blind $1
Swe_OlssoN: posts big blind $3
*** HOLE CARDS ***
MTails: raises $3 to $6
Swe_OlssoN: raises $3 to $9
MTails: calls $3
*** FLOP *** [9s 3h 2d]
Swe_OlssoN: bets $3
MTails: calls $3
*** TURN *** [9s 3h 2d] [Tc]
Swe_OlssoN: bets $6
MTails: calls $6
*** RIVER *** [9s 3h 2d Tc] [Jc]
Swe_OlssoN: bets $6
MTails: raises $6 to $12
Swe_OlssoN: calls $2.64 and is all-in
Uncalled bet ($3.36) returned to MTails
*** SHOW DOWN ***
MTails: shows [Qd 8h] (a straight, Eight to Queen)
Swe_OlssoN: shows [Kd Ts] (a pair of Tens)
MTails collected $52.78 from pot
*** SUMMARY ***
Total pot $53.28 | Rake $0.50
Board [9s 3h 2d Tc Jc]
Seat 1: Swe_OlssoN (big blind) showed [Kd Ts] and lost with a pair of Tens
Seat 2: MTails (button) (small blind) showed [Qd 8h] and won ($52.78) with a straight, Eight to Queen


PokerStars Hand #146009991932:  Hold'em Limit ($3/$6 USD) - 2015/12/27 12:48:38 ET
Table 'Liguria II' 2-max Seat #2 is the button
Seat 1: Swe_OlssoN ($125.76 in chips)
Seat 2: MTails ($209.64 in chips)
MTails: posts small blind $1
Swe_OlssoN: posts big blind $3
*** HOLE CARDS ***
MTails: raises $3 to $6
Swe_OlssoN: calls $3
*** FLOP *** [7s 6c Js]
Swe_OlssoN: checks
MTails: bets $3
Swe_OlssoN: calls $3
*** TURN *** [7s 6c Js] [5h]
Swe_OlssoN: checks
MTails: checks
*** RIVER *** [7s 6c Js 5h] [4c]
Swe_OlssoN: checks
MTails: bets $6
Swe_OlssoN: calls $6
*** SHOW DOWN ***
MTails: shows [Qd 9h] (high card Queen)
Swe_OlssoN: shows [6s Th] (a pair of Sixes)
Swe_OlssoN collected $29.50 from pot
*** SUMMARY ***
Total pot $30 | Rake $0.50
Board [7s 6c Js 5h 4c]
Seat 1: Swe_OlssoN (big blind) showed [6s Th] and won ($29.50) with a pair of Sixes
Seat 2: MTails (button) (small blind) showed [Qd 9h] and lost with high card Queen


PokerStars Hand #146010011329:  Hold'em Limit ($3/$6 USD) - 2015/12/27 12:48:55 ET
Table 'Liguria II' 2-max Seat #1 is the button
Seat 1: Swe_OlssoN ($140.26 in chips)
Seat 2: MTails ($194.64 in chips)
Swe_OlssoN: posts small blind $1
MTails: posts big blind $3
*** HOLE CARDS ***
Swe_OlssoN: raises $3 to $6
MTails: calls $3
*** FLOP *** [Kh 3d 9d]
MTails: checks
Swe_OlssoN: bets $3
MTails: calls $3
*** TURN *** [Kh 3d 9d] [5d]
MTails: checks
Swe_OlssoN: bets $6
MTails: calls $6
*** RIVER *** [Kh 3d 9d 5d] [Ah]
MTails: checks
Swe_OlssoN: checks
*** SHOW DOWN ***
MTails: shows [8c Jd] (high card Ace)
Swe_OlssoN: shows [9c 8h] (a pair of Nines)
Swe_OlssoN collected $29.50 from pot
*** SUMMARY ***
Total pot $30 | Rake $0.50
Board [Kh 3d 9d 5d Ah]
Seat 1: Swe_OlssoN (button) (small blind) showed [9c 8h] and won ($29.50) with a pair of Nines
Seat 2: MTails (big blind) showed [8c Jd] and lost with high card Ace


PokerStars Hand #146010051598:  Hold'em Limit ($3/$6 USD) - 2015/12/27 12:49:30 ET
Table 'Liguria II' 2-max Seat #1 is the button
Seat 1: Swe_OlssoN ($130.76 in chips)
Seat 2: MTails ($203.14 in chips)
Swe_OlssoN: posts small blind $1
MTails: posts big blind $3
*** HOLE CARDS ***
Swe_OlssoN: raises $3 to $6
MTails: folds
Uncalled bet ($3) returned to Swe_OlssoN
Swe_OlssoN collected $6 from pot
Swe_OlssoN: doesn't show hand
*** SUMMARY ***
Total pot $6 | Rake $0
Seat 1: Swe_OlssoN (button) (small blind) collected ($6)
Seat 2: MTails (big blind) folded before Flop


PokerStars Hand #146010028545:  Hold'em Limit ($3/$6 USD) - 2015/12/27 12:49:10 ET
Table 'Liguria II' 2-max Seat #2 is the button
Seat 1: Swe_OlssoN ($154.76 in chips)
Seat 2: MTails ($179.64 in chips)
MTails: posts small blind $1
Swe_OlssoN: posts big blind $3
*** HOLE CARDS ***
MTails: raises $3 to $6
Swe_OlssoN: calls $3
*** FLOP *** [Th Js 3d]
Swe_OlssoN: checks
MTails: checks
*** TURN *** [Th Js 3d] [4d]
Swe_OlssoN: bets $6
MTails: raises $6 to $12
Swe_OlssoN: calls $6
*** RIVER *** [Th Js 3d 4d] [Ad]
Swe_OlssoN: checks
MTails: bets $6
Swe_OlssoN: calls $6
*** SHOW DOWN ***
MTails: shows [Jd 9s] (a pair of Jacks)
Swe_OlssoN: mucks hand
MTails collected $47.50 from pot
*** SUMMARY ***
Total pot $48 | Rake $0.50
Board [Th Js 3d 4d Ad]
Seat 1: Swe_OlssoN (big blind) mucked
Seat 2: MTails (button) (small blind) showed [Jd 9s] and won ($47.50) with a pair of Jacks


PokerStars Hand #146009979321:  Hold'em Limit ($3/$6 USD) - 2015/12/27 12:48:27 ET
Table 'Liguria II' 2-max Seat #1 is the button
Seat 1: Swe_OlssoN ($120 in chips)
Seat 2: MTails ($215.64 in chips)
Swe_OlssoN: posts small blind $1
MTails: posts big blind $3
*** HOLE CARDS ***
Swe_OlssoN: raises $3 to $6
MTails: calls $3
*** FLOP *** [9h Kc 4d]
MTails: checks
Swe_OlssoN: bets $3
MTails: folds
Uncalled bet ($3) returned to Swe_OlssoN
Swe_OlssoN collected $11.76 from pot
Swe_OlssoN: doesn't show hand
*** SUMMARY ***
Total pot $12 | Rake $0.24
Board [9h Kc 4d]
Seat 1: Swe_OlssoN (button) (small blind) collected ($11.76)
Seat 2: MTails (big blind) folded on the Flop


PokerStars Hand #146010057187:  Hold'em Limit ($3/$6 USD) - 2015/12/27 12:49:35 ET
Table 'Liguria II' 2-max Seat #2 is the button
Seat 1: Swe_OlssoN ($133.76 in chips)
Seat 2: MTails ($200.14 in chips)
MTails: posts small blind $1
Swe_OlssoN: posts big blind $3
*** HOLE CARDS ***
MTails: raises $3 to $6
Swe_OlssoN: folds
Uncalled bet ($3) returned to MTails
MTails collected $6 from pot
*** SUMMARY ***
Total pot $6 | Rake $0
Seat 1: Swe_OlssoN (big blind) folded before Flop
Seat 2: MTails (button) (small blind) collected ($6)


PokerStars Hand #146010064817:  Hold'em Limit ($3/$6 USD) - 2015/12/27 12:49:42 ET
Table 'Liguria II' 2-max Seat #1 is the button
Seat 1: Swe_OlssoN ($130.76 in chips)
Seat 2: MTails ($203.14 in chips)
Swe_OlssoN: posts small blind $1
MTails: posts big blind $3
*** HOLE CARDS ***
Swe_OlssoN: raises $3 to $6
MTails: calls $3
*** FLOP *** [Th 6c 8d]
MTails: checks
Swe_OlssoN: checks
*** TURN *** [Th 6c 8d] [4s]
MTails: bets $6
Swe_OlssoN: folds
Uncalled bet ($6) returned to MTails
MTails collected $11.76 from pot
*** SUMMARY ***
Total pot $12 | Rake $0.24
Board [Th 6c 8d 4s]
Seat 1: Swe_OlssoN (button) (small blind) folded on the Turn
Seat 2: MTails (big blind) collected ($11.76)


PokerStars Hand #146010076711:  Hold'em Limit ($3/$6 USD) - 2015/12/27 12:49:52 ET
Table 'Liguria II' 2-max Seat #2 is the button
Seat 1: Swe_OlssoN ($124.76 in chips)
Seat 2: MTails ($208.90 in chips)
MTails: posts small blind $1
Swe_OlssoN: posts big blind $3
*** HOLE CARDS ***
MTails: raises $3 to $6
Swe_OlssoN: calls $3
*** FLOP *** [8s 3h 9h]
Swe_OlssoN: bets $3
MTails: calls $3
*** TURN *** [8s 3h 9h] [4d]
Swe_OlssoN: bets $6
MTails: raises $6 to $12
Swe_OlssoN: folds
Uncalled bet ($6) returned to MTails
MTails collected $29.50 from pot
*** SUMMARY ***
Total pot $30 | Rake $0.50
Board [8s 3h 9h 4d]
Seat 1: Swe_OlssoN (big blind) folded on the Turn
Seat 2: MTails (button) (small blind) collected ($29.50)


PokerStars Hand #146010094086:  Hold'em Limit ($3/$6 USD) - 2015/12/27 12:50:07 ET
Table 'Liguria II' 2-max Seat #1 is the button
Seat 1: Swe_OlssoN ($109.76 in chips)
Seat 2: MTails ($223.40 in chips)
Swe_OlssoN: posts small blind $1
MTails: posts big blind $3
*** HOLE CARDS ***
Swe_OlssoN: raises $3 to $6
MTails: calls $3
*** FLOP *** [Js 7s 2s]
MTails: checks
Swe_OlssoN: bets $3
MTails: calls $3
*** TURN *** [Js 7s 2s] [Qs]
MTails: checks
Swe_OlssoN: checks
*** RIVER *** [Js 7s 2s Qs] [3d]
MTails: bets $6
Swe_OlssoN: folds
Uncalled bet ($6) returned to MTails
MTails collected $17.64 from pot
*** SUMMARY ***
Total pot $18 | Rake $0.36
Board [Js 7s 2s Qs 3d]
Seat 1: Swe_OlssoN (button) (small blind) folded on the River
Seat 2: MTails (big blind) collected ($17.64)


PokerStars Hand #146010110806:  Hold'em Limit ($3/$6 USD) - 2015/12/27 12:50:22 ET
Table 'Liguria II' 2-max Seat #2 is the button
Seat 1: Swe_OlssoN ($100.76 in chips)
Seat 2: MTails ($232.04 in chips)
MTails: posts small blind $1
Swe_OlssoN: posts big blind $3
*** HOLE CARDS ***
MTails: raises $3 to $6
Swe_OlssoN: raises $3 to $9
MTails: calls $3
*** FLOP *** [8s 5h 9h]
Swe_OlssoN: bets $3
MTails: calls $3
*** TURN *** [8s 5h 9h] [5d]
Swe_OlssoN: bets $6
MTails: calls $6
*** RIVER *** [8s 5h 9h 5d] [6s]
Swe_OlssoN: bets $6
MTails: calls $6
*** SHOW DOWN ***
Swe_OlssoN: shows [Ad 5s] (three of a kind, Fives)
MTails: mucks hand
Swe_OlssoN collected $47.50 from pot
*** SUMMARY ***
Total pot $48 | Rake $0.50
Board [8s 5h 9h 5d 6s]
Seat 1: Swe_OlssoN (big blind) showed [Ad 5s] and won ($47.50) with three of a kind, Fives
Seat 2: MTails (button) (small blind) mucked


PokerStars Hand #146010128651:  Hold'em Limit ($3/$6 USD) - 2015/12/27 12:50:38 ET
Table 'Liguria II' 2-max Seat #1 is the button
Seat 1: Swe_OlssoN ($124.26 in chips)
Seat 2: MTails ($208.04 in chips)
Swe_OlssoN: posts small blind $1
MTails: posts big blind $3
*** HOLE CARDS ***
Swe_OlssoN: raises $3 to $6
MTails: calls $3
*** FLOP *** [Qd 3d 2c]
MTails: checks
Swe_OlssoN: bets $3
MTails: calls $3
*** TURN *** [Qd 3d 2c] [8h]
MTails: checks
Swe_OlssoN: bets $6
MTails: folds
Uncalled bet ($6) returned to Swe_OlssoN
Swe_OlssoN collected $17.64 from pot
Swe_OlssoN: doesn't show hand
*** SUMMARY ***
Total pot $18 | Rake $0.36
Board [Qd 3d 2c 8h]
Seat 1: Swe_OlssoN (button) (small blind) collected ($17.64)
Seat 2: MTails (big blind) folded on the Turn


PokerStars Hand #146010148652:  Hold'em Limit ($3/$6 USD) - 2015/12/27 12:50:56 ET
Table 'Liguria II' 2-max Seat #1 is the button
Seat 1: Swe_OlssoN ($129.90 in chips)
Seat 2: MTails ($202.04 in chips)
Swe_OlssoN: posts small blind $1
MTails: posts big blind $3
*** HOLE CARDS ***
Swe_OlssoN: raises $3 to $6
MTails: calls $3
*** FLOP *** [Kh 6d Qd]
MTails: checks
Swe_OlssoN: bets $3
MTails: folds
Uncalled bet ($3) returned to Swe_OlssoN
Swe_OlssoN collected $11.76 from pot
Swe_OlssoN: doesn't show hand
*** SUMMARY ***
Total pot $12 | Rake $0.24
Board [Kh 6d Qd]
Seat 1: Swe_OlssoN (button) (small blind) collected ($11.76)
Seat 2: MTails (big blind) folded on the Flop


PokerStars Hand #146010142613:  Hold'em Limit ($3/$6 USD) - 2015/12/27 12:50:51 ET
Table 'Liguria II' 2-max Seat #2 is the button
Seat 1: Swe_OlssoN ($132.90 in chips)
Seat 2: MTails ($199.04 in chips)
MTails: posts small blind $1
Swe_OlssoN: posts big blind $3
*** HOLE CARDS ***
MTails: raises $3 to $6
Swe_OlssoN: folds
Uncalled bet ($3) returned to MTails
MTails collected $6 from pot
*** SUMMARY ***
Total pot $6 | Rake $0
Seat 1: Swe_OlssoN (big blind) folded before Flop
Seat 2: MTails (button) (small blind) collected ($6)


PokerStars Hand #146010165604:  Hold'em Limit ($3/$6 USD) - 2015/12/27 12:51:11 ET
Table 'Liguria II' 2-max Seat #1 is the button
Seat 1: Swe_OlssoN ($136.66 in chips)
Seat 2: MTails ($195.04 in chips)
Swe_OlssoN: posts small blind $1
MTails: posts big blind $3
*** HOLE CARDS ***
Swe_OlssoN: folds
Uncalled bet ($2) returned to MTails
MTails collected $2 from pot
*** SUMMARY ***
Total pot $2 | Rake $0
Seat 1: Swe_OlssoN (button) (small blind) folded before Flop
Seat 2: MTails (big blind) collected ($2)


PokerStars Hand #146010158902:  Hold'em Limit ($3/$6 USD) - 2015/12/27 12:51:05 ET
Table 'Liguria II' 2-max Seat #2 is the button
Seat 1: Swe_OlssoN ($135.66 in chips)
Seat 2: MTails ($196.04 in chips)
MTails: posts small blind $1
Swe_OlssoN: posts big blind $3
*** HOLE CARDS ***
MTails: folds
Uncalled bet ($2) returned to Swe_OlssoN
Swe_OlssoN collected $2 from pot
Swe_OlssoN: doesn't show hand
*** SUMMARY ***
Total pot $2 | Rake $0
Seat 1: Swe_OlssoN (big blind) collected ($2)
Seat 2: MTails (button) (small blind) folded before Flop


PokerStars Hand #146010184304:  Hold'em Limit ($3/$6 USD) - 2015/12/27 12:51:28 ET
Table 'Liguria II' 2-max Seat #1 is the button
Seat 1: Swe_OlssoN ($129.66 in chips)
Seat 2: MTails ($201.80 in chips)
Swe_OlssoN: posts small blind $1
MTails: posts big blind $3
*** HOLE CARDS ***
Swe_OlssoN: raises $3 to $6
MTails: folds
Uncalled bet ($3) returned to Swe_OlssoN
Swe_OlssoN collected $6 from pot
Swe_OlssoN: doesn't show hand
*** SUMMARY ***
Total pot $6 | Rake $0
Seat 1: Swe_OlssoN (button) (small blind) collected ($6)
Seat 2: MTails (big blind) folded before Flop


PokerStars Hand #146010170717:  Hold'em Limit ($3/$6 USD) - 2015/12/27 12:51:16 ET
Table 'Liguria II' 2-max Seat #2 is the button
Seat 1: Swe_OlssoN ($135.66 in chips)
Seat 2: MTails ($196.04 in chips)
MTails: posts small blind $1
Swe_OlssoN: posts big blind $3
*** HOLE CARDS ***
MTails: raises $3 to $6
Swe_OlssoN: calls $3
*** FLOP *** [Jh Kd Qc]
Swe_OlssoN: checks
MTails: bets $3
Swe_OlssoN: folds
Uncalled bet ($3) returned to MTails
MTails collected $11.76 from pot
*** SUMMARY ***
Total pot $12 | Rake $0.24
Board [Jh Kd Qc]
Seat 1: Swe_OlssoN (big blind) folded on the Flop
Seat 2: MTails (button) (small blind) collected ($11.76)


PokerStars Hand #146010192154:  Hold'em Limit ($3/$6 USD) - 2015/12/27 12:51:35 ET
Table 'Liguria II' 2-max Seat #2 is the button
Seat 1: Swe_OlssoN ($132.66 in chips)
Seat 2: MTails ($198.80 in chips)
MTails: posts small blind $1
Swe_OlssoN: posts big blind $3
*** HOLE CARDS ***
MTails: raises $3 to $6
Swe_OlssoN: folds
Uncalled bet ($3) returned to MTails
MTails collected $6 from pot
MTails: doesn't show hand
*** SUMMARY ***
Total pot $6 | Rake $0
Seat 1: Swe_OlssoN (big blind) folded before Flop
Seat 2: MTails (button) (small blind) collected ($6)


PokerStars Hand #146010198675:  Hold'em Limit ($3/$6 USD) - 2015/12/27 12:51:40 ET
Table 'Liguria II' 2-max Seat #1 is the button
Seat 1: Swe_OlssoN ($129.66 in chips)
Seat 2: MTails ($201.80 in chips)
Swe_OlssoN: posts small blind $1
MTails: posts big blind $3
*** HOLE CARDS ***
Swe_OlssoN: raises $3 to $6
MTails: calls $3
*** FLOP *** [6c 8d 6h]
MTails: checks
Swe_OlssoN: bets $3
MTails: calls $3
*** TURN *** [6c 8d 6h] [2h]
MTails: checks
Swe_OlssoN: bets $6
MTails: raises $6 to $12
Swe_OlssoN: folds
Uncalled bet ($6) returned to MTails
MTails collected $29.50 from pot
*** SUMMARY ***
Total pot $30 | Rake $0.50
Board [6c 8d 6h 2h]
Seat 1: Swe_OlssoN (button) (small blind) folded on the Turn
Seat 2: MTails (big blind) collected ($29.50)


PokerStars Hand #146010230640:  Hold'em Limit ($3/$6 USD) - 2015/12/27 12:52:09 ET
Table 'Liguria II' 2-max Seat #1 is the button
Seat 1: Swe_OlssoN ($123.30 in chips)
Seat 2: MTails ($207.30 in chips)
Swe_OlssoN: posts small blind $1
MTails: posts big blind $3
*** HOLE CARDS ***
Swe_OlssoN: folds
Uncalled bet ($2) returned to MTails
MTails collected $2 from pot
MTails: doesn't show hand
*** SUMMARY ***
Total pot $2 | Rake $0
Seat 1: Swe_OlssoN (button) (small blind) folded before Flop
Seat 2: MTails (big blind) collected ($2)


PokerStars Hand #146010219713:  Hold'em Limit ($3/$6 USD) - 2015/12/27 12:51:59 ET
Table 'Liguria II' 2-max Seat #2 is the button
Seat 1: Swe_OlssoN ($114.66 in chips)
Seat 2: MTails ($216.30 in chips)
MTails: posts small blind $1
Swe_OlssoN: posts big blind $3
*** HOLE CARDS ***
MTails: raises $3 to $6
Swe_OlssoN: raises $3 to $9
MTails: calls $3
*** FLOP *** [Qd Qc 8d]
Swe_OlssoN: bets $3
MTails: folds
Uncalled bet ($3) returned to Swe_OlssoN
Swe_OlssoN collected $17.64 from pot
Swe_OlssoN: doesn't show hand
*** SUMMARY ***
Total pot $18 | Rake $0.36
Board [Qd Qc 8d]
Seat 1: Swe_OlssoN (big blind) collected ($17.64)
Seat 2: MTails (button) (small blind) folded on the Flop


PokerStars Hand #146010235587:  Hold'em Limit ($3/$6 USD) - 2015/12/27 12:52:13 ET
Table 'Liguria II' 2-max Seat #2 is the button
Seat 1: Swe_OlssoN ($122.30 in chips)
Seat 2: MTails ($208.30 in chips)
MTails: posts small blind $1
Swe_OlssoN: posts big blind $3
*** HOLE CARDS ***
MTails: raises $3 to $6
Swe_OlssoN: folds
Uncalled bet ($3) returned to MTails
MTails collected $6 from pot
*** SUMMARY ***
Total pot $6 | Rake $0
Seat 1: Swe_OlssoN (big blind) folded before Flop
Seat 2: MTails (button) (small blind) collected ($6)


PokerStars Hand #146010241549:  Hold'em Limit ($3/$6 USD) - 2015/12/27 12:52:18 ET
Table 'Liguria II' 2-max Seat #1 is the button
Seat 1: Swe_OlssoN ($119.30 in chips)
Seat 2: MTails ($211.30 in chips)
Swe_OlssoN: posts small blind $1
MTails: posts big blind $3
*** HOLE CARDS ***
Swe_OlssoN: raises $3 to $6
MTails: calls $3
*** FLOP *** [3c 6d Qh]
MTails: checks
Swe_OlssoN: checks
*** TURN *** [3c 6d Qh] [Kh]
MTails: checks
Swe_OlssoN: bets $6
MTails: calls $6
*** RIVER *** [3c 6d Qh Kh] [Ks]
MTails: checks
Swe_OlssoN: bets $6
MTails: calls $6
*** SHOW DOWN ***
Swe_OlssoN: shows [5d Jh] (a pair of Kings)
MTails: shows [5h 6s] (two pair, Kings and Sixes)
MTails collected $35.50 from pot
*** SUMMARY ***
Total pot $36 | Rake $0.50
Board [3c 6d Qh Kh Ks]
Seat 1: Swe_OlssoN (button) (small blind) showed [5d Jh] and lost with a pair of Kings
Seat 2: MTails (big blind) showed [5h 6s] and won ($35.50) with two pair, Kings and Sixes


PokerStars Hand #146010261905:  Hold'em Limit ($3/$6 USD) - 2015/12/27 12:52:36 ET
Table 'Liguria II' 2-max Seat #2 is the button
Seat 1: Swe_OlssoN ($101.30 in chips)
Seat 2: MTails ($228.80 in chips)
MTails: posts small blind $1
Swe_OlssoN: posts big blind $3
*** HOLE CARDS ***
MTails: raises $3 to $6
Swe_OlssoN: raises $3 to $9
MTails: calls $3
*** FLOP *** [6c 9d Qs]
Swe_OlssoN: bets $3
MTails: calls $3
*** TURN *** [6c 9d Qs] [3h]
Swe_OlssoN: bets $6
MTails: raises $6 to $12
Swe_OlssoN: calls $6
*** RIVER *** [6c 9d Qs 3h] [2s]
Swe_OlssoN: checks
MTails: bets $6
Swe_OlssoN: folds
Uncalled bet ($6) returned to MTails
MTails collected $47.50 from pot
*** SUMMARY ***
Total pot $48 | Rake $0.50
Board [6c 9d Qs 3h 2s]
Seat 1: Swe_OlssoN (big blind) folded on the River
Seat 2: MTails (button) (small blind) collected ($47.50)


PokerStars Hand #146010284712:  Hold'em Limit ($3/$6 USD) - 2015/12/27 12:52:57 ET
Table 'Liguria II' 2-max Seat #1 is the button
Seat 1: Swe_OlssoN ($77.30 in chips)
Seat 2: MTails ($252.30 in chips)
Swe_OlssoN: posts small blind $1
MTails: posts big blind $3
*** HOLE CARDS ***
Swe_OlssoN: raises $3 to $6
MTails: calls $3
*** FLOP *** [7s Jd Ts]
MTails: checks
Swe_OlssoN: checks
*** TURN *** [7s Jd Ts] [4s]
MTails: bets $6
Swe_OlssoN: folds
Uncalled bet ($6) returned to MTails
MTails collected $11.76 from pot
MTails: doesn't show hand
*** SUMMARY ***
Total pot $12 | Rake $0.24
Board [7s Jd Ts 4s]
Seat 1: Swe_OlssoN (button) (small blind) folded on the Turn
Seat 2: MTails (big blind) collected ($11.76)


PokerStars Hand #146010297069:  Hold'em Limit ($3/$6 USD) - 2015/12/27 12:53:08 ET
Table 'Liguria II' 2-max Seat #2 is the button
Seat 1: Swe_OlssoN ($71.30 in chips)
Seat 2: MTails ($258.06 in chips)
MTails: posts small blind $1
Swe_OlssoN: posts big blind $3
*** HOLE CARDS ***
MTails: raises $3 to $6
Swe_OlssoN: raises $3 to $9
MTails: calls $3
*** FLOP *** [4s 6s Ad]
Swe_OlssoN: bets $3
MTails: calls $3
*** TURN *** [4s 6s Ad] [3d]
Swe_OlssoN: bets $6
MTails: raises $6 to $12
Swe_OlssoN: raises $6 to $18
MTails: calls $6
*** RIVER *** [4s 6s Ad 3d] [9c]
Swe_OlssoN: bets $6
MTails: raises $6 to $12
Swe_OlssoN: calls $6
*** SHOW DOWN ***
MTails: shows [Ah 9d] (two pair, Aces and Nines)
Swe_OlssoN: mucks hand
MTails collected $83.50 from pot
*** SUMMARY ***
Total pot $84 | Rake $0.50
Board [4s 6s Ad 3d 9c]
Seat 1: Swe_OlssoN (big blind) mucked
Seat 2: MTails (button) (small blind) showed [Ah 9d] and won ($83.50) with two pair, Aces and Nines


PokerStars Hand #146010345635:  Hold'em Limit ($3/$6 USD) - 2015/12/27 12:53:51 ET
Table 'Liguria II' 2-max Seat #2 is the button
Seat 1: Swe_OlssoN ($52.80 in chips)
Seat 2: MTails ($275.56 in chips)
MTails: posts small blind $1
Swe_OlssoN: posts big blind $3
*** HOLE CARDS ***
MTails: raises $3 to $6
Swe_OlssoN: folds
Uncalled bet ($3) returned to MTails
MTails collected $6 from pot
*** SUMMARY ***
Total pot $6 | Rake $0
Seat 1: Swe_OlssoN (big blind) folded before Flop
Seat 2: MTails (button) (small blind) collected ($6)


PokerStars Hand #146010318762:  Hold'em Limit ($3/$6 USD) - 2015/12/27 12:53:27 ET
Table 'Liguria II' 2-max Seat #1 is the button
Seat 1: Swe_OlssoN ($29.30 in chips)
Seat 2: MTails ($299.56 in chips)
Swe_OlssoN: posts small blind $1
MTails: posts big blind $3
*** HOLE CARDS ***
Swe_OlssoN: raises $3 to $6
MTails: calls $3
*** FLOP *** [3d Kd 2d]
Swe_OlssoN said, "..."
MTails: checks
Swe_OlssoN: bets $3
MTails: raises $3 to $6
Swe_OlssoN: calls $3
*** TURN *** [3d Kd 2d] [7h]
MTails: bets $6
Swe_OlssoN: raises $6 to $12
MTails: calls $6
*** RIVER *** [3d Kd 2d 7h] [2c]
MTails: checks
Swe_OlssoN: bets $5.30 and is all-in
MTails: folds
Uncalled bet ($5.30) returned to Swe_OlssoN
Swe_OlssoN collected $47.50 from pot
Swe_OlssoN: doesn't show hand
*** SUMMARY ***
Total pot $48 | Rake $0.50
Board [3d Kd 2d 7h 2c]
Seat 1: Swe_OlssoN (button) (small blind) collected ($47.50)
Seat 2: MTails (big blind) folded on the River


PokerStars Hand #146010370083:  Hold'em Limit ($3/$6 USD) - 2015/12/27 12:54:12 ET
Table 'Liguria II' 2-max Seat #2 is the button
Seat 1: Swe_OlssoN ($40.80 in chips)
Seat 2: MTails ($287.20 in chips)
MTails: posts small blind $1
Swe_OlssoN: posts big blind $3
*** HOLE CARDS ***
MTails: raises $3 to $6
Swe_OlssoN: folds
Uncalled bet ($3) returned to MTails
MTails collected $6 from pot
*** SUMMARY ***
Total pot $6 | Rake $0
Seat 1: Swe_OlssoN (big blind) folded before Flop
Seat 2: MTails (button) (small blind) collected ($6)


PokerStars Hand #146010351621:  Hold'em Limit ($3/$6 USD) - 2015/12/27 12:53:56 ET
Table 'Liguria II' 2-max Seat #1 is the button
Seat 1: Swe_OlssoN ($49.80 in chips)
Seat 2: MTails ($278.56 in chips)
Swe_OlssoN: posts small blind $1
MTails: posts big blind $3
*** HOLE CARDS ***
Swe_OlssoN: raises $3 to $6
MTails: calls $3
*** FLOP *** [7d Qc Ks]
MTails: checks
Swe_OlssoN: bets $3
MTails: calls $3
*** TURN *** [7d Qc Ks] [4c]
MTails: checks
Swe_OlssoN: checks
*** RIVER *** [7d Qc Ks 4c] [Kh]
MTails: checks
Swe_OlssoN: checks
*** SHOW DOWN ***
MTails: shows [As 8s] (a pair of Kings)
Swe_OlssoN: mucks hand
MTails collected $17.64 from pot
*** SUMMARY ***
Total pot $18 | Rake $0.36
Board [7d Qc Ks 4c Kh]
Seat 1: Swe_OlssoN (button) (small blind) mucked
Seat 2: MTails (big blind) showed [As 8s] and won ($17.64) with a pair of Kings


PokerStars Hand #146010400021:  Hold'em Limit ($3/$6 USD) - 2015/12/27 12:54:39 ET
Table 'Liguria II' 2-max Seat #2 is the button
Seat 1: Swe_OlssoN ($22.80 in chips)
Seat 2: MTails ($304.70 in chips)
MTails: posts small blind $1
Swe_OlssoN: posts big blind $3
*** HOLE CARDS ***
MTails: folds
Uncalled bet ($2) returned to Swe_OlssoN
Swe_OlssoN collected $2 from pot
Swe_OlssoN: doesn't show hand
*** SUMMARY ***
Total pot $2 | Rake $0
Seat 1: Swe_OlssoN (big blind) collected ($2)
Seat 2: MTails (button) (small blind) folded before Flop


PokerStars Hand #146010376684:  Hold'em Limit ($3/$6 USD) - 2015/12/27 12:54:18 ET
Table 'Liguria II' 2-max Seat #1 is the button
Seat 1: Swe_OlssoN ($37.80 in chips)
Seat 2: MTails ($290.20 in chips)
Swe_OlssoN: posts small blind $1
MTails: posts big blind $3
*** HOLE CARDS ***
Swe_OlssoN: calls $2
MTails: raises $3 to $6
Swe_OlssoN: calls $3
*** FLOP *** [4h 5h 4d]
MTails: bets $3
Swe_OlssoN: calls $3
*** TURN *** [4h 5h 4d] [4s]
MTails: bets $6
Swe_OlssoN: calls $6
*** RIVER *** [4h 5h 4d 4s] [Qc]
MTails: bets $6
Swe_OlssoN: folds
Uncalled bet ($6) returned to MTails
MTails collected $29.50 from pot
*** SUMMARY ***
Total pot $30 | Rake $0.50
Board [4h 5h 4d 4s Qc]
Seat 1: Swe_OlssoN (button) (small blind) folded on the River
Seat 2: MTails (big blind) collected ($29.50)


PokerStars Hand #146010405329:  Hold'em Limit ($3/$6 USD) - 2015/12/27 12:54:43 ET
Table 'Liguria II' 2-max Seat #1 is the button
Seat 1: Swe_OlssoN ($23.80 in chips)
Seat 2: MTails ($303.70 in chips)
Swe_OlssoN: posts small blind $1
MTails: posts big blind $3
*** HOLE CARDS ***
Swe_OlssoN: raises $3 to $6
MTails: calls $3
*** FLOP *** [7h 6c 7c]
MTails: checks
Swe_OlssoN: bets $3
MTails: calls $3
*** TURN *** [7h 6c 7c] [Kc]
MTails: checks
Swe_OlssoN: bets $6
MTails: raises $6 to $12
Swe_OlssoN: raises $2.80 to $14.80 and is all-in
MTails: calls $2.80
*** RIVER *** [7h 6c 7c Kc] [8s]
*** SHOW DOWN ***
MTails: shows [Kd 9d] (two pair, Kings and Sevens)
Swe_OlssoN: shows [9h Ah] (a pair of Sevens)
MTails collected $47.10 from pot
*** SUMMARY ***
Total pot $47.60 | Rake $0.50
Board [7h 6c 7c Kc 8s]
Seat 1: Swe_OlssoN (button) (small blind) showed [9h Ah] and lost with a pair of Sevens
Seat 2: MTails (big blind) showed [Kd 9d] and won ($47.10) with two pair, Kings and Sevens


PokerStars Hand #146010438705:  Hold'em Limit ($3/$6 USD) - 2015/12/27 12:55:16 ET
Table 'Liguria II' 2-max Seat #2 is the button
Seat 1: Swe_OlssoN ($120 in chips)
Seat 2: MTails ($327 in chips)
MTails: posts small blind $1
Swe_OlssoN: posts big blind $3
*** HOLE CARDS ***
MTails: raises $3 to $6
Swe_OlssoN: raises $3 to $9
MTails: calls $3
*** FLOP *** [Ah Ac 9c]
Swe_OlssoN: bets $3
MTails: folds
Uncalled bet ($3) returned to Swe_OlssoN
Swe_OlssoN collected $17.64 from pot
Swe_OlssoN: doesn't show hand
*** SUMMARY ***
Total pot $18 | Rake $0.36
Board [Ah Ac 9c]
Seat 1: Swe_OlssoN (big blind) collected ($17.64)
Seat 2: MTails (button) (small blind) folded on the Flop


PokerStars Hand #146010448360:  Hold'em Limit ($3/$6 USD) - 2015/12/27 12:55:27 ET
Table 'Liguria II' 2-max Seat #1 is the button
Seat 1: Swe_OlssoN ($128.64 in chips)
Seat 2: MTails ($318 in chips)
Swe_OlssoN: posts small blind $1
MTails: posts big blind $3
*** HOLE CARDS ***
Swe_OlssoN: raises $3 to $6
MTails: calls $3
*** FLOP *** [5c Qh 6h]
MTails: checks
Swe_OlssoN: bets $3
MTails: calls $3
*** TURN *** [5c Qh 6h] [5s]
MTails: checks
Swe_OlssoN: checks
*** RIVER *** [5c Qh 6h 5s] [Tc]
MTails: bets $6
Swe_OlssoN: calls $6
*** SHOW DOWN ***
MTails: shows [5h 8d] (three of a kind, Fives)
Swe_OlssoN: mucks hand
MTails collected $29.50 from pot
*** SUMMARY ***
Total pot $30 | Rake $0.50
Board [5c Qh 6h 5s Tc]
Seat 1: Swe_OlssoN (button) (small blind) mucked
Seat 2: MTails (big blind) showed [5h 8d] and won ($29.50) with three of a kind, Fives


PokerStars Hand #146010471187:  Hold'em Limit ($3/$6 USD) - 2015/12/27 12:55:54 ET
Table 'Liguria II' 2-max Seat #1 is the button
Seat 1: Swe_OlssoN ($119.40 in chips)
Seat 2: MTails ($326.50 in chips)
Swe_OlssoN: posts small blind $1
MTails: posts big blind $3
*** HOLE CARDS ***
Swe_OlssoN: folds
Uncalled bet ($2) returned to MTails
MTails collected $2 from pot
*** SUMMARY ***
Total pot $2 | Rake $0
Seat 1: Swe_OlssoN (button) (small blind) folded before Flop
Seat 2: MTails (big blind) collected ($2)


PokerStars Hand #146010462682:  Hold'em Limit ($3/$6 USD) - 2015/12/27 12:55:44 ET
Table 'Liguria II' 2-max Seat #2 is the button
Seat 1: Swe_OlssoN ($113.64 in chips)
Seat 2: MTails ($332.50 in chips)
MTails: posts small blind $1
Swe_OlssoN: posts big blind $3
*** HOLE CARDS ***
MTails: raises $3 to $6
Swe_OlssoN: calls $3
*** FLOP *** [3d 4h 7c]
Swe_OlssoN: bets $3
MTails: folds
Uncalled bet ($3) returned to Swe_OlssoN
Swe_OlssoN collected $11.76 from pot
Swe_OlssoN: doesn't show hand
*** SUMMARY ***
Total pot $12 | Rake $0.24
Board [3d 4h 7c]
Seat 1: Swe_OlssoN (big blind) collected ($11.76)
Seat 2: MTails (button) (small blind) folded on the Flop


PokerStars Hand #146010475041:  Hold'em Limit ($3/$6 USD) - 2015/12/27 12:55:58 ET
Table 'Liguria II' 2-max Seat #2 is the button
Seat 1: Swe_OlssoN ($118.40 in chips)
Seat 2: MTails ($327.50 in chips)
MTails: posts small blind $1
Swe_OlssoN: posts big blind $3
*** HOLE CARDS ***
MTails: raises $3 to $6
Swe_OlssoN: folds
Uncalled bet ($3) returned to MTails
MTails collected $6 from pot
*** SUMMARY ***
Total pot $6 | Rake $0
Seat 1: Swe_OlssoN (big blind) folded before Flop
Seat 2: MTails (button) (small blind) collected ($6)


PokerStars Hand #146010479517:  Hold'em Limit ($3/$6 USD) - 2015/12/27 12:56:04 ET
Table 'Liguria II' 2-max Seat #1 is the button
Seat 1: Swe_OlssoN ($115.40 in chips)
Seat 2: MTails ($330.50 in chips)
Swe_OlssoN: posts small blind $1
MTails: posts big blind $3
*** HOLE CARDS ***
Swe_OlssoN: raises $3 to $6
MTails: calls $3
*** FLOP *** [6d 5h 9s]
MTails: checks
Swe_OlssoN: bets $3
MTails: calls $3
*** TURN *** [6d 5h 9s] [Tc]
MTails: checks
Swe_OlssoN: bets $6
MTails: calls $6
*** RIVER *** [6d 5h 9s Tc] [Th]
MTails: checks
Swe_OlssoN: checks
*** SHOW DOWN ***
MTails: shows [Kd Jh] (a pair of Tens)
Swe_OlssoN: shows [8c Ah] (a pair of Tens - Ace kicker)
Swe_OlssoN collected $29.50 from pot
*** SUMMARY ***
Total pot $30 | Rake $0.50
Board [6d 5h 9s Tc Th]
Seat 1: Swe_OlssoN (button) (small blind) showed [8c Ah] and won ($29.50) with a pair of Tens
Seat 2: MTails (big blind) showed [Kd Jh] and lost with a pair of Tens


PokerStars Hand #146010511295:  Hold'em Limit ($3/$6 USD) - 2015/12/27 12:56:40 ET
Table 'Liguria II' 2-max Seat #1 is the button
Seat 1: Swe_OlssoN ($108.90 in chips)
Seat 2: MTails ($336 in chips)
Swe_OlssoN: posts small blind $1
MTails: posts big blind $3
*** HOLE CARDS ***
Swe_OlssoN: folds
Uncalled bet ($2) returned to MTails
MTails collected $2 from pot
*** SUMMARY ***
Total pot $2 | Rake $0
Seat 1: Swe_OlssoN (button) (small blind) folded before Flop
Seat 2: MTails (big blind) collected ($2)


PokerStars Hand #146010493400:  Hold'em Limit ($3/$6 USD) - 2015/12/27 12:56:20 ET
Table 'Liguria II' 2-max Seat #2 is the button
Seat 1: Swe_OlssoN ($129.90 in chips)
Seat 2: MTails ($315.50 in chips)
MTails: posts small blind $1
Swe_OlssoN: posts big blind $3
*** HOLE CARDS ***
MTails: raises $3 to $6
Swe_OlssoN: calls $3
*** FLOP *** [2c 9s 7h]
Swe_OlssoN: checks
MTails: bets $3
Swe_OlssoN: calls $3
*** TURN *** [2c 9s 7h] [Jc]
Swe_OlssoN: checks
MTails: bets $6
Swe_OlssoN: calls $6
*** RIVER *** [2c 9s 7h Jc] [9c]
Swe_OlssoN: checks
MTails: bets $6
Swe_OlssoN: calls $6
*** SHOW DOWN ***
MTails: shows [4c 5c] (a flush, Jack high)
Swe_OlssoN: mucks hand
MTails collected $41.50 from pot
*** SUMMARY ***
Total pot $42 | Rake $0.50
Board [2c 9s 7h Jc 9c]
Seat 1: Swe_OlssoN (big blind) mucked
Seat 2: MTails (button) (small blind) showed [4c 5c] and won ($41.50) with a flush, Jack high


PokerStars Hand #146010515186:  Hold'em Limit ($3/$6 USD) - 2015/12/27 12:56:45 ET
Table 'Liguria II' 2-max Seat #2 is the button
Seat 1: Swe_OlssoN ($107.90 in chips)
Seat 2: MTails ($337 in chips)
MTails: posts small blind $1
Swe_OlssoN: posts big blind $3
*** HOLE CARDS ***
MTails: raises $3 to $6
Swe_OlssoN: raises $3 to $9
MTails: calls $3
*** FLOP *** [2h 7c 4c]
Swe_OlssoN: bets $3
MTails: calls $3
*** TURN *** [2h 7c 4c] [5s]
Swe_OlssoN: bets $6
MTails: raises $6 to $12
Swe_OlssoN: calls $6
*** RIVER *** [2h 7c 4c 5s] [Jd]
Swe_OlssoN: checks
MTails: bets $6
Swe_OlssoN: calls $6
*** SHOW DOWN ***
MTails: shows [7h 6h] (a pair of Sevens)
Swe_OlssoN: mucks hand
MTails collected $59.50 from pot
*** SUMMARY ***
Total pot $60 | Rake $0.50
Board [2h 7c 4c 5s Jd]
Seat 1: Swe_OlssoN (big blind) mucked
Seat 2: MTails (button) (small blind) showed [7h 6h] and won ($59.50) with a pair of Sevens


PokerStars Hand #146010531709:  Hold'em Limit ($3/$6 USD) - 2015/12/27 12:57:04 ET
Table 'Liguria II' 2-max Seat #1 is the button
Seat 1: Swe_OlssoN ($77.90 in chips)
Seat 2: MTails ($366.50 in chips)
Swe_OlssoN: posts small blind $1
MTails: posts big blind $3
*** HOLE CARDS ***
Swe_OlssoN: raises $3 to $6
MTails: calls $3
*** FLOP *** [4c 2d Jc]
MTails: checks
Swe_OlssoN: bets $3
MTails: calls $3
*** TURN *** [4c 2d Jc] [Ah]
MTails: checks
Swe_OlssoN: bets $6
MTails: calls $6
*** RIVER *** [4c 2d Jc Ah] [Qc]
MTails: checks
Swe_OlssoN: bets $6
MTails: folds
Uncalled bet ($6) returned to Swe_OlssoN
Swe_OlssoN collected $29.50 from pot
Swe_OlssoN: doesn't show hand
*** SUMMARY ***
Total pot $30 | Rake $0.50
Board [4c 2d Jc Ah Qc]
Seat 1: Swe_OlssoN (button) (small blind) collected ($29.50)
Seat 2: MTails (big blind) folded on the River


PokerStars Hand #146010547368:  Hold'em Limit ($3/$6 USD) - 2015/12/27 12:57:22 ET
Table 'Liguria II' 2-max Seat #2 is the button
Seat 1: Swe_OlssoN ($92.40 in chips)
Seat 2: MTails ($351.50 in chips)
MTails: posts small blind $1
Swe_OlssoN: posts big blind $3
*** HOLE CARDS ***
MTails: raises $3 to $6
Swe_OlssoN: calls $3
*** FLOP *** [6s Td As]
Swe_OlssoN: checks
MTails: bets $3
Swe_OlssoN: raises $3 to $6
MTails: calls $3
*** TURN *** [6s Td As] [Ts]
Swe_OlssoN: bets $6
MTails: calls $6
*** RIVER *** [6s Td As Ts] [4c]
Swe_OlssoN: bets $6
MTails: calls $6
*** SHOW DOWN ***
Swe_OlssoN: shows [Qc 8d] (a pair of Tens)
MTails: shows [9c Ac] (two pair, Aces and Tens)
MTails collected $47.50 from pot
*** SUMMARY ***
Total pot $48 | Rake $0.50
Board [6s Td As Ts 4c]
Seat 1: Swe_OlssoN (big blind) showed [Qc 8d] and lost with a pair of Tens
Seat 2: MTails (button) (small blind) showed [9c Ac] and won ($47.50) with two pair, Aces and Tens


PokerStars Hand #146010562437:  Hold'em Limit ($3/$6 USD) - 2015/12/27 12:57:39 ET
Table 'Liguria II' 2-max Seat #1 is the button
Seat 1: Swe_OlssoN ($68.40 in chips)
Seat 2: MTails ($375 in chips)
Swe_OlssoN: posts small blind $1
MTails: posts big blind $3
*** HOLE CARDS ***
Swe_OlssoN: raises $3 to $6
MTails: calls $3
*** FLOP *** [6c 9h 6d]
MTails: checks
Swe_OlssoN: bets $3
MTails: raises $3 to $6
Swe_OlssoN: calls $3
*** TURN *** [6c 9h 6d] [Ts]
MTails: bets $6
Swe_OlssoN: raises $6 to $12
MTails: calls $6
*** RIVER *** [6c 9h 6d Ts] [Qh]
MTails: checks
Swe_OlssoN: bets $6
MTails: calls $6
*** SHOW DOWN ***
Swe_OlssoN: shows [6s Ks] (three of a kind, Sixes)
MTails: mucks hand
Swe_OlssoN collected $59.50 from pot
*** SUMMARY ***
Total pot $60 | Rake $0.50
Board [6c 9h 6d Ts Qh]
Seat 1: Swe_OlssoN (button) (small blind) showed [6s Ks] and won ($59.50) with three of a kind, Sixes
Seat 2: MTails (big blind) mucked


PokerStars Hand #146010576982:  Hold'em Limit ($3/$6 USD) - 2015/12/27 12:57:56 ET
Table 'Liguria II' 2-max Seat #2 is the button
Seat 1: Swe_OlssoN ($97.90 in chips)
Seat 2: MTails ($345 in chips)
MTails: posts small blind $1
Swe_OlssoN: posts big blind $3
*** HOLE CARDS ***
MTails: raises $3 to $6
Swe_OlssoN: folds
Uncalled bet ($3) returned to MTails
MTails collected $6 from pot
*** SUMMARY ***
Total pot $6 | Rake $0
Seat 1: Swe_OlssoN (big blind) folded before Flop
Seat 2: MTails (button) (small blind) collected ($6)


PokerStars Hand #146010600293:  Hold'em Limit ($3/$6 USD) - 2015/12/27 12:58:23 ET
Table 'Liguria II' 2-max Seat #2 is the button
Seat 1: Swe_OlssoN ($67.90 in chips)
Seat 2: MTails ($374.50 in chips)
MTails: posts small blind $1
Swe_OlssoN: posts big blind $3
*** HOLE CARDS ***
MTails: folds
Uncalled bet ($2) returned to Swe_OlssoN
Swe_OlssoN collected $2 from pot
Swe_OlssoN: doesn't show hand
*** SUMMARY ***
Total pot $2 | Rake $0
Seat 1: Swe_OlssoN (big blind) collected ($2)
Seat 2: MTails (button) (small blind) folded before Flop


PokerStars Hand #146010584893:  Hold'em Limit ($3/$6 USD) - 2015/12/27 12:58:05 ET
Table 'Liguria II' 2-max Seat #1 is the button
Seat 1: Swe_OlssoN ($94.90 in chips)
Seat 2: MTails ($348 in chips)
Swe_OlssoN: posts small blind $1
MTails: posts big blind $3
*** HOLE CARDS ***
Swe_OlssoN: raises $3 to $6
MTails: calls $3
*** FLOP *** [6s Ts 4h]
MTails: checks
Swe_OlssoN: bets $3
MTails: calls $3
*** TURN *** [6s Ts 4h] [Th]
MTails: checks
Swe_OlssoN: bets $6
MTails: raises $6 to $12
Swe_OlssoN: calls $6
*** RIVER *** [6s Ts 4h Th] [4d]
MTails: bets $6
Swe_OlssoN: calls $6
*** SHOW DOWN ***
MTails: shows [3c 6c] (two pair, Tens and Sixes)
Swe_OlssoN: mucks hand
MTails collected $53.50 from pot
*** SUMMARY ***
Total pot $54 | Rake $0.50
Board [6s Ts 4h Th 4d]
Seat 1: Swe_OlssoN (button) (small blind) mucked
Seat 2: MTails (big blind) showed [3c 6c] and won ($53.50) with two pair, Tens and Sixes


PokerStars Hand #146010604203:  Hold'em Limit ($3/$6 USD) - 2015/12/27 12:58:27 ET
Table 'Liguria II' 2-max Seat #1 is the button
Seat 1: Swe_OlssoN ($68.90 in chips)
Seat 2: MTails ($373.50 in chips)
Swe_OlssoN: posts small blind $1
MTails: posts big blind $3
*** HOLE CARDS ***
Swe_OlssoN: folds
Uncalled bet ($2) returned to MTails
MTails collected $2 from pot
MTails: doesn't show hand
*** SUMMARY ***
Total pot $2 | Rake $0
Seat 1: Swe_OlssoN (button) (small blind) folded before Flop
Seat 2: MTails (big blind) collected ($2)


PokerStars Hand #146010609477:  Hold'em Limit ($3/$6 USD) - 2015/12/27 12:58:33 ET
Table 'Liguria II' 2-max Seat #2 is the button
Seat 1: Swe_OlssoN ($67.90 in chips)
Seat 2: MTails ($374.50 in chips)
MTails: posts small blind $1
Swe_OlssoN: posts big blind $3
*** HOLE CARDS ***
MTails: raises $3 to $6
Swe_OlssoN: folds
Uncalled bet ($3) returned to MTails
MTails collected $6 from pot
MTails: doesn't show hand
*** SUMMARY ***
Total pot $6 | Rake $0
Seat 1: Swe_OlssoN (big blind) folded before Flop
Seat 2: MTails (button) (small blind) collected ($6)


PokerStars Hand #146010615416:  Hold'em Limit ($3/$6 USD) - 2015/12/27 12:58:40 ET
Table 'Liguria II' 2-max Seat #1 is the button
Seat 1: Swe_OlssoN ($64.90 in chips)
Seat 2: MTails ($377.50 in chips)
Swe_OlssoN: posts small blind $1
MTails: posts big blind $3
*** HOLE CARDS ***
Swe_OlssoN: raises $3 to $6
MTails: calls $3
*** FLOP *** [3s 5c 3h]
MTails: checks
Swe_OlssoN: bets $3
MTails: calls $3
*** TURN *** [3s 5c 3h] [2d]
MTails: checks
Swe_OlssoN: bets $6
MTails: calls $6
*** RIVER *** [3s 5c 3h 2d] [Qd]
MTails: checks
Swe_OlssoN: bets $6
MTails: raises $6 to $12
Swe_OlssoN: raises $6 to $18
MTails: folds
Uncalled bet ($6) returned to Swe_OlssoN
Swe_OlssoN collected $53.50 from pot
Swe_OlssoN: doesn't show hand
*** SUMMARY ***
Total pot $54 | Rake $0.50
Board [3s 5c 3h 2d Qd]
Seat 1: Swe_OlssoN (button) (small blind) collected ($53.50)
Seat 2: MTails (big blind) folded on the River


PokerStars Hand #146010633610:  Hold'em Limit ($3/$6 USD) - 2015/12/27 12:59:01 ET
Table 'Liguria II' 2-max Seat #2 is the button
Seat 1: Swe_OlssoN ($91.40 in chips)
Seat 2: MTails ($350.50 in chips)
MTails: posts small blind $1
Swe_OlssoN: posts big blind $3
*** HOLE CARDS ***
MTails: raises $3 to $6
Swe_OlssoN: calls $3
*** FLOP *** [2c 3c 4c]
Swe_OlssoN: checks
MTails: checks
*** TURN *** [2c 3c 4c] [6s]
Swe_OlssoN: checks
MTails: bets $6
Swe_OlssoN: folds
Uncalled bet ($6) returned to MTails
MTails collected $11.76 from pot
*** SUMMARY ***
Total pot $12 | Rake $0.24
Board [2c 3c 4c 6s]
Seat 1: Swe_OlssoN (big blind) folded on the Turn
Seat 2: MTails (button) (small blind) collected ($11.76)


PokerStars Hand #146010646449:  Hold'em Limit ($3/$6 USD) - 2015/12/27 12:59:16 ET
Table 'Liguria II' 2-max Seat #1 is the button
Seat 1: Swe_OlssoN ($85.40 in chips)
Seat 2: MTails ($356.26 in chips)
Swe_OlssoN: posts small blind $1
MTails: posts big blind $3
*** HOLE CARDS ***
Swe_OlssoN: folds
Uncalled bet ($2) returned to MTails
MTails collected $2 from pot
*** SUMMARY ***
Total pot $2 | Rake $0
Seat 1: Swe_OlssoN (button) (small blind) folded before Flop
Seat 2: MTails (big blind) collected ($2)


PokerStars Hand #146010668921:  Hold'em Limit ($3/$6 USD) - 2015/12/27 12:59:42 ET
Table 'Liguria II' 2-max Seat #1 is the button
Seat 1: Swe_OlssoN ($98.90 in chips)
Seat 2: MTails ($342.26 in chips)
Swe_OlssoN: posts small blind $1
MTails: posts big blind $3
*** HOLE CARDS ***
Swe_OlssoN: folds
Uncalled bet ($2) returned to MTails
MTails collected $2 from pot
*** SUMMARY ***
Total pot $2 | Rake $0
Seat 1: Swe_OlssoN (button) (small blind) folded before Flop
Seat 2: MTails (big blind) collected ($2)


PokerStars Hand #146010650211:  Hold'em Limit ($3/$6 USD) - 2015/12/27 12:59:21 ET
Table 'Liguria II' 2-max Seat #2 is the button
Seat 1: Swe_OlssoN ($84.40 in chips)
Seat 2: MTails ($357.26 in chips)
MTails: posts small blind $1
Swe_OlssoN: posts big blind $3
*** HOLE CARDS ***
MTails: raises $3 to $6
Swe_OlssoN: calls $3
*** FLOP *** [Qs Kc Qc]
Swe_OlssoN: checks
MTails: bets $3
Swe_OlssoN: calls $3
*** TURN *** [Qs Kc Qc] [6h]
Swe_OlssoN: checks
MTails: checks
*** RIVER *** [Qs Kc Qc 6h] [7d]
Swe_OlssoN: bets $6
MTails: calls $6
*** SHOW DOWN ***
Swe_OlssoN: shows [9h Kd] (two pair, Kings and Queens)
MTails: mucks hand
Swe_OlssoN collected $29.50 from pot
*** SUMMARY ***
Total pot $30 | Rake $0.50
Board [Qs Kc Qc 6h 7d]
Seat 1: Swe_OlssoN (big blind) showed [9h Kd] and won ($29.50) with two pair, Kings and Queens
Seat 2: MTails (button) (small blind) mucked


PokerStars Hand #146010672770:  Hold'em Limit ($3/$6 USD) - 2015/12/27 12:59:46 ET
Table 'Liguria II' 2-max Seat #2 is the button
Seat 1: Swe_OlssoN ($97.90 in chips)
Seat 2: MTails ($343.26 in chips)
MTails: posts small blind $1
Swe_OlssoN: posts big blind $3
*** HOLE CARDS ***
MTails: raises $3 to $6
Swe_OlssoN: raises $3 to $9
MTails: calls $3
*** FLOP *** [2d 3s 3h]
Swe_OlssoN: bets $3
MTails: calls $3
*** TURN *** [2d 3s 3h] [7c]
Swe_OlssoN: bets $6
MTails: calls $6
*** RIVER *** [2d 3s 3h 7c] [8h]
Swe_OlssoN: checks
MTails: checks
*** SHOW DOWN ***
Swe_OlssoN: shows [As 5s] (a pair of Threes)
MTails: mucks hand
Swe_OlssoN collected $35.50 from pot
*** SUMMARY ***
Total pot $36 | Rake $0.50
Board [2d 3s 3h 7c 8h]
Seat 1: Swe_OlssoN (big blind) showed [As 5s] and won ($35.50) with a pair of Threes
Seat 2: MTails (button) (small blind) mucked


PokerStars Hand #146010687849:  Hold'em Limit ($3/$6 USD) - 2015/12/27 13:00:03 ET
Table 'Liguria II' 2-max Seat #1 is the button
Seat 1: Swe_OlssoN ($115.40 in chips)
Seat 2: MTails ($325.26 in chips)
Swe_OlssoN: posts small blind $1
MTails: posts big blind $3
*** HOLE CARDS ***
Swe_OlssoN: raises $3 to $6
MTails: calls $3
*** FLOP *** [Qc 4h 9c]
MTails: checks
Swe_OlssoN: bets $3
MTails: calls $3
*** TURN *** [Qc 4h 9c] [4s]
MTails: checks
Swe_OlssoN: checks
*** RIVER *** [Qc 4h 9c 4s] [9s]
MTails: bets $6
Swe_OlssoN: folds
Uncalled bet ($6) returned to MTails
MTails collected $17.64 from pot
*** SUMMARY ***
Total pot $18 | Rake $0.36
Board [Qc 4h 9c 4s 9s]
Seat 1: Swe_OlssoN (button) (small blind) folded on the River
Seat 2: MTails (big blind) collected ($17.64)


PokerStars Hand #146010702777:  Hold'em Limit ($3/$6 USD) - 2015/12/27 13:00:19 ET
Table 'Liguria II' 2-max Seat #2 is the button
Seat 1: Swe_OlssoN ($106.40 in chips)
Seat 2: MTails ($333.90 in chips)
MTails: posts small blind $1
Swe_OlssoN: posts big blind $3
*** HOLE CARDS ***
MTails: raises $3 to $6
Swe_OlssoN: raises $3 to $9
MTails: calls $3
*** FLOP *** [8s 5s 2s]
Swe_OlssoN: bets $3
MTails: calls $3
*** TURN *** [8s 5s 2s] [7h]
Swe_OlssoN: bets $6
MTails: raises $6 to $12
Swe_OlssoN: calls $6
*** RIVER *** [8s 5s 2s 7h] [Kc]
Swe_OlssoN: checks
MTails: checks
*** SHOW DOWN ***
Swe_OlssoN: shows [Ah 9h] (high card Ace)
MTails: shows [Jc 7c] (a pair of Sevens)
MTails collected $47.50 from pot
*** SUMMARY ***
Total pot $48 | Rake $0.50
Board [8s 5s 2s 7h Kc]
Seat 1: Swe_OlssoN (big blind) showed [Ah 9h] and lost with high card Ace
Seat 2: MTails (button) (small blind) showed [Jc 7c] and won ($47.50) with a pair of Sevens


PokerStars Hand #146010735861:  Hold'em Limit ($3/$6 USD) - 2015/12/27 13:00:54 ET
Table 'Liguria II' 2-max Seat #2 is the button
Seat 1: Swe_OlssoN ($108.90 in chips)
Seat 2: MTails ($330.40 in chips)
MTails: posts small blind $1
Swe_OlssoN: posts big blind $3
*** HOLE CARDS ***
MTails: raises $3 to $6
Swe_OlssoN: folds
Uncalled bet ($3) returned to MTails
MTails collected $6 from pot
*** SUMMARY ***
Total pot $6 | Rake $0
Seat 1: Swe_OlssoN (big blind) folded before Flop
Seat 2: MTails (button) (small blind) collected ($6)


PokerStars Hand #146010717508:  Hold'em Limit ($3/$6 USD) - 2015/12/27 13:00:35 ET
Table 'Liguria II' 2-max Seat #1 is the button
Seat 1: Swe_OlssoN ($82.40 in chips)
Seat 2: MTails ($357.40 in chips)
Swe_OlssoN: posts small blind $1
MTails: posts big blind $3
*** HOLE CARDS ***
Swe_OlssoN: raises $3 to $6
MTails: calls $3
*** FLOP *** [Kc Jh Ad]
MTails: checks
Swe_OlssoN: bets $3
MTails: calls $3
*** TURN *** [Kc Jh Ad] [Qc]
MTails: checks
Swe_OlssoN: bets $6
MTails: raises $6 to $12
Swe_OlssoN: calls $6
*** RIVER *** [Kc Jh Ad Qc] [8s]
MTails: bets $6
Swe_OlssoN: calls $6
*** SHOW DOWN ***
MTails: shows [9h 7c] (high card Ace)
Swe_OlssoN: shows [Ah 5h] (a pair of Aces)
Swe_OlssoN collected $53.50 from pot
*** SUMMARY ***
Total pot $54 | Rake $0.50
Board [Kc Jh Ad Qc 8s]
Seat 1: Swe_OlssoN (button) (small blind) showed [Ah 5h] and won ($53.50) with a pair of Aces
Seat 2: MTails (big blind) showed [9h 7c] and lost with high card Ace


PokerStars Hand #146010741141:  Hold'em Limit ($3/$6 USD) - 2015/12/27 13:01:00 ET
Table 'Liguria II' 2-max Seat #1 is the button
Seat 1: Swe_OlssoN ($105.90 in chips)
Seat 2: MTails ($333.40 in chips)
Swe_OlssoN: posts small blind $1
MTails: posts big blind $3
*** HOLE CARDS ***
Swe_OlssoN: folds
Uncalled bet ($2) returned to MTails
MTails collected $2 from pot
MTails: doesn't show hand
*** SUMMARY ***
Total pot $2 | Rake $0
Seat 1: Swe_OlssoN (button) (small blind) folded before Flop
Seat 2: MTails (big blind) collected ($2)


PokerStars Hand #146010747212:  Hold'em Limit ($3/$6 USD) - 2015/12/27 13:01:06 ET
Table 'Liguria II' 2-max Seat #2 is the button
Seat 1: Swe_OlssoN ($104.90 in chips)
Seat 2: MTails ($334.40 in chips)
MTails: posts small blind $1
Swe_OlssoN: posts big blind $3
*** HOLE CARDS ***
MTails: folds
Uncalled bet ($2) returned to Swe_OlssoN
Swe_OlssoN collected $2 from pot
Swe_OlssoN: doesn't show hand
Swe_OlssoN said, "you hit"
*** SUMMARY ***
Total pot $2 | Rake $0
Seat 1: Swe_OlssoN (big blind) collected ($2)
Seat 2: MTails (button) (small blind) folded before Flop


PokerStars Hand #146010752655:  Hold'em Limit ($3/$6 USD) - 2015/12/27 13:01:12 ET
Table 'Liguria II' 2-max Seat #1 is the button
Seat 1: Swe_OlssoN ($105.90 in chips)
Seat 2: MTails ($333.40 in chips)
Swe_OlssoN: posts small blind $1
MTails: posts big blind $3
*** HOLE CARDS ***
Swe_OlssoN: raises $3 to $6
MTails: calls $3
*** FLOP *** [3s Th 5s]
MTails: checks
Swe_OlssoN: bets $3
MTails: calls $3
*** TURN *** [3s Th 5s] [2c]
MTails: checks
Swe_OlssoN: checks
*** RIVER *** [3s Th 5s 2c] [Ts]
MTails: bets $6
Swe_OlssoN: calls $6
*** SHOW DOWN ***
MTails: shows [6d 8s] (a pair of Tens)
Swe_OlssoN: shows [Kc Jh] (a pair of Tens - King kicker)
Swe_OlssoN collected $29.50 from pot
*** SUMMARY ***
Total pot $30 | Rake $0.50
Board [3s Th 5s 2c Ts]
Seat 1: Swe_OlssoN (button) (small blind) showed [Kc Jh] and won ($29.50) with a pair of Tens
Seat 2: MTails (big blind) showed [6d 8s] and lost with a pair of Tens


PokerStars Hand #146010771998:  Hold'em Limit ($3/$6 USD) - 2015/12/27 13:01:31 ET
Table 'Liguria II' 2-max Seat #2 is the button
Seat 1: Swe_OlssoN ($120.40 in chips)
Seat 2: MTails ($318.40 in chips)
MTails: posts small blind $1
Swe_OlssoN: posts big blind $3
*** HOLE CARDS ***
MTails: folds
Uncalled bet ($2) returned to Swe_OlssoN
Swe_OlssoN collected $2 from pot
Swe_OlssoN: doesn't show hand
*** SUMMARY ***
Total pot $2 | Rake $0
Seat 1: Swe_OlssoN (big blind) collected ($2)
Seat 2: MTails (button) (small blind) folded before Flop


PokerStars Hand #146010824362:  Hold'em Limit ($3/$6 USD) - 2015/12/27 13:02:20 ET
Table 'Liguria II' 2-max Seat #2 is the button
Seat 1: Swe_OlssoN ($112.16 in chips)
Seat 2: MTails ($325.92 in chips)
MTails: posts small blind $1
Swe_OlssoN: posts big blind $3
*** HOLE CARDS ***
MTails: raises $3 to $6
Swe_OlssoN: calls $3
*** FLOP *** [Td Ks 4d]
Swe_OlssoN: checks
MTails: bets $3
Swe_OlssoN: folds
Uncalled bet ($3) returned to MTails
MTails collected $11.76 from pot
*** SUMMARY ***
Total pot $12 | Rake $0.24
Board [Td Ks 4d]
Seat 1: Swe_OlssoN (big blind) folded on the Flop
Seat 2: MTails (button) (small blind) collected ($11.76)


PokerStars Hand #146010810437:  Hold'em Limit ($3/$6 USD) - 2015/12/27 13:02:06 ET
Table 'Liguria II' 2-max Seat #1 is the button
Seat 1: Swe_OlssoN ($106.40 in chips)
Seat 2: MTails ($331.92 in chips)
Swe_OlssoN: posts small blind $1
MTails: posts big blind $3
*** HOLE CARDS ***
Swe_OlssoN: raises $3 to $6
MTails said, "u had AA last hand"
MTails: calls $3
*** FLOP *** [Ac Jd Ts]
MTails: checks
Swe_OlssoN: bets $3
MTails: folds
Uncalled bet ($3) returned to Swe_OlssoN
Swe_OlssoN collected $11.76 from pot
Swe_OlssoN: doesn't show hand
*** SUMMARY ***
Total pot $12 | Rake $0.24
Board [Ac Jd Ts]
Seat 1: Swe_OlssoN (button) (small blind) collected ($11.76)
Seat 2: MTails (big blind) folded on the Flop


PokerStars Hand #146010804496:  Hold'em Limit ($3/$6 USD) - 2015/12/27 13:02:01 ET
Table 'Liguria II' 2-max Seat #2 is the button
Seat 1: Swe_OlssoN ($109.40 in chips)
Seat 2: MTails ($328.92 in chips)
MTails: posts small blind $1
Swe_OlssoN: posts big blind $3
*** HOLE CARDS ***
MTails: raises $3 to $6
Swe_OlssoN: folds
Uncalled bet ($3) returned to MTails
MTails collected $6 from pot
MTails said, "as wee see its not like that"
*** SUMMARY ***
Total pot $6 | Rake $0
Seat 1: Swe_OlssoN (big blind) folded before Flop
Seat 2: MTails (button) (small blind) collected ($6)


PokerStars Hand #146010777167:  Hold'em Limit ($3/$6 USD) - 2015/12/27 13:01:35 ET
Table 'Liguria II' 2-max Seat #1 is the button
Seat 1: Swe_OlssoN ($121.40 in chips)
Seat 2: MTails ($317.40 in chips)
Swe_OlssoN: posts small blind $1
MTails: posts big blind $3
*** HOLE CARDS ***
Swe_OlssoN: raises $3 to $6
MTails said, "hit what"
MTails: calls $3
*** FLOP *** [Jh 6d Td]
MTails: checks
Swe_OlssoN: bets $3
MTails: raises $3 to $6
Swe_OlssoN said, "everything"
Swe_OlssoN: calls $3
*** TURN *** [Jh 6d Td] [3d]
MTails: bets $6
Swe_OlssoN: folds
Uncalled bet ($6) returned to MTails
MTails collected $23.52 from pot
*** SUMMARY ***
Total pot $24 | Rake $0.48
Board [Jh 6d Td 3d]
Seat 1: Swe_OlssoN (button) (small blind) folded on the Turn
Seat 2: MTails (big blind) collected ($23.52)


PokerStars Hand #146010899504:  Hold'em Limit ($3/$6 USD) - 2015/12/27 13:03:27 ET
Table 'Liguria II' 2-max Seat #1 is the button
Seat 1: Swe_OlssoN ($106.66 in chips)
Seat 2: MTails ($330.08 in chips)
Swe_OlssoN: posts small blind $1
MTails: posts big blind $3
*** HOLE CARDS ***
Swe_OlssoN: folds
Uncalled bet ($2) returned to MTails
MTails collected $2 from pot
*** SUMMARY ***
Total pot $2 | Rake $0
Seat 1: Swe_OlssoN (button) (small blind) folded before Flop
Seat 2: MTails (big blind) collected ($2)


PokerStars Hand #146010893467:  Hold'em Limit ($3/$6 USD) - 2015/12/27 13:03:21 ET
Table 'Liguria II' 2-max Seat #2 is the button
Seat 1: Swe_OlssoN ($109.66 in chips)
Seat 2: MTails ($327.08 in chips)
MTails: posts small blind $1
Swe_OlssoN: posts big blind $3
*** HOLE CARDS ***
MTails: raises $3 to $6
Swe_OlssoN: folds
Uncalled bet ($3) returned to MTails
MTails collected $6 from pot
*** SUMMARY ***
Total pot $6 | Rake $0
Seat 1: Swe_OlssoN (big blind) folded before Flop
Seat 2: MTails (button) (small blind) collected ($6)


PokerStars Hand #146010886839:  Hold'em Limit ($3/$6 USD) - 2015/12/27 13:03:15 ET
Table 'Liguria II' 2-max Seat #1 is the button
Seat 1: Swe_OlssoN ($106.66 in chips)
Seat 2: MTails ($330.08 in chips)
Swe_OlssoN: posts small blind $1
MTails: posts big blind $3
*** HOLE CARDS ***
Swe_OlssoN: raises $3 to $6
MTails: folds
Uncalled bet ($3) returned to Swe_OlssoN
Swe_OlssoN collected $6 from pot
Swe_OlssoN: doesn't show hand
*** SUMMARY ***
Total pot $6 | Rake $0
Seat 1: Swe_OlssoN (button) (small blind) collected ($6)
Seat 2: MTails (big blind) folded before Flop


PokerStars Hand #146010876709:  Hold'em Limit ($3/$6 USD) - 2015/12/27 13:03:06 ET
Table 'Liguria II' 2-max Seat #2 is the button
Seat 1: Swe_OlssoN ($112.66 in chips)
Seat 2: MTails ($324.32 in chips)
MTails: posts small blind $1
Swe_OlssoN: posts big blind $3
*** HOLE CARDS ***
MTails: raises $3 to $6
Swe_OlssoN: calls $3
*** FLOP *** [Qd Ah 2d]
Swe_OlssoN: checks
MTails: bets $3
Swe_OlssoN: folds
Uncalled bet ($3) returned to MTails
MTails collected $11.76 from pot
*** SUMMARY ***
Total pot $12 | Rake $0.24
Board [Qd Ah 2d]
Seat 1: Swe_OlssoN (big blind) folded on the Flop
Seat 2: MTails (button) (small blind) collected ($11.76)


PokerStars Hand #146010859169:  Hold'em Limit ($3/$6 USD) - 2015/12/27 13:02:51 ET
Table 'Liguria II' 2-max Seat #1 is the button
Seat 1: Swe_OlssoN ($98.16 in chips)
Seat 2: MTails ($339.32 in chips)
Swe_OlssoN: posts small blind $1
MTails: posts big blind $3
*** HOLE CARDS ***
Swe_OlssoN: raises $3 to $6
MTails: calls $3
*** FLOP *** [8s 7h Ac]
MTails: checks
Swe_OlssoN: bets $3
MTails: calls $3
*** TURN *** [8s 7h Ac] [2c]
MTails: checks
Swe_OlssoN: bets $6
MTails: calls $6
*** RIVER *** [8s 7h Ac 2c] [7s]
MTails: checks
Swe_OlssoN: checks
*** SHOW DOWN ***
MTails: shows [Kh Js] (a pair of Sevens)
Swe_OlssoN: shows [Qs 8c] (two pair, Eights and Sevens)
Swe_OlssoN collected $29.50 from pot
*** SUMMARY ***
Total pot $30 | Rake $0.50
Board [8s 7h Ac 2c 7s]
Seat 1: Swe_OlssoN (button) (small blind) showed [Qs 8c] and won ($29.50) with two pair, Eights and Sevens
Seat 2: MTails (big blind) showed [Kh Js] and lost with a pair of Sevens


PokerStars Hand #146010852702:  Hold'em Limit ($3/$6 USD) - 2015/12/27 13:02:46 ET
Table 'Liguria II' 2-max Seat #2 is the button
Seat 1: Swe_OlssoN ($97.16 in chips)
Seat 2: MTails ($340.32 in chips)
MTails: posts small blind $1
Swe_OlssoN: posts big blind $3
*** HOLE CARDS ***
MTails: folds
Uncalled bet ($2) returned to Swe_OlssoN
Swe_OlssoN collected $2 from pot
Swe_OlssoN: doesn't show hand
*** SUMMARY ***
Total pot $2 | Rake $0
Seat 1: Swe_OlssoN (big blind) collected ($2)
Seat 2: MTails (button) (small blind) folded before Flop


PokerStars Hand #146010836831:  Hold'em Limit ($3/$6 USD) - 2015/12/27 13:02:31 ET
Table 'Liguria II' 2-max Seat #1 is the button
Seat 1: Swe_OlssoN ($106.16 in chips)
Seat 2: MTails ($331.68 in chips)
Swe_OlssoN: posts small blind $1
MTails: posts big blind $3
*** HOLE CARDS ***
Swe_OlssoN: raises $3 to $6
MTails: calls $3
*** FLOP *** [Ad 3s 3d]
MTails: checks
Swe_OlssoN: bets $3
MTails: raises $3 to $6
Swe_OlssoN: folds
Uncalled bet ($3) returned to MTails
MTails collected $17.64 from pot
*** SUMMARY ***
Total pot $18 | Rake $0.36
Board [Ad 3s 3d]
Seat 1: Swe_OlssoN (button) (small blind) folded on the Flop
Seat 2: MTails (big blind) collected ($17.64)


PokerStars Hand #146010945519:  Hold'em Limit ($3/$6 USD) - 2015/12/27 13:04:07 ET
Table 'Liguria II' 2-max Seat #2 is the button
Seat 1: Swe_OlssoN ($125.16 in chips)
Seat 2: MTails ($311.08 in chips)
MTails: posts small blind $1
Swe_OlssoN: posts big blind $3
*** HOLE CARDS ***
MTails: raises $3 to $6
Swe_OlssoN: raises $3 to $9
MTails: calls $3
*** FLOP *** [Kh 5c 8h]
Swe_OlssoN: bets $3
MTails: calls $3
*** TURN *** [Kh 5c 8h] [7h]
Swe_OlssoN: bets $6
MTails: calls $6
*** RIVER *** [Kh 5c 8h 7h] [7s]
Swe_OlssoN: bets $6
MTails: calls $6
*** SHOW DOWN ***
Swe_OlssoN: shows [Qd 9s] (a pair of Sevens)
MTails: shows [Ac 4s] (a pair of Sevens - Ace kicker)
MTails collected $47.50 from pot
*** SUMMARY ***
Total pot $48 | Rake $0.50
Board [Kh 5c 8h 7h 7s]
Seat 1: Swe_OlssoN (big blind) showed [Qd 9s] and lost with a pair of Sevens
Seat 2: MTails (button) (small blind) showed [Ac 4s] and won ($47.50) with a pair of Sevens


PokerStars Hand #146010940506:  Hold'em Limit ($3/$6 USD) - 2015/12/27 13:04:03 ET
Table 'Liguria II' 2-max Seat #1 is the button
Seat 1: Swe_OlssoN ($126.16 in chips)
Seat 2: MTails ($310.08 in chips)
Swe_OlssoN: posts small blind $1
MTails: posts big blind $3
*** HOLE CARDS ***
Swe_OlssoN: folds
Uncalled bet ($2) returned to MTails
MTails collected $2 from pot
MTails: doesn't show hand
*** SUMMARY ***
Total pot $2 | Rake $0
Seat 1: Swe_OlssoN (button) (small blind) folded before Flop
Seat 2: MTails (big blind) collected ($2)


PokerStars Hand #146010916786:  Hold'em Limit ($3/$6 USD) - 2015/12/27 13:03:42 ET
Table 'Liguria II' 2-max Seat #2 is the button
Seat 1: Swe_OlssoN ($105.66 in chips)
Seat 2: MTails ($331.08 in chips)
MTails: posts small blind $1
Swe_OlssoN: posts big blind $3
*** HOLE CARDS ***
MTails: raises $3 to $6
Swe_OlssoN: calls $3
*** FLOP *** [Ts 5d 8d]
Swe_OlssoN: bets $3
MTails: calls $3
*** TURN *** [Ts 5d 8d] [Td]
Swe_OlssoN: bets $6
MTails: calls $6
*** RIVER *** [Ts 5d 8d Td] [7c]
Swe_OlssoN: checks
MTails: bets $6
Swe_OlssoN: calls $6
*** SHOW DOWN ***
MTails: shows [Kd 5c] (two pair, Tens and Fives)
Swe_OlssoN: shows [Jd 8h] (two pair, Tens and Eights)
Swe_OlssoN collected $41.50 from pot
*** SUMMARY ***
Total pot $42 | Rake $0.50
Board [Ts 5d 8d Td 7c]
Seat 1: Swe_OlssoN (big blind) showed [Jd 8h] and won ($41.50) with two pair, Tens and Eights
Seat 2: MTails (button) (small blind) showed [Kd 5c] and lost with two pair, Tens and Fives


PokerStars Hand #146010910056:  Hold'em Limit ($3/$6 USD) - 2015/12/27 13:03:37 ET
Table 'Liguria II' 2-max Seat #1 is the button
Seat 1: Swe_OlssoN ($102.66 in chips)
Seat 2: MTails ($334.08 in chips)
Swe_OlssoN: posts small blind $1
MTails: posts big blind $3
*** HOLE CARDS ***
Swe_OlssoN: raises $3 to $6
MTails: folds
Uncalled bet ($3) returned to Swe_OlssoN
Swe_OlssoN collected $6 from pot
Swe_OlssoN: doesn't show hand
*** SUMMARY ***
Total pot $6 | Rake $0
Seat 1: Swe_OlssoN (button) (small blind) collected ($6)
Seat 2: MTails (big blind) folded before Flop


PokerStars Hand #146010904444:  Hold'em Limit ($3/$6 USD) - 2015/12/27 13:03:31 ET
Table 'Liguria II' 2-max Seat #2 is the button
Seat 1: Swe_OlssoN ($105.66 in chips)
Seat 2: MTails ($331.08 in chips)
MTails: posts small blind $1
Swe_OlssoN: posts big blind $3
*** HOLE CARDS ***
MTails: raises $3 to $6
Swe_OlssoN: folds
Uncalled bet ($3) returned to MTails
MTails collected $6 from pot
*** SUMMARY ***
Total pot $6 | Rake $0
Seat 1: Swe_OlssoN (big blind) folded before Flop
Seat 2: MTails (button) (small blind) collected ($6)


PokerStars Hand #146010962732:  Hold'em Limit ($3/$6 USD) - 2015/12/27 13:04:22 ET
Table 'Liguria II' 2-max Seat #1 is the button
Seat 1: Swe_OlssoN ($101.16 in chips)
Seat 2: MTails ($334.58 in chips)
Swe_OlssoN: posts small blind $1
MTails: posts big blind $3
*** HOLE CARDS ***
Swe_OlssoN: raises $3 to $6
MTails: calls $3
*** FLOP *** [Ah Ad 2d]
MTails: checks
Swe_OlssoN: bets $3
MTails: calls $3
*** TURN *** [Ah Ad 2d] [Ac]
MTails: checks
Swe_OlssoN: bets $6
MTails: raises $6 to $12
Swe_OlssoN: calls $6
*** RIVER *** [Ah Ad 2d Ac] [Tc]
MTails: bets $6
Swe_OlssoN: calls $6
*** SHOW DOWN ***
MTails: shows [As Kh] (four of a kind, Aces)
Swe_OlssoN: mucks hand
MTails collected $53.50 from pot
*** SUMMARY ***
Total pot $54 | Rake $0.50
Board [Ah Ad 2d Ac Tc]
Seat 1: Swe_OlssoN (button) (small blind) mucked
Seat 2: MTails (big blind) showed [As Kh] and won ($53.50) with four of a kind, Aces


PokerStars Hand #146011025228:  Hold'em Limit ($3/$6 USD) - 2015/12/27 13:05:17 ET
Table 'Liguria II' 2-max Seat #2 is the button
Seat 1: Swe_OlssoN ($70.66 in chips)
Seat 2: MTails ($363.58 in chips)
MTails: posts small blind $1
Swe_OlssoN: posts big blind $3
*** HOLE CARDS ***
MTails: raises $3 to $6
Swe_OlssoN: folds
Uncalled bet ($3) returned to MTails
MTails collected $6 from pot
*** SUMMARY ***
Total pot $6 | Rake $0
Seat 1: Swe_OlssoN (big blind) folded before Flop
Seat 2: MTails (button) (small blind) collected ($6)


PokerStars Hand #146010999683:  Hold'em Limit ($3/$6 USD) - 2015/12/27 13:04:55 ET
Table 'Liguria II' 2-max Seat #1 is the button
Seat 1: Swe_OlssoN ($47.16 in chips)
Seat 2: MTails ($387.58 in chips)
Swe_OlssoN: posts small blind $1
MTails: posts big blind $3
*** HOLE CARDS ***
Swe_OlssoN: raises $3 to $6
MTails: calls $3
*** FLOP *** [5h Td Qd]
MTails: checks
Swe_OlssoN: bets $3
MTails: raises $3 to $6
Swe_OlssoN: calls $3
*** TURN *** [5h Td Qd] [Th]
MTails: bets $6
Swe_OlssoN: calls $6
*** RIVER *** [5h Td Qd Th] [8d]
MTails: bets $6
Swe_OlssoN: calls $6
*** SHOW DOWN ***
MTails: shows [4h Ks] (a pair of Tens)
Swe_OlssoN: shows [5d 6h] (two pair, Tens and Fives)
Swe_OlssoN collected $47.50 from pot
*** SUMMARY ***
Total pot $48 | Rake $0.50
Board [5h Td Qd Th 8d]
Seat 1: Swe_OlssoN (button) (small blind) showed [5d 6h] and won ($47.50) with two pair, Tens and Fives
Seat 2: MTails (big blind) showed [4h Ks] and lost with a pair of Tens


PokerStars Hand #146010982178:  Hold'em Limit ($3/$6 USD) - 2015/12/27 13:04:40 ET
Table 'Liguria II' 2-max Seat #2 is the button
Seat 1: Swe_OlssoN ($74.16 in chips)
Seat 2: MTails ($361.08 in chips)
MTails: posts small blind $1
Swe_OlssoN: posts big blind $3
*** HOLE CARDS ***
MTails: raises $3 to $6
Swe_OlssoN: calls $3
*** FLOP *** [5d 2c 4d]
Swe_OlssoN: bets $3
MTails: calls $3
*** TURN *** [5d 2c 4d] [Kd]
Swe_OlssoN: bets $6
MTails: calls $6
*** RIVER *** [5d 2c 4d Kd] [6c]
Swe_OlssoN: bets $6
MTails: raises $6 to $12
Swe_OlssoN: calls $6
*** SHOW DOWN ***
MTails: shows [7s 3d] (a straight, Three to Seven)
Swe_OlssoN: mucks hand
MTails collected $53.50 from pot
*** SUMMARY ***
Total pot $54 | Rake $0.50
Board [5d 2c 4d Kd 6c]
Seat 1: Swe_OlssoN (big blind) mucked
Seat 2: MTails (button) (small blind) showed [7s 3d] and won ($53.50) with a straight, Three to Seven


PokerStars Hand #146011098729:  Hold'em Limit ($3/$6 USD) - 2015/12/27 13:06:24 ET
Table 'Liguria II' 2-max Seat #2 is the button
Seat 1: Swe_OlssoN ($74.92 in chips)
Seat 2: MTails ($357.84 in chips)
MTails: posts small blind $1
Swe_OlssoN: posts big blind $3
*** HOLE CARDS ***
MTails: raises $3 to $6
Swe_OlssoN: folds
Uncalled bet ($3) returned to MTails
MTails collected $6 from pot
*** SUMMARY ***
Total pot $6 | Rake $0
Seat 1: Swe_OlssoN (big blind) folded before Flop
Seat 2: MTails (button) (small blind) collected ($6)


PokerStars Hand #146011093808:  Hold'em Limit ($3/$6 USD) - 2015/12/27 13:06:19 ET
Table 'Liguria II' 2-max Seat #1 is the button
Seat 1: Swe_OlssoN ($75.92 in chips)
Seat 2: MTails ($356.84 in chips)
Swe_OlssoN: posts small blind $1
MTails: posts big blind $3
*** HOLE CARDS ***
Swe_OlssoN: folds
Uncalled bet ($2) returned to MTails
MTails collected $2 from pot
MTails: doesn't show hand
*** SUMMARY ***
Total pot $2 | Rake $0
Seat 1: Swe_OlssoN (button) (small blind) folded before Flop
Seat 2: MTails (big blind) collected ($2)


PokerStars Hand #146011082089:  Hold'em Limit ($3/$6 USD) - 2015/12/27 13:06:09 ET
Table 'Liguria II' 2-max Seat #2 is the button
Seat 1: Swe_OlssoN ($81.92 in chips)
Seat 2: MTails ($351.08 in chips)
MTails: posts small blind $1
Swe_OlssoN: posts big blind $3
*** HOLE CARDS ***
MTails: raises $3 to $6
Swe_OlssoN: calls $3
*** FLOP *** [Ac 6h Qc]
Swe_OlssoN: checks
MTails: bets $3
Swe_OlssoN: folds
Uncalled bet ($3) returned to MTails
MTails collected $11.76 from pot
*** SUMMARY ***
Total pot $12 | Rake $0.24
Board [Ac 6h Qc]
Seat 1: Swe_OlssoN (big blind) folded on the Flop
Seat 2: MTails (button) (small blind) collected ($11.76)


PokerStars Hand #146011062972:  Hold'em Limit ($3/$6 USD) - 2015/12/27 13:05:52 ET
Table 'Liguria II' 2-max Seat #1 is the button
Seat 1: Swe_OlssoN ($49.42 in chips)
Seat 2: MTails ($384.08 in chips)
Swe_OlssoN: posts small blind $1
MTails: posts big blind $3
*** HOLE CARDS ***
Swe_OlssoN: raises $3 to $6
MTails: calls $3
*** FLOP *** [Td 7h 9s]
MTails: checks
Swe_OlssoN: bets $3
MTails: calls $3
*** TURN *** [Td 7h 9s] [6c]
MTails: checks
Swe_OlssoN: bets $6
MTails: raises $6 to $12
Swe_OlssoN: raises $6 to $18
MTails: calls $6
*** RIVER *** [Td 7h 9s 6c] [Ks]
MTails: checks
Swe_OlssoN: bets $6
MTails: calls $6
*** SHOW DOWN ***
Swe_OlssoN: shows [8s Jd] (a straight, Seven to Jack)
MTails: mucks hand
Swe_OlssoN collected $65.50 from pot
*** SUMMARY ***
Total pot $66 | Rake $0.50
Board [Td 7h 9s 6c Ks]
Seat 1: Swe_OlssoN (button) (small blind) showed [8s Jd] and won ($65.50) with a straight, Seven to Jack
Seat 2: MTails (big blind) mucked


PokerStars Hand #146011053321:  Hold'em Limit ($3/$6 USD) - 2015/12/27 13:05:43 ET
Table 'Liguria II' 2-max Seat #2 is the button
Seat 1: Swe_OlssoN ($43.66 in chips)
Seat 2: MTails ($390.08 in chips)
MTails: posts small blind $1
Swe_OlssoN: posts big blind $3
*** HOLE CARDS ***
MTails: raises $3 to $6
Swe_OlssoN: calls $3
*** FLOP *** [8s 9h 4d]
Swe_OlssoN: bets $3
MTails: folds
Uncalled bet ($3) returned to Swe_OlssoN
Swe_OlssoN collected $11.76 from pot
Swe_OlssoN: doesn't show hand
*** SUMMARY ***
Total pot $12 | Rake $0.24
Board [8s 9h 4d]
Seat 1: Swe_OlssoN (big blind) collected ($11.76)
Seat 2: MTails (button) (small blind) folded on the Flop


PokerStars Hand #146011032317:  Hold'em Limit ($3/$6 USD) - 2015/12/27 13:05:24 ET
Table 'Liguria II' 2-max Seat #1 is the button
Seat 1: Swe_OlssoN ($67.66 in chips)
Seat 2: MTails ($366.58 in chips)
Swe_OlssoN: posts small blind $1
MTails: posts big blind $3
*** HOLE CARDS ***
Swe_OlssoN: raises $3 to $6
MTails: calls $3
*** FLOP *** [Ac 6s 9c]
MTails: checks
Swe_OlssoN: bets $3
MTails: raises $3 to $6
Swe_OlssoN: calls $3
*** TURN *** [Ac 6s 9c] [Td]
MTails: checks
Swe_OlssoN: bets $6
MTails: calls $6
*** RIVER *** [Ac 6s 9c Td] [3h]
MTails: checks
Swe_OlssoN: bets $6
MTails: calls $6
*** SHOW DOWN ***
Swe_OlssoN: shows [7s 9d] (a pair of Nines)
MTails: shows [Qh 9s] (a pair of Nines - Ace+Queen kicker)
MTails collected $47.50 from pot
*** SUMMARY ***
Total pot $48 | Rake $0.50
Board [Ac 6s 9c Td 3h]
Seat 1: Swe_OlssoN (button) (small blind) showed [7s 9d] and lost with a pair of Nines
Seat 2: MTails (big blind) showed [Qh 9s] and won ($47.50) with a pair of Nines


PokerStars Hand #146011163086:  Hold'em Limit ($3/$6 USD) - 2015/12/27 13:07:22 ET
Table 'Liguria II' 2-max Seat #2 is the button
Seat 1: Swe_OlssoN ($70.08 in chips)
Seat 2: MTails ($361.34 in chips)
MTails: posts small blind $1
Swe_OlssoN: posts big blind $3
*** HOLE CARDS ***
MTails: raises $3 to $6
Swe_OlssoN: folds
Uncalled bet ($3) returned to MTails
MTails collected $6 from pot
*** SUMMARY ***
Total pot $6 | Rake $0
Seat 1: Swe_OlssoN (big blind) folded before Flop
Seat 2: MTails (button) (small blind) collected ($6)


PokerStars Hand #146011157220:  Hold'em Limit ($3/$6 USD) - 2015/12/27 13:07:16 ET
Table 'Liguria II' 2-max Seat #1 is the button
Seat 1: Swe_OlssoN ($67.08 in chips)
Seat 2: MTails ($364.34 in chips)
Swe_OlssoN: posts small blind $1
MTails: posts big blind $3
*** HOLE CARDS ***
Swe_OlssoN: raises $3 to $6
MTails: folds
Uncalled bet ($3) returned to Swe_OlssoN
Swe_OlssoN collected $6 from pot
Swe_OlssoN: doesn't show hand
*** SUMMARY ***
Total pot $6 | Rake $0
Seat 1: Swe_OlssoN (button) (small blind) collected ($6)
Seat 2: MTails (big blind) folded before Flop


PokerStars Hand #146011144289:  Hold'em Limit ($3/$6 USD) - 2015/12/27 13:07:05 ET
Table 'Liguria II' 2-max Seat #2 is the button
Seat 1: Swe_OlssoN ($55.56 in chips)
Seat 2: MTails ($376.34 in chips)
MTails: posts small blind $1
Swe_OlssoN: posts big blind $3
*** HOLE CARDS ***
MTails: raises $3 to $6
Swe_OlssoN: raises $3 to $9
MTails: calls $3
*** FLOP *** [5h Ks 4h]
Swe_OlssoN: bets $3
MTails: calls $3
*** TURN *** [5h Ks 4h] [9s]
Swe_OlssoN: bets $6
MTails: folds
Uncalled bet ($6) returned to Swe_OlssoN
Swe_OlssoN collected $23.52 from pot
Swe_OlssoN: doesn't show hand
*** SUMMARY ***
Total pot $24 | Rake $0.48
Board [5h Ks 4h 9s]
Seat 1: Swe_OlssoN (big blind) collected ($23.52)
Seat 2: MTails (button) (small blind) folded on the Turn


PokerStars Hand #146011139385:  Hold'em Limit ($3/$6 USD) - 2015/12/27 13:07:00 ET
Table 'Liguria II' 2-max Seat #1 is the button
Seat 1: Swe_OlssoN ($56.56 in chips)
Seat 2: MTails ($375.34 in chips)
Swe_OlssoN: posts small blind $1
MTails: posts big blind $3
*** HOLE CARDS ***
Swe_OlssoN: folds
Uncalled bet ($2) returned to MTails
MTails collected $2 from pot
MTails: doesn't show hand
*** SUMMARY ***
Total pot $2 | Rake $0
Seat 1: Swe_OlssoN (button) (small blind) folded before Flop
Seat 2: MTails (big blind) collected ($2)


PokerStars Hand #146011119302:  Hold'em Limit ($3/$6 USD) - 2015/12/27 13:06:42 ET
Table 'Liguria II' 2-max Seat #2 is the button
Seat 1: Swe_OlssoN ($80.56 in chips)
Seat 2: MTails ($351.84 in chips)
MTails: posts small blind $1
Swe_OlssoN: posts big blind $3
*** HOLE CARDS ***
MTails: raises $3 to $6
Swe_OlssoN: raises $3 to $9
MTails: calls $3
*** FLOP *** [5s 2d Ad]
Swe_OlssoN: bets $3
MTails: calls $3
*** TURN *** [5s 2d Ad] [Jc]
Swe_OlssoN: bets $6
MTails: calls $6
*** RIVER *** [5s 2d Ad Jc] [Th]
Swe_OlssoN: bets $6
MTails: raises $6 to $12
Swe_OlssoN: folds
Uncalled bet ($6) returned to MTails
MTails collected $47.50 from pot
*** SUMMARY ***
Total pot $48 | Rake $0.50
Board [5s 2d Ad Jc Th]
Seat 1: Swe_OlssoN (big blind) folded on the River
Seat 2: MTails (button) (small blind) collected ($47.50)


PokerStars Hand #146011104817:  Hold'em Limit ($3/$6 USD) - 2015/12/27 13:06:29 ET
Table 'Liguria II' 2-max Seat #1 is the button
Seat 1: Swe_OlssoN ($71.92 in chips)
Seat 2: MTails ($360.84 in chips)
Swe_OlssoN: posts small blind $1
MTails: posts big blind $3
*** HOLE CARDS ***
Swe_OlssoN: raises $3 to $6
MTails: calls $3
*** FLOP *** [5h 6h Ac]
MTails: checks
Swe_OlssoN: bets $3
MTails: calls $3
*** TURN *** [5h 6h Ac] [2h]
MTails: checks
Swe_OlssoN: checks
*** RIVER *** [5h 6h Ac 2h] [6s]
MTails: checks
Swe_OlssoN: checks
*** SHOW DOWN ***
MTails: shows [Qh 4c] (a pair of Sixes)
Swe_OlssoN: shows [Qs 9h] (a pair of Sixes - Ace+Queen+Nine kicker)
Swe_OlssoN collected $17.64 from pot
*** SUMMARY ***
Total pot $18 | Rake $0.36
Board [5h 6h Ac 2h 6s]
Seat 1: Swe_OlssoN (button) (small blind) showed [Qs 9h] and won ($17.64) with a pair of Sixes
Seat 2: MTails (big blind) showed [Qh 4c] and lost with a pair of Sixes


PokerStars Hand #146011235753:  Hold'em Limit ($3/$6 USD) - 2015/12/27 13:08:27 ET
Table 'Liguria II' 2-max Seat #1 is the button
Seat 1: Swe_OlssoN ($95.62 in chips)
Seat 2: MTails ($333.84 in chips)
Swe_OlssoN: posts small blind $1
MTails: posts big blind $3
*** HOLE CARDS ***
Swe_OlssoN: folds
Uncalled bet ($2) returned to MTails
MTails collected $2 from pot
MTails: doesn't show hand
*** SUMMARY ***
Total pot $2 | Rake $0
Seat 1: Swe_OlssoN (button) (small blind) folded before Flop
Seat 2: MTails (big blind) collected ($2)


PokerStars Hand #146011220765:  Hold'em Limit ($3/$6 USD) - 2015/12/27 13:08:14 ET
Table 'Liguria II' 2-max Seat #2 is the button
Seat 1: Swe_OlssoN ($84.10 in chips)
Seat 2: MTails ($345.84 in chips)
MTails: posts small blind $1
Swe_OlssoN: posts big blind $3
*** HOLE CARDS ***
MTails: raises $3 to $6
Swe_OlssoN: raises $3 to $9
MTails: calls $3
*** FLOP *** [9s Th 4c]
Swe_OlssoN: bets $3
MTails: calls $3
*** TURN *** [9s Th 4c] [4h]
Swe_OlssoN: bets $6
MTails: folds
Uncalled bet ($6) returned to Swe_OlssoN
Swe_OlssoN collected $23.52 from pot
Swe_OlssoN: doesn't show hand
*** SUMMARY ***
Total pot $24 | Rake $0.48
Board [9s Th 4c 4h]
Seat 1: Swe_OlssoN (big blind) collected ($23.52)
Seat 2: MTails (button) (small blind) folded on the Turn


PokerStars Hand #146011201246:  Hold'em Limit ($3/$6 USD) - 2015/12/27 13:07:56 ET
Table 'Liguria II' 2-max Seat #1 is the button
Seat 1: Swe_OlssoN ($99.10 in chips)
Seat 2: MTails ($331.34 in chips)
Swe_OlssoN: posts small blind $1
MTails: posts big blind $3
*** HOLE CARDS ***
Swe_OlssoN: raises $3 to $6
MTails: calls $3
*** FLOP *** [Th 3c 2c]
MTails: checks
Swe_OlssoN: bets $3
MTails: calls $3
*** TURN *** [Th 3c 2c] [3s]
MTails: checks
Swe_OlssoN: bets $6
MTails: calls $6
*** RIVER *** [Th 3c 2c 3s] [5h]
MTails: checks
Swe_OlssoN: checks
*** SHOW DOWN ***
MTails: shows [5s Qs] (two pair, Fives and Threes)
Swe_OlssoN: mucks hand
MTails collected $29.50 from pot
*** SUMMARY ***
Total pot $30 | Rake $0.50
Board [Th 3c 2c 3s 5h]
Seat 1: Swe_OlssoN (button) (small blind) mucked
Seat 2: MTails (big blind) showed [5s Qs] and won ($29.50) with two pair, Fives and Threes


PokerStars Hand #146011185323:  Hold'em Limit ($3/$6 USD) - 2015/12/27 13:07:42 ET
Table 'Liguria II' 2-max Seat #2 is the button
Seat 1: Swe_OlssoN ($87.58 in chips)
Seat 2: MTails ($343.34 in chips)
MTails: posts small blind $1
Swe_OlssoN: posts big blind $3
*** HOLE CARDS ***
MTails: raises $3 to $6
Swe_OlssoN: raises $3 to $9
MTails: calls $3
*** FLOP *** [8c 8h 5h]
Swe_OlssoN: bets $3
MTails: calls $3
*** TURN *** [8c 8h 5h] [Js]
Swe_OlssoN: bets $6
MTails: folds
Uncalled bet ($6) returned to Swe_OlssoN
Swe_OlssoN collected $23.52 from pot
Swe_OlssoN: doesn't show hand
*** SUMMARY ***
Total pot $24 | Rake $0.48
Board [8c 8h 5h Js]
Seat 1: Swe_OlssoN (big blind) collected ($23.52)
Seat 2: MTails (button) (small blind) folded on the Turn


PokerStars Hand #146011168507:  Hold'em Limit ($3/$6 USD) - 2015/12/27 13:07:27 ET
Table 'Liguria II' 2-max Seat #1 is the button
Seat 1: Swe_OlssoN ($67.08 in chips)
Seat 2: MTails ($364.34 in chips)
Swe_OlssoN: posts small blind $1
MTails: posts big blind $3
*** HOLE CARDS ***
Swe_OlssoN: raises $3 to $6
MTails: calls $3
*** FLOP *** [Kc Ad Th]
MTails: checks
Swe_OlssoN: bets $3
MTails: calls $3
*** TURN *** [Kc Ad Th] [4s]
MTails: checks
Swe_OlssoN: bets $6
MTails: calls $6
*** RIVER *** [Kc Ad Th 4s] [3h]
MTails: checks
Swe_OlssoN: bets $6
MTails: calls $6
*** SHOW DOWN ***
Swe_OlssoN: shows [Ah Jd] (a pair of Aces)
MTails: mucks hand
Swe_OlssoN collected $41.50 from pot
*** SUMMARY ***
Total pot $42 | Rake $0.50
Board [Kc Ad Th 4s 3h]
Seat 1: Swe_OlssoN (button) (small blind) showed [Ah Jd] and won ($41.50) with a pair of Aces
Seat 2: MTails (big blind) mucked


PokerStars Hand #146011284820:  Hold'em Limit ($3/$6 USD) - 2015/12/27 13:09:13 ET
Table 'Liguria II' 2-max Seat #2 is the button
Seat 1: Swe_OlssoN ($82.12 in chips)
Seat 2: MTails ($346.34 in chips)
MTails: posts small blind $1
Swe_OlssoN: posts big blind $3
*** HOLE CARDS ***
Swe_OlssoN said, "ok"
MTails: raises $3 to $6
Swe_OlssoN: raises $3 to $9
MTails: calls $3
*** FLOP *** [5c 8h 6c]
Swe_OlssoN: bets $3
MTails: calls $3
*** TURN *** [5c 8h 6c] [3s]
Swe_OlssoN: bets $6
MTails: raises $6 to $12
Swe_OlssoN: calls $6
*** RIVER *** [5c 8h 6c 3s] [Tc]
Swe_OlssoN: checks
MTails: bets $6
Swe_OlssoN: calls $6
*** SHOW DOWN ***
MTails: shows [6d 7s] (a pair of Sixes)
Swe_OlssoN: mucks hand
MTails collected $59.50 from pot
*** SUMMARY ***
Total pot $60 | Rake $0.50
Board [5c 8h 6c 3s Tc]
Seat 1: Swe_OlssoN (big blind) mucked
Seat 2: MTails (button) (small blind) showed [6d 7s] and won ($59.50) with a pair of Sixes


PokerStars Hand #146011278510:  Hold'em Limit ($3/$6 USD) - 2015/12/27 13:09:06 ET
Table 'Liguria II' 2-max Seat #1 is the button
Seat 1: Swe_OlssoN ($83.12 in chips)
Seat 2: MTails ($345.34 in chips)
Swe_OlssoN: posts small blind $1
MTails: posts big blind $3
*** HOLE CARDS ***
Swe_OlssoN: folds
Uncalled bet ($2) returned to MTails
MTails collected $2 from pot
*** SUMMARY ***
Total pot $2 | Rake $0
Seat 1: Swe_OlssoN (button) (small blind) folded before Flop
Seat 2: MTails (big blind) collected ($2)


PokerStars Hand #146011260497:  Hold'em Limit ($3/$6 USD) - 2015/12/27 13:08:50 ET
Table 'Liguria II' 2-max Seat #2 is the button
Seat 1: Swe_OlssoN ($110.12 in chips)
Seat 2: MTails ($318.84 in chips)
MTails: posts small blind $1
Swe_OlssoN: posts big blind $3
*** HOLE CARDS ***
MTails: raises $3 to $6
Swe_OlssoN: calls $3
*** FLOP *** [7c 9d 3h]
Swe_OlssoN: bets $3
MTails: calls $3
*** TURN *** [7c 9d 3h] [5d]
Swe_OlssoN: bets $6
MTails: raises $6 to $12
Swe_OlssoN: calls $6
*** RIVER *** [7c 9d 3h 5d] [Jh]
Swe_OlssoN: checks
MTails: bets $6
Swe_OlssoN: calls $6
*** SHOW DOWN ***
MTails: shows [4h 6d] (a straight, Three to Seven)
Swe_OlssoN: mucks hand
MTails collected $53.50 from pot
*** SUMMARY ***
Total pot $54 | Rake $0.50
Board [7c 9d 3h 5d Jh]
Seat 1: Swe_OlssoN (big blind) mucked
Seat 2: MTails (button) (small blind) showed [4h 6d] and won ($53.50) with a straight, Three to Seven


PokerStars Hand #146011245176:  Hold'em Limit ($3/$6 USD) - 2015/12/27 13:08:36 ET
Table 'Liguria II' 2-max Seat #1 is the button
Seat 1: Swe_OlssoN ($95.62 in chips)
Seat 2: MTails ($333.84 in chips)
Swe_OlssoN: posts small blind $1
MTails: posts big blind $3
*** HOLE CARDS ***
Swe_OlssoN: raises $3 to $6
MTails: calls $3
*** FLOP *** [8s 4h 5h]
MTails: checks
Swe_OlssoN: bets $3
MTails: calls $3
*** TURN *** [8s 4h 5h] [6s]
MTails: checks
Swe_OlssoN: bets $6
MTails: calls $6
*** RIVER *** [8s 4h 5h 6s] [Kh]
MTails: checks
Swe_OlssoN: checks
*** SHOW DOWN ***
MTails: shows [4d Jh] (a pair of Fours)
Swe_OlssoN: shows [6c Jc] (a pair of Sixes)
Swe_OlssoN collected $29.50 from pot
*** SUMMARY ***
Total pot $30 | Rake $0.50
Board [8s 4h 5h 6s Kh]
Seat 1: Swe_OlssoN (button) (small blind) showed [6c Jc] and won ($29.50) with a pair of Sixes
Seat 2: MTails (big blind) showed [4d Jh] and lost with a pair of Fours


PokerStars Hand #146011240526:  Hold'em Limit ($3/$6 USD) - 2015/12/27 13:08:32 ET
Table 'Liguria II' 2-max Seat #2 is the button
Seat 1: Swe_OlssoN ($94.62 in chips)
Seat 2: MTails ($334.84 in chips)
MTails: posts small blind $1
Swe_OlssoN: posts big blind $3
*** HOLE CARDS ***
MTails: folds
Uncalled bet ($2) returned to Swe_OlssoN
Swe_OlssoN collected $2 from pot
Swe_OlssoN: doesn't show hand
*** SUMMARY ***
Total pot $2 | Rake $0
Seat 1: Swe_OlssoN (big blind) collected ($2)
Seat 2: MTails (button) (small blind) folded before Flop


PokerStars Hand #146011354907:  Hold'em Limit ($3/$6 USD) - 2015/12/27 13:10:15 ET
Table 'Liguria II' 2-max Seat #1 is the button
Seat 1: Swe_OlssoN ($12.12 in chips)
Seat 2: MTails ($414.86 in chips)
Swe_OlssoN: posts small blind $1
MTails: posts big blind $3
*** HOLE CARDS ***
Swe_OlssoN: raises $3 to $6
MTails: raises $3 to $9
Swe_OlssoN: raises $3 to $12
Betting is capped
MTails: calls $3
*** FLOP *** [Js Tc Jh]
MTails: bets $3
Swe_OlssoN: calls $0.12 and is all-in
Uncalled bet ($2.88) returned to MTails
*** TURN *** [Js Tc Jh] [Ks]
*** RIVER *** [Js Tc Jh Ks] [6c]
*** SHOW DOWN ***
MTails: shows [8c Kc] (two pair, Kings and Jacks)
Swe_OlssoN: shows [8h 9h] (a pair of Jacks)
MTails collected $23.76 from pot
*** SUMMARY ***
Total pot $24.24 | Rake $0.48
Board [Js Tc Jh Ks 6c]
Seat 1: Swe_OlssoN (button) (small blind) showed [8h 9h] and lost with a pair of Jacks
Seat 2: MTails (big blind) showed [8c Kc] and won ($23.76) with two pair, Kings and Jacks


PokerStars Hand #146011334298:  Hold'em Limit ($3/$6 USD) - 2015/12/27 13:09:57 ET
Table 'Liguria II' 2-max Seat #2 is the button
Seat 1: Swe_OlssoN ($36.12 in chips)
Seat 2: MTails ($391.36 in chips)
MTails: posts small blind $1
Swe_OlssoN: posts big blind $3
*** HOLE CARDS ***
MTails: raises $3 to $6
Swe_OlssoN: raises $3 to $9
MTails: calls $3
*** FLOP *** [9h 4c 2h]
Swe_OlssoN: bets $3
MTails: calls $3
*** TURN *** [9h 4c 2h] [6h]
Swe_OlssoN: bets $6
MTails: raises $6 to $12
Swe_OlssoN: calls $6
*** RIVER *** [9h 4c 2h 6h] [3d]
Swe_OlssoN: checks
MTails: bets $6
Swe_OlssoN: folds
Uncalled bet ($6) returned to MTails
MTails collected $47.50 from pot
*** SUMMARY ***
Total pot $48 | Rake $0.50
Board [9h 4c 2h 6h 3d]
Seat 1: Swe_OlssoN (big blind) folded on the River
Seat 2: MTails (button) (small blind) collected ($47.50)


PokerStars Hand #146011328836:  Hold'em Limit ($3/$6 USD) - 2015/12/27 13:09:52 ET
Table 'Liguria II' 2-max Seat #1 is the button
Seat 1: Swe_OlssoN ($37.12 in chips)
Seat 2: MTails ($390.36 in chips)
Swe_OlssoN: posts small blind $1
MTails: posts big blind $3
*** HOLE CARDS ***
Swe_OlssoN: folds
Uncalled bet ($2) returned to MTails
MTails collected $2 from pot
MTails: doesn't show hand
*** SUMMARY ***
Total pot $2 | Rake $0
Seat 1: Swe_OlssoN (button) (small blind) folded before Flop
Seat 2: MTails (big blind) collected ($2)


PokerStars Hand #146011321587:  Hold'em Limit ($3/$6 USD) - 2015/12/27 13:09:46 ET
Table 'Liguria II' 2-max Seat #2 is the button
Seat 1: Swe_OlssoN ($40.12 in chips)
Seat 2: MTails ($387.36 in chips)
MTails: posts small blind $1
Swe_OlssoN: posts big blind $3
*** HOLE CARDS ***
MTails: raises $3 to $6
Swe_OlssoN: folds
Uncalled bet ($3) returned to MTails
MTails collected $6 from pot
*** SUMMARY ***
Total pot $6 | Rake $0
Seat 1: Swe_OlssoN (big blind) folded before Flop
Seat 2: MTails (button) (small blind) collected ($6)


PokerStars Hand #146011305221:  Hold'em Limit ($3/$6 USD) - 2015/12/27 13:09:31 ET
Table 'Liguria II' 2-max Seat #1 is the button
Seat 1: Swe_OlssoN ($52.12 in chips)
Seat 2: MTails ($375.84 in chips)
Swe_OlssoN: posts small blind $1
MTails: posts big blind $3
*** HOLE CARDS ***
Swe_OlssoN: raises $3 to $6
MTails: calls $3
*** FLOP *** [Th Tc 2s]
MTails: checks
Swe_OlssoN: checks
*** TURN *** [Th Tc 2s] [Ad]
MTails: checks
Swe_OlssoN: checks
*** RIVER *** [Th Tc 2s Ad] [2c]
MTails: bets $6
Swe_OlssoN: calls $6
*** SHOW DOWN ***
MTails: shows [Ac Qs] (two pair, Aces and Tens)
Swe_OlssoN: mucks hand
MTails collected $23.52 from pot
*** SUMMARY ***
Total pot $24 | Rake $0.48
Board [Th Tc 2s Ad 2c]
Seat 1: Swe_OlssoN (button) (small blind) mucked
Seat 2: MTails (big blind) showed [Ac Qs] and won ($23.52) with two pair, Aces and Tens


