PokerStars Hand #160839704156:  Hold'em Limit ($3/$6 USD) - 2016/11/03 12:01:01 ET
Table 'Liguria' 6-max Seat #4 is the button
Seat 4: DonRumato ($144.38 in chips)
Seat 5: AA_ILI ($153.81 in chips)
DonRumato: posts small blind $1
AA_ILI: posts big blind $3
*** HOLE CARDS ***
DonRumato: folds
Uncalled bet ($2) returned to AA_ILI
AA_ILI collected $2 from pot
AA_ILI: doesn't show hand
*** SUMMARY ***
Total pot $2 | Rake $0
Seat 4: DonRumato (button) (small blind) folded before Flop
Seat 5: AA_ILI (big blind) collected ($2)


PokerStars Hand #160839707993:  Hold'em Limit ($3/$6 USD) - 2016/11/03 12:01:07 ET
Table 'Liguria' 6-max Seat #5 is the button
Seat 4: DonRumato ($143.38 in chips)
Seat 5: AA_ILI ($154.81 in chips)
AA_ILI: posts small blind $1
DonRumato: posts big blind $3
*** HOLE CARDS ***
AA_ILI: calls $2
DonRumato: raises $3 to $6
AA_ILI: calls $3
*** FLOP *** [2h 9d Ah]
DonRumato: bets $3
AA_ILI: folds
Uncalled bet ($3) returned to DonRumato
DonRumato collected $11.76 from pot
*** SUMMARY ***
Total pot $12 | Rake $0.24
Board [2h 9d Ah]
Seat 4: DonRumato (big blind) collected ($11.76)
Seat 5: AA_ILI (button) (small blind) folded on the Flop


PokerStars Hand #160839693000:  Hold'em Limit ($3/$6 USD) - 2016/11/03 12:00:44 ET
Table 'Liguria' 6-max Seat #5 is the button
Seat 4: DonRumato ($153.38 in chips)
Seat 5: AA_ILI ($145.17 in chips)
AA_ILI: posts small blind $1
B_loJkl: is sitting out
DonRumato: posts big blind $3
*** HOLE CARDS ***
AA_ILI: calls $2
DonRumato: checks
*** FLOP *** [Kh 5c Tc]
DonRumato: checks
AA_ILI: checks
*** TURN *** [Kh 5c Tc] [Ks]
DonRumato: checks
AA_ILI: checks
*** RIVER *** [Kh 5c Tc Ks] [Th]
DonRumato: bets $6
AA_ILI: calls $6
*** SHOW DOWN ***
DonRumato: shows [7d 9h] (two pair, Kings and Tens)
AA_ILI: shows [8d Jc] (two pair, Kings and Tens - Jack kicker)
AA_ILI collected $17.64 from pot
*** SUMMARY ***
Total pot $18 | Rake $0.36
Board [Kh 5c Tc Ks Th]
Seat 4: DonRumato (big blind) showed [7d 9h] and lost with two pair, Kings and Tens
Seat 5: AA_ILI (button) (small blind) showed [8d Jc] and won ($17.64) with two pair, Kings and Tens


PokerStars Hand #160839732716:  Hold'em Limit ($3/$6 USD) - 2016/11/03 12:01:40 ET
Table 'Liguria' 6-max Seat #5 is the button
Seat 4: DonRumato ($134.14 in chips)
Seat 5: AA_ILI ($163.31 in chips)
AA_ILI: posts small blind $1
DonRumato: posts big blind $3
*** HOLE CARDS ***
AA_ILI: folds
Uncalled bet ($2) returned to DonRumato
DonRumato collected $2 from pot
*** SUMMARY ***
Total pot $2 | Rake $0
Seat 4: DonRumato (big blind) collected ($2)
Seat 5: AA_ILI (button) (small blind) folded before Flop


PokerStars Hand #160839714443:  Hold'em Limit ($3/$6 USD) - 2016/11/03 12:01:16 ET
Table 'Liguria' 6-max Seat #4 is the button
Seat 4: DonRumato ($149.14 in chips)
Seat 5: AA_ILI ($148.81 in chips)
DonRumato: posts small blind $1
AA_ILI: posts big blind $3
*** HOLE CARDS ***
DonRumato: raises $3 to $6
AA_ILI: calls $3
*** FLOP *** [9s Ks 3c]
AA_ILI: checks
DonRumato: bets $3
AA_ILI: calls $3
*** TURN *** [9s Ks 3c] [7s]
AA_ILI: checks
DonRumato: checks
*** RIVER *** [9s Ks 3c 7s] [4h]
AA_ILI: bets $6
DonRumato: calls $6
*** SHOW DOWN ***
AA_ILI: shows [Ah 9c] (a pair of Nines)
DonRumato: mucks hand
AA_ILI collected $29.50 from pot
*** SUMMARY ***
Total pot $30 | Rake $0.50
Board [9s Ks 3c 7s 4h]
Seat 4: DonRumato (button) (small blind) mucked
Seat 5: AA_ILI (big blind) showed [Ah 9c] and won ($29.50) with a pair of Nines


PokerStars Hand #160839735943:  Hold'em Limit ($3/$6 USD) - 2016/11/03 12:01:44 ET
Table 'Liguria' 6-max Seat #4 is the button
Seat 4: DonRumato ($135.14 in chips)
Seat 5: AA_ILI ($162.31 in chips)
DonRumato: posts small blind $1
AA_ILI: posts big blind $3
*** HOLE CARDS ***
DonRumato: raises $3 to $6
AA_ILI: calls $3
*** FLOP *** [Ks 4s 7c]
AA_ILI: checks
DonRumato: bets $3
B_loJkl leaves the table
AA_ILI: calls $3
*** TURN *** [Ks 4s 7c] [8d]
AA_ILI: checks
DonRumato: checks
*** RIVER *** [Ks 4s 7c 8d] [3s]
B_loJkl joins the table at seat #6
AA_ILI: bets $6
DonRumato: folds
Uncalled bet ($6) returned to AA_ILI
AA_ILI collected $17.64 from pot
AA_ILI: doesn't show hand
*** SUMMARY ***
Total pot $18 | Rake $0.36
Board [Ks 4s 7c 8d 3s]
Seat 4: DonRumato (button) (small blind) folded on the River
Seat 5: AA_ILI (big blind) collected ($17.64)


PokerStars Hand #160846548366:  Hold'em Limit ($3/$6 USD) - 2016/11/03 14:26:33 ET
Table 'Liguria' 6-max Seat #6 is the button
Seat 2: CrongCrong ($164.99 in chips)
Seat 6: viviangle ($105.23 in chips)
viviangle: posts small blind $1
vestimokrec: is sitting out
CrongCrong: posts big blind $3
*** HOLE CARDS ***
viviangle: folds
Uncalled bet ($2) returned to CrongCrong
CrongCrong collected $2 from pot
CrongCrong: doesn't show hand
*** SUMMARY ***
Total pot $2 | Rake $0
Seat 2: CrongCrong (big blind) collected ($2)
Seat 6: viviangle (button) (small blind) folded before Flop


PokerStars Hand #160846559751:  Hold'em Limit ($3/$6 USD) - 2016/11/03 14:26:46 ET
Table 'Liguria' 6-max Seat #6 is the button
Seat 2: CrongCrong ($168.99 in chips)
Seat 6: viviangle ($101.23 in chips)
viviangle: posts small blind $1
CrongCrong: posts big blind $3
*** HOLE CARDS ***
viviangle: folds
Uncalled bet ($2) returned to CrongCrong
CrongCrong collected $2 from pot
CrongCrong: doesn't show hand
vestimokrec leaves the table
*** SUMMARY ***
Total pot $2 | Rake $0
Seat 2: CrongCrong (big blind) collected ($2)
Seat 6: viviangle (button) (small blind) folded before Flop


PokerStars Hand #160846554403:  Hold'em Limit ($3/$6 USD) - 2016/11/03 14:26:40 ET
Table 'Liguria' 6-max Seat #2 is the button
Seat 2: CrongCrong ($165.99 in chips)
Seat 6: viviangle ($104.23 in chips)
CrongCrong: posts small blind $1
viviangle: posts big blind $3
*** HOLE CARDS ***
CrongCrong: raises $3 to $6
viviangle: folds
Uncalled bet ($3) returned to CrongCrong
CrongCrong collected $6 from pot
CrongCrong: doesn't show hand
*** SUMMARY ***
Total pot $6 | Rake $0
Seat 2: CrongCrong (button) (small blind) collected ($6)
Seat 6: viviangle (big blind) folded before Flop


PokerStars Hand #160846568677:  Hold'em Limit ($3/$6 USD) - 2016/11/03 14:26:57 ET
Table 'Liguria' 6-max Seat #6 is the button
Seat 2: CrongCrong ($168.99 in chips)
Seat 6: viviangle ($101.23 in chips)
viviangle: posts small blind $1
CrongCrong: posts big blind $3
*** HOLE CARDS ***
viviangle: folds
Uncalled bet ($2) returned to CrongCrong
CrongCrong collected $2 from pot
CrongCrong: doesn't show hand
*** SUMMARY ***
Total pot $2 | Rake $0
Seat 2: CrongCrong (big blind) collected ($2)
Seat 6: viviangle (button) (small blind) folded before Flop


PokerStars Hand #160846564110:  Hold'em Limit ($3/$6 USD) - 2016/11/03 14:26:51 ET
Table 'Liguria' 6-max Seat #2 is the button
Seat 2: CrongCrong ($169.99 in chips)
Seat 6: viviangle ($100.23 in chips)
CrongCrong: posts small blind $1
viviangle: posts big blind $3
*** HOLE CARDS ***
CrongCrong: folds
Uncalled bet ($2) returned to viviangle
viviangle collected $2 from pot
*** SUMMARY ***
Total pot $2 | Rake $0
Seat 2: CrongCrong (button) (small blind) folded before Flop
Seat 6: viviangle (big blind) collected ($2)


PokerStars Hand #160846574164:  Hold'em Limit ($3/$6 USD) - 2016/11/03 14:27:03 ET
Table 'Liguria' 6-max Seat #2 is the button
Seat 2: CrongCrong ($169.99 in chips)
Seat 6: viviangle ($100.23 in chips)
CrongCrong: posts small blind $1
viviangle: posts big blind $3
*** HOLE CARDS ***
CrongCrong: folds
Uncalled bet ($2) returned to viviangle
viviangle collected $2 from pot
viviangle: doesn't show hand
*** SUMMARY ***
Total pot $2 | Rake $0
Seat 2: CrongCrong (button) (small blind) folded before Flop
Seat 6: viviangle (big blind) collected ($2)


PokerStars Hand #160846578589:  Hold'em Limit ($3/$6 USD) - 2016/11/03 14:27:08 ET
Table 'Liguria' 6-max Seat #6 is the button
Seat 2: CrongCrong ($168.99 in chips)
Seat 6: viviangle ($101.23 in chips)
viviangle: posts small blind $1
CrongCrong: posts big blind $3
*** HOLE CARDS ***
viviangle: raises $3 to $6
CrongCrong: calls $3
*** FLOP *** [4d 8d 2c]
CrongCrong: checks
viviangle: bets $3
CrongCrong: calls $3
*** TURN *** [4d 8d 2c] [3c]
CrongCrong: checks
viviangle: bets $6
CrongCrong: raises $6 to $12
viviangle: calls $6
*** RIVER *** [4d 8d 2c 3c] [Qs]
CrongCrong: bets $6
viviangle: folds
Uncalled bet ($6) returned to CrongCrong
CrongCrong collected $41.50 from pot
CrongCrong: doesn't show hand
*** SUMMARY ***
Total pot $42 | Rake $0.50
Board [4d 8d 2c 3c Qs]
Seat 2: CrongCrong (big blind) collected ($41.50)
Seat 6: viviangle (button) (small blind) folded on the River


PokerStars Hand #160846597767:  Hold'em Limit ($3/$6 USD) - 2016/11/03 14:27:31 ET
Table 'Liguria' 6-max Seat #2 is the button
Seat 2: CrongCrong ($189.49 in chips)
Seat 6: viviangle ($80.23 in chips)
CrongCrong: posts small blind $1
viviangle: posts big blind $3
*** HOLE CARDS ***
CrongCrong: raises $3 to $6
viviangle: folds
Uncalled bet ($3) returned to CrongCrong
CrongCrong collected $6 from pot
*** SUMMARY ***
Total pot $6 | Rake $0
Seat 2: CrongCrong (button) (small blind) collected ($6)
Seat 6: viviangle (big blind) folded before Flop


PokerStars Hand #160846603040:  Hold'em Limit ($3/$6 USD) - 2016/11/03 14:27:37 ET
Table 'Liguria' 6-max Seat #6 is the button
Seat 2: CrongCrong ($192.49 in chips)
Seat 6: viviangle ($77.23 in chips)
viviangle: posts small blind $1
CrongCrong: posts big blind $3
*** HOLE CARDS ***
viviangle: raises $3 to $6
CrongCrong: calls $3
*** FLOP *** [Ts 2c 3h]
CrongCrong: checks
viviangle: bets $3
CrongCrong: calls $3
*** TURN *** [Ts 2c 3h] [Kc]
CrongCrong: checks
viviangle: bets $6
CrongCrong: calls $6
*** RIVER *** [Ts 2c 3h Kc] [7h]
CrongCrong: checks
viviangle: checks
*** SHOW DOWN ***
CrongCrong: shows [Th 6h] (a pair of Tens)
viviangle: mucks hand
CrongCrong collected $29.50 from pot
*** SUMMARY ***
Total pot $30 | Rake $0.50
Board [Ts 2c 3h Kc 7h]
Seat 2: CrongCrong (big blind) showed [Th 6h] and won ($29.50) with a pair of Tens
Seat 6: viviangle (button) (small blind) mucked


PokerStars Hand #160846622630:  Hold'em Limit ($3/$6 USD) - 2016/11/03 14:28:00 ET
Table 'Liguria' 6-max Seat #2 is the button
Seat 2: CrongCrong ($206.99 in chips)
Seat 6: viviangle ($62.23 in chips)
CrongCrong: posts small blind $1
viviangle: posts big blind $3
*** HOLE CARDS ***
CrongCrong: raises $3 to $6
viviangle: calls $3
*** FLOP *** [8c 5h Kc]
viviangle: checks
CrongCrong: bets $3
viviangle: folds
Uncalled bet ($3) returned to CrongCrong
CrongCrong collected $11.76 from pot
CrongCrong: doesn't show hand
*** SUMMARY ***
Total pot $12 | Rake $0.24
Board [8c 5h Kc]
Seat 2: CrongCrong (button) (small blind) collected ($11.76)
Seat 6: viviangle (big blind) folded on the Flop


PokerStars Hand #160846637897:  Hold'em Limit ($3/$6 USD) - 2016/11/03 14:28:18 ET
Table 'Liguria' 6-max Seat #6 is the button
Seat 2: CrongCrong ($212.75 in chips)
Seat 6: viviangle ($56.23 in chips)
viviangle: posts small blind $1
CrongCrong: posts big blind $3
*** HOLE CARDS ***
viviangle: raises $3 to $6
CrongCrong: folds
Uncalled bet ($3) returned to viviangle
viviangle collected $6 from pot
*** SUMMARY ***
Total pot $6 | Rake $0
Seat 2: CrongCrong (big blind) folded before Flop
Seat 6: viviangle (button) (small blind) collected ($6)


PokerStars Hand #160846643731:  Hold'em Limit ($3/$6 USD) - 2016/11/03 14:28:25 ET
Table 'Liguria' 6-max Seat #2 is the button
Seat 2: CrongCrong ($209.75 in chips)
Seat 6: viviangle ($59.23 in chips)
CrongCrong: posts small blind $1
viviangle: posts big blind $3
*** HOLE CARDS ***
CrongCrong: raises $3 to $6
viviangle: calls $3
*** FLOP *** [9c Jd Jc]
viviangle: checks
CrongCrong: bets $3
viviangle: raises $3 to $6
CrongCrong: folds
Uncalled bet ($3) returned to viviangle
viviangle collected $17.64 from pot
viviangle: doesn't show hand
*** SUMMARY ***
Total pot $18 | Rake $0.36
Board [9c Jd Jc]
Seat 2: CrongCrong (button) (small blind) folded on the Flop
Seat 6: viviangle (big blind) collected ($17.64)


PokerStars Hand #160846656652:  Hold'em Limit ($3/$6 USD) - 2016/11/03 14:28:40 ET
Table 'Liguria' 6-max Seat #6 is the button
Seat 2: CrongCrong ($200.75 in chips)
Seat 6: viviangle ($67.87 in chips)
viviangle: posts small blind $1
CrongCrong: posts big blind $3
*** HOLE CARDS ***
viviangle: folds
Uncalled bet ($2) returned to CrongCrong
CrongCrong collected $2 from pot
CrongCrong: doesn't show hand
*** SUMMARY ***
Total pot $2 | Rake $0
Seat 2: CrongCrong (big blind) collected ($2)
Seat 6: viviangle (button) (small blind) folded before Flop


PokerStars Hand #160846661199:  Hold'em Limit ($3/$6 USD) - 2016/11/03 14:28:45 ET
Table 'Liguria' 6-max Seat #2 is the button
Seat 2: CrongCrong ($201.75 in chips)
Seat 6: viviangle ($66.87 in chips)
CrongCrong: posts small blind $1
viviangle: posts big blind $3
*** HOLE CARDS ***
CrongCrong: raises $3 to $6
viviangle: calls $3
*** FLOP *** [3h Ts 5c]
viviangle: checks
CrongCrong: bets $3
viviangle: calls $3
*** TURN *** [3h Ts 5c] [7h]
viviangle: checks
CrongCrong: bets $6
viviangle: calls $6
*** RIVER *** [3h Ts 5c 7h] [9s]
viviangle: checks
CrongCrong: checks
*** SHOW DOWN ***
viviangle: shows [8d Ad] (high card Ace)
CrongCrong: mucks hand
viviangle collected $29.50 from pot
*** SUMMARY ***
Total pot $30 | Rake $0.50
Board [3h Ts 5c 7h 9s]
Seat 2: CrongCrong (button) (small blind) mucked
Seat 6: viviangle (big blind) showed [8d Ad] and won ($29.50) with high card Ace


PokerStars Hand #160846685514:  Hold'em Limit ($3/$6 USD) - 2016/11/03 14:29:14 ET
Table 'Liguria' 6-max Seat #2 is the button
Seat 2: CrongCrong ($187.75 in chips)
Seat 6: viviangle ($80.37 in chips)
CrongCrong: posts small blind $1
viviangle: posts big blind $3
*** HOLE CARDS ***
CrongCrong: folds
Uncalled bet ($2) returned to viviangle
viviangle collected $2 from pot
viviangle: doesn't show hand
*** SUMMARY ***
Total pot $2 | Rake $0
Seat 2: CrongCrong (button) (small blind) folded before Flop
Seat 6: viviangle (big blind) collected ($2)


PokerStars Hand #160846680891:  Hold'em Limit ($3/$6 USD) - 2016/11/03 14:29:08 ET
Table 'Liguria' 6-max Seat #6 is the button
Seat 2: CrongCrong ($186.75 in chips)
Seat 6: viviangle ($81.37 in chips)
viviangle: posts small blind $1
CrongCrong: posts big blind $3
*** HOLE CARDS ***
viviangle: folds
Uncalled bet ($2) returned to CrongCrong
CrongCrong collected $2 from pot
CrongCrong: doesn't show hand
*** SUMMARY ***
Total pot $2 | Rake $0
Seat 2: CrongCrong (big blind) collected ($2)
Seat 6: viviangle (button) (small blind) folded before Flop


PokerStars Hand #160846690265:  Hold'em Limit ($3/$6 USD) - 2016/11/03 14:29:20 ET
Table 'Liguria' 6-max Seat #6 is the button
Seat 2: CrongCrong ($186.75 in chips)
Seat 6: viviangle ($81.37 in chips)
viviangle: posts small blind $1
CrongCrong: posts big blind $3
*** HOLE CARDS ***
viviangle: folds
Uncalled bet ($2) returned to CrongCrong
CrongCrong collected $2 from pot
CrongCrong: doesn't show hand
*** SUMMARY ***
Total pot $2 | Rake $0
Seat 2: CrongCrong (big blind) collected ($2)
Seat 6: viviangle (button) (small blind) folded before Flop


PokerStars Hand #160846694955:  Hold'em Limit ($3/$6 USD) - 2016/11/03 14:29:25 ET
Table 'Liguria' 6-max Seat #2 is the button
Seat 2: CrongCrong ($187.75 in chips)
Seat 6: viviangle ($80.37 in chips)
CrongCrong: posts small blind $1
viviangle: posts big blind $3
*** HOLE CARDS ***
CrongCrong: raises $3 to $6
viviangle: raises $3 to $9
CrongCrong: calls $3
*** FLOP *** [6s 7d 3s]
viviangle: bets $3
CrongCrong: calls $3
*** TURN *** [6s 7d 3s] [5d]
viviangle: checks
CrongCrong: bets $6
viviangle: calls $6
*** RIVER *** [6s 7d 3s 5d] [6d]
viviangle: checks
CrongCrong: bets $6
viviangle: calls $6
*** SHOW DOWN ***
CrongCrong: shows [5h 6h] (a full house, Sixes full of Fives)
viviangle: mucks hand
CrongCrong collected $47.50 from pot
*** SUMMARY ***
Total pot $48 | Rake $0.50
Board [6s 7d 3s 5d 6d]
Seat 2: CrongCrong (button) (small blind) showed [5h 6h] and won ($47.50) with a full house, Sixes full of Fives
Seat 6: viviangle (big blind) mucked


PokerStars Hand #160846715685:  Hold'em Limit ($3/$6 USD) - 2016/11/03 14:29:50 ET
Table 'Liguria' 6-max Seat #6 is the button
Seat 2: CrongCrong ($211.25 in chips)
Seat 6: viviangle ($56.37 in chips)
viviangle: posts small blind $1
CrongCrong: posts big blind $3
*** HOLE CARDS ***
viviangle: folds
Uncalled bet ($2) returned to CrongCrong
CrongCrong collected $2 from pot
CrongCrong: doesn't show hand
*** SUMMARY ***
Total pot $2 | Rake $0
Seat 2: CrongCrong (big blind) collected ($2)
Seat 6: viviangle (button) (small blind) folded before Flop


PokerStars Hand #160846729921:  Hold'em Limit ($3/$6 USD) - 2016/11/03 14:30:06 ET
Table 'Liguria' 6-max Seat #6 is the button
Seat 2: CrongCrong ($203.25 in chips)
Seat 6: viviangle ($64.01 in chips)
viviangle: posts small blind $1
CrongCrong: posts big blind $3
*** HOLE CARDS ***
viviangle: folds
Uncalled bet ($2) returned to CrongCrong
CrongCrong collected $2 from pot
CrongCrong: doesn't show hand
*** SUMMARY ***
Total pot $2 | Rake $0
Seat 2: CrongCrong (big blind) collected ($2)
Seat 6: viviangle (button) (small blind) folded before Flop


PokerStars Hand #160846720433:  Hold'em Limit ($3/$6 USD) - 2016/11/03 14:29:55 ET
Table 'Liguria' 6-max Seat #2 is the button
Seat 2: CrongCrong ($212.25 in chips)
Seat 6: viviangle ($55.37 in chips)
CrongCrong: posts small blind $1
viviangle: posts big blind $3
*** HOLE CARDS ***
CrongCrong: raises $3 to $6
viviangle: raises $3 to $9
CrongCrong: calls $3
*** FLOP *** [5c Ac Js]
viviangle: bets $3
CrongCrong: folds
Uncalled bet ($3) returned to viviangle
viviangle collected $17.64 from pot
viviangle: doesn't show hand
*** SUMMARY ***
Total pot $18 | Rake $0.36
Board [5c Ac Js]
Seat 2: CrongCrong (button) (small blind) folded on the Flop
Seat 6: viviangle (big blind) collected ($17.64)


PokerStars Hand #160846759518:  Hold'em Limit ($3/$6 USD) - 2016/11/03 14:30:41 ET
Table 'Liguria' 6-max Seat #2 is the button
Seat 2: CrongCrong ($228.75 in chips)
Seat 6: viviangle ($38.01 in chips)
CrongCrong: posts small blind $1
viviangle: posts big blind $3
*** HOLE CARDS ***
CrongCrong: raises $3 to $6
viviangle: raises $3 to $9
CrongCrong: calls $3
*** FLOP *** [5h 6c 3c]
viviangle: bets $3
CrongCrong: raises $3 to $6
viviangle: calls $3
*** TURN *** [5h 6c 3c] [As]
viviangle: bets $6
CrongCrong: calls $6
*** RIVER *** [5h 6c 3c As] [Ts]
viviangle: checks
CrongCrong: checks
*** SHOW DOWN ***
viviangle: shows [Kh Qc] (high card Ace)
CrongCrong: shows [7d 6d] (a pair of Sixes)
CrongCrong collected $41.50 from pot
*** SUMMARY ***
Total pot $42 | Rake $0.50
Board [5h 6c 3c As Ts]
Seat 2: CrongCrong (button) (small blind) showed [7d 6d] and won ($41.50) with a pair of Sixes
Seat 6: viviangle (big blind) showed [Kh Qc] and lost with high card Ace


PokerStars Hand #160846755030:  Hold'em Limit ($3/$6 USD) - 2016/11/03 14:30:36 ET
Table 'Liguria' 6-max Seat #6 is the button
Seat 2: CrongCrong ($227.75 in chips)
Seat 6: viviangle ($39.01 in chips)
viviangle: posts small blind $1
CrongCrong: posts big blind $3
*** HOLE CARDS ***
viviangle: folds
Uncalled bet ($2) returned to CrongCrong
CrongCrong collected $2 from pot
CrongCrong: doesn't show hand
*** SUMMARY ***
Total pot $2 | Rake $0
Seat 2: CrongCrong (big blind) collected ($2)
Seat 6: viviangle (button) (small blind) folded before Flop


PokerStars Hand #160846734620:  Hold'em Limit ($3/$6 USD) - 2016/11/03 14:30:12 ET
Table 'Liguria' 6-max Seat #2 is the button
Seat 2: CrongCrong ($204.25 in chips)
Seat 6: viviangle ($63.01 in chips)
CrongCrong: posts small blind $1
viviangle: posts big blind $3
*** HOLE CARDS ***
CrongCrong: raises $3 to $6
viviangle: raises $3 to $9
CrongCrong: calls $3
*** FLOP *** [8d 4s 5h]
viviangle: checks
CrongCrong: bets $3
viviangle: calls $3
*** TURN *** [8d 4s 5h] [8h]
viviangle: checks
CrongCrong: bets $6
viviangle: calls $6
*** RIVER *** [8d 4s 5h 8h] [6d]
viviangle: checks
CrongCrong: bets $6
viviangle: calls $6
*** SHOW DOWN ***
CrongCrong: shows [6h 3h] (two pair, Eights and Sixes)
viviangle: mucks hand
CrongCrong collected $47.50 from pot
*** SUMMARY ***
Total pot $48 | Rake $0.50
Board [8d 4s 5h 8h 6d]
Seat 2: CrongCrong (button) (small blind) showed [6h 3h] and won ($47.50) with two pair, Eights and Sixes
Seat 6: viviangle (big blind) mucked


PokerStars Hand #160846830409:  Hold'em Limit ($3/$6 USD) - 2016/11/03 14:32:04 ET
Table 'Liguria' 6-max Seat #2 is the button
Seat 2: CrongCrong ($220.25 in chips)
Seat 6: viviangle ($45.01 in chips)
CrongCrong: posts small blind $1
viviangle: posts big blind $3
*** HOLE CARDS ***
CrongCrong: folds
Uncalled bet ($2) returned to viviangle
viviangle collected $2 from pot
viviangle: doesn't show hand
*** SUMMARY ***
Total pot $2 | Rake $0
Seat 2: CrongCrong (button) (small blind) folded before Flop
Seat 6: viviangle (big blind) collected ($2)


PokerStars Hand #160846824779:  Hold'em Limit ($3/$6 USD) - 2016/11/03 14:31:57 ET
Table 'Liguria' 6-max Seat #6 is the button
Seat 2: CrongCrong ($219.25 in chips)
Seat 6: viviangle ($46.01 in chips)
viviangle: posts small blind $1
CrongCrong: posts big blind $3
*** HOLE CARDS ***
viviangle: folds
Uncalled bet ($2) returned to CrongCrong
CrongCrong collected $2 from pot
CrongCrong: doesn't show hand
*** SUMMARY ***
Total pot $2 | Rake $0
Seat 2: CrongCrong (big blind) collected ($2)
Seat 6: viviangle (button) (small blind) folded before Flop


PokerStars Hand #160846808746:  Hold'em Limit ($3/$6 USD) - 2016/11/03 14:31:39 ET
Table 'Liguria' 6-max Seat #2 is the button
Seat 2: CrongCrong ($234.25 in chips)
Seat 6: viviangle ($31.51 in chips)
CrongCrong: posts small blind $1
viviangle: posts big blind $3
*** HOLE CARDS ***
CrongCrong: raises $3 to $6
viviangle: calls $3
*** FLOP *** [8h 2d 7d]
viviangle: checks
CrongCrong: bets $3
viviangle: calls $3
*** TURN *** [8h 2d 7d] [9h]
viviangle: checks
CrongCrong: checks
*** RIVER *** [8h 2d 7d 9h] [8s]
viviangle: bets $6
CrongCrong: calls $6
*** SHOW DOWN ***
viviangle: shows [Tc Js] (a straight, Seven to Jack)
CrongCrong: mucks hand
viviangle collected $29.50 from pot
*** SUMMARY ***
Total pot $30 | Rake $0.50
Board [8h 2d 7d 9h 8s]
Seat 2: CrongCrong (button) (small blind) mucked
Seat 6: viviangle (big blind) showed [Tc Js] and won ($29.50) with a straight, Seven to Jack


PokerStars Hand #160846804227:  Hold'em Limit ($3/$6 USD) - 2016/11/03 14:31:33 ET
Table 'Liguria' 6-max Seat #6 is the button
Seat 2: CrongCrong ($233.25 in chips)
Seat 6: viviangle ($32.51 in chips)
viviangle: posts small blind $1
CrongCrong: posts big blind $3
*** HOLE CARDS ***
viviangle: folds
Uncalled bet ($2) returned to CrongCrong
CrongCrong collected $2 from pot
CrongCrong: doesn't show hand
*** SUMMARY ***
Total pot $2 | Rake $0
Seat 2: CrongCrong (big blind) collected ($2)
Seat 6: viviangle (button) (small blind) folded before Flop


PokerStars Hand #160846799833:  Hold'em Limit ($3/$6 USD) - 2016/11/03 14:31:28 ET
Table 'Liguria' 6-max Seat #2 is the button
Seat 2: CrongCrong ($234.25 in chips)
Seat 6: viviangle ($31.51 in chips)
CrongCrong: posts small blind $1
viviangle: posts big blind $3
*** HOLE CARDS ***
CrongCrong: folds
Uncalled bet ($2) returned to viviangle
viviangle collected $2 from pot
viviangle: doesn't show hand
*** SUMMARY ***
Total pot $2 | Rake $0
Seat 2: CrongCrong (button) (small blind) folded before Flop
Seat 6: viviangle (big blind) collected ($2)


PokerStars Hand #160846795145:  Hold'em Limit ($3/$6 USD) - 2016/11/03 14:31:23 ET
Table 'Liguria' 6-max Seat #6 is the button
Seat 2: CrongCrong ($233.25 in chips)
Seat 6: viviangle ($32.51 in chips)
viviangle: posts small blind $1
CrongCrong: posts big blind $3
*** HOLE CARDS ***
viviangle: folds
Uncalled bet ($2) returned to CrongCrong
CrongCrong collected $2 from pot
CrongCrong: doesn't show hand
*** SUMMARY ***
Total pot $2 | Rake $0
Seat 2: CrongCrong (big blind) collected ($2)
Seat 6: viviangle (button) (small blind) folded before Flop


PokerStars Hand #160846790831:  Hold'em Limit ($3/$6 USD) - 2016/11/03 14:31:18 ET
Table 'Liguria' 6-max Seat #2 is the button
Seat 2: CrongCrong ($234.25 in chips)
Seat 6: viviangle ($31.51 in chips)
CrongCrong: posts small blind $1
viviangle: posts big blind $3
*** HOLE CARDS ***
CrongCrong: folds
Uncalled bet ($2) returned to viviangle
viviangle collected $2 from pot
viviangle: doesn't show hand
*** SUMMARY ***
Total pot $2 | Rake $0
Seat 2: CrongCrong (button) (small blind) folded before Flop
Seat 6: viviangle (big blind) collected ($2)


PokerStars Hand #160846777665:  Hold'em Limit ($3/$6 USD) - 2016/11/03 14:31:02 ET
Table 'Liguria' 6-max Seat #6 is the button
Seat 2: CrongCrong ($249.25 in chips)
Seat 6: viviangle ($17.01 in chips)
viviangle: posts small blind $1
CrongCrong: posts big blind $3
*** HOLE CARDS ***
viviangle: raises $3 to $6
CrongCrong: calls $3
*** FLOP *** [3d Ts 9d]
CrongCrong: checks
viviangle: bets $3
CrongCrong: calls $3
*** TURN *** [3d Ts 9d] [5h]
CrongCrong: checks
viviangle: bets $6
CrongCrong: calls $6
*** RIVER *** [3d Ts 9d 5h] [Th]
CrongCrong: checks
viviangle: checks
*** SHOW DOWN ***
CrongCrong: shows [Jh Qc] (a pair of Tens)
viviangle: shows [2c 2s] (two pair, Tens and Deuces)
viviangle collected $29.50 from pot
*** SUMMARY ***
Total pot $30 | Rake $0.50
Board [3d Ts 9d 5h Th]
Seat 2: CrongCrong (big blind) showed [Jh Qc] and lost with a pair of Tens
Seat 6: viviangle (button) (small blind) showed [2c 2s] and won ($29.50) with two pair, Tens and Deuces


PokerStars Hand #160846834537:  Hold'em Limit ($3/$6 USD) - 2016/11/03 14:32:09 ET
Table 'Liguria' 6-max Seat #6 is the button
Seat 2: CrongCrong ($219.25 in chips)
Seat 6: viviangle ($46.01 in chips)
viviangle: posts small blind $1
CrongCrong: posts big blind $3
*** HOLE CARDS ***
viviangle: raises $3 to $6
CrongCrong: raises $3 to $9
viviangle: raises $3 to $12
Betting is capped
CrongCrong: calls $3
*** FLOP *** [6h 8c 8s]
CrongCrong: checks
viviangle: bets $3
CrongCrong: calls $3
*** TURN *** [6h 8c 8s] [9s]
CrongCrong: checks
viviangle: bets $6
CrongCrong: calls $6
*** RIVER *** [6h 8c 8s 9s] [2h]
CrongCrong: checks
viviangle: checks
*** SHOW DOWN ***
CrongCrong: shows [Ad 4s] (a pair of Eights)
viviangle: shows [As Kd] (a pair of Eights - Ace+King kicker)
viviangle collected $41.50 from pot
*** SUMMARY ***
Total pot $42 | Rake $0.50
Board [6h 8c 8s 9s 2h]
Seat 2: CrongCrong (big blind) showed [Ad 4s] and lost with a pair of Eights
Seat 6: viviangle (button) (small blind) showed [As Kd] and won ($41.50) with a pair of Eights


PokerStars Hand #160846885357:  Hold'em Limit ($3/$6 USD) - 2016/11/03 14:33:08 ET
Table 'Liguria' 6-max Seat #2 is the button
Seat 2: CrongCrong ($188.01 in chips)
Seat 6: viviangle ($76.01 in chips)
CrongCrong: posts small blind $1
viviangle: posts big blind $3
*** HOLE CARDS ***
CrongCrong: raises $3 to $6
viviangle: folds
Uncalled bet ($3) returned to CrongCrong
CrongCrong collected $6 from pot
CrongCrong: doesn't show hand
*** SUMMARY ***
Total pot $6 | Rake $0
Seat 2: CrongCrong (button) (small blind) collected ($6)
Seat 6: viviangle (big blind) folded before Flop


PokerStars Hand #160846880596:  Hold'em Limit ($3/$6 USD) - 2016/11/03 14:33:03 ET
Table 'Liguria' 6-max Seat #6 is the button
Seat 2: CrongCrong ($187.01 in chips)
Seat 6: viviangle ($77.01 in chips)
viviangle: posts small blind $1
CrongCrong: posts big blind $3
*** HOLE CARDS ***
viviangle: folds
Uncalled bet ($2) returned to CrongCrong
CrongCrong collected $2 from pot
CrongCrong: doesn't show hand
*** SUMMARY ***
Total pot $2 | Rake $0
Seat 2: CrongCrong (big blind) collected ($2)
Seat 6: viviangle (button) (small blind) folded before Flop


PokerStars Hand #160846864367:  Hold'em Limit ($3/$6 USD) - 2016/11/03 14:32:44 ET
Table 'Liguria' 6-max Seat #2 is the button
Seat 2: CrongCrong ($205.01 in chips)
Seat 6: viviangle ($59.51 in chips)
CrongCrong: posts small blind $1
viviangle: posts big blind $3
*** HOLE CARDS ***
CrongCrong: raises $3 to $6
viviangle: calls $3
*** FLOP *** [8d 3d Jd]
viviangle: checks
CrongCrong: bets $3
viviangle: raises $3 to $6
CrongCrong: calls $3
*** TURN *** [8d 3d Jd] [As]
viviangle: checks
CrongCrong: checks
*** RIVER *** [8d 3d Jd As] [Js]
viviangle: bets $6
CrongCrong: calls $6
*** SHOW DOWN ***
viviangle: shows [9d 2d] (a flush, Jack high)
CrongCrong: mucks hand
viviangle collected $35.50 from pot
*** SUMMARY ***
Total pot $36 | Rake $0.50
Board [8d 3d Jd As Js]
Seat 2: CrongCrong (button) (small blind) mucked
Seat 6: viviangle (big blind) showed [9d 2d] and won ($35.50) with a flush, Jack high


PokerStars Hand #160846858203:  Hold'em Limit ($3/$6 USD) - 2016/11/03 14:32:37 ET
Table 'Liguria' 6-max Seat #6 is the button
Seat 2: CrongCrong ($204.01 in chips)
Seat 6: viviangle ($60.51 in chips)
viviangle: posts small blind $1
CrongCrong: posts big blind $3
*** HOLE CARDS ***
viviangle: folds
Uncalled bet ($2) returned to CrongCrong
CrongCrong collected $2 from pot
CrongCrong: doesn't show hand
*** SUMMARY ***
Total pot $2 | Rake $0
Seat 2: CrongCrong (big blind) collected ($2)
Seat 6: viviangle (button) (small blind) folded before Flop


PokerStars Hand #160846848558:  Hold'em Limit ($3/$6 USD) - 2016/11/03 14:32:25 ET
Table 'Liguria' 6-max Seat #2 is the button
Seat 2: CrongCrong ($198.25 in chips)
Seat 6: viviangle ($66.51 in chips)
CrongCrong: posts small blind $1
viviangle: posts big blind $3
*** HOLE CARDS ***
CrongCrong: raises $3 to $6
viviangle: calls $3
*** FLOP *** [8c Kc 8s]
viviangle: checks
CrongCrong: bets $3
viviangle: folds
Uncalled bet ($3) returned to CrongCrong
CrongCrong collected $11.76 from pot
CrongCrong: doesn't show hand
*** SUMMARY ***
Total pot $12 | Rake $0.24
Board [8c Kc 8s]
Seat 2: CrongCrong (button) (small blind) collected ($11.76)
Seat 6: viviangle (big blind) folded on the Flop


PokerStars Hand #160846932103:  Hold'em Limit ($3/$6 USD) - 2016/11/03 14:34:03 ET
Table 'Liguria' 6-max Seat #2 is the button
Seat 2: CrongCrong ($194.77 in chips)
Seat 6: viviangle ($69.01 in chips)
CrongCrong: posts small blind $1
viviangle: posts big blind $3
*** HOLE CARDS ***
CrongCrong: raises $3 to $6
viviangle: calls $3
*** FLOP *** [9h Ts Kd]
viviangle: checks
CrongCrong: bets $3
viviangle: folds
Uncalled bet ($3) returned to CrongCrong
CrongCrong collected $11.76 from pot
CrongCrong: doesn't show hand
*** SUMMARY ***
Total pot $12 | Rake $0.24
Board [9h Ts Kd]
Seat 2: CrongCrong (button) (small blind) collected ($11.76)
Seat 6: viviangle (big blind) folded on the Flop


PokerStars Hand #160846927344:  Hold'em Limit ($3/$6 USD) - 2016/11/03 14:33:57 ET
Table 'Liguria' 6-max Seat #6 is the button
Seat 2: CrongCrong ($193.77 in chips)
Seat 6: viviangle ($70.01 in chips)
viviangle: posts small blind $1
CrongCrong: posts big blind $3
*** HOLE CARDS ***
viviangle: folds
Uncalled bet ($2) returned to CrongCrong
CrongCrong collected $2 from pot
CrongCrong: doesn't show hand
*** SUMMARY ***
Total pot $2 | Rake $0
Seat 2: CrongCrong (big blind) collected ($2)
Seat 6: viviangle (button) (small blind) folded before Flop


PokerStars Hand #160846922945:  Hold'em Limit ($3/$6 USD) - 2016/11/03 14:33:52 ET
Table 'Liguria' 6-max Seat #2 is the button
Seat 2: CrongCrong ($194.77 in chips)
Seat 6: viviangle ($69.01 in chips)
CrongCrong: posts small blind $1
viviangle: posts big blind $3
*** HOLE CARDS ***
CrongCrong: folds
Uncalled bet ($2) returned to viviangle
viviangle collected $2 from pot
viviangle: doesn't show hand
*** SUMMARY ***
Total pot $2 | Rake $0
Seat 2: CrongCrong (button) (small blind) folded before Flop
Seat 6: viviangle (big blind) collected ($2)


PokerStars Hand #160846914861:  Hold'em Limit ($3/$6 USD) - 2016/11/03 14:33:43 ET
Table 'Liguria' 6-max Seat #6 is the button
Seat 2: CrongCrong ($193.77 in chips)
Seat 6: viviangle ($70.01 in chips)
viviangle: posts small blind $1
CrongCrong: posts big blind $3
*** HOLE CARDS ***
viviangle: folds
Uncalled bet ($2) returned to CrongCrong
CrongCrong collected $2 from pot
CrongCrong: doesn't show hand
*** SUMMARY ***
Total pot $2 | Rake $0
Seat 2: CrongCrong (big blind) collected ($2)
Seat 6: viviangle (button) (small blind) folded before Flop


PokerStars Hand #160846910780:  Hold'em Limit ($3/$6 USD) - 2016/11/03 14:33:38 ET
Table 'Liguria' 6-max Seat #2 is the button
Seat 2: CrongCrong ($194.77 in chips)
Seat 6: viviangle ($69.01 in chips)
CrongCrong: posts small blind $1
viviangle: posts big blind $3
*** HOLE CARDS ***
CrongCrong: folds
Uncalled bet ($2) returned to viviangle
viviangle collected $2 from pot
viviangle: doesn't show hand
*** SUMMARY ***
Total pot $2 | Rake $0
Seat 2: CrongCrong (button) (small blind) folded before Flop
Seat 6: viviangle (big blind) collected ($2)


PokerStars Hand #160846905938:  Hold'em Limit ($3/$6 USD) - 2016/11/03 14:33:32 ET
Table 'Liguria' 6-max Seat #6 is the button
Seat 2: CrongCrong ($193.77 in chips)
Seat 6: viviangle ($70.01 in chips)
viviangle: posts small blind $1
CrongCrong: posts big blind $3
*** HOLE CARDS ***
viviangle: folds
Uncalled bet ($2) returned to CrongCrong
CrongCrong collected $2 from pot
CrongCrong: doesn't show hand
*** SUMMARY ***
Total pot $2 | Rake $0
Seat 2: CrongCrong (big blind) collected ($2)
Seat 6: viviangle (button) (small blind) folded before Flop


PokerStars Hand #160846896244:  Hold'em Limit ($3/$6 USD) - 2016/11/03 14:33:21 ET
Table 'Liguria' 6-max Seat #2 is the button
Seat 2: CrongCrong ($188.01 in chips)
Seat 6: viviangle ($76.01 in chips)
CrongCrong: posts small blind $1
viviangle: posts big blind $3
*** HOLE CARDS ***
CrongCrong: raises $3 to $6
viviangle: calls $3
*** FLOP *** [3s Qs 5d]
viviangle: checks
CrongCrong: bets $3
viviangle: folds
Uncalled bet ($3) returned to CrongCrong
CrongCrong collected $11.76 from pot
CrongCrong: doesn't show hand
*** SUMMARY ***
Total pot $12 | Rake $0.24
Board [3s Qs 5d]
Seat 2: CrongCrong (button) (small blind) collected ($11.76)
Seat 6: viviangle (big blind) folded on the Flop


PokerStars Hand #160846891344:  Hold'em Limit ($3/$6 USD) - 2016/11/03 14:33:15 ET
Table 'Liguria' 6-max Seat #6 is the button
Seat 2: CrongCrong ($191.01 in chips)
Seat 6: viviangle ($73.01 in chips)
viviangle: posts small blind $1
CrongCrong: posts big blind $3
*** HOLE CARDS ***
viviangle: raises $3 to $6
CrongCrong: folds
Uncalled bet ($3) returned to viviangle
viviangle collected $6 from pot
viviangle: doesn't show hand
*** SUMMARY ***
Total pot $6 | Rake $0
Seat 2: CrongCrong (big blind) folded before Flop
Seat 6: viviangle (button) (small blind) collected ($6)


PokerStars Hand #160846966164:  Hold'em Limit ($3/$6 USD) - 2016/11/03 14:34:43 ET
Table 'Liguria' 6-max Seat #2 is the button
Seat 2: CrongCrong ($191.53 in chips)
Seat 6: viviangle ($71.65 in chips)
CrongCrong: posts small blind $1
viviangle: posts big blind $3
*** HOLE CARDS ***
CrongCrong: raises $3 to $6
viviangle: folds
Uncalled bet ($3) returned to CrongCrong
CrongCrong collected $6 from pot
CrongCrong: doesn't show hand
*** SUMMARY ***
Total pot $6 | Rake $0
Seat 2: CrongCrong (button) (small blind) collected ($6)
Seat 6: viviangle (big blind) folded before Flop


PokerStars Hand #160846951916:  Hold'em Limit ($3/$6 USD) - 2016/11/03 14:34:26 ET
Table 'Liguria' 6-max Seat #6 is the button
Seat 2: CrongCrong ($200.53 in chips)
Seat 6: viviangle ($63.01 in chips)
viviangle: posts small blind $1
CrongCrong: posts big blind $3
*** HOLE CARDS ***
viviangle: raises $3 to $6
B_loJkl joins the table at seat #1
CrongCrong: calls $3
*** FLOP *** [Qh 8d As]
CrongCrong: checks
viviangle: bets $3
CrongCrong: calls $3
*** TURN *** [Qh 8d As] [5c]
CrongCrong: checks
viviangle: bets $6
CrongCrong: folds
Uncalled bet ($6) returned to viviangle
viviangle collected $17.64 from pot
viviangle: doesn't show hand
*** SUMMARY ***
Total pot $18 | Rake $0.36
Board [Qh 8d As 5c]
Seat 2: CrongCrong (big blind) folded on the Turn
Seat 6: viviangle (button) (small blind) collected ($17.64)


PokerStars Hand #160846944704:  Hold'em Limit ($3/$6 USD) - 2016/11/03 14:34:18 ET
Table 'Liguria' 6-max Seat #2 is the button
Seat 2: CrongCrong ($197.53 in chips)
Seat 6: viviangle ($66.01 in chips)
CrongCrong: posts small blind $1
viviangle: posts big blind $3
*** HOLE CARDS ***
CrongCrong: raises $3 to $6
viviangle: folds
Uncalled bet ($3) returned to CrongCrong
CrongCrong collected $6 from pot
CrongCrong: doesn't show hand
*** SUMMARY ***
Total pot $6 | Rake $0
Seat 2: CrongCrong (button) (small blind) collected ($6)
Seat 6: viviangle (big blind) folded before Flop


PokerStars Hand #160846940115:  Hold'em Limit ($3/$6 USD) - 2016/11/03 14:34:12 ET
Table 'Liguria' 6-max Seat #6 is the button
Seat 2: CrongCrong ($200.53 in chips)
Seat 6: viviangle ($63.01 in chips)
viviangle: posts small blind $1
CrongCrong: posts big blind $3
*** HOLE CARDS ***
viviangle: raises $3 to $6
CrongCrong: folds
Uncalled bet ($3) returned to viviangle
viviangle collected $6 from pot
viviangle: doesn't show hand
*** SUMMARY ***
Total pot $6 | Rake $0
Seat 2: CrongCrong (big blind) folded before Flop
Seat 6: viviangle (button) (small blind) collected ($6)


PokerStars Hand #160848038737:  Hold'em Limit ($3/$6 USD) - 2016/11/03 14:55:20 ET
Table 'Liguria' 6-max Seat #3 is the button
Seat 2: CrongCrong ($193.38 in chips)
Seat 3: AA_ILI ($149.83 in chips)
AA_ILI: posts small blind $1
B_loJkl: is sitting out
CrongCrong: posts big blind $3
*** HOLE CARDS ***
AA_ILI: raises $3 to $6
CrongCrong: raises $3 to $9
AA_ILI: calls $3
*** FLOP *** [Qs Kd 2d]
CrongCrong: bets $3
AA_ILI: calls $3
*** TURN *** [Qs Kd 2d] [Jd]
CrongCrong: checks
AA_ILI: bets $6
CrongCrong: calls $6
*** RIVER *** [Qs Kd 2d Jd] [Qc]
CrongCrong: checks
AA_ILI: bets $6
CrongCrong: calls $6
*** SHOW DOWN ***
AA_ILI: shows [Kc 9c] (two pair, Kings and Queens)
CrongCrong: mucks hand
AA_ILI collected $47.50 from pot
*** SUMMARY ***
Total pot $48 | Rake $0.50
Board [Qs Kd 2d Jd Qc]
Seat 2: CrongCrong (big blind) mucked
Seat 3: AA_ILI (button) (small blind) showed [Kc 9c] and won ($47.50) with two pair, Kings and Queens


PokerStars Hand #160848050597:  Hold'em Limit ($3/$6 USD) - 2016/11/03 14:55:37 ET
Table 'Liguria' 6-max Seat #2 is the button
Seat 2: CrongCrong ($169.38 in chips)
Seat 3: AA_ILI ($173.33 in chips)
CrongCrong: posts small blind $1
AA_ILI: posts big blind $3
*** HOLE CARDS ***
CrongCrong: raises $3 to $6
AA_ILI: calls $3
*** FLOP *** [9d 9s Kc]
AA_ILI: checks
CrongCrong: bets $3
AA_ILI: raises $3 to $6
CrongCrong: calls $3
*** TURN *** [9d 9s Kc] [Qh]
AA_ILI: bets $6
CrongCrong: raises $6 to $12
AA_ILI: calls $6
*** RIVER *** [9d 9s Kc Qh] [As]
AA_ILI: checks
CrongCrong: bets $6
AA_ILI: folds
Uncalled bet ($6) returned to CrongCrong
CrongCrong collected $47.50 from pot
CrongCrong: doesn't show hand
*** SUMMARY ***
Total pot $48 | Rake $0.50
Board [9d 9s Kc Qh As]
Seat 2: CrongCrong (button) (small blind) collected ($47.50)
Seat 3: AA_ILI (big blind) folded on the River


PokerStars Hand #160848068401:  Hold'em Limit ($3/$6 USD) - 2016/11/03 14:56:03 ET
Table 'Liguria' 6-max Seat #3 is the button
Seat 2: CrongCrong ($192.88 in chips)
Seat 3: AA_ILI ($149.33 in chips)
AA_ILI: posts small blind $1
CrongCrong: posts big blind $3
*** HOLE CARDS ***
AA_ILI: raises $3 to $6
B_loJkl leaves the table
CrongCrong: calls $3
*** FLOP *** [9c 4d 2h]
CrongCrong: checks
AA_ILI: checks
*** TURN *** [9c 4d 2h] [Js]
CrongCrong: bets $6
AA_ILI: folds
Uncalled bet ($6) returned to CrongCrong
CrongCrong collected $11.76 from pot
CrongCrong: doesn't show hand
*** SUMMARY ***
Total pot $12 | Rake $0.24
Board [9c 4d 2h Js]
Seat 2: CrongCrong (big blind) collected ($11.76)
Seat 3: AA_ILI (button) (small blind) folded on the Turn


PokerStars Hand #160848077056:  Hold'em Limit ($3/$6 USD) - 2016/11/03 14:56:15 ET
Table 'Liguria' 6-max Seat #2 is the button
Seat 2: CrongCrong ($198.64 in chips)
Seat 3: AA_ILI ($143.33 in chips)
CrongCrong: posts small blind $1
AA_ILI: posts big blind $3
*** HOLE CARDS ***
denn69 joins the table at seat #4
CrongCrong: raises $3 to $6
AA_ILI: calls $3
*** FLOP *** [2s 8h 3c]
AA_ILI: checks
CrongCrong: bets $3
AA_ILI: calls $3
*** TURN *** [2s 8h 3c] [5s]
AA_ILI: checks
CrongCrong: checks
*** RIVER *** [2s 8h 3c 5s] [4c]
AA_ILI: bets $6
CrongCrong: folds
Uncalled bet ($6) returned to AA_ILI
AA_ILI collected $17.64 from pot
AA_ILI: doesn't show hand
*** SUMMARY ***
Total pot $18 | Rake $0.36
Board [2s 8h 3c 5s 4c]
Seat 2: CrongCrong (button) (small blind) folded on the River
Seat 3: AA_ILI (big blind) collected ($17.64)


PokerStars Hand #160848711953:  Hold'em Limit ($3/$6 USD) - 2016/11/03 15:09:04 ET
Table 'Liguria' 6-max Seat #2 is the button
Seat 2: CrongCrong ($91.38 in chips)
Seat 3: AA_ILI ($227.98 in chips)
CrongCrong: posts small blind $1
AA_ILI: posts big blind $3
*** HOLE CARDS ***
CrongCrong: folds
Uncalled bet ($2) returned to AA_ILI
AA_ILI collected $2 from pot
AA_ILI: doesn't show hand
*** SUMMARY ***
Total pot $2 | Rake $0
Seat 2: CrongCrong (button) (small blind) folded before Flop
Seat 3: AA_ILI (big blind) collected ($2)


PokerStars Hand #160848757770:  Hold'em Limit ($3/$6 USD) - 2016/11/03 15:09:56 ET
Table 'Liguria' 6-max Seat #3 is the button
Seat 2: CrongCrong ($77.90 in chips)
Seat 3: AA_ILI ($240.48 in chips)
AA_ILI: posts small blind $1
CrongCrong: posts big blind $3
*** HOLE CARDS ***
AA_ILI: raises $3 to $6
CrongCrong: folds
Uncalled bet ($3) returned to AA_ILI
AA_ILI collected $6 from pot
AA_ILI: doesn't show hand
*** SUMMARY ***
Total pot $6 | Rake $0
Seat 2: CrongCrong (big blind) folded before Flop
Seat 3: AA_ILI (button) (small blind) collected ($6)


PokerStars Hand #160848744110:  Hold'em Limit ($3/$6 USD) - 2016/11/03 15:09:40 ET
Table 'Liguria' 6-max Seat #2 is the button
Seat 2: CrongCrong ($101.90 in chips)
Seat 3: AA_ILI ($216.98 in chips)
CrongCrong: posts small blind $1
AA_ILI: posts big blind $3
*** HOLE CARDS ***
CrongCrong: raises $3 to $6
AA_ILI: calls $3
*** FLOP *** [6d 7s 7c]
AA_ILI: checks
CrongCrong: checks
*** TURN *** [6d 7s 7c] [As]
AA_ILI: checks
CrongCrong: bets $6
AA_ILI: raises $6 to $12
CrongCrong: calls $6
*** RIVER *** [6d 7s 7c As] [5s]
AA_ILI: bets $6
CrongCrong: calls $6
*** SHOW DOWN ***
AA_ILI: shows [3s 9s] (a flush, Ace high)
CrongCrong: mucks hand
AA_ILI collected $47.50 from pot
*** SUMMARY ***
Total pot $48 | Rake $0.50
Board [6d 7s 7c As 5s]
Seat 2: CrongCrong (button) (small blind) mucked
Seat 3: AA_ILI (big blind) showed [3s 9s] and won ($47.50) with a flush, Ace high


PokerStars Hand #160848738966:  Hold'em Limit ($3/$6 USD) - 2016/11/03 15:09:34 ET
Table 'Liguria' 6-max Seat #3 is the button
Seat 2: CrongCrong ($104.90 in chips)
Seat 3: AA_ILI ($213.98 in chips)
AA_ILI: posts small blind $1
CrongCrong: posts big blind $3
*** HOLE CARDS ***
AA_ILI: raises $3 to $6
CrongCrong: folds
Uncalled bet ($3) returned to AA_ILI
AA_ILI collected $6 from pot
AA_ILI: doesn't show hand
*** SUMMARY ***
Total pot $6 | Rake $0
Seat 2: CrongCrong (big blind) folded before Flop
Seat 3: AA_ILI (button) (small blind) collected ($6)


PokerStars Hand #160848733659:  Hold'em Limit ($3/$6 USD) - 2016/11/03 15:09:28 ET
Table 'Liguria' 6-max Seat #2 is the button
Seat 2: CrongCrong ($101.90 in chips)
Seat 3: AA_ILI ($216.98 in chips)
CrongCrong: posts small blind $1
AA_ILI: posts big blind $3
*** HOLE CARDS ***
CrongCrong: raises $3 to $6
AA_ILI: folds
Uncalled bet ($3) returned to CrongCrong
CrongCrong collected $6 from pot
CrongCrong: doesn't show hand
*** SUMMARY ***
Total pot $6 | Rake $0
Seat 2: CrongCrong (button) (small blind) collected ($6)
Seat 3: AA_ILI (big blind) folded before Flop


PokerStars Hand #160848716183:  Hold'em Limit ($3/$6 USD) - 2016/11/03 15:09:09 ET
Table 'Liguria' 6-max Seat #3 is the button
Seat 2: CrongCrong ($90.38 in chips)
Seat 3: AA_ILI ($228.98 in chips)
AA_ILI: posts small blind $1
CrongCrong: posts big blind $3
*** HOLE CARDS ***
sokol-max-PS leaves the table
AA_ILI: raises $3 to $6
CrongCrong: calls $3
*** FLOP *** [Js Qh 5d]
CrongCrong: checks
AA_ILI: bets $3
CrongCrong: raises $3 to $6
AA_ILI: calls $3
*** TURN *** [Js Qh 5d] [Ts]
CrongCrong: checks
AA_ILI: checks
*** RIVER *** [Js Qh 5d Ts] [8h]
CrongCrong: bets $6
AA_ILI: folds
Uncalled bet ($6) returned to CrongCrong
CrongCrong collected $23.52 from pot
*** SUMMARY ***
Total pot $24 | Rake $0.48
Board [Js Qh 5d Ts 8h]
Seat 2: CrongCrong (big blind) collected ($23.52)
Seat 3: AA_ILI (button) (small blind) folded on the River


PokerStars Hand #160848802745:  Hold'em Limit ($3/$6 USD) - 2016/11/03 15:10:46 ET
Table 'Liguria' 6-max Seat #3 is the button
Seat 2: CrongCrong ($83.16 in chips)
Seat 3: AA_ILI ($233.98 in chips)
AA_ILI: posts small blind $1
CrongCrong: posts big blind $3
*** HOLE CARDS ***
AA_ILI: raises $3 to $6
denn69 leaves the table
CrongCrong: calls $3
*** FLOP *** [Ac Jh Kh]
CrongCrong: checks
AA_ILI: bets $3
CrongCrong: calls $3
*** TURN *** [Ac Jh Kh] [3h]
CrongCrong: checks
AA_ILI: checks
*** RIVER *** [Ac Jh Kh 3h] [Qd]
CrongCrong: checks
AA_ILI: bets $6
CrongCrong: calls $6
*** SHOW DOWN ***
AA_ILI: shows [Th 9d] (a straight, Ten to Ace)
CrongCrong: mucks hand
AA_ILI collected $29.50 from pot
*** SUMMARY ***
Total pot $30 | Rake $0.50
Board [Ac Jh Kh 3h Qd]
Seat 2: CrongCrong (big blind) mucked
Seat 3: AA_ILI (button) (small blind) showed [Th 9d] and won ($29.50) with a straight, Ten to Ace


PokerStars Hand #160848794475:  Hold'em Limit ($3/$6 USD) - 2016/11/03 15:10:37 ET
Table 'Liguria' 6-max Seat #2 is the button
Seat 2: CrongCrong ($77.40 in chips)
Seat 3: AA_ILI ($239.98 in chips)
CrongCrong: posts small blind $1
AA_ILI: posts big blind $3
*** HOLE CARDS ***
CrongCrong: raises $3 to $6
AA_ILI: calls $3
*** FLOP *** [2d Jc Ks]
AA_ILI: checks
CrongCrong: bets $3
AA_ILI: folds
Uncalled bet ($3) returned to CrongCrong
CrongCrong collected $11.76 from pot
CrongCrong: doesn't show hand
*** SUMMARY ***
Total pot $12 | Rake $0.24
Board [2d Jc Ks]
Seat 2: CrongCrong (button) (small blind) collected ($11.76)
Seat 3: AA_ILI (big blind) folded on the Flop


PokerStars Hand #160848780351:  Hold'em Limit ($3/$6 USD) - 2016/11/03 15:10:21 ET
Table 'Liguria' 6-max Seat #3 is the button
Seat 2: CrongCrong ($56.90 in chips)
Seat 3: AA_ILI ($260.98 in chips)
AA_ILI: posts small blind $1
CrongCrong: posts big blind $3
*** HOLE CARDS ***
AA_ILI: raises $3 to $6
CrongCrong: calls $3
*** FLOP *** [7c Ad 9h]
CrongCrong: checks
AA_ILI: bets $3
CrongCrong: calls $3
*** TURN *** [7c Ad 9h] [Jh]
CrongCrong: checks
AA_ILI: bets $6
CrongCrong: calls $6
*** RIVER *** [7c Ad 9h Jh] [As]
CrongCrong: checks
AA_ILI: bets $6
CrongCrong: calls $6
*** SHOW DOWN ***
AA_ILI: shows [6c Th] (a pair of Aces)
CrongCrong: shows [7s 4h] (two pair, Aces and Sevens)
CrongCrong collected $41.50 from pot
*** SUMMARY ***
Total pot $42 | Rake $0.50
Board [7c Ad 9h Jh As]
Seat 2: CrongCrong (big blind) showed [7s 4h] and won ($41.50) with two pair, Aces and Sevens
Seat 3: AA_ILI (button) (small blind) showed [6c Th] and lost with a pair of Aces


PokerStars Hand #160848762872:  Hold'em Limit ($3/$6 USD) - 2016/11/03 15:10:01 ET
Table 'Liguria' 6-max Seat #2 is the button
Seat 2: CrongCrong ($74.90 in chips)
Seat 3: AA_ILI ($243.48 in chips)
CrongCrong: posts small blind $1
AA_ILI: posts big blind $3
*** HOLE CARDS ***
CrongCrong: raises $3 to $6
AA_ILI: calls $3
*** FLOP *** [Ah 7c Ks]
AA_ILI: checks
CrongCrong: bets $3
AA_ILI: raises $3 to $6
CrongCrong: calls $3
*** TURN *** [Ah 7c Ks] [Th]
AA_ILI: bets $6
CrongCrong: calls $6
*** RIVER *** [Ah 7c Ks Th] [2s]
AA_ILI: bets $6
CrongCrong: folds
Uncalled bet ($6) returned to AA_ILI
AA_ILI collected $35.50 from pot
AA_ILI: doesn't show hand
*** SUMMARY ***
Total pot $36 | Rake $0.50
Board [Ah 7c Ks Th 2s]
Seat 2: CrongCrong (button) (small blind) folded on the River
Seat 3: AA_ILI (big blind) collected ($35.50)


PokerStars Hand #160848872371:  Hold'em Limit ($3/$6 USD) - 2016/11/03 15:12:01 ET
Table 'Liguria' 6-max Seat #3 is the button
Seat 2: CrongCrong ($65.66 in chips)
Seat 3: AA_ILI ($249.50 in chips)
AA_ILI: posts small blind $1
CrongCrong: posts big blind $3
*** HOLE CARDS ***
AA_ILI: raises $3 to $6
CrongCrong: calls $3
*** FLOP *** [8d Kh 3c]
CrongCrong: checks
AA_ILI: bets $3
CrongCrong: raises $3 to $6
AA_ILI: folds
Uncalled bet ($3) returned to CrongCrong
CrongCrong collected $17.64 from pot
CrongCrong: doesn't show hand
*** SUMMARY ***
Total pot $18 | Rake $0.36
Board [8d Kh 3c]
Seat 2: CrongCrong (big blind) collected ($17.64)
Seat 3: AA_ILI (button) (small blind) folded on the Flop


PokerStars Hand #160848867139:  Hold'em Limit ($3/$6 USD) - 2016/11/03 15:11:55 ET
Table 'Liguria' 6-max Seat #2 is the button
Seat 2: CrongCrong ($62.66 in chips)
Seat 3: AA_ILI ($252.50 in chips)
CrongCrong: posts small blind $1
AA_ILI: posts big blind $3
*** HOLE CARDS ***
CrongCrong: raises $3 to $6
AA_ILI: folds
Uncalled bet ($3) returned to CrongCrong
CrongCrong collected $6 from pot
CrongCrong: doesn't show hand
*** SUMMARY ***
Total pot $6 | Rake $0
Seat 2: CrongCrong (button) (small blind) collected ($6)
Seat 3: AA_ILI (big blind) folded before Flop


PokerStars Hand #160848862738:  Hold'em Limit ($3/$6 USD) - 2016/11/03 15:11:50 ET
Table 'Liguria' 6-max Seat #3 is the button
Seat 2: CrongCrong ($61.66 in chips)
Seat 3: AA_ILI ($253.50 in chips)
AA_ILI: posts small blind $1
CrongCrong: posts big blind $3
*** HOLE CARDS ***
AA_ILI: folds
Uncalled bet ($2) returned to CrongCrong
CrongCrong collected $2 from pot
CrongCrong: doesn't show hand
*** SUMMARY ***
Total pot $2 | Rake $0
Seat 2: CrongCrong (big blind) collected ($2)
Seat 3: AA_ILI (button) (small blind) folded before Flop


PokerStars Hand #160848852074:  Hold'em Limit ($3/$6 USD) - 2016/11/03 15:11:38 ET
Table 'Liguria' 6-max Seat #2 is the button
Seat 2: CrongCrong ($73.66 in chips)
Seat 3: AA_ILI ($241.98 in chips)
CrongCrong: posts small blind $1
AA_ILI: posts big blind $3
*** HOLE CARDS ***
CrongCrong: raises $3 to $6
AA_ILI: calls $3
*** FLOP *** [2d 5h Ks]
AA_ILI: checks
CrongCrong: bets $3
AA_ILI: raises $3 to $6
CrongCrong: calls $3
*** TURN *** [2d 5h Ks] [6d]
AA_ILI: bets $6
CrongCrong: folds
Uncalled bet ($6) returned to AA_ILI
AA_ILI collected $23.52 from pot
AA_ILI: doesn't show hand
*** SUMMARY ***
Total pot $24 | Rake $0.48
Board [2d 5h Ks 6d]
Seat 2: CrongCrong (button) (small blind) folded on the Turn
Seat 3: AA_ILI (big blind) collected ($23.52)


PokerStars Hand #160848834186:  Hold'em Limit ($3/$6 USD) - 2016/11/03 15:11:22 ET
Table 'Liguria' 6-max Seat #3 is the button
Seat 2: CrongCrong ($47.16 in chips)
Seat 3: AA_ILI ($268.98 in chips)
AA_ILI: posts small blind $1
CrongCrong: posts big blind $3
*** HOLE CARDS ***
AA_ILI: raises $3 to $6
CrongCrong: raises $3 to $9
AA_ILI: calls $3
*** FLOP *** [Jd 7c 6d]
CrongCrong: bets $3
AA_ILI: raises $3 to $6
CrongCrong: raises $3 to $9
AA_ILI: raises $3 to $12
Betting is capped
CrongCrong: calls $3
*** TURN *** [Jd 7c 6d] [Tc]
CrongCrong: bets $6
AA_ILI: calls $6
*** RIVER *** [Jd 7c 6d Tc] [2c]
CrongCrong: bets $6
AA_ILI: folds
Uncalled bet ($6) returned to CrongCrong
CrongCrong collected $53.50 from pot
CrongCrong: doesn't show hand
*** SUMMARY ***
Total pot $54 | Rake $0.50
Board [Jd 7c 6d Tc 2c]
Seat 2: CrongCrong (big blind) collected ($53.50)
Seat 3: AA_ILI (button) (small blind) folded on the River


PokerStars Hand #160848817277:  Hold'em Limit ($3/$6 USD) - 2016/11/03 15:11:03 ET
Table 'Liguria' 6-max Seat #2 is the button
Seat 2: CrongCrong ($68.16 in chips)
Seat 3: AA_ILI ($248.48 in chips)
CrongCrong: posts small blind $1
AA_ILI: posts big blind $3
*** HOLE CARDS ***
CrongCrong: raises $3 to $6
AA_ILI: calls $3
*** FLOP *** [6c Ad 5h]
AA_ILI: checks
CrongCrong: bets $3
AA_ILI: calls $3
*** TURN *** [6c Ad 5h] [Qh]
AA_ILI: checks
CrongCrong: bets $6
AA_ILI: raises $6 to $12
CrongCrong: calls $6
*** RIVER *** [6c Ad 5h Qh] [8h]
AA_ILI: bets $6
CrongCrong: folds
Uncalled bet ($6) returned to AA_ILI
AA_ILI collected $41.50 from pot
AA_ILI: doesn't show hand
*** SUMMARY ***
Total pot $42 | Rake $0.50
Board [6c Ad 5h Qh 8h]
Seat 2: CrongCrong (button) (small blind) folded on the River
Seat 3: AA_ILI (big blind) collected ($41.50)


PokerStars Hand #160848881717:  Hold'em Limit ($3/$6 USD) - 2016/11/03 15:12:12 ET
Table 'Liguria' 6-max Seat #2 is the button
Seat 2: CrongCrong ($74.30 in chips)
Seat 3: AA_ILI ($240.50 in chips)
CrongCrong: posts small blind $1
AA_ILI: posts big blind $3
*** HOLE CARDS ***
CrongCrong: raises $3 to $6
AA_ILI: calls $3
*** FLOP *** [2h 6c As]
AA_ILI: checks
CrongCrong: bets $3
AA_ILI: calls $3
*** TURN *** [2h 6c As] [5s]
AA_ILI: checks
CrongCrong: checks
*** RIVER *** [2h 6c As 5s] [9c]
AA_ILI: bets $6
CrongCrong: calls $6
*** SHOW DOWN ***
AA_ILI: shows [8d Ac] (a pair of Aces)
CrongCrong: mucks hand
AA_ILI collected $29.50 from pot
*** SUMMARY ***
Total pot $30 | Rake $0.50
Board [2h 6c As 5s 9c]
Seat 2: CrongCrong (button) (small blind) mucked
Seat 3: AA_ILI (big blind) showed [8d Ac] and won ($29.50) with a pair of Aces


PokerStars Hand #160848914304:  Hold'em Limit ($3/$6 USD) - 2016/11/03 15:12:48 ET
Table 'Liguria' 6-max Seat #3 is the button
Seat 2: CrongCrong ($33.30 in chips)
Seat 3: AA_ILI ($280.50 in chips)
AA_ILI: posts small blind $1
CrongCrong: posts big blind $3
*** HOLE CARDS ***
AA_ILI: raises $3 to $6
CrongCrong: raises $3 to $9
AA_ILI: calls $3
*** FLOP *** [7d 2d Kc]
CrongCrong: bets $3
AA_ILI: calls $3
*** TURN *** [7d 2d Kc] [Qs]
CrongCrong: checks
AA_ILI: bets $6
CrongCrong: raises $6 to $12
AA_ILI: raises $6 to $18
CrongCrong: raises $3.30 to $21.30 and is all-in
Betting is capped
AA_ILI: calls $3.30
*** RIVER *** [7d 2d Kc Qs] [4s]
*** SHOW DOWN ***
CrongCrong: shows [Js Ts] (high card King)
AA_ILI: shows [5c Kh] (a pair of Kings)
AA_ILI collected $66.10 from pot
*** SUMMARY ***
Total pot $66.60 | Rake $0.50
Board [7d 2d Kc Qs 4s]
Seat 2: CrongCrong (big blind) showed [Js Ts] and lost with high card King
Seat 3: AA_ILI (button) (small blind) showed [5c Kh] and won ($66.10) with a pair of Kings


PokerStars Hand #160848899198:  Hold'em Limit ($3/$6 USD) - 2016/11/03 15:12:31 ET
Table 'Liguria' 6-max Seat #2 is the button
Seat 2: CrongCrong ($60.30 in chips)
Seat 3: AA_ILI ($254 in chips)
CrongCrong: posts small blind $1
AA_ILI: posts big blind $3
*** HOLE CARDS ***
CrongCrong: raises $3 to $6
AA_ILI: calls $3
*** FLOP *** [9h 6d 6s]
AA_ILI: checks
CrongCrong: bets $3
AA_ILI: calls $3
*** TURN *** [9h 6d 6s] [8d]
AA_ILI: checks
CrongCrong: bets $6
AA_ILI: calls $6
*** RIVER *** [9h 6d 6s 8d] [7d]
AA_ILI: checks
CrongCrong: bets $6
AA_ILI: raises $6 to $12
CrongCrong: calls $6
*** SHOW DOWN ***
AA_ILI: shows [Tc Jc] (a straight, Seven to Jack)
CrongCrong: mucks hand
AA_ILI collected $53.50 from pot
*** SUMMARY ***
Total pot $54 | Rake $0.50
Board [9h 6d 6s 8d 7d]
Seat 2: CrongCrong (button) (small blind) mucked
Seat 3: AA_ILI (big blind) showed [Tc Jc] and won ($53.50) with a straight, Seven to Jack


PokerStars Hand #160848894963:  Hold'em Limit ($3/$6 USD) - 2016/11/03 15:12:27 ET
Table 'Liguria' 6-max Seat #3 is the button
Seat 2: CrongCrong ($59.30 in chips)
Seat 3: AA_ILI ($255 in chips)
AA_ILI: posts small blind $1
CrongCrong: posts big blind $3
*** HOLE CARDS ***
AA_ILI: folds
Uncalled bet ($2) returned to CrongCrong
CrongCrong collected $2 from pot
CrongCrong: doesn't show hand
*** SUMMARY ***
Total pot $2 | Rake $0
Seat 2: CrongCrong (big blind) collected ($2)
Seat 3: AA_ILI (button) (small blind) folded before Flop


