PokerStars Hand #145637112623:  Hold'em Limit ($3/$6 USD) - 2015/12/20 11:02:40 ET
Table 'Liguria II' 2-max Seat #2 is the button
Seat 1: cepzorr ($46.78 in chips)
Seat 2: g4mes87 ($101.76 in chips)
g4mes87: posts small blind $1
cepzorr: posts big blind $3
*** HOLE CARDS ***
g4mes87: raises $3 to $6
cepzorr: calls $3
*** FLOP *** [8h 6c Kc]
cepzorr: bets $3
g4mes87: calls $3
*** TURN *** [8h 6c Kc] [4s]
cepzorr: checks
g4mes87: bets $6
cepzorr: folds
Uncalled bet ($6) returned to g4mes87
g4mes87 collected $17.64 from pot
g4mes87: doesn't show hand
*** SUMMARY ***
Total pot $18 | Rake $0.36
Board [8h 6c Kc 4s]
Seat 1: cepzorr (big blind) folded on the Turn
Seat 2: g4mes87 (button) (small blind) collected ($17.64)


PokerStars Hand #145637187026:  Hold'em Limit ($3/$6 USD) - 2015/12/20 11:04:05 ET
Table 'Liguria II' 2-max Seat #2 is the button
Seat 1: cepzorr ($52.10 in chips)
Seat 2: g4mes87 ($94.36 in chips)
g4mes87: posts small blind $1
cepzorr: posts big blind $3
*** HOLE CARDS ***
g4mes87: raises $3 to $6
cepzorr: folds
Uncalled bet ($3) returned to g4mes87
g4mes87 collected $6 from pot
g4mes87: doesn't show hand
*** SUMMARY ***
Total pot $6 | Rake $0
Seat 1: cepzorr (big blind) folded before Flop
Seat 2: g4mes87 (button) (small blind) collected ($6)


PokerStars Hand #145637175536:  Hold'em Limit ($3/$6 USD) - 2015/12/20 11:03:51 ET
Table 'Liguria II' 2-max Seat #1 is the button
Seat 1: cepzorr ($40.58 in chips)
Seat 2: g4mes87 ($106.36 in chips)
cepzorr: posts small blind $1
g4mes87: posts big blind $3
*** HOLE CARDS ***
cepzorr: raises $3 to $6
g4mes87: calls $3
*** FLOP *** [Jh Ks 5d]
g4mes87: checks
cepzorr: bets $3
g4mes87: raises $3 to $6
cepzorr: calls $3
*** TURN *** [Jh Ks 5d] [8d]
g4mes87: checks
cepzorr: bets $6
g4mes87: folds
Uncalled bet ($6) returned to cepzorr
cepzorr collected $23.52 from pot
cepzorr: doesn't show hand
*** SUMMARY ***
Total pot $24 | Rake $0.48
Board [Jh Ks 5d 8d]
Seat 1: cepzorr (button) (small blind) collected ($23.52)
Seat 2: g4mes87 (big blind) folded on the Turn


PokerStars Hand #145637162858:  Hold'em Limit ($3/$6 USD) - 2015/12/20 11:03:37 ET
Table 'Liguria II' 2-max Seat #2 is the button
Seat 1: cepzorr ($20.54 in chips)
Seat 2: g4mes87 ($126.90 in chips)
g4mes87: posts small blind $1
cepzorr: posts big blind $3
*** HOLE CARDS ***
g4mes87: raises $3 to $6
cepzorr: raises $3 to $9
g4mes87: calls $3
*** FLOP *** [Js 4s 2d]
cepzorr: bets $3
g4mes87: calls $3
*** TURN *** [Js 4s 2d] [Ks]
cepzorr: bets $6
g4mes87: raises $6 to $12
cepzorr: calls $2.54 and is all-in
Uncalled bet ($3.46) returned to g4mes87
*** RIVER *** [Js 4s 2d Ks] [2s]
*** SHOW DOWN ***
cepzorr: shows [Jh Qs] (a flush, King high)
g4mes87: shows [2c 5h] (three of a kind, Deuces)
cepzorr collected $40.58 from pot
*** SUMMARY ***
Total pot $41.08 | Rake $0.50
Board [Js 4s 2d Ks 2s]
Seat 1: cepzorr (big blind) showed [Jh Qs] and won ($40.58) with a flush, King high
Seat 2: g4mes87 (button) (small blind) showed [2c 5h] and lost with three of a kind, Deuces


PokerStars Hand #145637156389:  Hold'em Limit ($3/$6 USD) - 2015/12/20 11:03:30 ET
Table 'Liguria II' 2-max Seat #1 is the button
Seat 1: cepzorr ($14.78 in chips)
Seat 2: g4mes87 ($132.90 in chips)
cepzorr: posts small blind $1
g4mes87: posts big blind $3
*** HOLE CARDS ***
cepzorr: raises $3 to $6
g4mes87: calls $3
*** FLOP *** [7h 2c 7d]
g4mes87: checks
cepzorr: bets $3
g4mes87: folds
Uncalled bet ($3) returned to cepzorr
cepzorr collected $11.76 from pot
cepzorr: doesn't show hand
*** SUMMARY ***
Total pot $12 | Rake $0.24
Board [7h 2c 7d]
Seat 1: cepzorr (button) (small blind) collected ($11.76)
Seat 2: g4mes87 (big blind) folded on the Flop


PokerStars Hand #145637150500:  Hold'em Limit ($3/$6 USD) - 2015/12/20 11:03:24 ET
Table 'Liguria II' 2-max Seat #2 is the button
Seat 1: cepzorr ($13.78 in chips)
Seat 2: g4mes87 ($133.90 in chips)
g4mes87: posts small blind $1
cepzorr: posts big blind $3
*** HOLE CARDS ***
g4mes87: folds
Uncalled bet ($2) returned to cepzorr
cepzorr collected $2 from pot
cepzorr: doesn't show hand
*** SUMMARY ***
Total pot $2 | Rake $0
Seat 1: cepzorr (big blind) collected ($2)
Seat 2: g4mes87 (button) (small blind) folded before Flop


PokerStars Hand #145637131860:  Hold'em Limit ($3/$6 USD) - 2015/12/20 11:03:03 ET
Table 'Liguria II' 2-max Seat #1 is the button
Seat 1: cepzorr ($37.78 in chips)
Seat 2: g4mes87 ($110.40 in chips)
cepzorr: posts small blind $1
g4mes87: posts big blind $3
*** HOLE CARDS ***
cepzorr: raises $3 to $6
g4mes87: raises $3 to $9
cepzorr: calls $3
*** FLOP *** [2h 7c 3h]
g4mes87: bets $3
cepzorr: calls $3
*** TURN *** [2h 7c 3h] [Qh]
g4mes87: bets $6
cepzorr: calls $6
*** RIVER *** [2h 7c 3h Qh] [Qd]
g4mes87: checks
cepzorr: bets $6
g4mes87: calls $6
*** SHOW DOWN ***
cepzorr: shows [8d 9s] (a pair of Queens)
g4mes87: shows [Ts Kh] (a pair of Queens - King kicker)
g4mes87 collected $47.50 from pot
*** SUMMARY ***
Total pot $48 | Rake $0.50
Board [2h 7c 3h Qh Qd]
Seat 1: cepzorr (button) (small blind) showed [8d 9s] and lost with a pair of Queens
Seat 2: g4mes87 (big blind) showed [Ts Kh] and won ($47.50) with a pair of Queens


PokerStars Hand #145637226362:  Hold'em Limit ($3/$6 USD) - 2015/12/20 11:04:49 ET
Table 'Liguria II' 2-max Seat #2 is the button
Seat 1: cepzorr ($95.10 in chips)
Seat 2: g4mes87 ($110.36 in chips)
g4mes87: posts small blind $1
cepzorr: posts big blind $3
*** HOLE CARDS ***
g4mes87: raises $3 to $6
cepzorr: calls $3
*** FLOP *** [6d 8d 4d]
cepzorr: bets $3
g4mes87: raises $3 to $6
cepzorr: calls $3
*** TURN *** [6d 8d 4d] [Kd]
cepzorr: bets $6
g4mes87: calls $6
*** RIVER *** [6d 8d 4d Kd] [5h]
cepzorr: bets $6
g4mes87: calls $6
*** SHOW DOWN ***
cepzorr: shows [Ad 2s] (a flush, Ace high)
g4mes87: mucks hand
cepzorr collected $47.50 from pot
*** SUMMARY ***
Total pot $48 | Rake $0.50
Board [6d 8d 4d Kd 5h]
Seat 1: cepzorr (big blind) showed [Ad 2s] and won ($47.50) with a flush, Ace high
Seat 2: g4mes87 (button) (small blind) mucked


PokerStars Hand #145637209246:  Hold'em Limit ($3/$6 USD) - 2015/12/20 11:04:30 ET
Table 'Liguria II' 2-max Seat #1 is the button
Seat 1: cepzorr ($77.60 in chips)
Seat 2: g4mes87 ($68.36 in chips)
cepzorr: posts small blind $1
g4mes87: posts big blind $3
*** HOLE CARDS ***
cepzorr: raises $3 to $6
g4mes87: raises $3 to $9
cepzorr: calls $3
*** FLOP *** [2s Td 3d]
g4mes87: bets $3
cepzorr: calls $3
*** TURN *** [2s Td 3d] [7h]
g4mes87: bets $6
cepzorr: calls $6
*** RIVER *** [2s Td 3d 7h] [4d]
g4mes87: checks
cepzorr: bets $6
g4mes87: folds
Uncalled bet ($6) returned to cepzorr
cepzorr collected $35.50 from pot
cepzorr: doesn't show hand
*** SUMMARY ***
Total pot $36 | Rake $0.50
Board [2s Td 3d 7h 4d]
Seat 1: cepzorr (button) (small blind) collected ($35.50)
Seat 2: g4mes87 (big blind) folded on the River


PokerStars Hand #145637195878:  Hold'em Limit ($3/$6 USD) - 2015/12/20 11:04:15 ET
Table 'Liguria II' 2-max Seat #2 is the button
Seat 1: cepzorr ($48.10 in chips)
Seat 2: g4mes87 ($98.36 in chips)
g4mes87: posts small blind $1
cepzorr: posts big blind $3
*** HOLE CARDS ***
g4mes87: raises $3 to $6
cepzorr: raises $3 to $9
g4mes87: calls $3
*** FLOP *** [Th 4h 9h]
cepzorr: bets $3
g4mes87: calls $3
*** TURN *** [Th 4h 9h] [8s]
cepzorr: bets $6
g4mes87: raises $6 to $12
cepzorr: calls $6
*** RIVER *** [Th 4h 9h 8s] [8c]
cepzorr: bets $6
g4mes87: calls $6
*** SHOW DOWN ***
cepzorr: shows [Qd Tc] (two pair, Tens and Eights)
g4mes87: mucks hand
cepzorr collected $59.50 from pot
*** SUMMARY ***
Total pot $60 | Rake $0.50
Board [Th 4h 9h 8s 8c]
Seat 1: cepzorr (big blind) showed [Qd Tc] and won ($59.50) with two pair, Tens and Eights
Seat 2: g4mes87 (button) (small blind) mucked


PokerStars Hand #145637191215:  Hold'em Limit ($3/$6 USD) - 2015/12/20 11:04:09 ET
Table 'Liguria II' 2-max Seat #1 is the button
Seat 1: cepzorr ($49.10 in chips)
Seat 2: g4mes87 ($97.36 in chips)
cepzorr: posts small blind $1
g4mes87: posts big blind $3
*** HOLE CARDS ***
cepzorr: folds
Uncalled bet ($2) returned to g4mes87
g4mes87 collected $2 from pot
g4mes87: doesn't show hand
*** SUMMARY ***
Total pot $2 | Rake $0
Seat 1: cepzorr (button) (small blind) folded before Flop
Seat 2: g4mes87 (big blind) collected ($2)


PokerStars Hand #145637249844:  Hold'em Limit ($3/$6 USD) - 2015/12/20 11:05:15 ET
Table 'Liguria II' 2-max Seat #2 is the button
Seat 1: cepzorr ($109.60 in chips)
Seat 2: g4mes87 ($95 in chips)
g4mes87: posts small blind $1
cepzorr: posts big blind $3
*** HOLE CARDS ***
g4mes87: raises $3 to $6
cepzorr: calls $3
*** FLOP *** [7c Tc 2c]
cepzorr: checks
g4mes87: bets $3
cepzorr: folds
Uncalled bet ($3) returned to g4mes87
g4mes87 collected $11.76 from pot
g4mes87: doesn't show hand
cepzorr leaves the table
*** SUMMARY ***
Total pot $12 | Rake $0.24
Board [7c Tc 2c]
Seat 1: cepzorr (big blind) folded on the Flop
Seat 2: g4mes87 (button) (small blind) collected ($11.76)


PokerStars Hand #145637238771:  Hold'em Limit ($3/$6 USD) - 2015/12/20 11:05:03 ET
Table 'Liguria II' 2-max Seat #1 is the button
Seat 1: cepzorr ($118.60 in chips)
Seat 2: g4mes87 ($86.36 in chips)
cepzorr: posts small blind $1
g4mes87: posts big blind $3
*** HOLE CARDS ***
cepzorr: raises $3 to $6
g4mes87: raises $3 to $9
cepzorr: calls $3
*** FLOP *** [Ad 3h Kh]
g4mes87: bets $3
cepzorr: folds
Uncalled bet ($3) returned to g4mes87
g4mes87 collected $17.64 from pot
g4mes87: doesn't show hand
*** SUMMARY ***
Total pot $18 | Rake $0.36
Board [Ad 3h Kh]
Seat 1: cepzorr (button) (small blind) folded on the Flop
Seat 2: g4mes87 (big blind) collected ($17.64)


PokerStars Hand #145637837968:  Hold'em Limit ($3/$6 USD) - 2015/12/20 11:16:15 ET
Table 'Liguria II' 2-max Seat #1 is the button
Seat 1: RAFAELO_440 ($130.18 in chips)
Seat 2: g4mes87 ($85.02 in chips)
RAFAELO_440: posts small blind $1
g4mes87: posts big blind $3
*** HOLE CARDS ***
RAFAELO_440: raises $3 to $6
g4mes87: calls $3
*** FLOP *** [5c 8d 2c]
g4mes87: checks
RAFAELO_440: checks
*** TURN *** [5c 8d 2c] [Kh]
g4mes87: checks
RAFAELO_440: checks
*** RIVER *** [5c 8d 2c Kh] [Tc]
g4mes87: bets $6
RAFAELO_440: folds
Uncalled bet ($6) returned to g4mes87
g4mes87 collected $11.76 from pot
g4mes87: doesn't show hand
*** SUMMARY ***
Total pot $12 | Rake $0.24
Board [5c 8d 2c Kh Tc]
Seat 1: RAFAELO_440 (button) (small blind) folded on the River
Seat 2: g4mes87 (big blind) collected ($11.76)


PokerStars Hand #145637849399:  Hold'em Limit ($3/$6 USD) - 2015/12/20 11:16:27 ET
Table 'Liguria II' 2-max Seat #2 is the button
Seat 1: RAFAELO_440 ($124.18 in chips)
Seat 2: g4mes87 ($90.78 in chips)
g4mes87: posts small blind $1
RAFAELO_440: posts big blind $3
*** HOLE CARDS ***
g4mes87: raises $3 to $6
RAFAELO_440: calls $3
*** FLOP *** [4d Ad Kd]
RAFAELO_440: checks
g4mes87: bets $3
RAFAELO_440: calls $3
*** TURN *** [4d Ad Kd] [Ac]
RAFAELO_440: checks
g4mes87: bets $6
RAFAELO_440: calls $6
*** RIVER *** [4d Ad Kd Ac] [2s]
RAFAELO_440: checks
g4mes87: bets $6
RAFAELO_440: folds
Uncalled bet ($6) returned to g4mes87
g4mes87 collected $29.50 from pot
g4mes87: doesn't show hand
*** SUMMARY ***
Total pot $30 | Rake $0.50
Board [4d Ad Kd Ac 2s]
Seat 1: RAFAELO_440 (big blind) folded on the River
Seat 2: g4mes87 (button) (small blind) collected ($29.50)


PokerStars Hand #145637866203:  Hold'em Limit ($3/$6 USD) - 2015/12/20 11:16:46 ET
Table 'Liguria II' 2-max Seat #1 is the button
Seat 1: RAFAELO_440 ($109.18 in chips)
Seat 2: g4mes87 ($105.28 in chips)
RAFAELO_440: posts small blind $1
g4mes87: posts big blind $3
*** HOLE CARDS ***
RAFAELO_440: raises $3 to $6
g4mes87: calls $3
*** FLOP *** [Td 5s 3s]
g4mes87: checks
RAFAELO_440: checks
*** TURN *** [Td 5s 3s] [Kh]
g4mes87: bets $6
RAFAELO_440: folds
Uncalled bet ($6) returned to g4mes87
g4mes87 collected $11.76 from pot
g4mes87: doesn't show hand
*** SUMMARY ***
Total pot $12 | Rake $0.24
Board [Td 5s 3s Kh]
Seat 1: RAFAELO_440 (button) (small blind) folded on the Turn
Seat 2: g4mes87 (big blind) collected ($11.76)


PokerStars Hand #145637873398:  Hold'em Limit ($3/$6 USD) - 2015/12/20 11:16:54 ET
Table 'Liguria II' 2-max Seat #2 is the button
Seat 1: RAFAELO_440 ($103.18 in chips)
Seat 2: g4mes87 ($111.04 in chips)
g4mes87: posts small blind $1
RAFAELO_440: posts big blind $3
*** HOLE CARDS ***
g4mes87: raises $3 to $6
RAFAELO_440: calls $3
*** FLOP *** [3d 4s 9d]
RAFAELO_440: checks
g4mes87: bets $3
RAFAELO_440: calls $3
*** TURN *** [3d 4s 9d] [Jc]
RAFAELO_440: checks
g4mes87: bets $6
RAFAELO_440: calls $6
*** RIVER *** [3d 4s 9d Jc] [Tc]
RAFAELO_440: checks
g4mes87: checks
*** SHOW DOWN ***
RAFAELO_440: shows [4d Kh] (a pair of Fours)
g4mes87: mucks hand
RAFAELO_440 collected $29.50 from pot
*** SUMMARY ***
Total pot $30 | Rake $0.50
Board [3d 4s 9d Jc Tc]
Seat 1: RAFAELO_440 (big blind) showed [4d Kh] and won ($29.50) with a pair of Fours
Seat 2: g4mes87 (button) (small blind) mucked


PokerStars Hand #145637886021:  Hold'em Limit ($3/$6 USD) - 2015/12/20 11:17:09 ET
Table 'Liguria II' 2-max Seat #1 is the button
Seat 1: RAFAELO_440 ($117.68 in chips)
Seat 2: g4mes87 ($96.04 in chips)
RAFAELO_440: posts small blind $1
g4mes87: posts big blind $3
*** HOLE CARDS ***
RAFAELO_440: raises $3 to $6
g4mes87: calls $3
*** FLOP *** [Qh 3h 5d]
g4mes87: checks
RAFAELO_440: bets $3
g4mes87: calls $3
*** TURN *** [Qh 3h 5d] [Tc]
g4mes87: checks
RAFAELO_440: bets $6
g4mes87: folds
Uncalled bet ($6) returned to RAFAELO_440
RAFAELO_440 collected $17.64 from pot
RAFAELO_440: doesn't show hand
*** SUMMARY ***
Total pot $18 | Rake $0.36
Board [Qh 3h 5d Tc]
Seat 1: RAFAELO_440 (button) (small blind) collected ($17.64)
Seat 2: g4mes87 (big blind) folded on the Turn


PokerStars Hand #145637901627:  Hold'em Limit ($3/$6 USD) - 2015/12/20 11:17:26 ET
Table 'Liguria II' 2-max Seat #2 is the button
Seat 1: RAFAELO_440 ($126.32 in chips)
Seat 2: g4mes87 ($87.04 in chips)
g4mes87: posts small blind $1
RAFAELO_440: posts big blind $3
*** HOLE CARDS ***
g4mes87: raises $3 to $6
RAFAELO_440: calls $3
*** FLOP *** [Ad Kh Jd]
RAFAELO_440: checks
g4mes87: bets $3
RAFAELO_440: calls $3
*** TURN *** [Ad Kh Jd] [9c]
RAFAELO_440: checks
g4mes87: bets $6
RAFAELO_440: folds
Uncalled bet ($6) returned to g4mes87
g4mes87 collected $17.64 from pot
g4mes87: doesn't show hand
*** SUMMARY ***
Total pot $18 | Rake $0.36
Board [Ad Kh Jd 9c]
Seat 1: RAFAELO_440 (big blind) folded on the Turn
Seat 2: g4mes87 (button) (small blind) collected ($17.64)


PokerStars Hand #145637910515:  Hold'em Limit ($3/$6 USD) - 2015/12/20 11:17:36 ET
Table 'Liguria II' 2-max Seat #1 is the button
Seat 1: RAFAELO_440 ($117.32 in chips)
Seat 2: g4mes87 ($95.68 in chips)
RAFAELO_440: posts small blind $1
g4mes87: posts big blind $3
*** HOLE CARDS ***
RAFAELO_440: raises $3 to $6
g4mes87: calls $3
*** FLOP *** [Jh 8s 8c]
g4mes87: checks
RAFAELO_440: checks
*** TURN *** [Jh 8s 8c] [3h]
g4mes87: bets $6
RAFAELO_440: calls $6
*** RIVER *** [Jh 8s 8c 3h] [Ad]
g4mes87: bets $6
RAFAELO_440: folds
Uncalled bet ($6) returned to g4mes87
g4mes87 collected $23.52 from pot
g4mes87: doesn't show hand
*** SUMMARY ***
Total pot $24 | Rake $0.48
Board [Jh 8s 8c 3h Ad]
Seat 1: RAFAELO_440 (button) (small blind) folded on the River
Seat 2: g4mes87 (big blind) collected ($23.52)


PokerStars Hand #145637931677:  Hold'em Limit ($3/$6 USD) - 2015/12/20 11:18:00 ET
Table 'Liguria II' 2-max Seat #1 is the button
Seat 1: RAFAELO_440 ($84.32 in chips)
Seat 2: g4mes87 ($127.70 in chips)
RAFAELO_440: posts small blind $1
g4mes87: posts big blind $3
*** HOLE CARDS ***
RAFAELO_440: raises $3 to $6
g4mes87: raises $3 to $9
RAFAELO_440: calls $3
*** FLOP *** [Ts 9h Qc]
g4mes87: bets $3
RAFAELO_440: calls $3
*** TURN *** [Ts 9h Qc] [Kd]
g4mes87: bets $6
RAFAELO_440: folds
Uncalled bet ($6) returned to g4mes87
g4mes87 collected $23.52 from pot
g4mes87: doesn't show hand
*** SUMMARY ***
Total pot $24 | Rake $0.48
Board [Ts 9h Qc Kd]
Seat 1: RAFAELO_440 (button) (small blind) folded on the Turn
Seat 2: g4mes87 (big blind) collected ($23.52)


PokerStars Hand #145637919574:  Hold'em Limit ($3/$6 USD) - 2015/12/20 11:17:46 ET
Table 'Liguria II' 2-max Seat #2 is the button
Seat 1: RAFAELO_440 ($105.32 in chips)
Seat 2: g4mes87 ($107.20 in chips)
g4mes87: posts small blind $1
RAFAELO_440: posts big blind $3
*** HOLE CARDS ***
g4mes87: raises $3 to $6
RAFAELO_440: calls $3
*** FLOP *** [Qh 3s 9s]
RAFAELO_440: checks
g4mes87: bets $3
RAFAELO_440: calls $3
*** TURN *** [Qh 3s 9s] [4d]
RAFAELO_440: checks
g4mes87: bets $6
RAFAELO_440: calls $6
*** RIVER *** [Qh 3s 9s 4d] [7s]
RAFAELO_440: checks
g4mes87: bets $6
RAFAELO_440: calls $6
*** SHOW DOWN ***
g4mes87: shows [Ad 9c] (a pair of Nines)
RAFAELO_440: mucks hand
g4mes87 collected $41.50 from pot
*** SUMMARY ***
Total pot $42 | Rake $0.50
Board [Qh 3s 9s 4d 7s]
Seat 1: RAFAELO_440 (big blind) mucked
Seat 2: g4mes87 (button) (small blind) showed [Ad 9c] and won ($41.50) with a pair of Nines


PokerStars Hand #145637939931:  Hold'em Limit ($3/$6 USD) - 2015/12/20 11:18:09 ET
Table 'Liguria II' 2-max Seat #2 is the button
Seat 1: RAFAELO_440 ($72.32 in chips)
Seat 2: g4mes87 ($139.22 in chips)
g4mes87: posts small blind $1
RAFAELO_440: posts big blind $3
*** HOLE CARDS ***
g4mes87: raises $3 to $6
RAFAELO_440: calls $3
*** FLOP *** [Ts 5c Kh]
RAFAELO_440: checks
g4mes87: bets $3
RAFAELO_440: calls $3
*** TURN *** [Ts 5c Kh] [8h]
RAFAELO_440: checks
g4mes87: bets $6
RAFAELO_440: calls $6
*** RIVER *** [Ts 5c Kh 8h] [6s]
RAFAELO_440: checks
g4mes87: bets $6
RAFAELO_440: calls $6
*** SHOW DOWN ***
g4mes87: shows [5d 8d] (two pair, Eights and Fives)
RAFAELO_440: mucks hand
g4mes87 collected $41.50 from pot
*** SUMMARY ***
Total pot $42 | Rake $0.50
Board [Ts 5c Kh 8h 6s]
Seat 1: RAFAELO_440 (big blind) mucked
Seat 2: g4mes87 (button) (small blind) showed [5d 8d] and won ($41.50) with two pair, Eights and Fives


PokerStars Hand #145637972394:  Hold'em Limit ($3/$6 USD) - 2015/12/20 11:18:45 ET
Table 'Liguria II' 2-max Seat #1 is the button
Seat 1: RAFAELO_440 ($51.32 in chips)
Seat 2: g4mes87 ($159.72 in chips)
RAFAELO_440: posts small blind $1
g4mes87: posts big blind $3
*** HOLE CARDS ***
RAFAELO_440: raises $3 to $6
g4mes87: calls $3
*** FLOP *** [5h Qc 2s]
g4mes87: checks
RAFAELO_440: checks
*** TURN *** [5h Qc 2s] [Jc]
g4mes87: bets $6
RAFAELO_440: calls $6
*** RIVER *** [5h Qc 2s Jc] [Ah]
g4mes87: bets $6
RAFAELO_440: calls $6
*** SHOW DOWN ***
g4mes87: shows [2d Jh] (two pair, Jacks and Deuces)
RAFAELO_440: mucks hand
g4mes87 collected $35.50 from pot
*** SUMMARY ***
Total pot $36 | Rake $0.50
Board [5h Qc 2s Jc Ah]
Seat 1: RAFAELO_440 (button) (small blind) mucked
Seat 2: g4mes87 (big blind) showed [2d Jh] and won ($35.50) with two pair, Jacks and Deuces


PokerStars Hand #145637982675:  Hold'em Limit ($3/$6 USD) - 2015/12/20 11:18:56 ET
Table 'Liguria II' 2-max Seat #2 is the button
Seat 1: RAFAELO_440 ($33.32 in chips)
Seat 2: g4mes87 ($177.22 in chips)
g4mes87: posts small blind $1
RAFAELO_440: posts big blind $3
*** HOLE CARDS ***
g4mes87: raises $3 to $6
RAFAELO_440: raises $3 to $9
g4mes87: calls $3
*** FLOP *** [Qd 3d 9h]
RAFAELO_440: bets $3
g4mes87: calls $3
*** TURN *** [Qd 3d 9h] [3h]
RAFAELO_440: bets $6
g4mes87: raises $6 to $12
RAFAELO_440: raises $6 to $18
g4mes87: raises $6 to $24
Betting is capped
RAFAELO_440: calls $3.32 and is all-in
Uncalled bet ($2.68) returned to g4mes87
*** RIVER *** [Qd 3d 9h 3h] [8h]
*** SHOW DOWN ***
RAFAELO_440: shows [Jd 9d] (two pair, Nines and Threes)
g4mes87: shows [Js Td] (a straight, Eight to Queen)
g4mes87 collected $66.14 from pot
*** SUMMARY ***
Total pot $66.64 | Rake $0.50
Board [Qd 3d 9h 3h 8h]
Seat 1: RAFAELO_440 (big blind) showed [Jd 9d] and lost with two pair, Nines and Threes
Seat 2: g4mes87 (button) (small blind) showed [Js Td] and won ($66.14) with a straight, Eight to Queen


PokerStars Hand #145641440753:  Hold'em Limit ($3/$6 USD) - 2015/12/20 12:23:16 ET
Table 'Liguria II' 2-max Seat #2 is the button
Seat 1: Donroyos ($213.76 in chips)
Seat 2: g4mes87 ($208.04 in chips)
g4mes87: posts small blind $1
Donroyos: posts big blind $3
*** HOLE CARDS ***
g4mes87: raises $3 to $6
Donroyos: raises $3 to $9
g4mes87: calls $3
*** FLOP *** [3s 2d Ah]
Donroyos: bets $3
g4mes87: calls $3
*** TURN *** [3s 2d Ah] [6c]
Donroyos: bets $6
g4mes87: calls $6
*** RIVER *** [3s 2d Ah 6c] [6s]
Donroyos: checks
g4mes87: bets $6
Donroyos: folds
Uncalled bet ($6) returned to g4mes87
g4mes87 collected $35.50 from pot
g4mes87: doesn't show hand
*** SUMMARY ***
Total pot $36 | Rake $0.50
Board [3s 2d Ah 6c 6s]
Seat 1: Donroyos (big blind) folded on the River
Seat 2: g4mes87 (button) (small blind) collected ($35.50)


PokerStars Hand #145641462251:  Hold'em Limit ($3/$6 USD) - 2015/12/20 12:23:38 ET
Table 'Liguria II' 2-max Seat #1 is the button
Seat 1: Donroyos ($195.76 in chips)
Seat 2: g4mes87 ($225.54 in chips)
Donroyos: posts small blind $1
g4mes87: posts big blind $3
*** HOLE CARDS ***
Donroyos: raises $3 to $6
g4mes87: raises $3 to $9
Donroyos: calls $3
*** FLOP *** [Tc 2d Th]
g4mes87: bets $3
Donroyos: raises $3 to $6
g4mes87: calls $3
*** TURN *** [Tc 2d Th] [Ac]
g4mes87: checks
Donroyos: bets $6
g4mes87: calls $6
*** RIVER *** [Tc 2d Th Ac] [Qc]
g4mes87: checks
Donroyos: checks
*** SHOW DOWN ***
g4mes87: shows [As Qh] (two pair, Aces and Queens)
Donroyos: mucks hand
g4mes87 collected $41.50 from pot
*** SUMMARY ***
Total pot $42 | Rake $0.50
Board [Tc 2d Th Ac Qc]
Seat 1: Donroyos (button) (small blind) mucked
Seat 2: g4mes87 (big blind) showed [As Qh] and won ($41.50) with two pair, Aces and Queens


PokerStars Hand #145643451823:  Hold'em Limit ($3/$6 USD) - 2015/12/20 12:59:05 ET
Table 'Liguria II' 2-max Seat #2 is the button
Seat 1: cepzorr ($47.50 in chips)
Seat 2: g4mes87 ($257.04 in chips)
g4mes87: posts small blind $1
cepzorr: posts big blind $3
*** HOLE CARDS ***
g4mes87: raises $3 to $6
cepzorr: calls $3
*** FLOP *** [Kc 9h 7c]
cepzorr: checks
g4mes87: bets $3
cepzorr: folds
Uncalled bet ($3) returned to g4mes87
g4mes87 collected $11.76 from pot
g4mes87: doesn't show hand
*** SUMMARY ***
Total pot $12 | Rake $0.24
Board [Kc 9h 7c]
Seat 1: cepzorr (big blind) folded on the Flop
Seat 2: g4mes87 (button) (small blind) collected ($11.76)


PokerStars Hand #145643439381:  Hold'em Limit ($3/$6 USD) - 2015/12/20 12:58:48 ET
Table 'Liguria II' 2-max Seat #1 is the button
Seat 1: cepzorr ($30 in chips)
Seat 2: g4mes87 ($275.04 in chips)
cepzorr: posts small blind $1
g4mes87: posts big blind $3
*** HOLE CARDS ***
cepzorr: raises $3 to $6
g4mes87: raises $3 to $9
cepzorr: calls $3
*** FLOP *** [2s 2d 5c]
g4mes87: bets $3
cepzorr: calls $3
*** TURN *** [2s 2d 5c] [6c]
g4mes87: bets $6
cepzorr: calls $6
*** RIVER *** [2s 2d 5c 6c] [4h]
g4mes87: checks
cepzorr: bets $6
g4mes87: folds
Uncalled bet ($6) returned to cepzorr
cepzorr collected $35.50 from pot
cepzorr: doesn't show hand
*** SUMMARY ***
Total pot $36 | Rake $0.50
Board [2s 2d 5c 6c 4h]
Seat 1: cepzorr (button) (small blind) collected ($35.50)
Seat 2: g4mes87 (big blind) folded on the River


PokerStars Hand #145643415285:  Hold'em Limit ($3/$6 USD) - 2015/12/20 12:58:14 ET
Table 'Liguria II' 2-max Seat #2 is the button
Seat 1: cepzorr ($14 in chips)
Seat 2: g4mes87 ($261.54 in chips)
g4mes87: posts small blind $1
cepzorr: posts big blind $3
*** HOLE CARDS ***
g4mes87: raises $3 to $6
cepzorr: raises $3 to $9
g4mes87: raises $3 to $12
Betting is capped
cepzorr: calls $3
*** FLOP *** [Jd Th 4c]
cepzorr: bets $2 and is all-in
g4mes87: calls $2
*** TURN *** [Jd Th 4c] [Td]
*** RIVER *** [Jd Th 4c Td] [8d]
*** SHOW DOWN ***
cepzorr: shows [Kh 5s] (a pair of Tens)
g4mes87: shows [Qh Jh] (two pair, Jacks and Tens)
g4mes87 collected $27.50 from pot
*** SUMMARY ***
Total pot $28 | Rake $0.50
Board [Jd Th 4c Td 8d]
Seat 1: cepzorr (big blind) showed [Kh 5s] and lost with a pair of Tens
Seat 2: g4mes87 (button) (small blind) showed [Qh Jh] and won ($27.50) with two pair, Jacks and Tens


PokerStars Hand #145643485171:  Hold'em Limit ($3/$6 USD) - 2015/12/20 12:59:50 ET
Table 'Liguria II' 2-max Seat #2 is the button
Seat 1: cepzorr ($62 in chips)
Seat 2: g4mes87 ($241.44 in chips)
g4mes87: posts small blind $1
cepzorr: posts big blind $3
*** HOLE CARDS ***
g4mes87: raises $3 to $6
cepzorr: calls $3
*** FLOP *** [2c 2d 5h]
cepzorr: checks
g4mes87: bets $3
cepzorr: folds
Uncalled bet ($3) returned to g4mes87
g4mes87 collected $11.76 from pot
g4mes87: doesn't show hand
*** SUMMARY ***
Total pot $12 | Rake $0.24
Board [2c 2d 5h]
Seat 1: cepzorr (big blind) folded on the Flop
Seat 2: g4mes87 (button) (small blind) collected ($11.76)


PokerStars Hand #145643481368:  Hold'em Limit ($3/$6 USD) - 2015/12/20 12:59:45 ET
Table 'Liguria II' 2-max Seat #1 is the button
Seat 1: cepzorr ($59 in chips)
Seat 2: g4mes87 ($244.44 in chips)
cepzorr: posts small blind $1
g4mes87: posts big blind $3
*** HOLE CARDS ***
cepzorr: raises $3 to $6
g4mes87: folds
Uncalled bet ($3) returned to cepzorr
cepzorr collected $6 from pot
cepzorr: doesn't show hand
*** SUMMARY ***
Total pot $6 | Rake $0
Seat 1: cepzorr (button) (small blind) collected ($6)
Seat 2: g4mes87 (big blind) folded before Flop


PokerStars Hand #145643472251:  Hold'em Limit ($3/$6 USD) - 2015/12/20 12:59:33 ET
Table 'Liguria II' 2-max Seat #2 is the button
Seat 1: cepzorr ($68 in chips)
Seat 2: g4mes87 ($235.80 in chips)
g4mes87: posts small blind $1
cepzorr: posts big blind $3
*** HOLE CARDS ***
g4mes87: raises $3 to $6
cepzorr: calls $3
*** FLOP *** [4d Qs Qd]
cepzorr: checks
g4mes87: bets $3
cepzorr: calls $3
*** TURN *** [4d Qs Qd] [3d]
cepzorr: checks
g4mes87: bets $6
cepzorr: folds
Uncalled bet ($6) returned to g4mes87
g4mes87 collected $17.64 from pot
g4mes87: doesn't show hand
*** SUMMARY ***
Total pot $18 | Rake $0.36
Board [4d Qs Qd 3d]
Seat 1: cepzorr (big blind) folded on the Turn
Seat 2: g4mes87 (button) (small blind) collected ($17.64)


PokerStars Hand #145643457871:  Hold'em Limit ($3/$6 USD) - 2015/12/20 12:59:13 ET
Table 'Liguria II' 2-max Seat #1 is the button
Seat 1: cepzorr ($41.50 in chips)
Seat 2: g4mes87 ($262.80 in chips)
cepzorr: posts small blind $1
g4mes87: posts big blind $3
*** HOLE CARDS ***
cepzorr: raises $3 to $6
g4mes87: raises $3 to $9
cepzorr: raises $3 to $12
Betting is capped
g4mes87: calls $3
*** FLOP *** [6s As 8s]
g4mes87: checks
cepzorr: bets $3
g4mes87: calls $3
*** TURN *** [6s As 8s] [7s]
g4mes87: checks
cepzorr: bets $6
g4mes87: calls $6
*** RIVER *** [6s As 8s 7s] [8d]
g4mes87: checks
cepzorr: bets $6
g4mes87: calls $6
*** SHOW DOWN ***
cepzorr: shows [Ts Jd] (a flush, Ace high)
g4mes87: mucks hand
cepzorr collected $53.50 from pot
*** SUMMARY ***
Total pot $54 | Rake $0.50
Board [6s As 8s 7s 8d]
Seat 1: cepzorr (button) (small blind) showed [Ts Jd] and won ($53.50) with a flush, Ace high
Seat 2: g4mes87 (big blind) mucked


PokerStars Hand #145643527643:  Hold'em Limit ($3/$6 USD) - 2015/12/20 13:00:43 ET
Table 'Liguria II' 2-max Seat #2 is the button
Seat 1: cepzorr ($82.50 in chips)
Seat 2: g4mes87 ($220.20 in chips)
g4mes87: posts small blind $1
cepzorr: posts big blind $3
*** HOLE CARDS ***
g4mes87: raises $3 to $6
cepzorr: calls $3
*** FLOP *** [5s 7s 6c]
cepzorr: bets $3
g4mes87: calls $3
*** TURN *** [5s 7s 6c] [7h]
cepzorr: checks
g4mes87: checks
*** RIVER *** [5s 7s 6c 7h] [5c]
cepzorr: checks
g4mes87: checks
*** SHOW DOWN ***
cepzorr: shows [2s Kh] (two pair, Sevens and Fives)
g4mes87: shows [Kd Js] (two pair, Sevens and Fives)
cepzorr collected $8.82 from pot
g4mes87 collected $8.82 from pot
*** SUMMARY ***
Total pot $18 | Rake $0.36
Board [5s 7s 6c 7h 5c]
Seat 1: cepzorr (big blind) showed [2s Kh] and won ($8.82) with two pair, Sevens and Fives
Seat 2: g4mes87 (button) (small blind) showed [Kd Js] and won ($8.82) with two pair, Sevens and Fives


PokerStars Hand #145643498023:  Hold'em Limit ($3/$6 USD) - 2015/12/20 13:00:07 ET
Table 'Liguria II' 2-max Seat #1 is the button
Seat 1: cepzorr ($56 in chips)
Seat 2: g4mes87 ($247.20 in chips)
cepzorr: posts small blind $1
g4mes87: posts big blind $3
*** HOLE CARDS ***
cepzorr: raises $3 to $6
g4mes87: calls $3
*** FLOP *** [3s 7d Kc]
g4mes87: checks
cepzorr: bets $3
g4mes87: raises $3 to $6
cepzorr: raises $3 to $9
g4mes87: calls $3
*** TURN *** [3s 7d Kc] [4s]
g4mes87: checks
cepzorr: bets $6
g4mes87: calls $6
*** RIVER *** [3s 7d Kc 4s] [2s]
g4mes87: checks
cepzorr: bets $6
g4mes87: calls $6
*** SHOW DOWN ***
cepzorr: shows [Kh Ac] (a pair of Kings)
g4mes87: mucks hand
cepzorr collected $53.50 from pot
*** SUMMARY ***
Total pot $54 | Rake $0.50
Board [3s 7d Kc 4s 2s]
Seat 1: cepzorr (button) (small blind) showed [Kh Ac] and won ($53.50) with a pair of Kings
Seat 2: g4mes87 (big blind) mucked


PokerStars Hand #145643599683:  Hold'em Limit ($3/$6 USD) - 2015/12/20 13:02:05 ET
Table 'Liguria II' 2-max Seat #1 is the button
Seat 1: cepzorr ($111.22 in chips)
Seat 2: g4mes87 ($189.78 in chips)
cepzorr: posts small blind $1
g4mes87: posts big blind $3
*** HOLE CARDS ***
cepzorr: raises $3 to $6
g4mes87: calls $3
*** FLOP *** [Jc 3c 7d]
g4mes87: checks
cepzorr: checks
*** TURN *** [Jc 3c 7d] [9d]
g4mes87: bets $6
cepzorr: folds
Uncalled bet ($6) returned to g4mes87
g4mes87 collected $11.76 from pot
g4mes87: doesn't show hand
*** SUMMARY ***
Total pot $12 | Rake $0.24
Board [Jc 3c 7d 9d]
Seat 1: cepzorr (button) (small blind) folded on the Turn
Seat 2: g4mes87 (big blind) collected ($11.76)


PokerStars Hand #145643588315:  Hold'em Limit ($3/$6 USD) - 2015/12/20 13:01:53 ET
Table 'Liguria II' 2-max Seat #2 is the button
Seat 1: cepzorr ($102.58 in chips)
Seat 2: g4mes87 ($198.78 in chips)
g4mes87: posts small blind $1
cepzorr: posts big blind $3
*** HOLE CARDS ***
g4mes87: raises $3 to $6
cepzorr: raises $3 to $9
g4mes87: calls $3
*** FLOP *** [As Ts 3d]
cepzorr: bets $3
g4mes87: folds
Uncalled bet ($3) returned to cepzorr
cepzorr collected $17.64 from pot
cepzorr: doesn't show hand
*** SUMMARY ***
Total pot $18 | Rake $0.36
Board [As Ts 3d]
Seat 1: cepzorr (big blind) collected ($17.64)
Seat 2: g4mes87 (button) (small blind) folded on the Flop


PokerStars Hand #145643578735:  Hold'em Limit ($3/$6 USD) - 2015/12/20 13:01:43 ET
Table 'Liguria II' 2-max Seat #1 is the button
Seat 1: cepzorr ($96.82 in chips)
Seat 2: g4mes87 ($204.78 in chips)
cepzorr: posts small blind $1
g4mes87: posts big blind $3
*** HOLE CARDS ***
cepzorr: raises $3 to $6
g4mes87: calls $3
*** FLOP *** [6c 7c 8s]
g4mes87: checks
cepzorr: bets $3
g4mes87: folds
Uncalled bet ($3) returned to cepzorr
cepzorr collected $11.76 from pot
cepzorr: doesn't show hand
*** SUMMARY ***
Total pot $12 | Rake $0.24
Board [6c 7c 8s]
Seat 1: cepzorr (button) (small blind) collected ($11.76)
Seat 2: g4mes87 (big blind) folded on the Flop


PokerStars Hand #145643554969:  Hold'em Limit ($3/$6 USD) - 2015/12/20 13:01:16 ET
Table 'Liguria II' 2-max Seat #2 is the button
Seat 1: cepzorr ($76.32 in chips)
Seat 2: g4mes87 ($225.78 in chips)
g4mes87: posts small blind $1
cepzorr: posts big blind $3
*** HOLE CARDS ***
g4mes87: raises $3 to $6
cepzorr: calls $3
*** FLOP *** [5s Kd As]
cepzorr: bets $3
g4mes87: calls $3
*** TURN *** [5s Kd As] [8s]
cepzorr: bets $6
g4mes87: calls $6
*** RIVER *** [5s Kd As 8s] [6d]
cepzorr: checks
g4mes87: bets $6
cepzorr: calls $6
*** SHOW DOWN ***
g4mes87: shows [Kc 4d] (a pair of Kings)
cepzorr: shows [9d Kh] (a pair of Kings - Ace+Nine kicker)
cepzorr collected $41.50 from pot
*** SUMMARY ***
Total pot $42 | Rake $0.50
Board [5s Kd As 8s 6d]
Seat 1: cepzorr (big blind) showed [9d Kh] and won ($41.50) with a pair of Kings
Seat 2: g4mes87 (button) (small blind) showed [Kc 4d] and lost with a pair of Kings


PokerStars Hand #145643655632:  Hold'em Limit ($3/$6 USD) - 2015/12/20 13:03:02 ET
Table 'Liguria II' 2-max Seat #2 is the button
Seat 1: cepzorr ($131.48 in chips)
Seat 2: g4mes87 ($168.54 in chips)
g4mes87: posts small blind $1
cepzorr: posts big blind $3
*** HOLE CARDS ***
g4mes87: raises $3 to $6
cepzorr: raises $3 to $9
g4mes87: calls $3
*** FLOP *** [Ah As Ac]
cepzorr: bets $3
g4mes87: calls $3
*** TURN *** [Ah As Ac] [Td]
cepzorr: bets $6
g4mes87: folds
Uncalled bet ($6) returned to cepzorr
cepzorr collected $23.52 from pot
cepzorr: doesn't show hand
*** SUMMARY ***
Total pot $24 | Rake $0.48
Board [Ah As Ac Td]
Seat 1: cepzorr (big blind) collected ($23.52)
Seat 2: g4mes87 (button) (small blind) folded on the Turn


PokerStars Hand #145643644540:  Hold'em Limit ($3/$6 USD) - 2015/12/20 13:02:51 ET
Table 'Liguria II' 2-max Seat #1 is the button
Seat 1: cepzorr ($125.72 in chips)
Seat 2: g4mes87 ($174.54 in chips)
cepzorr: posts small blind $1
g4mes87: posts big blind $3
*** HOLE CARDS ***
cepzorr: raises $3 to $6
g4mes87: calls $3
*** FLOP *** [9d Ac 7s]
g4mes87: checks
cepzorr: bets $3
g4mes87: folds
Uncalled bet ($3) returned to cepzorr
cepzorr collected $11.76 from pot
cepzorr: doesn't show hand
*** SUMMARY ***
Total pot $12 | Rake $0.24
Board [9d Ac 7s]
Seat 1: cepzorr (button) (small blind) collected ($11.76)
Seat 2: g4mes87 (big blind) folded on the Flop


PokerStars Hand #145643707326:  Hold'em Limit ($3/$6 USD) - 2015/12/20 13:03:54 ET
Table 'Liguria II' 2-max Seat #2 is the button
Seat 1: cepzorr ($125 in chips)
Seat 2: g4mes87 ($173.80 in chips)
g4mes87: posts small blind $1
cepzorr: posts big blind $3
*** HOLE CARDS ***
g4mes87: raises $3 to $6
cepzorr: calls $3
*** FLOP *** [Qd 4s 6h]
cepzorr: bets $3
g4mes87: calls $3
*** TURN *** [Qd 4s 6h] [2s]
cepzorr: bets $6
g4mes87: calls $6
*** RIVER *** [Qd 4s 6h 2s] [Jc]
cepzorr: bets $6
g4mes87: calls $6
*** SHOW DOWN ***
cepzorr: shows [6s 3h] (a pair of Sixes)
g4mes87: mucks hand
cepzorr collected $41.50 from pot
*** SUMMARY ***
Total pot $42 | Rake $0.50
Board [Qd 4s 6h 2s Jc]
Seat 1: cepzorr (big blind) showed [6s 3h] and won ($41.50) with a pair of Sixes
Seat 2: g4mes87 (button) (small blind) mucked


PokerStars Hand #145643702966:  Hold'em Limit ($3/$6 USD) - 2015/12/20 13:03:50 ET
Table 'Liguria II' 2-max Seat #1 is the button
Seat 1: cepzorr ($122 in chips)
Seat 2: g4mes87 ($176.80 in chips)
cepzorr: posts small blind $1
g4mes87: posts big blind $3
*** HOLE CARDS ***
cepzorr: raises $3 to $6
g4mes87: folds
Uncalled bet ($3) returned to cepzorr
cepzorr collected $6 from pot
cepzorr: doesn't show hand
*** SUMMARY ***
Total pot $6 | Rake $0
Seat 1: cepzorr (button) (small blind) collected ($6)
Seat 2: g4mes87 (big blind) folded before Flop


PokerStars Hand #145643693346:  Hold'em Limit ($3/$6 USD) - 2015/12/20 13:03:40 ET
Table 'Liguria II' 2-max Seat #2 is the button
Seat 1: cepzorr ($128 in chips)
Seat 2: g4mes87 ($171.04 in chips)
g4mes87: posts small blind $1
cepzorr: posts big blind $3
*** HOLE CARDS ***
g4mes87: raises $3 to $6
cepzorr: calls $3
*** FLOP *** [8d 3h Ts]
cepzorr: checks
g4mes87: bets $3
cepzorr: folds
Uncalled bet ($3) returned to g4mes87
g4mes87 collected $11.76 from pot
g4mes87: doesn't show hand
*** SUMMARY ***
Total pot $12 | Rake $0.24
Board [8d 3h Ts]
Seat 1: cepzorr (big blind) folded on the Flop
Seat 2: g4mes87 (button) (small blind) collected ($11.76)


PokerStars Hand #145643673822:  Hold'em Limit ($3/$6 USD) - 2015/12/20 13:03:21 ET
Table 'Liguria II' 2-max Seat #1 is the button
Seat 1: cepzorr ($143 in chips)
Seat 2: g4mes87 ($156.54 in chips)
cepzorr: posts small blind $1
g4mes87: posts big blind $3
*** HOLE CARDS ***
cepzorr: raises $3 to $6
g4mes87: calls $3
*** FLOP *** [9d 9s Td]
g4mes87: checks
cepzorr: bets $3
g4mes87: calls $3
*** TURN *** [9d 9s Td] [7d]
g4mes87: checks
cepzorr: bets $6
g4mes87: raises $6 to $12
cepzorr: folds
Uncalled bet ($6) returned to g4mes87
g4mes87 collected $29.50 from pot
g4mes87: doesn't show hand
*** SUMMARY ***
Total pot $30 | Rake $0.50
Board [9d 9s Td 7d]
Seat 1: cepzorr (button) (small blind) folded on the Turn
Seat 2: g4mes87 (big blind) collected ($29.50)


PokerStars Hand #145643721690:  Hold'em Limit ($3/$6 USD) - 2015/12/20 13:04:09 ET
Table 'Liguria II' 2-max Seat #1 is the button
Seat 1: cepzorr ($145.50 in chips)
Seat 2: g4mes87 ($152.80 in chips)
cepzorr: posts small blind $1
g4mes87: posts big blind $3
*** HOLE CARDS ***
cepzorr: raises $3 to $6
g4mes87: calls $3
*** FLOP *** [8s 9d 7h]
g4mes87: checks
cepzorr: checks
*** TURN *** [8s 9d 7h] [5h]
g4mes87: checks
cepzorr: bets $6
g4mes87: calls $6
*** RIVER *** [8s 9d 7h 5h] [As]
g4mes87: checks
cepzorr: checks
*** SHOW DOWN ***
g4mes87: shows [Kh 7s] (a pair of Sevens)
cepzorr: mucks hand
g4mes87 collected $23.52 from pot
*** SUMMARY ***
Total pot $24 | Rake $0.48
Board [8s 9d 7h 5h As]
Seat 1: cepzorr (button) (small blind) mucked
Seat 2: g4mes87 (big blind) showed [Kh 7s] and won ($23.52) with a pair of Sevens


PokerStars Hand #145643744401:  Hold'em Limit ($3/$6 USD) - 2015/12/20 13:04:31 ET
Table 'Liguria II' 2-max Seat #2 is the button
Seat 1: cepzorr ($133.50 in chips)
Seat 2: g4mes87 ($164.32 in chips)
g4mes87: posts small blind $1
cepzorr: posts big blind $3
*** HOLE CARDS ***
g4mes87: raises $3 to $6
cepzorr: raises $3 to $9
g4mes87: calls $3
*** FLOP *** [5s 3h 9c]
cepzorr: bets $3
g4mes87: calls $3
*** TURN *** [5s 3h 9c] [8s]
cepzorr: bets $6
g4mes87: calls $6
*** RIVER *** [5s 3h 9c 8s] [3s]
cepzorr: bets $6
g4mes87: calls $6
*** SHOW DOWN ***
cepzorr: shows [8h 5h] (two pair, Eights and Fives)
g4mes87: mucks hand
cepzorr collected $47.50 from pot
*** SUMMARY ***
Total pot $48 | Rake $0.50
Board [5s 3h 9c 8s 3s]
Seat 1: cepzorr (big blind) showed [8h 5h] and won ($47.50) with two pair, Eights and Fives
Seat 2: g4mes87 (button) (small blind) mucked


PokerStars Hand #145643759622:  Hold'em Limit ($3/$6 USD) - 2015/12/20 13:04:46 ET
Table 'Liguria II' 2-max Seat #1 is the button
Seat 1: cepzorr ($157 in chips)
Seat 2: g4mes87 ($140.32 in chips)
cepzorr: posts small blind $1
g4mes87: posts big blind $3
*** HOLE CARDS ***
cepzorr: raises $3 to $6
g4mes87: raises $3 to $9
cepzorr: calls $3
*** FLOP *** [6d Ad Jh]
g4mes87: bets $3
cepzorr: raises $3 to $6
g4mes87: raises $3 to $9
cepzorr: calls $3
*** TURN *** [6d Ad Jh] [8h]
g4mes87: bets $6
cepzorr: calls $6
*** RIVER *** [6d Ad Jh 8h] [Qs]
g4mes87: bets $6
cepzorr: folds
Uncalled bet ($6) returned to g4mes87
g4mes87 collected $47.50 from pot
g4mes87: doesn't show hand
*** SUMMARY ***
Total pot $48 | Rake $0.50
Board [6d Ad Jh 8h Qs]
Seat 1: cepzorr (button) (small blind) folded on the River
Seat 2: g4mes87 (big blind) collected ($47.50)


PokerStars Hand #145643787915:  Hold'em Limit ($3/$6 USD) - 2015/12/20 13:05:13 ET
Table 'Liguria II' 2-max Seat #1 is the button
Seat 1: cepzorr ($130 in chips)
Seat 2: g4mes87 ($166.82 in chips)
cepzorr: posts small blind $1
g4mes87: posts big blind $3
*** HOLE CARDS ***
cepzorr: folds
Uncalled bet ($2) returned to g4mes87
g4mes87 collected $2 from pot
g4mes87: doesn't show hand
*** SUMMARY ***
Total pot $2 | Rake $0
Seat 1: cepzorr (button) (small blind) folded before Flop
Seat 2: g4mes87 (big blind) collected ($2)


PokerStars Hand #145643782467:  Hold'em Limit ($3/$6 USD) - 2015/12/20 13:05:08 ET
Table 'Liguria II' 2-max Seat #2 is the button
Seat 1: cepzorr ($133 in chips)
Seat 2: g4mes87 ($163.82 in chips)
g4mes87: posts small blind $1
cepzorr: posts big blind $3
*** HOLE CARDS ***
g4mes87: raises $3 to $6
cepzorr: folds
Uncalled bet ($3) returned to g4mes87
g4mes87 collected $6 from pot
g4mes87: doesn't show hand
*** SUMMARY ***
Total pot $6 | Rake $0
Seat 1: cepzorr (big blind) folded before Flop
Seat 2: g4mes87 (button) (small blind) collected ($6)


PokerStars Hand #145643793090:  Hold'em Limit ($3/$6 USD) - 2015/12/20 13:05:19 ET
Table 'Liguria II' 2-max Seat #2 is the button
Seat 1: cepzorr ($129 in chips)
Seat 2: g4mes87 ($167.82 in chips)
g4mes87: posts small blind $1
cepzorr: posts big blind $3
*** HOLE CARDS ***
g4mes87: raises $3 to $6
cepzorr: calls $3
*** FLOP *** [2h 2s 5d]
cepzorr: bets $3
g4mes87: calls $3
*** TURN *** [2h 2s 5d] [Ad]
cepzorr: checks
g4mes87: checks
*** RIVER *** [2h 2s 5d Ad] [4h]
cepzorr: bets $6
g4mes87: folds
Uncalled bet ($6) returned to cepzorr
cepzorr collected $17.64 from pot
cepzorr: doesn't show hand
*** SUMMARY ***
Total pot $18 | Rake $0.36
Board [2h 2s 5d Ad 4h]
Seat 1: cepzorr (big blind) collected ($17.64)
Seat 2: g4mes87 (button) (small blind) folded on the River


PokerStars Hand #145643838460:  Hold'em Limit ($3/$6 USD) - 2015/12/20 13:06:04 ET
Table 'Liguria II' 2-max Seat #1 is the button
Seat 1: cepzorr ($134.40 in chips)
Seat 2: g4mes87 ($161.46 in chips)
cepzorr: posts small blind $1
g4mes87: posts big blind $3
*** HOLE CARDS ***
cepzorr: folds
Uncalled bet ($2) returned to g4mes87
g4mes87 collected $2 from pot
g4mes87: doesn't show hand
*** SUMMARY ***
Total pot $2 | Rake $0
Seat 1: cepzorr (button) (small blind) folded before Flop
Seat 2: g4mes87 (big blind) collected ($2)


PokerStars Hand #145643827249:  Hold'em Limit ($3/$6 USD) - 2015/12/20 13:05:53 ET
Table 'Liguria II' 2-max Seat #2 is the button
Seat 1: cepzorr ($143.40 in chips)
Seat 2: g4mes87 ($152.82 in chips)
g4mes87: posts small blind $1
cepzorr: posts big blind $3
*** HOLE CARDS ***
g4mes87: raises $3 to $6
cepzorr: calls $3
*** FLOP *** [Ad 5s 9d]
cepzorr: bets $3
g4mes87: raises $3 to $6
cepzorr: folds
Uncalled bet ($3) returned to g4mes87
g4mes87 collected $17.64 from pot
g4mes87: doesn't show hand
*** SUMMARY ***
Total pot $18 | Rake $0.36
Board [Ad 5s 9d]
Seat 1: cepzorr (big blind) folded on the Flop
Seat 2: g4mes87 (button) (small blind) collected ($17.64)


PokerStars Hand #145643866029:  Hold'em Limit ($3/$6 USD) - 2015/12/20 13:06:30 ET
Table 'Liguria II' 2-max Seat #1 is the button
Seat 1: cepzorr ($150.90 in chips)
Seat 2: g4mes87 ($144.46 in chips)
cepzorr: posts small blind $1
g4mes87: posts big blind $3
*** HOLE CARDS ***
cepzorr: raises $3 to $6
g4mes87: raises $3 to $9
cepzorr: calls $3
*** FLOP *** [Td Kd 2h]
g4mes87: bets $3
cepzorr: folds
Uncalled bet ($3) returned to g4mes87
g4mes87 collected $17.64 from pot
g4mes87: doesn't show hand
*** SUMMARY ***
Total pot $18 | Rake $0.36
Board [Td Kd 2h]
Seat 1: cepzorr (button) (small blind) folded on the Flop
Seat 2: g4mes87 (big blind) collected ($17.64)


PokerStars Hand #145643843424:  Hold'em Limit ($3/$6 USD) - 2015/12/20 13:06:08 ET
Table 'Liguria II' 2-max Seat #2 is the button
Seat 1: cepzorr ($133.40 in chips)
Seat 2: g4mes87 ($162.46 in chips)
g4mes87: posts small blind $1
cepzorr: posts big blind $3
*** HOLE CARDS ***
g4mes87: raises $3 to $6
cepzorr: raises $3 to $9
g4mes87: calls $3
*** FLOP *** [6s Td 5s]
cepzorr: bets $3
g4mes87: calls $3
*** TURN *** [6s Td 5s] [4s]
cepzorr: bets $6
g4mes87: calls $6
*** RIVER *** [6s Td 5s 4s] [2c]
cepzorr: bets $6
g4mes87: folds
Uncalled bet ($6) returned to cepzorr
cepzorr collected $35.50 from pot
cepzorr: doesn't show hand
*** SUMMARY ***
Total pot $36 | Rake $0.50
Board [6s Td 5s 4s 2c]
Seat 1: cepzorr (big blind) collected ($35.50)
Seat 2: g4mes87 (button) (small blind) folded on the River


PokerStars Hand #145643874733:  Hold'em Limit ($3/$6 USD) - 2015/12/20 13:06:39 ET
Table 'Liguria II' 2-max Seat #2 is the button
Seat 1: cepzorr ($141.90 in chips)
Seat 2: g4mes87 ($153.10 in chips)
g4mes87: posts small blind $1
cepzorr: posts big blind $3
*** HOLE CARDS ***
g4mes87: folds
Uncalled bet ($2) returned to cepzorr
cepzorr collected $2 from pot
cepzorr: doesn't show hand
*** SUMMARY ***
Total pot $2 | Rake $0
Seat 1: cepzorr (big blind) collected ($2)
Seat 2: g4mes87 (button) (small blind) folded before Flop


PokerStars Hand #145643880792:  Hold'em Limit ($3/$6 USD) - 2015/12/20 13:06:45 ET
Table 'Liguria II' 2-max Seat #1 is the button
Seat 1: cepzorr ($142.90 in chips)
Seat 2: g4mes87 ($152.10 in chips)
cepzorr: posts small blind $1
g4mes87: posts big blind $3
*** HOLE CARDS ***
cepzorr: raises $3 to $6
g4mes87: raises $3 to $9
cepzorr: calls $3
*** FLOP *** [Kc Td 8s]
g4mes87: bets $3
cepzorr: folds
Uncalled bet ($3) returned to g4mes87
g4mes87 collected $17.64 from pot
g4mes87: doesn't show hand
*** SUMMARY ***
Total pot $18 | Rake $0.36
Board [Kc Td 8s]
Seat 1: cepzorr (button) (small blind) folded on the Flop
Seat 2: g4mes87 (big blind) collected ($17.64)


PokerStars Hand #145643890728:  Hold'em Limit ($3/$6 USD) - 2015/12/20 13:06:54 ET
Table 'Liguria II' 2-max Seat #2 is the button
Seat 1: cepzorr ($133.90 in chips)
Seat 2: g4mes87 ($160.74 in chips)
g4mes87: posts small blind $1
cepzorr: posts big blind $3
*** HOLE CARDS ***
g4mes87: raises $3 to $6
cepzorr: calls $3
*** FLOP *** [5c Td Th]
cepzorr: checks
g4mes87: bets $3
cepzorr: folds
Uncalled bet ($3) returned to g4mes87
g4mes87 collected $11.76 from pot
g4mes87: doesn't show hand
*** SUMMARY ***
Total pot $12 | Rake $0.24
Board [5c Td Th]
Seat 1: cepzorr (big blind) folded on the Flop
Seat 2: g4mes87 (button) (small blind) collected ($11.76)


PokerStars Hand #145643917446:  Hold'em Limit ($3/$6 USD) - 2015/12/20 13:07:20 ET
Table 'Liguria II' 2-max Seat #2 is the button
Seat 1: cepzorr ($103.90 in chips)
Seat 2: g4mes87 ($190 in chips)
g4mes87: posts small blind $1
cepzorr: posts big blind $3
*** HOLE CARDS ***
g4mes87: raises $3 to $6
cepzorr: folds
Uncalled bet ($3) returned to g4mes87
g4mes87 collected $6 from pot
g4mes87: doesn't show hand
*** SUMMARY ***
Total pot $6 | Rake $0
Seat 1: cepzorr (big blind) folded before Flop
Seat 2: g4mes87 (button) (small blind) collected ($6)


PokerStars Hand #145643900101:  Hold'em Limit ($3/$6 USD) - 2015/12/20 13:07:03 ET
Table 'Liguria II' 2-max Seat #1 is the button
Seat 1: cepzorr ($127.90 in chips)
Seat 2: g4mes87 ($166.50 in chips)
cepzorr: posts small blind $1
g4mes87: posts big blind $3
*** HOLE CARDS ***
cepzorr: raises $3 to $6
g4mes87: calls $3
*** FLOP *** [6h Kh 2c]
g4mes87: checks
cepzorr: bets $3
g4mes87: raises $3 to $6
cepzorr: calls $3
*** TURN *** [6h Kh 2c] [Jh]
g4mes87: bets $6
cepzorr: calls $6
*** RIVER *** [6h Kh 2c Jh] [Js]
g4mes87: bets $6
cepzorr: calls $6
*** SHOW DOWN ***
g4mes87: shows [6d Ks] (two pair, Kings and Jacks)
cepzorr: mucks hand
g4mes87 collected $47.50 from pot
*** SUMMARY ***
Total pot $48 | Rake $0.50
Board [6h Kh 2c Jh Js]
Seat 1: cepzorr (button) (small blind) mucked
Seat 2: g4mes87 (big blind) showed [6d Ks] and won ($47.50) with two pair, Kings and Jacks


PokerStars Hand #145643927770:  Hold'em Limit ($3/$6 USD) - 2015/12/20 13:07:30 ET
Table 'Liguria II' 2-max Seat #2 is the button
Seat 1: cepzorr ($99.90 in chips)
Seat 2: g4mes87 ($194 in chips)
g4mes87: posts small blind $1
cepzorr: posts big blind $3
*** HOLE CARDS ***
g4mes87: folds
Uncalled bet ($2) returned to cepzorr
cepzorr collected $2 from pot
cepzorr: doesn't show hand
*** SUMMARY ***
Total pot $2 | Rake $0
Seat 1: cepzorr (big blind) collected ($2)
Seat 2: g4mes87 (button) (small blind) folded before Flop


PokerStars Hand #145643922960:  Hold'em Limit ($3/$6 USD) - 2015/12/20 13:07:26 ET
Table 'Liguria II' 2-max Seat #1 is the button
Seat 1: cepzorr ($100.90 in chips)
Seat 2: g4mes87 ($193 in chips)
cepzorr: posts small blind $1
g4mes87: posts big blind $3
*** HOLE CARDS ***
cepzorr: folds
Uncalled bet ($2) returned to g4mes87
g4mes87 collected $2 from pot
g4mes87: doesn't show hand
*** SUMMARY ***
Total pot $2 | Rake $0
Seat 1: cepzorr (button) (small blind) folded before Flop
Seat 2: g4mes87 (big blind) collected ($2)


