PokerStars Hand #150612730268:  Hold'em Limit ($3/$6 USD) - 2016/03/19 17:06:26 ET
Table 'Lilaea' 6-max Seat #4 is the button
Seat 4: FHstyles ($60 in chips)
Seat 5: RowntreWilly ($30 in chips)
FHstyles: posts small blind $1
RowntreWilly: posts big blind $3
*** HOLE CARDS ***
FHstyles: raises $3 to $6
RowntreWilly: calls $3
*** FLOP *** [6s 8c Kc]
RowntreWilly: checks
FHstyles: bets $3
RowntreWilly: calls $3
*** TURN *** [6s 8c Kc] [2h]
RowntreWilly: checks
FHstyles: bets $6
RowntreWilly: calls $6
*** RIVER *** [6s 8c Kc 2h] [Kd]
RowntreWilly: checks
FHstyles: bets $6
RowntreWilly: calls $6
*** SHOW DOWN ***
FHstyles: shows [Tc 8h] (two pair, Kings and Eights)
RowntreWilly: mucks hand
FHstyles collected $41.50 from pot
*** SUMMARY ***
Total pot $42 | Rake $0.50
Board [6s 8c Kc 2h Kd]
Seat 4: FHstyles (button) (small blind) showed [Tc 8h] and won ($41.50) with two pair, Kings and Eights
Seat 5: RowntreWilly (big blind) mucked


PokerStars Hand #150612762115:  Hold'em Limit ($3/$6 USD) - 2016/03/19 17:06:57 ET
Table 'Lilaea' 6-max Seat #5 is the button
Seat 4: FHstyles ($80.50 in chips)
Seat 5: RowntreWilly ($9 in chips)
RowntreWilly: posts small blind $1
FHstyles: posts big blind $3
*** HOLE CARDS ***
RowntreWilly: raises $3 to $6
FHstyles: calls $3
*** FLOP *** [Kh 9h Tc]
FHstyles: checks
RowntreWilly: bets $3 and is all-in
FHstyles: calls $3
*** TURN *** [Kh 9h Tc] [7d]
*** RIVER *** [Kh 9h Tc 7d] [9s]
*** SHOW DOWN ***
FHstyles: shows [7s Td] (two pair, Tens and Nines)
RowntreWilly: shows [6d Qs] (a pair of Nines)
FHstyles collected $17.64 from pot
*** SUMMARY ***
Total pot $18 | Rake $0.36
Board [Kh 9h Tc 7d 9s]
Seat 4: FHstyles (big blind) showed [7s Td] and won ($17.64) with two pair, Tens and Nines
Seat 5: RowntreWilly (button) (small blind) showed [6d Qs] and lost with a pair of Nines


PokerStars Hand #150613406881:  Hold'em Limit ($3/$6 USD) - 2016/03/19 17:17:41 ET
Table 'Lilaea' 6-max Seat #4 is the button
Seat 3: SmellyToes4u ($56 in chips)
Seat 4: Agniosius ($152.01 in chips)
Agniosius: posts small blind $1
SmellyToes4u: posts big blind $3
*** HOLE CARDS ***
Agniosius: raises $3 to $6
SmellyToes4u: calls $3
*** FLOP *** [4h Td 2h]
SmellyToes4u: checks
Agniosius: bets $3
SmellyToes4u: raises $3 to $6
Agniosius: calls $3
*** TURN *** [4h Td 2h] [Tc]
SmellyToes4u: bets $6
Agniosius: calls $6
*** RIVER *** [4h Td 2h Tc] [3s]
SmellyToes4u: checks
Agniosius: checks
*** SHOW DOWN ***
SmellyToes4u: shows [5h 8h] (a pair of Tens)
Agniosius: shows [Ac 8d] (a pair of Tens - Ace kicker)
Agniosius collected $35.50 from pot
*** SUMMARY ***
Total pot $36 | Rake $0.50
Board [4h Td 2h Tc 3s]
Seat 3: SmellyToes4u (big blind) showed [5h 8h] and lost with a pair of Tens
Seat 4: Agniosius (button) (small blind) showed [Ac 8d] and won ($35.50) with a pair of Tens


PokerStars Hand #150613462379:  Hold'em Limit ($3/$6 USD) - 2016/03/19 17:18:37 ET
Table 'Lilaea' 6-max Seat #4 is the button
Seat 3: SmellyToes4u ($61.76 in chips)
Seat 4: Agniosius ($163.51 in chips)
Agniosius: posts small blind $1
SmellyToes4u: posts big blind $3
*** HOLE CARDS ***
Agniosius: raises $3 to $6
SmellyToes4u: folds
Uncalled bet ($3) returned to Agniosius
Agniosius collected $6 from pot
Agniosius: doesn't show hand
*** SUMMARY ***
Total pot $6 | Rake $0
Seat 3: SmellyToes4u (big blind) folded before Flop
Seat 4: Agniosius (button) (small blind) collected ($6)


PokerStars Hand #150613448992:  Hold'em Limit ($3/$6 USD) - 2016/03/19 17:18:23 ET
Table 'Lilaea' 6-max Seat #3 is the button
Seat 3: SmellyToes4u ($56 in chips)
Seat 4: Agniosius ($169.51 in chips)
SmellyToes4u: posts small blind $1
Agniosius: posts big blind $3
*** HOLE CARDS ***
SmellyToes4u: raises $3 to $6
Agniosius: calls $3
*** FLOP *** [Ts Kc Qc]
Agniosius: checks
SmellyToes4u: bets $3
Agniosius: folds
Uncalled bet ($3) returned to SmellyToes4u
SmellyToes4u collected $11.76 from pot
SmellyToes4u: doesn't show hand
*** SUMMARY ***
Total pot $12 | Rake $0.24
Board [Ts Kc Qc]
Seat 3: SmellyToes4u (button) (small blind) collected ($11.76)
Seat 4: Agniosius (big blind) folded on the Flop


PokerStars Hand #150613467778:  Hold'em Limit ($3/$6 USD) - 2016/03/19 17:18:42 ET
Table 'Lilaea' 6-max Seat #3 is the button
Seat 3: SmellyToes4u ($58.76 in chips)
Seat 4: Agniosius ($166.51 in chips)
SmellyToes4u: posts small blind $1
Agniosius: posts big blind $3
*** HOLE CARDS ***
SmellyToes4u: raises $3 to $6
Agniosius: calls $3
*** FLOP *** [9d Jd 7c]
Agniosius: checks
SmellyToes4u: bets $3
Agniosius: raises $3 to $6
SmellyToes4u: calls $3
*** TURN *** [9d Jd 7c] [4c]
Agniosius: bets $6
SmellyToes4u: folds
Uncalled bet ($6) returned to Agniosius
Agniosius collected $23.52 from pot
Agniosius: doesn't show hand
*** SUMMARY ***
Total pot $24 | Rake $0.48
Board [9d Jd 7c 4c]
Seat 3: SmellyToes4u (button) (small blind) folded on the Turn
Seat 4: Agniosius (big blind) collected ($23.52)


PokerStars Hand #150613483355:  Hold'em Limit ($3/$6 USD) - 2016/03/19 17:18:58 ET
Table 'Lilaea' 6-max Seat #4 is the button
Seat 3: SmellyToes4u ($56 in chips)
Seat 4: Agniosius ($178.03 in chips)
Agniosius: posts small blind $1
SmellyToes4u: posts big blind $3
*** HOLE CARDS ***
Agniosius: calls $2
SmellyToes4u: checks
*** FLOP *** [2c Jd 7h]
SmellyToes4u: checks
Agniosius: bets $3
SmellyToes4u: folds
Uncalled bet ($3) returned to Agniosius
Agniosius collected $5.88 from pot
Agniosius: doesn't show hand
*** SUMMARY ***
Total pot $6 | Rake $0.12
Board [2c Jd 7h]
Seat 3: SmellyToes4u (big blind) folded on the Flop
Seat 4: Agniosius (button) (small blind) collected ($5.88)


PokerStars Hand #150613494715:  Hold'em Limit ($3/$6 USD) - 2016/03/19 17:19:10 ET
Table 'Lilaea' 6-max Seat #3 is the button
Seat 3: SmellyToes4u ($56 in chips)
Seat 4: Agniosius ($180.91 in chips)
SmellyToes4u: posts small blind $1
Agniosius: posts big blind $3
*** HOLE CARDS ***
SmellyToes4u: folds
Uncalled bet ($2) returned to Agniosius
Agniosius collected $2 from pot
Agniosius: doesn't show hand
*** SUMMARY ***
Total pot $2 | Rake $0
Seat 3: SmellyToes4u (button) (small blind) folded before Flop
Seat 4: Agniosius (big blind) collected ($2)


PokerStars Hand #150613499003:  Hold'em Limit ($3/$6 USD) - 2016/03/19 17:19:14 ET
Table 'Lilaea' 6-max Seat #4 is the button
Seat 3: SmellyToes4u ($56 in chips)
Seat 4: Agniosius ($181.91 in chips)
Agniosius: posts small blind $1
SmellyToes4u: posts big blind $3
*** HOLE CARDS ***
Agniosius: raises $3 to $6
SmellyToes4u: calls $3
*** FLOP *** [8h 2h Kd]
SmellyToes4u: checks
Agniosius: bets $3
SmellyToes4u: raises $3 to $6
Agniosius: calls $3
*** TURN *** [8h 2h Kd] [Qc]
SmellyToes4u: bets $6
Agniosius: folds
Uncalled bet ($6) returned to SmellyToes4u
SmellyToes4u collected $23.52 from pot
SmellyToes4u: doesn't show hand
*** SUMMARY ***
Total pot $24 | Rake $0.48
Board [8h 2h Kd Qc]
Seat 3: SmellyToes4u (big blind) collected ($23.52)
Seat 4: Agniosius (button) (small blind) folded on the Turn


PokerStars Hand #150613521961:  Hold'em Limit ($3/$6 USD) - 2016/03/19 17:19:37 ET
Table 'Lilaea' 6-max Seat #3 is the button
Seat 3: SmellyToes4u ($67.52 in chips)
Seat 4: Agniosius ($169.91 in chips)
SmellyToes4u: posts small blind $1
Agniosius: posts big blind $3
*** HOLE CARDS ***
SmellyToes4u: raises $3 to $6
Agniosius: calls $3
*** FLOP *** [5d 7d 4c]
Agniosius: checks
SmellyToes4u: bets $3
Agniosius: raises $3 to $6
SmellyToes4u: calls $3
*** TURN *** [5d 7d 4c] [2s]
Agniosius: bets $6
SmellyToes4u: raises $6 to $12
Agniosius: calls $6
*** RIVER *** [5d 7d 4c 2s] [2h]
Agniosius: checks
SmellyToes4u: bets $6
Agniosius: calls $6
*** SHOW DOWN ***
SmellyToes4u: shows [8c 9h] (a pair of Deuces)
Agniosius: shows [4h 3s] (two pair, Fours and Deuces)
Agniosius collected $59.50 from pot
*** SUMMARY ***
Total pot $60 | Rake $0.50
Board [5d 7d 4c 2s 2h]
Seat 3: SmellyToes4u (button) (small blind) showed [8c 9h] and lost with a pair of Deuces
Seat 4: Agniosius (big blind) showed [4h 3s] and won ($59.50) with two pair, Fours and Deuces


PokerStars Hand #150613551229:  Hold'em Limit ($3/$6 USD) - 2016/03/19 17:20:07 ET
Table 'Lilaea' 6-max Seat #4 is the button
Seat 3: SmellyToes4u ($56 in chips)
Seat 4: Agniosius ($199.41 in chips)
Agniosius: posts small blind $1
SmellyToes4u: posts big blind $3
*** HOLE CARDS ***
Agniosius: raises $3 to $6
SmellyToes4u: raises $3 to $9
Agniosius: raises $3 to $12
Betting is capped
SmellyToes4u: calls $3
*** FLOP *** [Ah 6d 9c]
SmellyToes4u: checks
Agniosius: bets $3
SmellyToes4u: calls $3
*** TURN *** [Ah 6d 9c] [4c]
SmellyToes4u: checks
Agniosius: checks
*** RIVER *** [Ah 6d 9c 4c] [Ac]
SmellyToes4u: bets $6
Agniosius: calls $6
*** SHOW DOWN ***
SmellyToes4u: shows [9d 8d] (two pair, Aces and Nines)
Agniosius: shows [Qd Qs] (two pair, Aces and Queens)
Agniosius collected $41.50 from pot
*** SUMMARY ***
Total pot $42 | Rake $0.50
Board [Ah 6d 9c 4c Ac]
Seat 3: SmellyToes4u (big blind) showed [9d 8d] and lost with two pair, Aces and Nines
Seat 4: Agniosius (button) (small blind) showed [Qd Qs] and won ($41.50) with two pair, Aces and Queens


PokerStars Hand #150613589573:  Hold'em Limit ($3/$6 USD) - 2016/03/19 17:20:46 ET
Table 'Lilaea' 6-max Seat #4 is the button
Seat 3: SmellyToes4u ($56 in chips)
Seat 4: Agniosius ($220.91 in chips)
Agniosius: posts small blind $1
SmellyToes4u: posts big blind $3
*** HOLE CARDS ***
Agniosius: raises $3 to $6
SmellyToes4u: calls $3
*** FLOP *** [3s As 7s]
SmellyToes4u: checks
Agniosius: bets $3
SmellyToes4u: raises $3 to $6
Agniosius: raises $3 to $9
SmellyToes4u: calls $3
*** TURN *** [3s As 7s] [6d]
SmellyToes4u: checks
Agniosius: bets $6
SmellyToes4u: calls $6
*** RIVER *** [3s As 7s 6d] [Ks]
SmellyToes4u: checks
Agniosius: checks
*** SHOW DOWN ***
SmellyToes4u: shows [9h 7d] (a pair of Sevens)
Agniosius: shows [8d Ad] (a pair of Aces)
Agniosius collected $41.50 from pot
*** SUMMARY ***
Total pot $42 | Rake $0.50
Board [3s As 7s 6d Ks]
Seat 3: SmellyToes4u (big blind) showed [9h 7d] and lost with a pair of Sevens
Seat 4: Agniosius (button) (small blind) showed [8d Ad] and won ($41.50) with a pair of Aces


PokerStars Hand #150613615487:  Hold'em Limit ($3/$6 USD) - 2016/03/19 17:21:12 ET
Table 'Lilaea' 6-max Seat #3 is the button
Seat 3: SmellyToes4u ($56 in chips)
Seat 4: Agniosius ($241.41 in chips)
SmellyToes4u: posts small blind $1
Agniosius: posts big blind $3
*** HOLE CARDS ***
SmellyToes4u: raises $3 to $6
Agniosius: calls $3
*** FLOP *** [2c 3c 8d]
Agniosius: checks
SmellyToes4u: bets $3
Agniosius: calls $3
*** TURN *** [2c 3c 8d] [5h]
Agniosius: checks
SmellyToes4u: bets $6
Agniosius: folds
Uncalled bet ($6) returned to SmellyToes4u
SmellyToes4u collected $17.64 from pot
SmellyToes4u: doesn't show hand
*** SUMMARY ***
Total pot $18 | Rake $0.36
Board [2c 3c 8d 5h]
Seat 3: SmellyToes4u (button) (small blind) collected ($17.64)
Seat 4: Agniosius (big blind) folded on the Turn


PokerStars Hand #150613579005:  Hold'em Limit ($3/$6 USD) - 2016/03/19 17:20:35 ET
Table 'Lilaea' 6-max Seat #3 is the button
Seat 3: SmellyToes4u ($56 in chips)
Seat 4: Agniosius ($219.91 in chips)
SmellyToes4u: posts small blind $1
Agniosius: posts big blind $3
*** HOLE CARDS ***
SmellyToes4u: folds
Uncalled bet ($2) returned to Agniosius
Agniosius collected $2 from pot
Agniosius: doesn't show hand
*** SUMMARY ***
Total pot $2 | Rake $0
Seat 3: SmellyToes4u (button) (small blind) folded before Flop
Seat 4: Agniosius (big blind) collected ($2)


