PokerStars Hand #169605020110:  Hold'em Limit ($3/$6 USD) - 2017/04/26 18:51:57 ET
Table 'Lilaea' 6-max Seat #2 is the button
Seat 1: Zubasa07 ($299 in chips)
Seat 2: hot shot2543 ($31 in chips)
hot shot2543: posts small blind $1
Zubasa07: posts big blind $3
*** HOLE CARDS ***
hot shot2543: raises $3 to $6
Zubasa07: raises $3 to $9
hot shot2543: raises $3 to $12
Betting is capped
Zubasa07: calls $3
*** FLOP *** [9d 5s Ac]
Zubasa07: checks
hot shot2543: bets $3
Zubasa07: calls $3
*** TURN *** [9d 5s Ac] [2s]
Zubasa07: checks
hot shot2543: bets $6
Zubasa07: folds
Uncalled bet ($6) returned to hot shot2543
hot shot2543 collected $29.50 from pot
hot shot2543: doesn't show hand
*** SUMMARY ***
Total pot $30 | Rake $0.50
Board [9d 5s Ac 2s]
Seat 1: Zubasa07 (big blind) folded on the Turn
Seat 2: hot shot2543 (button) (small blind) collected ($29.50)


PokerStars Hand #169605013795:  Hold'em Limit ($3/$6 USD) - 2017/04/26 18:51:47 ET
Table 'Lilaea' 6-max Seat #1 is the button
Seat 1: Zubasa07 ($300 in chips)
Seat 2: hot shot2543 ($30 in chips)
Zubasa07: posts small blind $1
hot shot2543: posts big blind $3
*** HOLE CARDS ***
Zubasa07: folds
Uncalled bet ($2) returned to hot shot2543
hot shot2543 collected $2 from pot
hot shot2543: doesn't show hand
*** SUMMARY ***
Total pot $2 | Rake $0
Seat 1: Zubasa07 (button) (small blind) folded before Flop
Seat 2: hot shot2543 (big blind) collected ($2)


PokerStars Hand #169606801567:  Hold'em Limit ($3/$6 USD) - 2017/04/26 19:43:26 ET
Table 'Lilaea' 6-max Seat #1 is the button
Seat 1: Brama Br ($120 in chips)
Seat 3: Zubasa07 ($300 in chips)
Brama Br: posts small blind $1
Zubasa07: posts big blind $3
*** HOLE CARDS ***
Brama Br: raises $3 to $6
Zubasa07: raises $3 to $9
Brama Br: raises $3 to $12
Betting is capped
Zubasa07: calls $3
*** FLOP *** [8c 6c 6s]
Zubasa07: checks
Brama Br: checks
*** TURN *** [8c 6c 6s] [Jh]
Zubasa07: checks
Brama Br: bets $6
Zubasa07: calls $6
*** RIVER *** [8c 6c 6s Jh] [4c]
Zubasa07: checks
Brama Br: bets $6
Zubasa07: folds
Uncalled bet ($6) returned to Brama Br
Brama Br collected $35.50 from pot
Brama Br: doesn't show hand
*** SUMMARY ***
Total pot $36 | Rake $0.50
Board [8c 6c 6s Jh 4c]
Seat 1: Brama Br (button) (small blind) collected ($35.50)
Seat 3: Zubasa07 (big blind) folded on the River


PokerStars Hand #169606827593:  Hold'em Limit ($3/$6 USD) - 2017/04/26 19:44:15 ET
Table 'Lilaea' 6-max Seat #3 is the button
Seat 1: Brama Br ($137.50 in chips)
Seat 3: Zubasa07 ($282 in chips)
Zubasa07: posts small blind $1
Brama Br: posts big blind $3
*** HOLE CARDS ***
Zubasa07: raises $3 to $6
Brama Br: calls $3
*** FLOP *** [Qc 8s 6d]
Brama Br: checks
Zubasa07: bets $3
Brama Br: raises $3 to $6
Zubasa07: calls $3
*** TURN *** [Qc 8s 6d] [2c]
Brama Br: bets $6
B_loJkl joins the table at seat #2
Zubasa07: calls $6
*** RIVER *** [Qc 8s 6d 2c] [8h]
Brama Br: bets $6
Zubasa07: calls $6
*** SHOW DOWN ***
Brama Br: shows [Kd Qh] (two pair, Queens and Eights)
Zubasa07: mucks hand
Brama Br collected $47.50 from pot
*** SUMMARY ***
Total pot $48 | Rake $0.50
Board [Qc 8s 6d 2c 8h]
Seat 1: Brama Br (big blind) showed [Kd Qh] and won ($47.50) with two pair, Queens and Eights
Seat 3: Zubasa07 (button) (small blind) mucked


PokerStars Hand #169606910250:  Hold'em Limit ($3/$6 USD) - 2017/04/26 19:46:51 ET
Table 'Lilaea' 6-max Seat #3 is the button
Seat 2: B_loJkl ($151.82 in chips)
Seat 3: Zubasa07 ($255 in chips)
Zubasa07: posts small blind $1
Brama Br: is sitting out
Brama Br leaves the table
B_loJkl: posts big blind $3
*** HOLE CARDS ***
Zubasa07: raises $3 to $6
B_loJkl: calls $3
*** FLOP *** [Ah 2c 2d]
B_loJkl: checks
Zubasa07: bets $3
B_loJkl: calls $3
*** TURN *** [Ah 2c 2d] [Tc]
B_loJkl: checks
Zubasa07: bets $6
B_loJkl: folds
Uncalled bet ($6) returned to Zubasa07
Zubasa07 collected $17.64 from pot
Zubasa07: doesn't show hand
*** SUMMARY ***
Total pot $18 | Rake $0.36
Board [Ah 2c 2d Tc]
Seat 2: B_loJkl (big blind) folded on the Turn
Seat 3: Zubasa07 (button) (small blind) collected ($17.64)


