PokerStars Hand #146783952351:  Hold'em Limit ($3/$6 USD) - 2016/01/10 4:17:57 ET
Table 'Lilaea' 6-max Seat #4 is the button
Seat 4: Agrotait ($73 in chips)
Seat 6: 19woody58 ($55.33 in chips)
Agrotait: posts small blind $1
19woody58: posts big blind $3
*** HOLE CARDS ***
kolaz03 joins the table at seat #1
Agrotait: folds
Uncalled bet ($2) returned to 19woody58
19woody58 collected $2 from pot
*** SUMMARY ***
Total pot $2 | Rake $0
Seat 4: Agrotait (button) (small blind) folded before Flop
Seat 6: 19woody58 (big blind) collected ($2)


PokerStars Hand #146783948769:  Hold'em Limit ($3/$6 USD) - 2016/01/10 4:17:49 ET
Table 'Lilaea' 6-max Seat #6 is the button
Seat 4: Agrotait ($72 in chips)
Seat 6: 19woody58 ($56.33 in chips)
19woody58: posts small blind $1
Agrotait: posts big blind $3
*** HOLE CARDS ***
19woody58: folds
Uncalled bet ($2) returned to Agrotait
Agrotait collected $2 from pot
Agrotait: doesn't show hand
*** SUMMARY ***
Total pot $2 | Rake $0
Seat 4: Agrotait (big blind) collected ($2)
Seat 6: 19woody58 (button) (small blind) folded before Flop


PokerStars Hand #146784062684:  Hold'em Limit ($3/$6 USD) - 2016/01/10 4:22:09 ET
Table 'Lilaea' 6-max Seat #1 is the button
Seat 1: kolaz03 ($117 in chips)
Seat 4: Agrotait ($93.50 in chips)
kolaz03: posts small blind $1
Agrotait: posts big blind $3
*** HOLE CARDS ***
kolaz03: raises $3 to $6
Agrotait: calls $3
*** FLOP *** [Qh 5s 3d]
19woody58 leaves the table
Agrotait: checks
kolaz03: bets $3
Agrotait: calls $3
*** TURN *** [Qh 5s 3d] [Ks]
Agrotait: checks
kolaz03: bets $6
Agrotait: raises $6 to $12
kolaz03: folds
Uncalled bet ($6) returned to Agrotait
Agrotait collected $29.50 from pot
Agrotait: doesn't show hand
*** SUMMARY ***
Total pot $30 | Rake $0.50
Board [Qh 5s 3d Ks]
Seat 1: kolaz03 (button) (small blind) folded on the Turn
Seat 4: Agrotait (big blind) collected ($29.50)


