PokerStars Hand #145537242031:  Hold'em Limit ($3/$6 USD) - 2015/12/18 12:31:26 ET
Table 'Lilium' 2-max Seat #1 is the button
Seat 1: wakeup18 ($82 in chips)
Seat 2: R6rider06 ($137 in chips)
wakeup18: posts small blind $1
R6rider06: posts big blind $3
*** HOLE CARDS ***
wakeup18: calls $2
R6rider06: raises $3 to $6
wakeup18: calls $3
*** FLOP *** [Jh Kd 3h]
R6rider06: bets $3
wakeup18: folds
Uncalled bet ($3) returned to R6rider06
R6rider06 collected $11.76 from pot
R6rider06: doesn't show hand
*** SUMMARY ***
Total pot $12 | Rake $0.24
Board [Jh Kd 3h]
Seat 1: wakeup18 (button) (small blind) folded on the Flop
Seat 2: R6rider06 (big blind) collected ($11.76)


PokerStars Hand #145537264493:  Hold'em Limit ($3/$6 USD) - 2015/12/18 12:31:54 ET
Table 'Lilium' 2-max Seat #2 is the button
Seat 1: wakeup18 ($77.88 in chips)
Seat 2: R6rider06 ($140.76 in chips)
R6rider06: posts small blind $1
wakeup18: posts big blind $3
*** HOLE CARDS ***
R6rider06: folds
Uncalled bet ($2) returned to wakeup18
wakeup18 collected $2 from pot
wakeup18: doesn't show hand
*** SUMMARY ***
Total pot $2 | Rake $0
Seat 1: wakeup18 (big blind) collected ($2)
Seat 2: R6rider06 (button) (small blind) folded before Flop


PokerStars Hand #145537260754:  Hold'em Limit ($3/$6 USD) - 2015/12/18 12:31:50 ET
Table 'Lilium' 2-max Seat #1 is the button
Seat 1: wakeup18 ($78.88 in chips)
Seat 2: R6rider06 ($139.76 in chips)
wakeup18: posts small blind $1
R6rider06: posts big blind $3
*** HOLE CARDS ***
wakeup18: folds
Uncalled bet ($2) returned to R6rider06
R6rider06 collected $2 from pot
R6rider06: doesn't show hand
*** SUMMARY ***
Total pot $2 | Rake $0
Seat 1: wakeup18 (button) (small blind) folded before Flop
Seat 2: R6rider06 (big blind) collected ($2)


PokerStars Hand #145537249154:  Hold'em Limit ($3/$6 USD) - 2015/12/18 12:31:35 ET
Table 'Lilium' 2-max Seat #2 is the button
Seat 1: wakeup18 ($76 in chips)
Seat 2: R6rider06 ($142.76 in chips)
R6rider06: posts small blind $1
wakeup18: posts big blind $3
*** HOLE CARDS ***
R6rider06: calls $2
wakeup18: checks
*** FLOP *** [9s 2h Qd]
wakeup18: checks
R6rider06: checks
*** TURN *** [9s 2h Qd] [4h]
wakeup18: checks
R6rider06: checks
*** RIVER *** [9s 2h Qd 4h] [Ks]
wakeup18: bets $6
R6rider06: folds
Uncalled bet ($6) returned to wakeup18
wakeup18 collected $5.88 from pot
wakeup18: doesn't show hand
*** SUMMARY ***
Total pot $6 | Rake $0.12
Board [9s 2h Qd 4h Ks]
Seat 1: wakeup18 (big blind) collected ($5.88)
Seat 2: R6rider06 (button) (small blind) folded on the River


