PokerStars Hand #174179750102:  Hold'em Limit ($3/$6 USD) - 2017/08/10 20:24:43 ET
Table 'Lilium' 6-max Seat #3 is the button
Seat 3: mrfingers007 ($95.12 in chips)
Seat 5: ToDaFelt ($120 in chips)
mrfingers007: posts small blind $1
ToDaFelt: posts big blind $3
*** HOLE CARDS ***
mrfingers007: folds
Uncalled bet ($2) returned to ToDaFelt
ToDaFelt collected $2 from pot
ToDaFelt: doesn't show hand
*** SUMMARY ***
Total pot $2 | Rake $0
Seat 3: mrfingers007 (button) (small blind) folded before Flop
Seat 5: ToDaFelt (big blind) collected ($2)


PokerStars Hand #174179754421:  Hold'em Limit ($3/$6 USD) - 2017/08/10 20:24:52 ET
Table 'Lilium' 6-max Seat #5 is the button
Seat 3: mrfingers007 ($94.12 in chips)
Seat 5: ToDaFelt ($121 in chips)
ToDaFelt: posts small blind $1
mrfingers007: posts big blind $3
*** HOLE CARDS ***
ToDaFelt: raises $3 to $6
mrfingers007: calls $3
*** FLOP *** [2s Ah 8c]
mrfingers007: checks
ToDaFelt: bets $3
mrfingers007: folds
Uncalled bet ($3) returned to ToDaFelt
ToDaFelt collected $11.76 from pot
ToDaFelt: doesn't show hand
*** SUMMARY ***
Total pot $12 | Rake $0.24
Board [2s Ah 8c]
Seat 3: mrfingers007 (big blind) folded on the Flop
Seat 5: ToDaFelt (button) (small blind) collected ($11.76)


PokerStars Hand #174179762686:  Hold'em Limit ($3/$6 USD) - 2017/08/10 20:25:10 ET
Table 'Lilium' 6-max Seat #3 is the button
Seat 3: mrfingers007 ($88.12 in chips)
Seat 5: ToDaFelt ($126.76 in chips)
mrfingers007: posts small blind $1
ToDaFelt: posts big blind $3
*** HOLE CARDS ***
mrfingers007: folds
Uncalled bet ($2) returned to ToDaFelt
ToDaFelt collected $2 from pot
ToDaFelt: doesn't show hand
*** SUMMARY ***
Total pot $2 | Rake $0
Seat 3: mrfingers007 (button) (small blind) folded before Flop
Seat 5: ToDaFelt (big blind) collected ($2)


PokerStars Hand #174179764843:  Hold'em Limit ($3/$6 USD) - 2017/08/10 20:25:15 ET
Table 'Lilium' 6-max Seat #5 is the button
Seat 3: mrfingers007 ($87.12 in chips)
Seat 5: ToDaFelt ($127.76 in chips)
ToDaFelt: posts small blind $1
mrfingers007: posts big blind $3
*** HOLE CARDS ***
ToDaFelt: raises $3 to $6
mrfingers007: raises $3 to $9
ToDaFelt: calls $3
*** FLOP *** [Th 7h Ad]
mrfingers007: bets $3
ToDaFelt: calls $3
*** TURN *** [Th 7h Ad] [5s]
mrfingers007: bets $6
ToDaFelt: raises $6 to $12
mrfingers007: folds
Uncalled bet ($6) returned to ToDaFelt
ToDaFelt collected $35.50 from pot
ToDaFelt: doesn't show hand
*** SUMMARY ***
Total pot $36 | Rake $0.50
Board [Th 7h Ad 5s]
Seat 3: mrfingers007 (big blind) folded on the Turn
Seat 5: ToDaFelt (button) (small blind) collected ($35.50)


PokerStars Hand #174179787458:  Hold'em Limit ($3/$6 USD) - 2017/08/10 20:26:04 ET
Table 'Lilium' 6-max Seat #5 is the button
Seat 3: mrfingers007 ($92.62 in chips)
Seat 5: ToDaFelt ($121.26 in chips)
ToDaFelt: posts small blind $1
mrfingers007: posts big blind $3
*** HOLE CARDS ***
ToDaFelt: raises $3 to $6
mrfingers007: folds
Uncalled bet ($3) returned to ToDaFelt
ToDaFelt collected $6 from pot
ToDaFelt: doesn't show hand
*** SUMMARY ***
Total pot $6 | Rake $0
Seat 3: mrfingers007 (big blind) folded before Flop
Seat 5: ToDaFelt (button) (small blind) collected ($6)


PokerStars Hand #174179771492:  Hold'em Limit ($3/$6 USD) - 2017/08/10 20:25:29 ET
Table 'Lilium' 6-max Seat #3 is the button
Seat 3: mrfingers007 ($69.12 in chips)
Seat 5: ToDaFelt ($145.26 in chips)
mrfingers007: posts small blind $1
ToDaFelt: posts big blind $3
*** HOLE CARDS ***
mrfingers007: raises $3 to $6
ToDaFelt: calls $3
*** FLOP *** [5c 4h Jc]
ToDaFelt: checks
mrfingers007: bets $3
ToDaFelt: raises $3 to $6
mrfingers007: calls $3
*** TURN *** [5c 4h Jc] [Jd]
ToDaFelt: bets $6
mrfingers007: calls $6
*** RIVER *** [5c 4h Jc Jd] [Tc]
ToDaFelt: bets $6
mrfingers007: calls $6
*** SHOW DOWN ***
ToDaFelt: shows [7c Ks] (a pair of Jacks)
mrfingers007: shows [Ad 4s] (two pair, Jacks and Fours)
mrfingers007 collected $47.50 from pot
*** SUMMARY ***
Total pot $48 | Rake $0.50
Board [5c 4h Jc Jd Tc]
Seat 3: mrfingers007 (button) (small blind) showed [Ad 4s] and won ($47.50) with two pair, Jacks and Fours
Seat 5: ToDaFelt (big blind) showed [7c Ks] and lost with a pair of Jacks


PokerStars Hand #174179789941:  Hold'em Limit ($3/$6 USD) - 2017/08/10 20:26:09 ET
Table 'Lilium' 6-max Seat #3 is the button
Seat 3: mrfingers007 ($89.62 in chips)
Seat 5: ToDaFelt ($124.26 in chips)
mrfingers007: posts small blind $1
ToDaFelt: posts big blind $3
*** HOLE CARDS ***
mrfingers007: calls $2
ToDaFelt: checks
*** FLOP *** [Ad Qh 3d]
ToDaFelt: bets $3
mrfingers007: raises $3 to $6
ToDaFelt: calls $3
*** TURN *** [Ad Qh 3d] [Qd]
ToDaFelt: checks
mrfingers007: bets $6
ToDaFelt: calls $6
*** RIVER *** [Ad Qh 3d Qd] [Td]
ToDaFelt: checks
mrfingers007: bets $6
ToDaFelt: folds
Uncalled bet ($6) returned to mrfingers007
mrfingers007 collected $29.50 from pot
mrfingers007: doesn't show hand
*** SUMMARY ***
Total pot $30 | Rake $0.50
Board [Ad Qh 3d Qd Td]
Seat 3: mrfingers007 (button) (small blind) collected ($29.50)
Seat 5: ToDaFelt (big blind) folded on the River


PokerStars Hand #174179800467:  Hold'em Limit ($3/$6 USD) - 2017/08/10 20:26:32 ET
Table 'Lilium' 6-max Seat #5 is the button
Seat 3: mrfingers007 ($104.12 in chips)
Seat 5: ToDaFelt ($109.26 in chips)
ToDaFelt: posts small blind $1
mrfingers007: posts big blind $3
*** HOLE CARDS ***
ToDaFelt: raises $3 to $6
mrfingers007: raises $3 to $9
ToDaFelt: calls $3
*** FLOP *** [3c Qd 5h]
mrfingers007: bets $3
ToDaFelt: calls $3
*** TURN *** [3c Qd 5h] [2s]
mrfingers007: bets $6
ToDaFelt: calls $6
*** RIVER *** [3c Qd 5h 2s] [7s]
mrfingers007: bets $6
ToDaFelt: calls $6
*** SHOW DOWN ***
mrfingers007: shows [4c 4s] (a pair of Fours)
ToDaFelt: mucks hand
mrfingers007 collected $47.50 from pot
*** SUMMARY ***
Total pot $48 | Rake $0.50
Board [3c Qd 5h 2s 7s]
Seat 3: mrfingers007 (big blind) showed [4c 4s] and won ($47.50) with a pair of Fours
Seat 5: ToDaFelt (button) (small blind) mucked


PokerStars Hand #174179808156:  Hold'em Limit ($3/$6 USD) - 2017/08/10 20:26:49 ET
Table 'Lilium' 6-max Seat #3 is the button
Seat 3: mrfingers007 ($127.62 in chips)
Seat 5: ToDaFelt ($85.26 in chips)
mrfingers007: posts small blind $1
ToDaFelt: posts big blind $3
*** HOLE CARDS ***
mrfingers007: raises $3 to $6
ToDaFelt: raises $3 to $9
mrfingers007: raises $3 to $12
Betting is capped
ToDaFelt: calls $3
*** FLOP *** [Ks Tc 2h]
ToDaFelt: checks
mrfingers007: bets $3
ToDaFelt: calls $3
*** TURN *** [Ks Tc 2h] [9d]
ToDaFelt: checks
mrfingers007: bets $6
ToDaFelt: calls $6
*** RIVER *** [Ks Tc 2h 9d] [Kh]
ToDaFelt: checks
mrfingers007: bets $6
ToDaFelt: calls $6
*** SHOW DOWN ***
mrfingers007: shows [Qh Kc] (three of a kind, Kings)
ToDaFelt: mucks hand
mrfingers007 collected $53.50 from pot
*** SUMMARY ***
Total pot $54 | Rake $0.50
Board [Ks Tc 2h 9d Kh]
Seat 3: mrfingers007 (button) (small blind) showed [Qh Kc] and won ($53.50) with three of a kind, Kings
Seat 5: ToDaFelt (big blind) mucked


PokerStars Hand #174179821401:  Hold'em Limit ($3/$6 USD) - 2017/08/10 20:27:19 ET
Table 'Lilium' 6-max Seat #5 is the button
Seat 3: mrfingers007 ($154.12 in chips)
Seat 5: ToDaFelt ($120 in chips)
ToDaFelt: posts small blind $1
mrfingers007: posts big blind $3
*** HOLE CARDS ***
ToDaFelt: raises $3 to $6
mrfingers007: calls $3
*** FLOP *** [6d Ad Ac]
mrfingers007: checks
ToDaFelt: bets $3
mrfingers007: calls $3
*** TURN *** [6d Ad Ac] [4h]
mrfingers007: checks
ToDaFelt: bets $6
mrfingers007: calls $6
*** RIVER *** [6d Ad Ac 4h] [7d]
mrfingers007: checks
ToDaFelt: bets $6
mrfingers007: calls $6
*** SHOW DOWN ***
ToDaFelt: shows [2s Ah] (three of a kind, Aces)
mrfingers007: mucks hand
ToDaFelt collected $41.50 from pot
*** SUMMARY ***
Total pot $42 | Rake $0.50
Board [6d Ad Ac 4h 7d]
Seat 3: mrfingers007 (big blind) mucked
Seat 5: ToDaFelt (button) (small blind) showed [2s Ah] and won ($41.50) with three of a kind, Aces


PokerStars Hand #174179828468:  Hold'em Limit ($3/$6 USD) - 2017/08/10 20:27:34 ET
Table 'Lilium' 6-max Seat #3 is the button
Seat 3: mrfingers007 ($133.12 in chips)
Seat 5: ToDaFelt ($140.50 in chips)
mrfingers007: posts small blind $1
ToDaFelt: posts big blind $3
*** HOLE CARDS ***
mrfingers007: calls $2
ToDaFelt: raises $3 to $6
mrfingers007: calls $3
*** FLOP *** [5c 8c Th]
ToDaFelt: bets $3
mrfingers007: raises $3 to $6
ToDaFelt: calls $3
*** TURN *** [5c 8c Th] [7s]
ToDaFelt: checks
mrfingers007: bets $6
ToDaFelt: calls $6
*** RIVER *** [5c 8c Th 7s] [3d]
ToDaFelt: checks
mrfingers007: bets $6
ToDaFelt: calls $6
*** SHOW DOWN ***
mrfingers007: shows [Ts 3s] (two pair, Tens and Threes)
ToDaFelt: mucks hand
mrfingers007 collected $47.50 from pot
*** SUMMARY ***
Total pot $48 | Rake $0.50
Board [5c 8c Th 7s 3d]
Seat 3: mrfingers007 (button) (small blind) showed [Ts 3s] and won ($47.50) with two pair, Tens and Threes
Seat 5: ToDaFelt (big blind) mucked


PokerStars Hand #174179855966:  Hold'em Limit ($3/$6 USD) - 2017/08/10 20:28:34 ET
Table 'Lilium' 6-max Seat #3 is the button
Seat 3: mrfingers007 ($150.26 in chips)
Seat 5: ToDaFelt ($121.90 in chips)
mrfingers007: posts small blind $1
ToDaFelt: posts big blind $3
*** HOLE CARDS ***
mrfingers007: raises $3 to $6
ToDaFelt: calls $3
*** FLOP *** [6c 8c Kh]
ToDaFelt: checks
mrfingers007: checks
*** TURN *** [6c 8c Kh] [5c]
ToDaFelt: bets $6
mrfingers007: calls $6
*** RIVER *** [6c 8c Kh 5c] [Ac]
ToDaFelt: bets $6
mrfingers007: raises $6 to $12
ToDaFelt: raises $6 to $18
mrfingers007: calls $6
*** SHOW DOWN ***
ToDaFelt: shows [Kc 6d] (a flush, Ace high)
mrfingers007: mucks hand
ToDaFelt collected $59.50 from pot
*** SUMMARY ***
Total pot $60 | Rake $0.50
Board [6c 8c Kh 5c Ac]
Seat 3: mrfingers007 (button) (small blind) mucked
Seat 5: ToDaFelt (big blind) showed [Kc 6d] and won ($59.50) with a flush, Ace high


PokerStars Hand #174179840800:  Hold'em Limit ($3/$6 USD) - 2017/08/10 20:28:01 ET
Table 'Lilium' 6-max Seat #5 is the button
Seat 3: mrfingers007 ($156.62 in chips)
Seat 5: ToDaFelt ($116.50 in chips)
ToDaFelt: posts small blind $1
mrfingers007: posts big blind $3
*** HOLE CARDS ***
ToDaFelt: raises $3 to $6
mrfingers007: raises $3 to $9
ToDaFelt: calls $3
*** FLOP *** [Qd Jh 9h]
mrfingers007: bets $3
ToDaFelt: folds
Uncalled bet ($3) returned to mrfingers007
mrfingers007 collected $17.64 from pot
mrfingers007: doesn't show hand
*** SUMMARY ***
Total pot $18 | Rake $0.36
Board [Qd Jh 9h]
Seat 3: mrfingers007 (big blind) collected ($17.64)
Seat 5: ToDaFelt (button) (small blind) folded on the Flop


PokerStars Hand #174179846327:  Hold'em Limit ($3/$6 USD) - 2017/08/10 20:28:13 ET
Table 'Lilium' 6-max Seat #3 is the button
Seat 3: mrfingers007 ($165.26 in chips)
Seat 5: ToDaFelt ($107.50 in chips)
mrfingers007: posts small blind $1
ToDaFelt: posts big blind $3
*** HOLE CARDS ***
mrfingers007: raises $3 to $6
ToDaFelt: calls $3
*** FLOP *** [6s Ks 2c]
ToDaFelt: checks
mrfingers007: bets $3
ToDaFelt: raises $3 to $6
mrfingers007: folds
Uncalled bet ($3) returned to ToDaFelt
ToDaFelt collected $17.64 from pot
ToDaFelt: doesn't show hand
*** SUMMARY ***
Total pot $18 | Rake $0.36
Board [6s Ks 2c]
Seat 3: mrfingers007 (button) (small blind) folded on the Flop
Seat 5: ToDaFelt (big blind) collected ($17.64)


PokerStars Hand #174179851996:  Hold'em Limit ($3/$6 USD) - 2017/08/10 20:28:26 ET
Table 'Lilium' 6-max Seat #5 is the button
Seat 3: mrfingers007 ($156.26 in chips)
Seat 5: ToDaFelt ($116.14 in chips)
ToDaFelt: posts small blind $1
mrfingers007: posts big blind $3
*** HOLE CARDS ***
ToDaFelt: raises $3 to $6
mrfingers007: calls $3
*** FLOP *** [Ah 5d 7h]
mrfingers007: checks
ToDaFelt: bets $3
mrfingers007: folds
Uncalled bet ($3) returned to ToDaFelt
ToDaFelt collected $11.76 from pot
ToDaFelt: doesn't show hand
*** SUMMARY ***
Total pot $12 | Rake $0.24
Board [Ah 5d 7h]
Seat 3: mrfingers007 (big blind) folded on the Flop
Seat 5: ToDaFelt (button) (small blind) collected ($11.76)


PokerStars Hand #174179890983:  Hold'em Limit ($3/$6 USD) - 2017/08/10 20:29:51 ET
Table 'Lilium' 6-max Seat #3 is the button
Seat 3: mrfingers007 ($95.90 in chips)
Seat 5: ToDaFelt ($174.54 in chips)
mrfingers007: posts small blind $1
ToDaFelt: posts big blind $3
*** HOLE CARDS ***
mrfingers007: raises $3 to $6
ToDaFelt: folds
Uncalled bet ($3) returned to mrfingers007
mrfingers007 collected $6 from pot
mrfingers007: doesn't show hand
*** SUMMARY ***
Total pot $6 | Rake $0
Seat 3: mrfingers007 (button) (small blind) collected ($6)
Seat 5: ToDaFelt (big blind) folded before Flop


PokerStars Hand #174179887434:  Hold'em Limit ($3/$6 USD) - 2017/08/10 20:29:44 ET
Table 'Lilium' 6-max Seat #5 is the button
Seat 3: mrfingers007 ($94.90 in chips)
Seat 5: ToDaFelt ($175.54 in chips)
ToDaFelt: posts small blind $1
mrfingers007: posts big blind $3
*** HOLE CARDS ***
ToDaFelt: folds
Uncalled bet ($2) returned to mrfingers007
mrfingers007 collected $2 from pot
mrfingers007: doesn't show hand
*** SUMMARY ***
Total pot $2 | Rake $0
Seat 3: mrfingers007 (big blind) collected ($2)
Seat 5: ToDaFelt (button) (small blind) folded before Flop


PokerStars Hand #174179885148:  Hold'em Limit ($3/$6 USD) - 2017/08/10 20:29:39 ET
Table 'Lilium' 6-max Seat #3 is the button
Seat 3: mrfingers007 ($95.90 in chips)
Seat 5: ToDaFelt ($174.54 in chips)
mrfingers007: posts small blind $1
ToDaFelt: posts big blind $3
*** HOLE CARDS ***
mrfingers007: folds
Uncalled bet ($2) returned to ToDaFelt
ToDaFelt collected $2 from pot
ToDaFelt: doesn't show hand
*** SUMMARY ***
Total pot $2 | Rake $0
Seat 3: mrfingers007 (button) (small blind) folded before Flop
Seat 5: ToDaFelt (big blind) collected ($2)


PokerStars Hand #174179876530:  Hold'em Limit ($3/$6 USD) - 2017/08/10 20:29:20 ET
Table 'Lilium' 6-max Seat #5 is the button
Seat 3: mrfingers007 ($119.90 in chips)
Seat 5: ToDaFelt ($151.04 in chips)
ToDaFelt: posts small blind $1
mrfingers007: posts big blind $3
*** HOLE CARDS ***
ToDaFelt: raises $3 to $6
mrfingers007: calls $3
*** FLOP *** [4h Jc 5h]
mrfingers007: checks
ToDaFelt: bets $3
mrfingers007: raises $3 to $6
ToDaFelt: calls $3
*** TURN *** [4h Jc 5h] [Qd]
mrfingers007: bets $6
ToDaFelt: calls $6
*** RIVER *** [4h Jc 5h Qd] [Qs]
mrfingers007: bets $6
ToDaFelt: calls $6
*** SHOW DOWN ***
mrfingers007: shows [3c 6d] (a pair of Queens)
ToDaFelt: shows [Ad 2c] (a pair of Queens - Ace kicker)
ToDaFelt collected $47.50 from pot
*** SUMMARY ***
Total pot $48 | Rake $0.50
Board [4h Jc 5h Qd Qs]
Seat 3: mrfingers007 (big blind) showed [3c 6d] and lost with a pair of Queens
Seat 5: ToDaFelt (button) (small blind) showed [Ad 2c] and won ($47.50) with a pair of Queens


PokerStars Hand #174179865580:  Hold'em Limit ($3/$6 USD) - 2017/08/10 20:28:55 ET
Table 'Lilium' 6-max Seat #5 is the button
Seat 3: mrfingers007 ($120.26 in chips)
Seat 5: ToDaFelt ($151.40 in chips)
ToDaFelt: posts small blind $1
mrfingers007: posts big blind $3
*** HOLE CARDS ***
ToDaFelt: raises $3 to $6
mrfingers007: calls $3
*** FLOP *** [3c Ac 2s]
mrfingers007: checks
ToDaFelt: bets $3
mrfingers007: raises $3 to $6
ToDaFelt: folds
Uncalled bet ($3) returned to mrfingers007
mrfingers007 collected $17.64 from pot
mrfingers007: doesn't show hand
*** SUMMARY ***
Total pot $18 | Rake $0.36
Board [3c Ac 2s]
Seat 3: mrfingers007 (big blind) collected ($17.64)
Seat 5: ToDaFelt (button) (small blind) folded on the Flop


PokerStars Hand #174179872030:  Hold'em Limit ($3/$6 USD) - 2017/08/10 20:29:09 ET
Table 'Lilium' 6-max Seat #3 is the button
Seat 3: mrfingers007 ($128.90 in chips)
Seat 5: ToDaFelt ($142.40 in chips)
mrfingers007: posts small blind $1
ToDaFelt: posts big blind $3
*** HOLE CARDS ***
mrfingers007: raises $3 to $6
ToDaFelt: raises $3 to $9
mrfingers007: calls $3
*** FLOP *** [Qd Kd Qh]
ToDaFelt: bets $3
mrfingers007: folds
Uncalled bet ($3) returned to ToDaFelt
ToDaFelt collected $17.64 from pot
ToDaFelt: doesn't show hand
*** SUMMARY ***
Total pot $18 | Rake $0.36
Board [Qd Kd Qh]
Seat 3: mrfingers007 (button) (small blind) folded on the Flop
Seat 5: ToDaFelt (big blind) collected ($17.64)


PokerStars Hand #174179895316:  Hold'em Limit ($3/$6 USD) - 2017/08/10 20:30:01 ET
Table 'Lilium' 6-max Seat #5 is the button
Seat 3: mrfingers007 ($98.90 in chips)
Seat 5: ToDaFelt ($171.54 in chips)
ToDaFelt: posts small blind $1
mrfingers007: posts big blind $3
*** HOLE CARDS ***
ToDaFelt: raises $3 to $6
mrfingers007: raises $3 to $9
ToDaFelt: calls $3
*** FLOP *** [9c Jc 3d]
mrfingers007: checks
ToDaFelt: bets $3
mrfingers007: folds
Uncalled bet ($3) returned to ToDaFelt
ToDaFelt collected $17.64 from pot
ToDaFelt: doesn't show hand
*** SUMMARY ***
Total pot $18 | Rake $0.36
Board [9c Jc 3d]
Seat 3: mrfingers007 (big blind) folded on the Flop
Seat 5: ToDaFelt (button) (small blind) collected ($17.64)


PokerStars Hand #174179907639:  Hold'em Limit ($3/$6 USD) - 2017/08/10 20:30:28 ET
Table 'Lilium' 6-max Seat #3 is the button
Seat 3: mrfingers007 ($89.90 in chips)
Seat 5: ToDaFelt ($180.18 in chips)
mrfingers007: posts small blind $1
ToDaFelt: posts big blind $3
*** HOLE CARDS ***
mrfingers007: raises $3 to $6
ToDaFelt: raises $3 to $9
mrfingers007: raises $3 to $12
Betting is capped
ToDaFelt: calls $3
*** FLOP *** [2h 7c 2s]
ToDaFelt: checks
mrfingers007: checks
*** TURN *** [2h 7c 2s] [4s]
ToDaFelt: checks
mrfingers007: checks
*** RIVER *** [2h 7c 2s 4s] [Tc]
ToDaFelt: checks
mrfingers007: checks
*** SHOW DOWN ***
ToDaFelt: shows [5d Ad] (a pair of Deuces)
mrfingers007: mucks hand
ToDaFelt collected $23.52 from pot
*** SUMMARY ***
Total pot $24 | Rake $0.48
Board [2h 7c 2s 4s Tc]
Seat 3: mrfingers007 (button) (small blind) mucked
Seat 5: ToDaFelt (big blind) showed [5d Ad] and won ($23.52) with a pair of Deuces


PokerStars Hand #174179919058:  Hold'em Limit ($3/$6 USD) - 2017/08/10 20:30:53 ET
Table 'Lilium' 6-max Seat #5 is the button
Seat 3: mrfingers007 ($77.90 in chips)
Seat 5: ToDaFelt ($191.70 in chips)
ToDaFelt: posts small blind $1
mrfingers007: posts big blind $3
*** HOLE CARDS ***
ToDaFelt: raises $3 to $6
mrfingers007: folds
Uncalled bet ($3) returned to ToDaFelt
ToDaFelt collected $6 from pot
ToDaFelt: doesn't show hand
*** SUMMARY ***
Total pot $6 | Rake $0
Seat 3: mrfingers007 (big blind) folded before Flop
Seat 5: ToDaFelt (button) (small blind) collected ($6)


PokerStars Hand #174179943085:  Hold'em Limit ($3/$6 USD) - 2017/08/10 20:31:46 ET
Table 'Lilium' 6-max Seat #5 is the button
Seat 3: mrfingers007 ($75.66 in chips)
Seat 5: ToDaFelt ($193.46 in chips)
ToDaFelt: posts small blind $1
mrfingers007: posts big blind $3
*** HOLE CARDS ***
ToDaFelt: raises $3 to $6
mrfingers007: calls $3
*** FLOP *** [Ah Qd Jh]
mrfingers007: checks
ToDaFelt: bets $3
mrfingers007: folds
Uncalled bet ($3) returned to ToDaFelt
ToDaFelt collected $11.76 from pot
ToDaFelt: doesn't show hand
*** SUMMARY ***
Total pot $12 | Rake $0.24
Board [Ah Qd Jh]
Seat 3: mrfingers007 (big blind) folded on the Flop
Seat 5: ToDaFelt (button) (small blind) collected ($11.76)


PokerStars Hand #174179921483:  Hold'em Limit ($3/$6 USD) - 2017/08/10 20:30:58 ET
Table 'Lilium' 6-max Seat #3 is the button
Seat 3: mrfingers007 ($74.90 in chips)
Seat 5: ToDaFelt ($194.70 in chips)
mrfingers007: posts small blind $1
ToDaFelt: posts big blind $3
*** HOLE CARDS ***
mrfingers007: raises $3 to $6
ToDaFelt: calls $3
*** FLOP *** [9s 8h Qs]
ToDaFelt: checks
mrfingers007: checks
*** TURN *** [9s 8h Qs] [7c]
ToDaFelt: bets $6
mrfingers007: folds
Uncalled bet ($6) returned to ToDaFelt
ToDaFelt collected $11.76 from pot
ToDaFelt: doesn't show hand
*** SUMMARY ***
Total pot $12 | Rake $0.24
Board [9s 8h Qs 7c]
Seat 3: mrfingers007 (button) (small blind) folded on the Turn
Seat 5: ToDaFelt (big blind) collected ($11.76)


PokerStars Hand #174179932880:  Hold'em Limit ($3/$6 USD) - 2017/08/10 20:31:23 ET
Table 'Lilium' 6-max Seat #5 is the button
Seat 3: mrfingers007 ($68.90 in chips)
Seat 5: ToDaFelt ($200.46 in chips)
ToDaFelt: posts small blind $1
mrfingers007: posts big blind $3
*** HOLE CARDS ***
ToDaFelt: folds
Uncalled bet ($2) returned to mrfingers007
mrfingers007 collected $2 from pot
mrfingers007: doesn't show hand
*** SUMMARY ***
Total pot $2 | Rake $0
Seat 3: mrfingers007 (big blind) collected ($2)
Seat 5: ToDaFelt (button) (small blind) folded before Flop


PokerStars Hand #174179936034:  Hold'em Limit ($3/$6 USD) - 2017/08/10 20:31:30 ET
Table 'Lilium' 6-max Seat #3 is the button
Seat 3: mrfingers007 ($69.90 in chips)
Seat 5: ToDaFelt ($199.46 in chips)
mrfingers007: posts small blind $1
ToDaFelt: posts big blind $3
*** HOLE CARDS ***
mrfingers007: raises $3 to $6
ToDaFelt: calls $3
*** FLOP *** [7s 2d 3c]
ToDaFelt: checks
mrfingers007: bets $3
ToDaFelt: folds
Uncalled bet ($3) returned to mrfingers007
mrfingers007 collected $11.76 from pot
mrfingers007: doesn't show hand
*** SUMMARY ***
Total pot $12 | Rake $0.24
Board [7s 2d 3c]
Seat 3: mrfingers007 (button) (small blind) collected ($11.76)
Seat 5: ToDaFelt (big blind) folded on the Flop


PokerStars Hand #174179948833:  Hold'em Limit ($3/$6 USD) - 2017/08/10 20:31:58 ET
Table 'Lilium' 6-max Seat #3 is the button
Seat 3: mrfingers007 ($69.66 in chips)
Seat 5: ToDaFelt ($199.22 in chips)
mrfingers007: posts small blind $1
ToDaFelt: posts big blind $3
*** HOLE CARDS ***
mrfingers007: raises $3 to $6
ToDaFelt: calls $3
*** FLOP *** [Tc 2h 7s]
ToDaFelt: checks
mrfingers007: checks
*** TURN *** [Tc 2h 7s] [6s]
ToDaFelt: bets $6
mrfingers007: calls $6
*** RIVER *** [Tc 2h 7s 6s] [Ad]
ToDaFelt: bets $6
mrfingers007: calls $6
*** SHOW DOWN ***
ToDaFelt: shows [Jc 9c] (high card Ace)
mrfingers007: shows [Kd 2s] (a pair of Deuces)
mrfingers007 collected $35.50 from pot
*** SUMMARY ***
Total pot $36 | Rake $0.50
Board [Tc 2h 7s 6s Ad]
Seat 3: mrfingers007 (button) (small blind) showed [Kd 2s] and won ($35.50) with a pair of Deuces
Seat 5: ToDaFelt (big blind) showed [Jc 9c] and lost with high card Ace


PokerStars Hand #174179961614:  Hold'em Limit ($3/$6 USD) - 2017/08/10 20:32:26 ET
Table 'Lilium' 6-max Seat #3 is the button
Seat 3: mrfingers007 ($95.80 in chips)
Seat 5: ToDaFelt ($172.22 in chips)
mrfingers007: posts small blind $1
ToDaFelt: posts big blind $3
*** HOLE CARDS ***
mrfingers007: folds
Uncalled bet ($2) returned to ToDaFelt
ToDaFelt collected $2 from pot
ToDaFelt: doesn't show hand
*** SUMMARY ***
Total pot $2 | Rake $0
Seat 3: mrfingers007 (button) (small blind) folded before Flop
Seat 5: ToDaFelt (big blind) collected ($2)


PokerStars Hand #174179955561:  Hold'em Limit ($3/$6 USD) - 2017/08/10 20:32:13 ET
Table 'Lilium' 6-max Seat #5 is the button
Seat 3: mrfingers007 ($87.16 in chips)
Seat 5: ToDaFelt ($181.22 in chips)
ToDaFelt: posts small blind $1
mrfingers007: posts big blind $3
*** HOLE CARDS ***
ToDaFelt: raises $3 to $6
mrfingers007: raises $3 to $9
ToDaFelt: calls $3
*** FLOP *** [5h Tc Kd]
mrfingers007: bets $3
ToDaFelt: folds
Uncalled bet ($3) returned to mrfingers007
mrfingers007 collected $17.64 from pot
mrfingers007: doesn't show hand
*** SUMMARY ***
Total pot $18 | Rake $0.36
Board [5h Tc Kd]
Seat 3: mrfingers007 (big blind) collected ($17.64)
Seat 5: ToDaFelt (button) (small blind) folded on the Flop


PokerStars Hand #174179963946:  Hold'em Limit ($3/$6 USD) - 2017/08/10 20:32:32 ET
Table 'Lilium' 6-max Seat #5 is the button
Seat 3: mrfingers007 ($94.80 in chips)
Seat 5: ToDaFelt ($173.22 in chips)
ToDaFelt: posts small blind $1
mrfingers007: posts big blind $3
*** HOLE CARDS ***
ToDaFelt: raises $3 to $6
mrfingers007: calls $3
*** FLOP *** [8c Ts 9c]
mrfingers007: checks
ToDaFelt: bets $3
mrfingers007: calls $3
*** TURN *** [8c Ts 9c] [9d]
mrfingers007: checks
ToDaFelt: checks
*** RIVER *** [8c Ts 9c 9d] [5s]
mrfingers007: bets $6
ToDaFelt: folds
Uncalled bet ($6) returned to mrfingers007
mrfingers007 collected $17.64 from pot
mrfingers007: doesn't show hand
*** SUMMARY ***
Total pot $18 | Rake $0.36
Board [8c Ts 9c 9d 5s]
Seat 3: mrfingers007 (big blind) collected ($17.64)
Seat 5: ToDaFelt (button) (small blind) folded on the River


PokerStars Hand #174179974272:  Hold'em Limit ($3/$6 USD) - 2017/08/10 20:32:55 ET
Table 'Lilium' 6-max Seat #3 is the button
Seat 3: mrfingers007 ($103.44 in chips)
Seat 5: ToDaFelt ($164.22 in chips)
mrfingers007: posts small blind $1
ToDaFelt: posts big blind $3
*** HOLE CARDS ***
mrfingers007: raises $3 to $6
ToDaFelt: calls $3
*** FLOP *** [3h Ks Ac]
ToDaFelt: checks
mrfingers007: bets $3
ToDaFelt: folds
Uncalled bet ($3) returned to mrfingers007
mrfingers007 collected $11.76 from pot
mrfingers007: doesn't show hand
*** SUMMARY ***
Total pot $12 | Rake $0.24
Board [3h Ks Ac]
Seat 3: mrfingers007 (button) (small blind) collected ($11.76)
Seat 5: ToDaFelt (big blind) folded on the Flop


PokerStars Hand #174179983446:  Hold'em Limit ($3/$6 USD) - 2017/08/10 20:33:15 ET
Table 'Lilium' 6-max Seat #3 is the button
Seat 3: mrfingers007 ($110.20 in chips)
Seat 5: ToDaFelt ($157.22 in chips)
mrfingers007: posts small blind $1
ToDaFelt: posts big blind $3
*** HOLE CARDS ***
mrfingers007: raises $3 to $6
ToDaFelt: raises $3 to $9
mrfingers007: calls $3
*** FLOP *** [Qd 7s 6d]
ToDaFelt: bets $3
mrfingers007: calls $3
*** TURN *** [Qd 7s 6d] [Td]
ToDaFelt: bets $6
mrfingers007: folds
Uncalled bet ($6) returned to ToDaFelt
ToDaFelt collected $23.52 from pot
ToDaFelt: doesn't show hand
*** SUMMARY ***
Total pot $24 | Rake $0.48
Board [Qd 7s 6d Td]
Seat 3: mrfingers007 (button) (small blind) folded on the Turn
Seat 5: ToDaFelt (big blind) collected ($23.52)


PokerStars Hand #174179981359:  Hold'em Limit ($3/$6 USD) - 2017/08/10 20:33:11 ET
Table 'Lilium' 6-max Seat #5 is the button
Seat 3: mrfingers007 ($109.20 in chips)
Seat 5: ToDaFelt ($158.22 in chips)
ToDaFelt: posts small blind $1
mrfingers007: posts big blind $3
*** HOLE CARDS ***
ToDaFelt: folds
Uncalled bet ($2) returned to mrfingers007
mrfingers007 collected $2 from pot
mrfingers007: doesn't show hand
*** SUMMARY ***
Total pot $2 | Rake $0
Seat 3: mrfingers007 (big blind) collected ($2)
Seat 5: ToDaFelt (button) (small blind) folded before Flop


PokerStars Hand #174179987765:  Hold'em Limit ($3/$6 USD) - 2017/08/10 20:33:25 ET
Table 'Lilium' 6-max Seat #5 is the button
Seat 3: mrfingers007 ($98.20 in chips)
Seat 5: ToDaFelt ($168.74 in chips)
ToDaFelt: posts small blind $1
mrfingers007: posts big blind $3
*** HOLE CARDS ***
ToDaFelt: raises $3 to $6
mrfingers007: calls $3
*** FLOP *** [Qh 2d 3c]
mrfingers007: checks
ToDaFelt: bets $3
mrfingers007: folds
Uncalled bet ($3) returned to ToDaFelt
ToDaFelt collected $11.76 from pot
ToDaFelt: doesn't show hand
*** SUMMARY ***
Total pot $12 | Rake $0.24
Board [Qh 2d 3c]
Seat 3: mrfingers007 (big blind) folded on the Flop
Seat 5: ToDaFelt (button) (small blind) collected ($11.76)


PokerStars Hand #174179991673:  Hold'em Limit ($3/$6 USD) - 2017/08/10 20:33:34 ET
Table 'Lilium' 6-max Seat #3 is the button
Seat 3: mrfingers007 ($92.20 in chips)
Seat 5: ToDaFelt ($174.50 in chips)
mrfingers007: posts small blind $1
ToDaFelt: posts big blind $3
*** HOLE CARDS ***
mrfingers007: raises $3 to $6
ToDaFelt: calls $3
*** FLOP *** [6c Ks 8s]
ToDaFelt: checks
mrfingers007: checks
*** TURN *** [6c Ks 8s] [9d]
ToDaFelt: bets $6
mrfingers007: calls $6
*** RIVER *** [6c Ks 8s 9d] [Qd]
ToDaFelt: bets $6
mrfingers007: folds
Uncalled bet ($6) returned to ToDaFelt
ToDaFelt collected $23.52 from pot
ToDaFelt: doesn't show hand
*** SUMMARY ***
Total pot $24 | Rake $0.48
Board [6c Ks 8s 9d Qd]
Seat 3: mrfingers007 (button) (small blind) folded on the River
Seat 5: ToDaFelt (big blind) collected ($23.52)


PokerStars Hand #174179998881:  Hold'em Limit ($3/$6 USD) - 2017/08/10 20:33:50 ET
Table 'Lilium' 6-max Seat #5 is the button
Seat 3: mrfingers007 ($80.20 in chips)
Seat 5: ToDaFelt ($186.02 in chips)
ToDaFelt: posts small blind $1
mrfingers007: posts big blind $3
*** HOLE CARDS ***
ToDaFelt: raises $3 to $6
mrfingers007: raises $3 to $9
ToDaFelt: calls $3
*** FLOP *** [Ah 9h 2h]
mrfingers007: bets $3
ToDaFelt: calls $3
*** TURN *** [Ah 9h 2h] [4h]
mrfingers007: bets $6
ToDaFelt: calls $6
*** RIVER *** [Ah 9h 2h 4h] [Kc]
mrfingers007: bets $6
ToDaFelt: calls $6
*** SHOW DOWN ***
mrfingers007: shows [5s Ks] (a pair of Kings)
ToDaFelt: shows [5h 9c] (a flush, Ace high)
ToDaFelt collected $47.50 from pot
*** SUMMARY ***
Total pot $48 | Rake $0.50
Board [Ah 9h 2h 4h Kc]
Seat 3: mrfingers007 (big blind) showed [5s Ks] and lost with a pair of Kings
Seat 5: ToDaFelt (button) (small blind) showed [5h 9c] and won ($47.50) with a flush, Ace high


PokerStars Hand #174180008426:  Hold'em Limit ($3/$6 USD) - 2017/08/10 20:34:11 ET
Table 'Lilium' 6-max Seat #3 is the button
Seat 3: mrfingers007 ($56.20 in chips)
Seat 5: ToDaFelt ($209.52 in chips)
mrfingers007: posts small blind $1
ToDaFelt: posts big blind $3
*** HOLE CARDS ***
mrfingers007: raises $3 to $6
ToDaFelt: calls $3
*** FLOP *** [Td 5h 5d]
ToDaFelt: checks
mrfingers007: checks
*** TURN *** [Td 5h 5d] [4h]
ToDaFelt: bets $6
mrfingers007: calls $6
*** RIVER *** [Td 5h 5d 4h] [9s]
ToDaFelt: bets $6
mrfingers007: folds
Uncalled bet ($6) returned to ToDaFelt
ToDaFelt collected $23.52 from pot
ToDaFelt: doesn't show hand
*** SUMMARY ***
Total pot $24 | Rake $0.48
Board [Td 5h 5d 4h 9s]
Seat 3: mrfingers007 (button) (small blind) folded on the River
Seat 5: ToDaFelt (big blind) collected ($23.52)


PokerStars Hand #174180022639:  Hold'em Limit ($3/$6 USD) - 2017/08/10 20:34:42 ET
Table 'Lilium' 6-max Seat #5 is the button
Seat 3: mrfingers007 ($44.20 in chips)
Seat 5: ToDaFelt ($221.04 in chips)
ToDaFelt: posts small blind $1
mrfingers007: posts big blind $3
*** HOLE CARDS ***
ToDaFelt: raises $3 to $6
mrfingers007: calls $3
*** FLOP *** [4s 8s As]
mrfingers007: checks
ToDaFelt: bets $3
mrfingers007: folds
Uncalled bet ($3) returned to ToDaFelt
ToDaFelt collected $11.76 from pot
ToDaFelt: doesn't show hand
*** SUMMARY ***
Total pot $12 | Rake $0.24
Board [4s 8s As]
Seat 3: mrfingers007 (big blind) folded on the Flop
Seat 5: ToDaFelt (button) (small blind) collected ($11.76)


PokerStars Hand #174180051546:  Hold'em Limit ($3/$6 USD) - 2017/08/10 20:35:46 ET
Table 'Lilium' 6-max Seat #3 is the button
Seat 3: mrfingers007 ($20.08 in chips)
Seat 5: ToDaFelt ($244.30 in chips)
mrfingers007: posts small blind $1
ToDaFelt: posts big blind $3
*** HOLE CARDS ***
mrfingers007: folds
Uncalled bet ($2) returned to ToDaFelt
ToDaFelt collected $2 from pot
ToDaFelt: doesn't show hand
*** SUMMARY ***
Total pot $2 | Rake $0
Seat 3: mrfingers007 (button) (small blind) folded before Flop
Seat 5: ToDaFelt (big blind) collected ($2)


PokerStars Hand #174180038728:  Hold'em Limit ($3/$6 USD) - 2017/08/10 20:35:18 ET
Table 'Lilium' 6-max Seat #5 is the button
Seat 3: mrfingers007 ($41.08 in chips)
Seat 5: ToDaFelt ($223.80 in chips)
ToDaFelt: posts small blind $1
mrfingers007: posts big blind $3
*** HOLE CARDS ***
ToDaFelt: raises $3 to $6
mrfingers007: calls $3
*** FLOP *** [Th 2s 4h]
mrfingers007: checks
ToDaFelt: bets $3
mrfingers007: calls $3
*** TURN *** [Th 2s 4h] [2h]
mrfingers007: checks
ToDaFelt: bets $6
mrfingers007: calls $6
*** RIVER *** [Th 2s 4h 2h] [9d]
mrfingers007: bets $6
ToDaFelt: calls $6
*** SHOW DOWN ***
mrfingers007: shows [3h Jc] (a pair of Deuces)
ToDaFelt: shows [As Js] (a pair of Deuces - Ace kicker)
ToDaFelt collected $41.50 from pot
*** SUMMARY ***
Total pot $42 | Rake $0.50
Board [Th 2s 4h 2h 9d]
Seat 3: mrfingers007 (big blind) showed [3h Jc] and lost with a pair of Deuces
Seat 5: ToDaFelt (button) (small blind) showed [As Js] and won ($41.50) with a pair of Deuces


PokerStars Hand #174180028049:  Hold'em Limit ($3/$6 USD) - 2017/08/10 20:34:55 ET
Table 'Lilium' 6-max Seat #3 is the button
Seat 3: mrfingers007 ($38.20 in chips)
Seat 5: ToDaFelt ($226.80 in chips)
mrfingers007: posts small blind $1
ToDaFelt: posts big blind $3
*** HOLE CARDS ***
mrfingers007: calls $2
ToDaFelt: checks
*** FLOP *** [4d Qh 5h]
ToDaFelt: checks
mrfingers007: bets $3
ToDaFelt: folds
Uncalled bet ($3) returned to mrfingers007
mrfingers007 collected $5.88 from pot
mrfingers007: doesn't show hand
*** SUMMARY ***
Total pot $6 | Rake $0.12
Board [4d Qh 5h]
Seat 3: mrfingers007 (button) (small blind) collected ($5.88)
Seat 5: ToDaFelt (big blind) folded on the Flop


PokerStars Hand #174180053724:  Hold'em Limit ($3/$6 USD) - 2017/08/10 20:35:51 ET
Table 'Lilium' 6-max Seat #5 is the button
Seat 3: mrfingers007 ($19.08 in chips)
Seat 5: ToDaFelt ($245.30 in chips)
ToDaFelt: posts small blind $1
mrfingers007: posts big blind $3
*** HOLE CARDS ***
ToDaFelt: raises $3 to $6
mrfingers007: folds
Uncalled bet ($3) returned to ToDaFelt
ToDaFelt collected $6 from pot
ToDaFelt: doesn't show hand
*** SUMMARY ***
Total pot $6 | Rake $0
Seat 3: mrfingers007 (big blind) folded before Flop
Seat 5: ToDaFelt (button) (small blind) collected ($6)


PokerStars Hand #174180080505:  Hold'em Limit ($3/$6 USD) - 2017/08/10 20:36:51 ET
Table 'Lilium' 6-max Seat #3 is the button
Seat 3: mrfingers007 ($7.66 in chips)
Seat 5: ToDaFelt ($255.72 in chips)
mrfingers007: posts small blind $1
ToDaFelt: posts big blind $3
*** HOLE CARDS ***
mrfingers007: raises $3 to $6
ToDaFelt: raises $3 to $9
mrfingers007: calls $1.66 and is all-in
Uncalled bet ($1.34) returned to ToDaFelt
*** FLOP *** [6h As 4c]
*** TURN *** [6h As 4c] [4h]
*** RIVER *** [6h As 4c 4h] [6c]
*** SHOW DOWN ***
ToDaFelt: shows [5c 5d] (two pair, Sixes and Fives)
mrfingers007: shows [4s 9c] (a full house, Fours full of Sixes)
mrfingers007 collected $15.01 from pot
*** SUMMARY ***
Total pot $15.32 | Rake $0.31
Board [6h As 4c 4h 6c]
Seat 3: mrfingers007 (button) (small blind) showed [4s 9c] and won ($15.01) with a full house, Fours full of Sixes
Seat 5: ToDaFelt (big blind) showed [5c 5d] and lost with two pair, Sixes and Fives


PokerStars Hand #174180067483:  Hold'em Limit ($3/$6 USD) - 2017/08/10 20:36:21 ET
Table 'Lilium' 6-max Seat #5 is the button
Seat 3: mrfingers007 ($31.66 in chips)
Seat 5: ToDaFelt ($232.22 in chips)
ToDaFelt: posts small blind $1
mrfingers007: posts big blind $3
*** HOLE CARDS ***
ToDaFelt: raises $3 to $6
mrfingers007: raises $3 to $9
ToDaFelt: calls $3
*** FLOP *** [Tc 7d Kd]
mrfingers007: bets $3
ToDaFelt: calls $3
*** TURN *** [Tc 7d Kd] [Th]
mrfingers007: bets $6
ToDaFelt: calls $6
*** RIVER *** [Tc 7d Kd Th] [6s]
mrfingers007: bets $6
ToDaFelt: calls $6
*** SHOW DOWN ***
mrfingers007: shows [8h Qs] (a pair of Tens)
ToDaFelt: shows [Qd As] (a pair of Tens - Ace kicker)
ToDaFelt collected $47.50 from pot
*** SUMMARY ***
Total pot $48 | Rake $0.50
Board [Tc 7d Kd Th 6s]
Seat 3: mrfingers007 (big blind) showed [8h Qs] and lost with a pair of Tens
Seat 5: ToDaFelt (button) (small blind) showed [Qd As] and won ($47.50) with a pair of Tens


PokerStars Hand #174180057665:  Hold'em Limit ($3/$6 USD) - 2017/08/10 20:36:00 ET
Table 'Lilium' 6-max Seat #3 is the button
Seat 3: mrfingers007 ($16.08 in chips)
Seat 5: ToDaFelt ($248.30 in chips)
mrfingers007: posts small blind $1
ToDaFelt: posts big blind $3
*** HOLE CARDS ***
mrfingers007: raises $3 to $6
ToDaFelt: calls $3
*** FLOP *** [5s Ad 7c]
ToDaFelt: checks
mrfingers007: bets $3
ToDaFelt: calls $3
*** TURN *** [5s Ad 7c] [7s]
ToDaFelt: checks
mrfingers007: bets $6
ToDaFelt: raises $6 to $12
mrfingers007: calls $1.08 and is all-in
Uncalled bet ($4.92) returned to ToDaFelt
*** RIVER *** [5s Ad 7c 7s] [Qs]
*** SHOW DOWN ***
ToDaFelt: shows [Tc Jh] (a pair of Sevens)
mrfingers007: shows [As 2s] (a flush, Ace high)
mrfingers007 collected $31.66 from pot
*** SUMMARY ***
Total pot $32.16 | Rake $0.50
Board [5s Ad 7c 7s Qs]
Seat 3: mrfingers007 (button) (small blind) showed [As 2s] and won ($31.66) with a flush, Ace high
Seat 5: ToDaFelt (big blind) showed [Tc Jh] and lost with a pair of Sevens


PokerStars Hand #174180086700:  Hold'em Limit ($3/$6 USD) - 2017/08/10 20:37:04 ET
Table 'Lilium' 6-max Seat #5 is the button
Seat 3: mrfingers007 ($15.01 in chips)
Seat 5: ToDaFelt ($248.06 in chips)
ToDaFelt: posts small blind $1
mrfingers007: posts big blind $3
*** HOLE CARDS ***
ToDaFelt: folds
Uncalled bet ($2) returned to mrfingers007
mrfingers007 collected $2 from pot
mrfingers007: doesn't show hand
*** SUMMARY ***
Total pot $2 | Rake $0
Seat 3: mrfingers007 (big blind) collected ($2)
Seat 5: ToDaFelt (button) (small blind) folded before Flop


PokerStars Hand #174180089045:  Hold'em Limit ($3/$6 USD) - 2017/08/10 20:37:10 ET
Table 'Lilium' 6-max Seat #3 is the button
Seat 3: mrfingers007 ($16.01 in chips)
Seat 5: ToDaFelt ($247.06 in chips)
mrfingers007: posts small blind $1
ToDaFelt: posts big blind $3
*** HOLE CARDS ***
mrfingers007: raises $3 to $6
ToDaFelt: calls $3
*** FLOP *** [7d Tc 6s]
ToDaFelt: bets $3
mrfingers007: calls $3
*** TURN *** [7d Tc 6s] [2d]
ToDaFelt: bets $6
mrfingers007: raises $1.01 to $7.01 and is all-in
ToDaFelt: calls $1.01
*** RIVER *** [7d Tc 6s 2d] [7h]
*** SHOW DOWN ***
ToDaFelt: shows [8s Qs] (a pair of Sevens)
mrfingers007: shows [9c Jh] (a pair of Sevens - lower kicker)
ToDaFelt collected $31.52 from pot
*** SUMMARY ***
Total pot $32.02 | Rake $0.50
Board [7d Tc 6s 2d 7h]
Seat 3: mrfingers007 (button) (small blind) showed [9c Jh] and lost with a pair of Sevens
Seat 5: ToDaFelt (big blind) showed [8s Qs] and won ($31.52) with a pair of Sevens


