PokerStars Hand #171460146694:  Hold'em Limit ($3/$6 USD) - 2017/06/07 8:50:44 ET
Table 'Lilliana' 6-max Seat #4 is the button
Seat 4: MTails ($120 in chips)
Seat 5: popesxxx ($46.10 in chips)
MTails: posts small blind $1
popesxxx: posts big blind $3
*** HOLE CARDS ***
MTails: raises $3 to $6
popesxxx: calls $3
*** FLOP *** [3h Jc Th]
popesxxx: checks
MTails: bets $3
popesxxx: calls $3
*** TURN *** [3h Jc Th] [Qc]
popesxxx: checks
MTails: checks
*** RIVER *** [3h Jc Th Qc] [As]
popesxxx: checks
MTails: checks
*** SHOW DOWN ***
popesxxx: shows [Ts 9c] (a pair of Tens)
MTails: shows [Td 7d] (a pair of Tens)
popesxxx collected $8.82 from pot
MTails collected $8.82 from pot
*** SUMMARY ***
Total pot $18 | Rake $0.36
Board [3h Jc Th Qc As]
Seat 4: MTails (button) (small blind) showed [Td 7d] and won ($8.82) with a pair of Tens
Seat 5: popesxxx (big blind) showed [Ts 9c] and won ($8.82) with a pair of Tens


PokerStars Hand #171460154504:  Hold'em Limit ($3/$6 USD) - 2017/06/07 8:50:59 ET
Table 'Lilliana' 6-max Seat #5 is the button
Seat 4: MTails ($119.82 in chips)
Seat 5: popesxxx ($45.92 in chips)
popesxxx: posts small blind $1
MTails: posts big blind $3
*** HOLE CARDS ***
popesxxx: calls $2
MTails: raises $3 to $6
popesxxx: calls $3
*** FLOP *** [5d Qd 3s]
MTails: bets $3
popesxxx: calls $3
*** TURN *** [5d Qd 3s] [9s]
MTails: bets $6
popesxxx: calls $6
*** RIVER *** [5d Qd 3s 9s] [3c]
MTails: checks
popesxxx: bets $6
MTails: folds
Uncalled bet ($6) returned to popesxxx
popesxxx collected $29.50 from pot
*** SUMMARY ***
Total pot $30 | Rake $0.50
Board [5d Qd 3s 9s 3c]
Seat 4: MTails (big blind) folded on the River
Seat 5: popesxxx (button) (small blind) collected ($29.50)


PokerStars Hand #171460165421:  Hold'em Limit ($3/$6 USD) - 2017/06/07 8:51:22 ET
Table 'Lilliana' 6-max Seat #4 is the button
Seat 4: MTails ($104.82 in chips)
Seat 5: popesxxx ($60.42 in chips)
MTails: posts small blind $1
popesxxx: posts big blind $3
*** HOLE CARDS ***
MTails: raises $3 to $6
popesxxx: calls $3
*** FLOP *** [9c Jh 2c]
popesxxx: checks
MTails: bets $3
popesxxx: calls $3
*** TURN *** [9c Jh 2c] [Ks]
popesxxx: checks
MTails: bets $6
popesxxx: calls $6
*** RIVER *** [9c Jh 2c Ks] [5s]
popesxxx: checks
MTails: bets $6
popesxxx: calls $6
*** SHOW DOWN ***
MTails: shows [6c 9s] (a pair of Nines)
popesxxx: shows [8c 9h] (a pair of Nines - King+Jack+Eight kicker)
popesxxx collected $41.50 from pot
*** SUMMARY ***
Total pot $42 | Rake $0.50
Board [9c Jh 2c Ks 5s]
Seat 4: MTails (button) (small blind) showed [6c 9s] and lost with a pair of Nines
Seat 5: popesxxx (big blind) showed [8c 9h] and won ($41.50) with a pair of Nines


PokerStars Hand #171460175989:  Hold'em Limit ($3/$6 USD) - 2017/06/07 8:51:43 ET
Table 'Lilliana' 6-max Seat #4 is the button
Seat 4: MTails ($144.82 in chips)
Seat 5: popesxxx ($79.92 in chips)
MTails: posts small blind $1
popesxxx: posts big blind $3
*** HOLE CARDS ***
MTails: folds
Uncalled bet ($2) returned to popesxxx
popesxxx collected $2 from pot
*** SUMMARY ***
Total pot $2 | Rake $0
Seat 4: MTails (button) (small blind) folded before Flop
Seat 5: popesxxx (big blind) collected ($2)


PokerStars Hand #171460173741:  Hold'em Limit ($3/$6 USD) - 2017/06/07 8:51:38 ET
Table 'Lilliana' 6-max Seat #5 is the button
Seat 4: MTails ($83.82 in chips)
Seat 5: popesxxx ($80.92 in chips)
popesxxx: posts small blind $1
MTails: posts big blind $3
*** HOLE CARDS ***
popesxxx: folds
Uncalled bet ($2) returned to MTails
MTails collected $2 from pot
*** SUMMARY ***
Total pot $2 | Rake $0
Seat 4: MTails (big blind) collected ($2)
Seat 5: popesxxx (button) (small blind) folded before Flop


PokerStars Hand #171460178363:  Hold'em Limit ($3/$6 USD) - 2017/06/07 8:51:47 ET
Table 'Lilliana' 6-max Seat #5 is the button
Seat 4: MTails ($143.82 in chips)
Seat 5: popesxxx ($80.92 in chips)
popesxxx: posts small blind $1
MTails: posts big blind $3
*** HOLE CARDS ***
popesxxx: folds
Uncalled bet ($2) returned to MTails
MTails collected $2 from pot
*** SUMMARY ***
Total pot $2 | Rake $0
Seat 4: MTails (big blind) collected ($2)
Seat 5: popesxxx (button) (small blind) folded before Flop


PokerStars Hand #171460180769:  Hold'em Limit ($3/$6 USD) - 2017/06/07 8:51:52 ET
Table 'Lilliana' 6-max Seat #4 is the button
Seat 4: MTails ($144.82 in chips)
Seat 5: popesxxx ($79.92 in chips)
MTails: posts small blind $1
popesxxx: posts big blind $3
*** HOLE CARDS ***
MTails: raises $3 to $6
popesxxx: calls $3
*** FLOP *** [Ac Qc Jh]
popesxxx: checks
MTails: bets $3
popesxxx: calls $3
*** TURN *** [Ac Qc Jh] [2d]
popesxxx: checks
MTails: bets $6
popesxxx: raises $6 to $12
MTails: folds
Uncalled bet ($6) returned to popesxxx
popesxxx collected $29.50 from pot
*** SUMMARY ***
Total pot $30 | Rake $0.50
Board [Ac Qc Jh 2d]
Seat 4: MTails (button) (small blind) folded on the Turn
Seat 5: popesxxx (big blind) collected ($29.50)


PokerStars Hand #171460190170:  Hold'em Limit ($3/$6 USD) - 2017/06/07 8:52:11 ET
Table 'Lilliana' 6-max Seat #4 is the button
Seat 4: MTails ($130.82 in chips)
Seat 5: popesxxx ($93.42 in chips)
MTails: posts small blind $1
popesxxx: posts big blind $3
*** HOLE CARDS ***
MTails: raises $3 to $6
popesxxx: calls $3
*** FLOP *** [Ah 6h Jc]
popesxxx: checks
MTails: bets $3
popesxxx: calls $3
*** TURN *** [Ah 6h Jc] [7c]
popesxxx: checks
MTails: bets $6
Anchig joins the table at seat #6
popesxxx: calls $6
*** RIVER *** [Ah 6h Jc 7c] [8c]
popesxxx: checks
MTails: checks
*** SHOW DOWN ***
popesxxx: shows [Kd 7h] (a pair of Sevens)
MTails: mucks hand
popesxxx collected $29.50 from pot
*** SUMMARY ***
Total pot $30 | Rake $0.50
Board [Ah 6h Jc 7c 8c]
Seat 4: MTails (button) (small blind) mucked
Seat 5: popesxxx (big blind) showed [Kd 7h] and won ($29.50) with a pair of Sevens


PokerStars Hand #171460187869:  Hold'em Limit ($3/$6 USD) - 2017/06/07 8:52:07 ET
Table 'Lilliana' 6-max Seat #5 is the button
Seat 4: MTails ($129.82 in chips)
Seat 5: popesxxx ($94.42 in chips)
popesxxx: posts small blind $1
MTails: posts big blind $3
*** HOLE CARDS ***
popesxxx: folds
Uncalled bet ($2) returned to MTails
MTails collected $2 from pot
*** SUMMARY ***
Total pot $2 | Rake $0
Seat 4: MTails (big blind) collected ($2)
Seat 5: popesxxx (button) (small blind) folded before Flop


PokerStars Hand #171460356795:  Hold'em Limit ($3/$6 USD) - 2017/06/07 8:57:45 ET
Table 'Lilliana' 6-max Seat #1 is the button
Seat 1: turtlespit ($142.79 in chips)
Seat 6: Anchig ($172.74 in chips)
turtlespit: posts small blind $1
Anchig: posts big blind $3
*** HOLE CARDS ***
turtlespit: calls $2
Anchig: checks
*** FLOP *** [6d Kh 2c]
Anchig: checks
turtlespit: checks
*** TURN *** [6d Kh 2c] [3s]
Anchig: checks
turtlespit: bets $6
Anchig: folds
Uncalled bet ($6) returned to turtlespit
turtlespit collected $5.88 from pot
turtlespit: doesn't show hand
*** SUMMARY ***
Total pot $6 | Rake $0.12
Board [6d Kh 2c 3s]
Seat 1: turtlespit (button) (small blind) collected ($5.88)
Seat 6: Anchig (big blind) folded on the Turn


PokerStars Hand #171460341965:  Hold'em Limit ($3/$6 USD) - 2017/06/07 8:57:12 ET
Table 'Lilliana' 6-max Seat #6 is the button
Seat 1: turtlespit ($166.79 in chips)
Seat 6: Anchig ($149.24 in chips)
Anchig: posts small blind $1
turtlespit: posts big blind $3
*** HOLE CARDS ***
Anchig: raises $3 to $6
turtlespit: calls $3
*** FLOP *** [6s 9d 5c]
turtlespit: bets $3
Anchig: raises $3 to $6
turtlespit: calls $3
*** TURN *** [6s 9d 5c] [Kc]
turtlespit: checks
Anchig: bets $6
turtlespit: calls $6
*** RIVER *** [6s 9d 5c Kc] [Ks]
turtlespit: checks
Anchig: bets $6
turtlespit: calls $6
*** SHOW DOWN ***
Anchig: shows [7s 8h] (a straight, Five to Nine)
turtlespit: mucks hand
Anchig collected $47.50 from pot
*** SUMMARY ***
Total pot $48 | Rake $0.50
Board [6s 9d 5c Kc Ks]
Seat 1: turtlespit (big blind) mucked
Seat 6: Anchig (button) (small blind) showed [7s 8h] and won ($47.50) with a straight, Five to Nine


PokerStars Hand #171460329320:  Hold'em Limit ($3/$6 USD) - 2017/06/07 8:57:04 ET
Table 'Lilliana' 6-max Seat #1 is the button
Seat 1: turtlespit ($167.79 in chips)
Seat 6: Anchig ($148.24 in chips)
turtlespit: posts small blind $1
MTails: is sitting out
Anchig: posts big blind $3
*** HOLE CARDS ***
GoliafUa leaves the table
turtlespit: folds
Uncalled bet ($2) returned to Anchig
Anchig collected $2 from pot
Anchig: doesn't show hand
*** SUMMARY ***
Total pot $2 | Rake $0
Seat 1: turtlespit (button) (small blind) folded before Flop
Seat 6: Anchig (big blind) collected ($2)


PokerStars Hand #171460367979:  Hold'em Limit ($3/$6 USD) - 2017/06/07 8:58:11 ET
Table 'Lilliana' 6-max Seat #6 is the button
Seat 1: turtlespit ($145.67 in chips)
Seat 6: Anchig ($169.74 in chips)
Anchig: posts small blind $1
turtlespit: posts big blind $3
*** HOLE CARDS ***
Anchig: folds
Uncalled bet ($2) returned to turtlespit
turtlespit collected $2 from pot
*** SUMMARY ***
Total pot $2 | Rake $0
Seat 1: turtlespit (big blind) collected ($2)
Seat 6: Anchig (button) (small blind) folded before Flop


PokerStars Hand #171460373768:  Hold'em Limit ($3/$6 USD) - 2017/06/07 8:58:24 ET
Table 'Lilliana' 6-max Seat #6 is the button
Seat 1: turtlespit ($145.67 in chips)
Seat 6: Anchig ($169.74 in chips)
Anchig: posts small blind $1
turtlespit: posts big blind $3
*** HOLE CARDS ***
Anchig: raises $3 to $6
turtlespit: calls $3
*** FLOP *** [Jh 4s 9h]
turtlespit: checks
Anchig: bets $3
turtlespit: calls $3
*** TURN *** [Jh 4s 9h] [5c]
turtlespit: checks
Anchig: checks
*** RIVER *** [Jh 4s 9h 5c] [Qd]
turtlespit: bets $6
Anchig: calls $6
*** SHOW DOWN ***
turtlespit: shows [Ah 7s] (high card Ace)
Anchig: shows [4h Kc] (a pair of Fours)
Anchig collected $29.50 from pot
*** SUMMARY ***
Total pot $30 | Rake $0.50
Board [Jh 4s 9h 5c Qd]
Seat 1: turtlespit (big blind) showed [Ah 7s] and lost with high card Ace
Seat 6: Anchig (button) (small blind) showed [4h Kc] and won ($29.50) with a pair of Fours


PokerStars Hand #171460370349:  Hold'em Limit ($3/$6 USD) - 2017/06/07 8:58:16 ET
Table 'Lilliana' 6-max Seat #1 is the button
Seat 1: turtlespit ($146.67 in chips)
Seat 6: Anchig ($168.74 in chips)
turtlespit: posts small blind $1
Anchig: posts big blind $3
*** HOLE CARDS ***
turtlespit: folds
Uncalled bet ($2) returned to Anchig
Anchig collected $2 from pot
Anchig: doesn't show hand
*** SUMMARY ***
Total pot $2 | Rake $0
Seat 1: turtlespit (button) (small blind) folded before Flop
Seat 6: Anchig (big blind) collected ($2)


PokerStars Hand #171460391413:  Hold'em Limit ($3/$6 USD) - 2017/06/07 8:59:04 ET
Table 'Lilliana' 6-max Seat #6 is the button
Seat 1: turtlespit ($129.67 in chips)
Seat 6: Anchig ($185.24 in chips)
Anchig: posts small blind $1
turtlespit: posts big blind $3
*** HOLE CARDS ***
Anchig: folds
Uncalled bet ($2) returned to turtlespit
turtlespit collected $2 from pot
turtlespit: doesn't show hand
*** SUMMARY ***
Total pot $2 | Rake $0
Seat 1: turtlespit (big blind) collected ($2)
Seat 6: Anchig (button) (small blind) folded before Flop


PokerStars Hand #171460388577:  Hold'em Limit ($3/$6 USD) - 2017/06/07 8:58:57 ET
Table 'Lilliana' 6-max Seat #1 is the button
Seat 1: turtlespit ($130.67 in chips)
Seat 6: Anchig ($184.24 in chips)
turtlespit: posts small blind $1
Anchig: posts big blind $3
*** HOLE CARDS ***
turtlespit: folds
Uncalled bet ($2) returned to Anchig
Anchig collected $2 from pot
Anchig: doesn't show hand
*** SUMMARY ***
Total pot $2 | Rake $0
Seat 1: turtlespit (button) (small blind) folded before Flop
Seat 6: Anchig (big blind) collected ($2)


PokerStars Hand #171460394228:  Hold'em Limit ($3/$6 USD) - 2017/06/07 8:59:10 ET
Table 'Lilliana' 6-max Seat #1 is the button
Seat 1: turtlespit ($130.67 in chips)
Seat 6: Anchig ($184.24 in chips)
turtlespit: posts small blind $1
Anchig: posts big blind $3
*** HOLE CARDS ***
turtlespit: folds
Uncalled bet ($2) returned to Anchig
Anchig collected $2 from pot
Anchig: doesn't show hand
*** SUMMARY ***
Total pot $2 | Rake $0
Seat 1: turtlespit (button) (small blind) folded before Flop
Seat 6: Anchig (big blind) collected ($2)


PokerStars Hand #171460406896:  Hold'em Limit ($3/$6 USD) - 2017/06/07 8:59:39 ET
Table 'Lilliana' 6-max Seat #6 is the button
Seat 1: turtlespit ($125.67 in chips)
Seat 6: Anchig ($189.24 in chips)
Anchig: posts small blind $1
turtlespit: posts big blind $3
*** HOLE CARDS ***
Anchig: raises $3 to $6
turtlespit: calls $3
*** FLOP *** [3s Jh 4c]
turtlespit: bets $3
Anchig: calls $3
*** TURN *** [3s Jh 4c] [Th]
turtlespit: bets $6
Anchig: calls $6
*** RIVER *** [3s Jh 4c Th] [Qs]
turtlespit: bets $6
Anchig: calls $6
*** SHOW DOWN ***
turtlespit: shows [9c Kd] (a straight, Nine to King)
Anchig: mucks hand
turtlespit collected $41.50 from pot
*** SUMMARY ***
Total pot $42 | Rake $0.50
Board [3s Jh 4c Th Qs]
Seat 1: turtlespit (big blind) showed [9c Kd] and won ($41.50) with a straight, Nine to King
Seat 6: Anchig (button) (small blind) mucked


PokerStars Hand #171460404180:  Hold'em Limit ($3/$6 USD) - 2017/06/07 8:59:33 ET
Table 'Lilliana' 6-max Seat #1 is the button
Seat 1: turtlespit ($126.67 in chips)
Seat 6: Anchig ($188.24 in chips)
turtlespit: posts small blind $1
Anchig: posts big blind $3
*** HOLE CARDS ***
turtlespit: folds
Uncalled bet ($2) returned to Anchig
Anchig collected $2 from pot
Anchig: doesn't show hand
*** SUMMARY ***
Total pot $2 | Rake $0
Seat 1: turtlespit (button) (small blind) folded before Flop
Seat 6: Anchig (big blind) collected ($2)


PokerStars Hand #171460426072:  Hold'em Limit ($3/$6 USD) - 2017/06/07 9:00:21 ET
Table 'Lilliana' 6-max Seat #6 is the button
Seat 1: turtlespit ($137.17 in chips)
Seat 6: Anchig ($176.88 in chips)
Anchig: posts small blind $1
turtlespit: posts big blind $3
*** HOLE CARDS ***
ABATAPP joins the table at seat #2
Anchig: raises $3 to $6
turtlespit: calls $3
*** FLOP *** [9s Ac 5d]
turtlespit: checks
Anchig: bets $3
turtlespit: calls $3
*** TURN *** [9s Ac 5d] [9h]
turtlespit: checks
Anchig: bets $6
turtlespit: calls $6
*** RIVER *** [9s Ac 5d 9h] [6c]
turtlespit: checks
Anchig: bets $6
turtlespit: calls $6
*** SHOW DOWN ***
Anchig: shows [7s 6d] (two pair, Nines and Sixes)
turtlespit: mucks hand
Anchig collected $41.50 from pot
*** SUMMARY ***
Total pot $42 | Rake $0.50
Board [9s Ac 5d 9h 6c]
Seat 1: turtlespit (big blind) mucked
Seat 6: Anchig (button) (small blind) showed [7s 6d] and won ($41.50) with two pair, Nines and Sixes


PokerStars Hand #171460418479:  Hold'em Limit ($3/$6 USD) - 2017/06/07 9:00:04 ET
Table 'Lilliana' 6-max Seat #1 is the button
Seat 1: turtlespit ($146.17 in chips)
Seat 6: Anchig ($168.24 in chips)
turtlespit: posts small blind $1
Anchig: posts big blind $3
*** HOLE CARDS ***
turtlespit: raises $3 to $6
Anchig: calls $3
*** FLOP *** [3s Ah 2c]
Anchig: checks
turtlespit: bets $3
Anchig: raises $3 to $6
turtlespit: folds
Uncalled bet ($3) returned to Anchig
Anchig collected $17.64 from pot
Anchig: doesn't show hand
*** SUMMARY ***
Total pot $18 | Rake $0.36
Board [3s Ah 2c]
Seat 1: turtlespit (button) (small blind) folded on the Flop
Seat 6: Anchig (big blind) collected ($17.64)


PokerStars Hand #171460687520:  Hold'em Limit ($3/$6 USD) - 2017/06/07 9:08:56 ET
Table 'Lilliana' 6-max Seat #2 is the button
Seat 2: ABATAPP ($136.86 in chips)
Seat 6: Anchig ($254.38 in chips)
ABATAPP: posts small blind $1
Anchig: posts big blind $3
*** HOLE CARDS ***
ABATAPP: folds
Uncalled bet ($2) returned to Anchig
ABATAPP leaves the table
Anchig collected $2 from pot
Anchig: doesn't show hand
*** SUMMARY ***
Total pot $2 | Rake $0
Seat 2: ABATAPP (button) (small blind) folded before Flop
Seat 6: Anchig (big blind) collected ($2)


PokerStars Hand #171460678967:  Hold'em Limit ($3/$6 USD) - 2017/06/07 9:08:40 ET
Table 'Lilliana' 6-max Seat #6 is the button
Seat 2: ABATAPP ($142.86 in chips)
Seat 6: Anchig ($248.62 in chips)
Anchig: posts small blind $1
ABATAPP: posts big blind $3
*** HOLE CARDS ***
Anchig: raises $3 to $6
ABATAPP: calls $3
*** FLOP *** [7h Qs Jc]
ABATAPP: checks
Anchig: bets $3
ABATAPP: folds
Uncalled bet ($3) returned to Anchig
Anchig collected $11.76 from pot
Anchig: doesn't show hand
*** SUMMARY ***
Total pot $12 | Rake $0.24
Board [7h Qs Jc]
Seat 2: ABATAPP (big blind) folded on the Flop
Seat 6: Anchig (button) (small blind) collected ($11.76)


