PokerStars Hand #153936834637:  Hold'em Limit ($3/$6 USD) - 2016/05/27 20:40:27 ET
Table 'Lilliana' 6-max Seat #4 is the button
Seat 3: Humtum81 ($56.95 in chips)
Seat 4: BuzovaPro ($72 in chips)
BuzovaPro: posts small blind $1
Humtum81: posts big blind $3
*** HOLE CARDS ***
BuzovaPro: folds
Uncalled bet ($2) returned to Humtum81
Humtum81 collected $2 from pot
Humtum81: doesn't show hand
*** SUMMARY ***
Total pot $2 | Rake $0
Seat 3: Humtum81 (big blind) collected ($2)
Seat 4: BuzovaPro (button) (small blind) folded before Flop


PokerStars Hand #153936830283:  Hold'em Limit ($3/$6 USD) - 2016/05/27 20:40:18 ET
Table 'Lilliana' 6-max Seat #3 is the button
Seat 3: Humtum81 ($51.19 in chips)
Seat 4: BuzovaPro ($72 in chips)
Humtum81: posts small blind $1
BuzovaPro: posts big blind $3
*** HOLE CARDS ***
Humtum81: raises $3 to $6
BuzovaPro: calls $3
*** FLOP *** [2d Qs 8s]
BuzovaPro: checks
Humtum81: bets $3
BuzovaPro: folds
Uncalled bet ($3) returned to Humtum81
Humtum81 collected $11.76 from pot
Humtum81: doesn't show hand
*** SUMMARY ***
Total pot $12 | Rake $0.24
Board [2d Qs 8s]
Seat 3: Humtum81 (button) (small blind) collected ($11.76)
Seat 4: BuzovaPro (big blind) folded on the Flop


PokerStars Hand #153936826625:  Hold'em Limit ($3/$6 USD) - 2016/05/27 20:40:10 ET
Table 'Lilliana' 6-max Seat #4 is the button
Seat 3: Humtum81 ($50.19 in chips)
Seat 4: BuzovaPro ($72 in chips)
BuzovaPro: posts small blind $1
Humtum81: posts big blind $3
*** HOLE CARDS ***
BuzovaPro: folds
Uncalled bet ($2) returned to Humtum81
Humtum81 collected $2 from pot
Humtum81: doesn't show hand
*** SUMMARY ***
Total pot $2 | Rake $0
Seat 3: Humtum81 (big blind) collected ($2)
Seat 4: BuzovaPro (button) (small blind) folded before Flop


PokerStars Hand #153936844554:  Hold'em Limit ($3/$6 USD) - 2016/05/27 20:40:46 ET
Table 'Lilliana' 6-max Seat #4 is the button
Seat 3: Humtum81 ($57.70 in chips)
Seat 4: BuzovaPro ($72 in chips)
BuzovaPro: posts small blind $1
Humtum81: posts big blind $3
*** HOLE CARDS ***
BuzovaPro: folds
Uncalled bet ($2) returned to Humtum81
Humtum81 collected $2 from pot
Humtum81: doesn't show hand
*** SUMMARY ***
Total pot $2 | Rake $0
Seat 3: Humtum81 (big blind) collected ($2)
Seat 4: BuzovaPro (button) (small blind) folded before Flop


PokerStars Hand #153936837052:  Hold'em Limit ($3/$6 USD) - 2016/05/27 20:40:31 ET
Table 'Lilliana' 6-max Seat #3 is the button
Seat 3: Humtum81 ($57.95 in chips)
Seat 4: BuzovaPro ($72 in chips)
Humtum81: posts small blind $1
BuzovaPro: posts big blind $3
*** HOLE CARDS ***
Humtum81: raises $3 to $6
BuzovaPro: calls $3
*** FLOP *** [3h Qh 3s]
BuzovaPro: checks
Humtum81: bets $3
BuzovaPro: calls $3
*** TURN *** [3h Qh 3s] [5s]
BuzovaPro: checks
Humtum81: checks
*** RIVER *** [3h Qh 3s 5s] [Ac]
BuzovaPro: checks
Humtum81: bets $6
BuzovaPro: calls $6
*** SHOW DOWN ***
Humtum81: shows [9d Kh] (a pair of Threes)
BuzovaPro: shows [Kd Jd] (a pair of Threes)
BuzovaPro collected $14.75 from pot
Humtum81 collected $14.75 from pot
*** SUMMARY ***
Total pot $30 | Rake $0.50
Board [3h Qh 3s 5s Ac]
Seat 3: Humtum81 (button) (small blind) showed [9d Kh] and won ($14.75) with a pair of Threes
Seat 4: BuzovaPro (big blind) showed [Kd Jd] and won ($14.75) with a pair of Threes


PokerStars Hand #153936846773:  Hold'em Limit ($3/$6 USD) - 2016/05/27 20:40:51 ET
Table 'Lilliana' 6-max Seat #3 is the button
Seat 3: Humtum81 ($58.70 in chips)
Seat 4: BuzovaPro ($72 in chips)
Humtum81: posts small blind $1
BuzovaPro: posts big blind $3
*** HOLE CARDS ***
Humtum81: raises $3 to $6
FFSACKETT joins the table at seat #6
BuzovaPro: calls $3
*** FLOP *** [2s 7s 8c]
BuzovaPro: checks
Humtum81: bets $3
BuzovaPro: raises $3 to $6
Humtum81: raises $3 to $9
BuzovaPro: calls $3
*** TURN *** [2s 7s 8c] [6h]
BuzovaPro: checks
Humtum81: bets $6
BuzovaPro: raises $6 to $12
Humtum81: calls $6
*** RIVER *** [2s 7s 8c 6h] [4d]
BuzovaPro: bets $6
Humtum81: calls $6
*** SHOW DOWN ***
BuzovaPro: shows [Th 9s] (a straight, Six to Ten)
Humtum81: mucks hand
BuzovaPro collected $65.50 from pot
*** SUMMARY ***
Total pot $66 | Rake $0.50
Board [2s 7s 8c 6h 4d]
Seat 3: Humtum81 (button) (small blind) mucked
Seat 4: BuzovaPro (big blind) showed [Th 9s] and won ($65.50) with a straight, Six to Ten


PokerStars Hand #153937117535:  Hold'em Limit ($3/$6 USD) - 2016/05/27 20:50:09 ET
Table 'Lilliana' 6-max Seat #6 is the button
Seat 4: BuzovaPro ($206.91 in chips)
Seat 6: FFSACKETT ($7.88 in chips)
FFSACKETT: posts small blind $1
BuzovaPro: posts big blind $3
*** HOLE CARDS ***
FFSACKETT: raises $3 to $6
BuzovaPro: calls $3
*** FLOP *** [3d Jc 9s]
BuzovaPro: checks
FFSACKETT: bets $1.88 and is all-in
BuzovaPro: calls $1.88
*** TURN *** [3d Jc 9s] [Td]
*** RIVER *** [3d Jc 9s Td] [8d]
*** SHOW DOWN ***
BuzovaPro: shows [5h 9h] (a pair of Nines)
FFSACKETT: shows [Kd Ks] (a pair of Kings)
FFSACKETT collected $15.44 from pot
*** SUMMARY ***
Total pot $15.76 | Rake $0.32
Board [3d Jc 9s Td 8d]
Seat 4: BuzovaPro (big blind) showed [5h 9h] and lost with a pair of Nines
Seat 6: FFSACKETT (button) (small blind) showed [Kd Ks] and won ($15.44) with a pair of Kings


PokerStars Hand #153937127631:  Hold'em Limit ($3/$6 USD) - 2016/05/27 20:50:30 ET
Table 'Lilliana' 6-max Seat #4 is the button
Seat 4: BuzovaPro ($199.03 in chips)
Seat 6: FFSACKETT ($15.44 in chips)
BuzovaPro: posts small blind $1
FFSACKETT: posts big blind $3
*** HOLE CARDS ***
BuzovaPro: raises $3 to $6
FFSACKETT: raises $3 to $9
BuzovaPro: raises $3 to $12
Betting is capped
FFSACKETT: calls $3
*** FLOP *** [6s 3d 5c]
FFSACKETT: bets $3
BuzovaPro: raises $3 to $6
FFSACKETT: calls $0.44 and is all-in
Uncalled bet ($2.56) returned to BuzovaPro
*** TURN *** [6s 3d 5c] [7h]
*** RIVER *** [6s 3d 5c 7h] [Qs]
*** SHOW DOWN ***
FFSACKETT: shows [8c Kh] (high card King)
BuzovaPro: shows [Td Tc] (a pair of Tens)
BuzovaPro collected $30.38 from pot
*** SUMMARY ***
Total pot $30.88 | Rake $0.50
Board [6s 3d 5c 7h Qs]
Seat 4: BuzovaPro (button) (small blind) showed [Td Tc] and won ($30.38) with a pair of Tens
Seat 6: FFSACKETT (big blind) showed [8c Kh] and lost with high card King


