PokerStars Hand #156724559888:  Hold'em Limit ($3/$6 USD) - 2016/08/01 10:57:38 ET
Table 'Lilliana II' 6-max Seat #3 is the button
Seat 2: Sindrangi ($300 in chips)
Seat 3: Punkyfee ($98 in chips)
Punkyfee: posts small blind $1
Mordnilap: is sitting out
Sindrangi: posts big blind $3
*** HOLE CARDS ***
Punkyfee: raises $3 to $6
Sindrangi: calls $3
*** FLOP *** [Td 3h Jh]
Sindrangi: bets $3
Punkyfee: calls $3
*** TURN *** [Td 3h Jh] [7c]
Sindrangi: bets $6
Punkyfee: calls $6
*** RIVER *** [Td 3h Jh 7c] [7d]
Sindrangi: bets $6
Punkyfee: calls $6
*** SHOW DOWN ***
Sindrangi: shows [9d Tc] (two pair, Tens and Sevens)
degal76 joins the table at seat #1
Punkyfee: mucks hand
Sindrangi collected $41.50 from pot
*** SUMMARY ***
Total pot $42 | Rake $0.50
Board [Td 3h Jh 7c 7d]
Seat 2: Sindrangi (big blind) showed [9d Tc] and won ($41.50) with two pair, Tens and Sevens
Seat 3: Punkyfee (button) (small blind) mucked


PokerStars Hand #156724668453:  Hold'em Limit ($3/$6 USD) - 2016/08/01 11:01:08 ET
Table 'Lilliana II' 6-max Seat #6 is the button
Seat 4: Great_Kang ($130.10 in chips)
Seat 6: Mordnilap ($238.92 in chips)
Mordnilap: posts small blind $1
Sindrangi: is sitting out
Great_Kang: posts big blind $3
*** HOLE CARDS ***
Sindrangi leaves the table
Mordnilap: folds
Uncalled bet ($2) returned to Great_Kang
Great_Kang collected $2 from pot
Great_Kang: doesn't show hand
*** SUMMARY ***
Total pot $2 | Rake $0
Seat 4: Great_Kang (big blind) collected ($2)
Seat 6: Mordnilap (button) (small blind) folded before Flop


