PokerStars Hand #176367717069:  Hold'em Limit ($3/$6 USD) - 2017/10/01 16:11:11 ET
Table 'Lilofee' 6-max Seat #1 is the button
Seat 1: Datumboy ($189.96 in chips)
Seat 3: Ag3r0n ($80.32 in chips)
Datumboy: posts small blind $1
Ag3r0n: posts big blind $3
*** HOLE CARDS ***
Datumboy: raises $3 to $6
Ag3r0n: folds
Uncalled bet ($3) returned to Datumboy
Datumboy collected $6 from pot
Datumboy: doesn't show hand
*** SUMMARY ***
Total pot $6 | Rake $0
Seat 1: Datumboy (button) (small blind) collected ($6)
Seat 3: Ag3r0n (big blind) folded before Flop


PokerStars Hand #176367712243:  Hold'em Limit ($3/$6 USD) - 2017/10/01 16:11:05 ET
Table 'Lilofee' 6-max Seat #3 is the button
Seat 1: Datumboy ($192.96 in chips)
Seat 3: Ag3r0n ($77.32 in chips)
Ag3r0n: posts small blind $1
hookonhook joins the table at seat #4
Datumboy: posts big blind $3
*** HOLE CARDS ***
Ag3r0n: raises $3 to $6
Datumboy: folds
Uncalled bet ($3) returned to Ag3r0n
Ag3r0n collected $6 from pot
Ag3r0n: doesn't show hand
*** SUMMARY ***
Total pot $6 | Rake $0
Seat 1: Datumboy (big blind) folded before Flop
Seat 3: Ag3r0n (button) (small blind) collected ($6)


PokerStars Hand #176367707112:  Hold'em Limit ($3/$6 USD) - 2017/10/01 16:11:00 ET
Table 'Lilofee' 6-max Seat #1 is the button
Seat 1: Datumboy ($189.96 in chips)
Seat 3: Ag3r0n ($80.32 in chips)
Datumboy: posts small blind $1
Ag3r0n: posts big blind $3
*** HOLE CARDS ***
Datumboy: raises $3 to $6
Ag3r0n: folds
Uncalled bet ($3) returned to Datumboy
Datumboy collected $6 from pot
Datumboy: doesn't show hand
*** SUMMARY ***
Total pot $6 | Rake $0
Seat 1: Datumboy (button) (small blind) collected ($6)
Seat 3: Ag3r0n (big blind) folded before Flop


PokerStars Hand #176367687351:  Hold'em Limit ($3/$6 USD) - 2017/10/01 16:10:37 ET
Table 'Lilofee' 6-max Seat #1 is the button
Seat 1: Datumboy ($174.46 in chips)
Seat 3: Ag3r0n ($96.32 in chips)
Datumboy: posts small blind $1
Ag3r0n: posts big blind $3
*** HOLE CARDS ***
Datumboy: raises $3 to $6
Ag3r0n: calls $3
*** FLOP *** [7d 6c 3d]
Ag3r0n: checks
Datumboy: bets $3
Ag3r0n: calls $3
*** TURN *** [7d 6c 3d] [7s]
Ag3r0n: checks
Datumboy: bets $6
Ag3r0n: calls $6
*** RIVER *** [7d 6c 3d 7s] [2d]
Ag3r0n: checks
Datumboy: checks
*** SHOW DOWN ***
Ag3r0n: shows [Kc 8h] (a pair of Sevens)
Datumboy: shows [8d 8c] (two pair, Eights and Sevens)
Datumboy collected $29.50 from pot
*** SUMMARY ***
Total pot $30 | Rake $0.50
Board [7d 6c 3d 7s 2d]
Seat 1: Datumboy (button) (small blind) showed [8d 8c] and won ($29.50) with two pair, Eights and Sevens
Seat 3: Ag3r0n (big blind) showed [Kc 8h] and lost with a pair of Sevens


PokerStars Hand #176367702898:  Hold'em Limit ($3/$6 USD) - 2017/10/01 16:10:55 ET
Table 'Lilofee' 6-max Seat #3 is the button
Seat 1: Datumboy ($188.96 in chips)
Seat 3: Ag3r0n ($81.32 in chips)
Ag3r0n: posts small blind $1
Datumboy: posts big blind $3
*** HOLE CARDS ***
Ag3r0n: folds
Uncalled bet ($2) returned to Datumboy
Datumboy collected $2 from pot
Datumboy: doesn't show hand
*** SUMMARY ***
Total pot $2 | Rake $0
Seat 1: Datumboy (big blind) collected ($2)
Seat 3: Ag3r0n (button) (small blind) folded before Flop


PokerStars Hand #176368194710:  Hold'em Limit ($3/$6 USD) - 2017/10/01 16:20:18 ET
Table 'Lilofee' 6-max Seat #3 is the button
Seat 1: Datumboy ($182.63 in chips)
Seat 3: Ag3r0n ($209.28 in chips)
Ag3r0n: posts small blind $1
Datumboy: posts big blind $3
*** HOLE CARDS ***
hookonhook leaves the table
Ag3r0n: raises $3 to $6
Datumboy: calls $3
*** FLOP *** [2h 5c Qd]
Datumboy: checks
Ag3r0n: bets $3
Datumboy: raises $3 to $6
Ag3r0n: calls $3
*** TURN *** [2h 5c Qd] [6h]
Datumboy: bets $6
Ag3r0n: calls $6
*** RIVER *** [2h 5c Qd 6h] [2c]
Datumboy: checks
Ag3r0n: checks
*** SHOW DOWN ***
Datumboy: shows [4c 4h] (two pair, Fours and Deuces)
Ag3r0n: shows [6s 3s] (two pair, Sixes and Deuces)
Ag3r0n collected $35.50 from pot
*** SUMMARY ***
Total pot $36 | Rake $0.50
Board [2h 5c Qd 6h 2c]
Seat 1: Datumboy (big blind) showed [4c 4h] and lost with two pair, Fours and Deuces
Seat 3: Ag3r0n (button) (small blind) showed [6s 3s] and won ($35.50) with two pair, Sixes and Deuces


PokerStars Hand #176368227140:  Hold'em Limit ($3/$6 USD) - 2017/10/01 16:20:46 ET
Table 'Lilofee' 6-max Seat #1 is the button
Seat 1: Datumboy ($164.63 in chips)
Seat 3: Ag3r0n ($226.78 in chips)
Datumboy: posts small blind $1
Ag3r0n: posts big blind $3
*** HOLE CARDS ***
Datumboy: folds
Uncalled bet ($2) returned to Ag3r0n
Ag3r0n collected $2 from pot
Ag3r0n: doesn't show hand
*** SUMMARY ***
Total pot $2 | Rake $0
Seat 1: Datumboy (button) (small blind) folded before Flop
Seat 3: Ag3r0n (big blind) collected ($2)


PokerStars Hand #176368246951:  Hold'em Limit ($3/$6 USD) - 2017/10/01 16:21:09 ET
Table 'Lilofee' 6-max Seat #1 is the button
Seat 1: Datumboy ($157.63 in chips)
Seat 3: Ag3r0n ($233.54 in chips)
Datumboy: posts small blind $1
Ag3r0n: posts big blind $3
*** HOLE CARDS ***
Datumboy: folds
Uncalled bet ($2) returned to Ag3r0n
Ag3r0n collected $2 from pot
Ag3r0n: doesn't show hand
*** SUMMARY ***
Total pot $2 | Rake $0
Seat 1: Datumboy (button) (small blind) folded before Flop
Seat 3: Ag3r0n (big blind) collected ($2)


PokerStars Hand #176368233632:  Hold'em Limit ($3/$6 USD) - 2017/10/01 16:20:53 ET
Table 'Lilofee' 6-max Seat #3 is the button
Seat 1: Datumboy ($163.63 in chips)
Seat 3: Ag3r0n ($227.78 in chips)
Ag3r0n: posts small blind $1
Datumboy: posts big blind $3
*** HOLE CARDS ***
Ag3r0n: raises $3 to $6
Datumboy: calls $3
*** FLOP *** [5h As 9s]
Datumboy: checks
Ag3r0n: bets $3
Datumboy: folds
Uncalled bet ($3) returned to Ag3r0n
Ag3r0n collected $11.76 from pot
Ag3r0n: doesn't show hand
*** SUMMARY ***
Total pot $12 | Rake $0.24
Board [5h As 9s]
Seat 1: Datumboy (big blind) folded on the Flop
Seat 3: Ag3r0n (button) (small blind) collected ($11.76)


PokerStars Hand #176368256025:  Hold'em Limit ($3/$6 USD) - 2017/10/01 16:21:19 ET
Table 'Lilofee' 6-max Seat #1 is the button
Seat 1: Datumboy ($157.63 in chips)
Seat 3: Ag3r0n ($233.54 in chips)
Datumboy: posts small blind $1
Ag3r0n: posts big blind $3
*** HOLE CARDS ***
Datumboy: folds
Uncalled bet ($2) returned to Ag3r0n
Ag3r0n collected $2 from pot
Ag3r0n: doesn't show hand
*** SUMMARY ***
Total pot $2 | Rake $0
Seat 1: Datumboy (button) (small blind) folded before Flop
Seat 3: Ag3r0n (big blind) collected ($2)


PokerStars Hand #176368251607:  Hold'em Limit ($3/$6 USD) - 2017/10/01 16:21:14 ET
Table 'Lilofee' 6-max Seat #3 is the button
Seat 1: Datumboy ($156.63 in chips)
Seat 3: Ag3r0n ($234.54 in chips)
Ag3r0n: posts small blind $1
Datumboy: posts big blind $3
*** HOLE CARDS ***
Ag3r0n: folds
Uncalled bet ($2) returned to Datumboy
Datumboy collected $2 from pot
Datumboy: doesn't show hand
*** SUMMARY ***
Total pot $2 | Rake $0
Seat 1: Datumboy (big blind) collected ($2)
Seat 3: Ag3r0n (button) (small blind) folded before Flop


PokerStars Hand #176368260342:  Hold'em Limit ($3/$6 USD) - 2017/10/01 16:21:24 ET
Table 'Lilofee' 6-max Seat #3 is the button
Seat 1: Datumboy ($156.63 in chips)
Seat 3: Ag3r0n ($234.54 in chips)
Ag3r0n: posts small blind $1
Datumboy: posts big blind $3
*** HOLE CARDS ***
Ag3r0n: folds
Uncalled bet ($2) returned to Datumboy
Datumboy collected $2 from pot
Datumboy: doesn't show hand
*** SUMMARY ***
Total pot $2 | Rake $0
Seat 1: Datumboy (big blind) collected ($2)
Seat 3: Ag3r0n (button) (small blind) folded before Flop


PokerStars Hand #176368264127:  Hold'em Limit ($3/$6 USD) - 2017/10/01 16:21:29 ET
Table 'Lilofee' 6-max Seat #1 is the button
Seat 1: Datumboy ($157.63 in chips)
Seat 3: Ag3r0n ($233.54 in chips)
Datumboy: posts small blind $1
Ag3r0n: posts big blind $3
*** HOLE CARDS ***
Datumboy: raises $3 to $6
Ag3r0n: calls $3
*** FLOP *** [3h Qh Qc]
Ag3r0n: checks
Datumboy: bets $3
Ag3r0n: calls $3
*** TURN *** [3h Qh Qc] [9h]
Ag3r0n: checks
Datumboy: checks
*** RIVER *** [3h Qh Qc 9h] [6s]
Ag3r0n: checks
Datumboy: checks
*** SHOW DOWN ***
Ag3r0n: shows [Tc 7h] (a pair of Queens)
Datumboy: shows [2h Ad] (a pair of Queens - Ace kicker)
Datumboy collected $17.64 from pot
*** SUMMARY ***
Total pot $18 | Rake $0.36
Board [3h Qh Qc 9h 6s]
Seat 1: Datumboy (button) (small blind) showed [2h Ad] and won ($17.64) with a pair of Queens
Seat 3: Ag3r0n (big blind) showed [Tc 7h] and lost with a pair of Queens


PokerStars Hand #176368284188:  Hold'em Limit ($3/$6 USD) - 2017/10/01 16:21:52 ET
Table 'Lilofee' 6-max Seat #3 is the button
Seat 1: Datumboy ($166.27 in chips)
Seat 3: Ag3r0n ($224.54 in chips)
Ag3r0n: posts small blind $1
Datumboy: posts big blind $3
*** HOLE CARDS ***
Ag3r0n: raises $3 to $6
Datumboy: raises $3 to $9
Ag3r0n: calls $3
*** FLOP *** [Kd Ac Ad]
Datumboy: bets $3
Ag3r0n: folds
Uncalled bet ($3) returned to Datumboy
Datumboy collected $17.64 from pot
Datumboy: doesn't show hand
*** SUMMARY ***
Total pot $18 | Rake $0.36
Board [Kd Ac Ad]
Seat 1: Datumboy (big blind) collected ($17.64)
Seat 3: Ag3r0n (button) (small blind) folded on the Flop


PokerStars Hand #176368293459:  Hold'em Limit ($3/$6 USD) - 2017/10/01 16:22:03 ET
Table 'Lilofee' 6-max Seat #1 is the button
Seat 1: Datumboy ($174.91 in chips)
Seat 3: Ag3r0n ($215.54 in chips)
Datumboy: posts small blind $1
Ag3r0n: posts big blind $3
*** HOLE CARDS ***
Datumboy: raises $3 to $6
Ag3r0n: calls $3
*** FLOP *** [Kh 6s 4c]
Ag3r0n: checks
Datumboy: bets $3
Ag3r0n: calls $3
*** TURN *** [Kh 6s 4c] [Ad]
Ag3r0n: checks
Datumboy: checks
*** RIVER *** [Kh 6s 4c Ad] [Th]
Ag3r0n: bets $6
Datumboy: calls $6
*** SHOW DOWN ***
Ag3r0n: shows [As 2c] (a pair of Aces)
Datumboy: mucks hand
Ag3r0n collected $29.50 from pot
*** SUMMARY ***
Total pot $30 | Rake $0.50
Board [Kh 6s 4c Ad Th]
Seat 1: Datumboy (button) (small blind) mucked
Seat 3: Ag3r0n (big blind) showed [As 2c] and won ($29.50) with a pair of Aces


PokerStars Hand #176368305565:  Hold'em Limit ($3/$6 USD) - 2017/10/01 16:22:17 ET
Table 'Lilofee' 6-max Seat #3 is the button
Seat 1: Datumboy ($159.91 in chips)
Seat 3: Ag3r0n ($230.04 in chips)
Ag3r0n: posts small blind $1
Datumboy: posts big blind $3
*** HOLE CARDS ***
Ag3r0n: raises $3 to $6
Datumboy: calls $3
*** FLOP *** [8h Jd 5s]
Datumboy: checks
Ag3r0n: checks
*** TURN *** [8h Jd 5s] [6c]
Datumboy: checks
Ag3r0n: checks
*** RIVER *** [8h Jd 5s 6c] [Kd]
Datumboy: bets $6
Ag3r0n: raises $6 to $12
Datumboy: calls $6
*** SHOW DOWN ***
Ag3r0n: shows [Td Kh] (a pair of Kings)
Datumboy: shows [Th Ks] (a pair of Kings)
Datumboy collected $17.75 from pot
Ag3r0n collected $17.75 from pot
*** SUMMARY ***
Total pot $36 | Rake $0.50
Board [8h Jd 5s 6c Kd]
Seat 1: Datumboy (big blind) showed [Th Ks] and won ($17.75) with a pair of Kings
Seat 3: Ag3r0n (button) (small blind) showed [Td Kh] and won ($17.75) with a pair of Kings


PokerStars Hand #176368319834:  Hold'em Limit ($3/$6 USD) - 2017/10/01 16:22:34 ET
Table 'Lilofee' 6-max Seat #1 is the button
Seat 1: Datumboy ($159.66 in chips)
Seat 3: Ag3r0n ($229.79 in chips)
Datumboy: posts small blind $1
Ag3r0n: posts big blind $3
*** HOLE CARDS ***
Datumboy: raises $3 to $6
Ag3r0n: calls $3
*** FLOP *** [Qs As 4h]
Ag3r0n: checks
Datumboy: bets $3
Ag3r0n: folds
Uncalled bet ($3) returned to Datumboy
Datumboy collected $11.76 from pot
Datumboy: doesn't show hand
*** SUMMARY ***
Total pot $12 | Rake $0.24
Board [Qs As 4h]
Seat 1: Datumboy (button) (small blind) collected ($11.76)
Seat 3: Ag3r0n (big blind) folded on the Flop


PokerStars Hand #176368329400:  Hold'em Limit ($3/$6 USD) - 2017/10/01 16:22:45 ET
Table 'Lilofee' 6-max Seat #3 is the button
Seat 1: Datumboy ($165.42 in chips)
Seat 3: Ag3r0n ($223.79 in chips)
Ag3r0n: posts small blind $1
Datumboy: posts big blind $3
*** HOLE CARDS ***
Ag3r0n: raises $3 to $6
Datumboy: calls $3
*** FLOP *** [3s Ts 8h]
Datumboy: checks
Ag3r0n: checks
*** TURN *** [3s Ts 8h] [6s]
Datumboy: bets $6
Ag3r0n: calls $6
*** RIVER *** [3s Ts 8h 6s] [5s]
Datumboy: checks
Ag3r0n: checks
*** SHOW DOWN ***
Datumboy: shows [Kd 6h] (a pair of Sixes)
Ag3r0n: mucks hand
Datumboy collected $23.52 from pot
*** SUMMARY ***
Total pot $24 | Rake $0.48
Board [3s Ts 8h 6s 5s]
Seat 1: Datumboy (big blind) showed [Kd 6h] and won ($23.52) with a pair of Sixes
Seat 3: Ag3r0n (button) (small blind) mucked


PokerStars Hand #176368350643:  Hold'em Limit ($3/$6 USD) - 2017/10/01 16:23:10 ET
Table 'Lilofee' 6-max Seat #1 is the button
Seat 1: Datumboy ($176.94 in chips)
Seat 3: Ag3r0n ($211.79 in chips)
Datumboy: posts small blind $1
Ag3r0n: posts big blind $3
*** HOLE CARDS ***
Datumboy: folds
Uncalled bet ($2) returned to Ag3r0n
Ag3r0n collected $2 from pot
Ag3r0n: doesn't show hand
*** SUMMARY ***
Total pot $2 | Rake $0
Seat 1: Datumboy (button) (small blind) folded before Flop
Seat 3: Ag3r0n (big blind) collected ($2)


PokerStars Hand #176368358298:  Hold'em Limit ($3/$6 USD) - 2017/10/01 16:23:19 ET
Table 'Lilofee' 6-max Seat #3 is the button
Seat 1: Datumboy ($175.94 in chips)
Seat 3: Ag3r0n ($212.79 in chips)
Ag3r0n: posts small blind $1
Datumboy: posts big blind $3
*** HOLE CARDS ***
Ag3r0n: raises $3 to $6
Datumboy: calls $3
*** FLOP *** [Ts 8h 4s]
Datumboy: checks
Ag3r0n: checks
*** TURN *** [Ts 8h 4s] [3s]
Datumboy: bets $6
Ag3r0n: folds
Uncalled bet ($6) returned to Datumboy
Datumboy collected $11.76 from pot
Datumboy: doesn't show hand
*** SUMMARY ***
Total pot $12 | Rake $0.24
Board [Ts 8h 4s 3s]
Seat 1: Datumboy (big blind) collected ($11.76)
Seat 3: Ag3r0n (button) (small blind) folded on the Turn


PokerStars Hand #176368375944:  Hold'em Limit ($3/$6 USD) - 2017/10/01 16:23:40 ET
Table 'Lilofee' 6-max Seat #3 is the button
Seat 1: Datumboy ($180.70 in chips)
Seat 3: Ag3r0n ($207.79 in chips)
Ag3r0n: posts small blind $1
Datumboy: posts big blind $3
*** HOLE CARDS ***
Ag3r0n: raises $3 to $6
Datumboy: folds
Uncalled bet ($3) returned to Ag3r0n
Ag3r0n collected $6 from pot
Ag3r0n: doesn't show hand
*** SUMMARY ***
Total pot $6 | Rake $0
Seat 1: Datumboy (big blind) folded before Flop
Seat 3: Ag3r0n (button) (small blind) collected ($6)


PokerStars Hand #176368371790:  Hold'em Limit ($3/$6 USD) - 2017/10/01 16:23:35 ET
Table 'Lilofee' 6-max Seat #1 is the button
Seat 1: Datumboy ($181.70 in chips)
Seat 3: Ag3r0n ($206.79 in chips)
Datumboy: posts small blind $1
Ag3r0n: posts big blind $3
*** HOLE CARDS ***
Datumboy: folds
Uncalled bet ($2) returned to Ag3r0n
Ag3r0n collected $2 from pot
Ag3r0n: doesn't show hand
*** SUMMARY ***
Total pot $2 | Rake $0
Seat 1: Datumboy (button) (small blind) folded before Flop
Seat 3: Ag3r0n (big blind) collected ($2)


PokerStars Hand #176368426383:  Hold'em Limit ($3/$6 USD) - 2017/10/01 16:24:38 ET
Table 'Lilofee' 6-max Seat #3 is the button
Seat 1: Datumboy ($164.34 in chips)
Seat 3: Ag3r0n ($223.29 in chips)
Ag3r0n: posts small blind $1
Datumboy: posts big blind $3
*** HOLE CARDS ***
Ag3r0n: raises $3 to $6
Datumboy: folds
Uncalled bet ($3) returned to Ag3r0n
Ag3r0n collected $6 from pot
Ag3r0n: doesn't show hand
*** SUMMARY ***
Total pot $6 | Rake $0
Seat 1: Datumboy (big blind) folded before Flop
Seat 3: Ag3r0n (button) (small blind) collected ($6)


PokerStars Hand #176368422323:  Hold'em Limit ($3/$6 USD) - 2017/10/01 16:24:34 ET
Table 'Lilofee' 6-max Seat #1 is the button
Seat 1: Datumboy ($165.34 in chips)
Seat 3: Ag3r0n ($222.29 in chips)
Datumboy: posts small blind $1
Ag3r0n: posts big blind $3
*** HOLE CARDS ***
Datumboy: folds
Uncalled bet ($2) returned to Ag3r0n
Ag3r0n collected $2 from pot
Ag3r0n: doesn't show hand
*** SUMMARY ***
Total pot $2 | Rake $0
Seat 1: Datumboy (button) (small blind) folded before Flop
Seat 3: Ag3r0n (big blind) collected ($2)


PokerStars Hand #176368416960:  Hold'em Limit ($3/$6 USD) - 2017/10/01 16:24:27 ET
Table 'Lilofee' 6-max Seat #3 is the button
Seat 1: Datumboy ($164.34 in chips)
Seat 3: Ag3r0n ($223.29 in chips)
Ag3r0n: posts small blind $1
Datumboy: posts big blind $3
*** HOLE CARDS ***
Ag3r0n: folds
Uncalled bet ($2) returned to Datumboy
Datumboy collected $2 from pot
Datumboy: doesn't show hand
*** SUMMARY ***
Total pot $2 | Rake $0
Seat 1: Datumboy (big blind) collected ($2)
Seat 3: Ag3r0n (button) (small blind) folded before Flop


PokerStars Hand #176368382285:  Hold'em Limit ($3/$6 USD) - 2017/10/01 16:23:47 ET
Table 'Lilofee' 6-max Seat #1 is the button
Seat 1: Datumboy ($177.70 in chips)
Seat 3: Ag3r0n ($210.79 in chips)
Datumboy: posts small blind $1
Ag3r0n: posts big blind $3
*** HOLE CARDS ***
Datumboy: folds
Uncalled bet ($2) returned to Ag3r0n
Ag3r0n collected $2 from pot
Ag3r0n: doesn't show hand
*** SUMMARY ***
Total pot $2 | Rake $0
Seat 1: Datumboy (button) (small blind) folded before Flop
Seat 3: Ag3r0n (big blind) collected ($2)


PokerStars Hand #176368386374:  Hold'em Limit ($3/$6 USD) - 2017/10/01 16:23:52 ET
Table 'Lilofee' 6-max Seat #3 is the button
Seat 1: Datumboy ($176.70 in chips)
Seat 3: Ag3r0n ($211.79 in chips)
Ag3r0n: posts small blind $1
Datumboy: posts big blind $3
*** HOLE CARDS ***
Ag3r0n: raises $3 to $6
Datumboy: calls $3
*** FLOP *** [6d Jd 7h]
Datumboy: bets $3
Ag3r0n: calls $3
*** TURN *** [6d Jd 7h] [6s]
Datumboy: bets $6
Ag3r0n: calls $6
*** RIVER *** [6d Jd 7h 6s] [3c]
Datumboy: checks
Ag3r0n: bets $6
Datumboy: calls $6
*** SHOW DOWN ***
Ag3r0n: shows [Js 9h] (two pair, Jacks and Sixes)
Datumboy: mucks hand
Ag3r0n collected $41.50 from pot
*** SUMMARY ***
Total pot $42 | Rake $0.50
Board [6d Jd 7h 6s 3c]
Seat 1: Datumboy (big blind) mucked
Seat 3: Ag3r0n (button) (small blind) showed [Js 9h] and won ($41.50) with two pair, Jacks and Sixes


PokerStars Hand #176368401130:  Hold'em Limit ($3/$6 USD) - 2017/10/01 16:24:09 ET
Table 'Lilofee' 6-max Seat #1 is the button
Seat 1: Datumboy ($155.70 in chips)
Seat 3: Ag3r0n ($232.29 in chips)
Datumboy: posts small blind $1
Ag3r0n: posts big blind $3
*** HOLE CARDS ***
Datumboy: raises $3 to $6
Ag3r0n: calls $3
*** FLOP *** [Jh 3d 2d]
Ag3r0n: checks
Datumboy: bets $3
Ag3r0n: calls $3
*** TURN *** [Jh 3d 2d] [9d]
Ag3r0n: checks
Datumboy: checks
*** RIVER *** [Jh 3d 2d 9d] [9s]
Ag3r0n: checks
Datumboy: checks
*** SHOW DOWN ***
Ag3r0n: shows [Qs 8d] (a pair of Nines)
Datumboy: shows [6d Ah] (a pair of Nines - Ace kicker)
Datumboy collected $17.64 from pot
*** SUMMARY ***
Total pot $18 | Rake $0.36
Board [Jh 3d 2d 9d 9s]
Seat 1: Datumboy (button) (small blind) showed [6d Ah] and won ($17.64) with a pair of Nines
Seat 3: Ag3r0n (big blind) showed [Qs 8d] and lost with a pair of Nines


PokerStars Hand #176368431477:  Hold'em Limit ($3/$6 USD) - 2017/10/01 16:24:44 ET
Table 'Lilofee' 6-max Seat #1 is the button
Seat 1: Datumboy ($161.34 in chips)
Seat 3: Ag3r0n ($226.29 in chips)
Datumboy: posts small blind $1
Ag3r0n: posts big blind $3
*** HOLE CARDS ***
Datumboy: raises $3 to $6
Ag3r0n: folds
Uncalled bet ($3) returned to Datumboy
Datumboy collected $6 from pot
Datumboy: doesn't show hand
*** SUMMARY ***
Total pot $6 | Rake $0
Seat 1: Datumboy (button) (small blind) collected ($6)
Seat 3: Ag3r0n (big blind) folded before Flop


PokerStars Hand #176368444720:  Hold'em Limit ($3/$6 USD) - 2017/10/01 16:25:00 ET
Table 'Lilofee' 6-max Seat #1 is the button
Seat 1: Datumboy ($165.34 in chips)
Seat 3: Ag3r0n ($222.29 in chips)
Datumboy: posts small blind $1
Ag3r0n: posts big blind $3
*** HOLE CARDS ***
Datumboy: raises $3 to $6
Ag3r0n: calls $3
*** FLOP *** [7s Ks 6d]
Ag3r0n: checks
Datumboy: bets $3
Ag3r0n: raises $3 to $6
Datumboy: calls $3
*** TURN *** [7s Ks 6d] [2h]
Ag3r0n: bets $6
Datumboy: folds
Uncalled bet ($6) returned to Ag3r0n
Ag3r0n collected $23.52 from pot
Ag3r0n: doesn't show hand
*** SUMMARY ***
Total pot $24 | Rake $0.48
Board [7s Ks 6d 2h]
Seat 1: Datumboy (button) (small blind) folded on the Turn
Seat 3: Ag3r0n (big blind) collected ($23.52)


PokerStars Hand #176368440572:  Hold'em Limit ($3/$6 USD) - 2017/10/01 16:24:55 ET
Table 'Lilofee' 6-max Seat #3 is the button
Seat 1: Datumboy ($164.34 in chips)
Seat 3: Ag3r0n ($223.29 in chips)
Ag3r0n: posts small blind $1
Datumboy: posts big blind $3
*** HOLE CARDS ***
Ag3r0n: folds
Uncalled bet ($2) returned to Datumboy
Datumboy collected $2 from pot
Datumboy: doesn't show hand
*** SUMMARY ***
Total pot $2 | Rake $0
Seat 1: Datumboy (big blind) collected ($2)
Seat 3: Ag3r0n (button) (small blind) folded before Flop


PokerStars Hand #176368465651:  Hold'em Limit ($3/$6 USD) - 2017/10/01 16:25:24 ET
Table 'Lilofee' 6-max Seat #3 is the button
Seat 1: Datumboy ($153.34 in chips)
Seat 3: Ag3r0n ($233.81 in chips)
Ag3r0n: posts small blind $1
Datumboy: posts big blind $3
*** HOLE CARDS ***
Ag3r0n: raises $3 to $6
Datumboy: raises $3 to $9
Ag3r0n: calls $3
*** FLOP *** [4c 7d 8s]
Datumboy: bets $3
Ag3r0n: raises $3 to $6
Datumboy: calls $3
*** TURN *** [4c 7d 8s] [6d]
Datumboy: checks
Ag3r0n: checks
*** RIVER *** [4c 7d 8s 6d] [2c]
Datumboy: bets $6
Ag3r0n: calls $6
*** SHOW DOWN ***
Datumboy: shows [8h 8d] (three of a kind, Eights)
Ag3r0n: mucks hand
Datumboy collected $41.50 from pot
*** SUMMARY ***
Total pot $42 | Rake $0.50
Board [4c 7d 8s 6d 2c]
Seat 1: Datumboy (big blind) showed [8h 8d] and won ($41.50) with three of a kind, Eights
Seat 3: Ag3r0n (button) (small blind) mucked


PokerStars Hand #176368484246:  Hold'em Limit ($3/$6 USD) - 2017/10/01 16:25:46 ET
Table 'Lilofee' 6-max Seat #1 is the button
Seat 1: Datumboy ($173.84 in chips)
Seat 3: Ag3r0n ($212.81 in chips)
Datumboy: posts small blind $1
Ag3r0n: posts big blind $3
*** HOLE CARDS ***
Datumboy: raises $3 to $6
Ag3r0n: raises $3 to $9
Datumboy: calls $3
*** FLOP *** [Kc Ad 2h]
Ag3r0n: bets $3
Datumboy: calls $3
*** TURN *** [Kc Ad 2h] [Jh]
Ag3r0n: checks
Datumboy: checks
*** RIVER *** [Kc Ad 2h Jh] [6c]
Ag3r0n: bets $6
Datumboy: calls $6
*** SHOW DOWN ***
Ag3r0n: shows [Ks 9c] (a pair of Kings)
Datumboy: mucks hand
Ag3r0n collected $35.50 from pot
*** SUMMARY ***
Total pot $36 | Rake $0.50
Board [Kc Ad 2h Jh 6c]
Seat 1: Datumboy (button) (small blind) mucked
Seat 3: Ag3r0n (big blind) showed [Ks 9c] and won ($35.50) with a pair of Kings


PokerStars Hand #176368516949:  Hold'em Limit ($3/$6 USD) - 2017/10/01 16:26:24 ET
Table 'Lilofee' 6-max Seat #1 is the button
Seat 1: Datumboy ($156.84 in chips)
Seat 3: Ag3r0n ($229.31 in chips)
Datumboy: posts small blind $1
Ag3r0n: posts big blind $3
*** HOLE CARDS ***
Datumboy: folds
Uncalled bet ($2) returned to Ag3r0n
Ag3r0n collected $2 from pot
Ag3r0n: doesn't show hand
*** SUMMARY ***
Total pot $2 | Rake $0
Seat 1: Datumboy (button) (small blind) folded before Flop
Seat 3: Ag3r0n (big blind) collected ($2)


PokerStars Hand #176368508059:  Hold'em Limit ($3/$6 USD) - 2017/10/01 16:26:14 ET
Table 'Lilofee' 6-max Seat #3 is the button
Seat 1: Datumboy ($155.84 in chips)
Seat 3: Ag3r0n ($230.31 in chips)
Ag3r0n: posts small blind $1
Datumboy: posts big blind $3
*** HOLE CARDS ***
Ag3r0n: folds
Uncalled bet ($2) returned to Datumboy
Datumboy collected $2 from pot
Datumboy: doesn't show hand
*** SUMMARY ***
Total pot $2 | Rake $0
Seat 1: Datumboy (big blind) collected ($2)
Seat 3: Ag3r0n (button) (small blind) folded before Flop


PokerStars Hand #176368521097:  Hold'em Limit ($3/$6 USD) - 2017/10/01 16:26:29 ET
Table 'Lilofee' 6-max Seat #3 is the button
Seat 1: Datumboy ($155.84 in chips)
Seat 3: Ag3r0n ($230.31 in chips)
Ag3r0n: posts small blind $1
Datumboy: posts big blind $3
*** HOLE CARDS ***
Ag3r0n: raises $3 to $6
Datumboy: calls $3
*** FLOP *** [6h Jd 2h]
Datumboy: checks
Ag3r0n: bets $3
Datumboy: raises $3 to $6
Ag3r0n: calls $3
*** TURN *** [6h Jd 2h] [8c]
Datumboy: bets $6
Ag3r0n: folds
Uncalled bet ($6) returned to Datumboy
Datumboy collected $23.52 from pot
Datumboy: doesn't show hand
*** SUMMARY ***
Total pot $24 | Rake $0.48
Board [6h Jd 2h 8c]
Seat 1: Datumboy (big blind) collected ($23.52)
Seat 3: Ag3r0n (button) (small blind) folded on the Turn


PokerStars Hand #176368549409:  Hold'em Limit ($3/$6 USD) - 2017/10/01 16:27:02 ET
Table 'Lilofee' 6-max Seat #3 is the button
Seat 1: Datumboy ($161.36 in chips)
Seat 3: Ag3r0n ($224.07 in chips)
Ag3r0n: posts small blind $1
Datumboy: posts big blind $3
*** HOLE CARDS ***
Ag3r0n: raises $3 to $6
Datumboy: folds
Uncalled bet ($3) returned to Ag3r0n
Ag3r0n collected $6 from pot
Ag3r0n: doesn't show hand
*** SUMMARY ***
Total pot $6 | Rake $0
Seat 1: Datumboy (big blind) folded before Flop
Seat 3: Ag3r0n (button) (small blind) collected ($6)


PokerStars Hand #176368535591:  Hold'em Limit ($3/$6 USD) - 2017/10/01 16:26:46 ET
Table 'Lilofee' 6-max Seat #1 is the button
Seat 1: Datumboy ($167.36 in chips)
Seat 3: Ag3r0n ($218.31 in chips)
Datumboy: posts small blind $1
Ag3r0n: posts big blind $3
*** HOLE CARDS ***
Datumboy: calls $2
Ag3r0n: raises $3 to $6
Datumboy: calls $3
*** FLOP *** [6s Qc 2s]
Ag3r0n: bets $3
Datumboy: folds
Uncalled bet ($3) returned to Ag3r0n
Ag3r0n collected $11.76 from pot
Ag3r0n: doesn't show hand
*** SUMMARY ***
Total pot $12 | Rake $0.24
Board [6s Qc 2s]
Seat 1: Datumboy (button) (small blind) folded on the Flop
Seat 3: Ag3r0n (big blind) collected ($11.76)


PokerStars Hand #176368570523:  Hold'em Limit ($3/$6 USD) - 2017/10/01 16:27:27 ET
Table 'Lilofee' 6-max Seat #3 is the button
Seat 1: Datumboy ($181.86 in chips)
Seat 3: Ag3r0n ($203.07 in chips)
Ag3r0n: posts small blind $1
Datumboy: posts big blind $3
*** HOLE CARDS ***
Ag3r0n: raises $3 to $6
Datumboy: calls $3
*** FLOP *** [3c 7h Kh]
Datumboy: bets $3
Ag3r0n: calls $3
*** TURN *** [3c 7h Kh] [Js]
Datumboy: checks
Ag3r0n: checks
*** RIVER *** [3c 7h Kh Js] [Qc]
Datumboy: checks
Ag3r0n: checks
*** SHOW DOWN ***
Datumboy: shows [5s 7s] (a pair of Sevens)
Ag3r0n: mucks hand
Datumboy collected $17.64 from pot
*** SUMMARY ***
Total pot $18 | Rake $0.36
Board [3c 7h Kh Js Qc]
Seat 1: Datumboy (big blind) showed [5s 7s] and won ($17.64) with a pair of Sevens
Seat 3: Ag3r0n (button) (small blind) mucked


PokerStars Hand #176368554525:  Hold'em Limit ($3/$6 USD) - 2017/10/01 16:27:08 ET
Table 'Lilofee' 6-max Seat #1 is the button
Seat 1: Datumboy ($158.36 in chips)
Seat 3: Ag3r0n ($227.07 in chips)
Datumboy: posts small blind $1
Ag3r0n: posts big blind $3
*** HOLE CARDS ***
Datumboy: raises $3 to $6
Ag3r0n: calls $3
*** FLOP *** [Jh 5c 8s]
Ag3r0n: checks
Datumboy: bets $3
Ag3r0n: raises $3 to $6
Datumboy: calls $3
*** TURN *** [Jh 5c 8s] [5d]
Ag3r0n: bets $6
Datumboy: calls $6
*** RIVER *** [Jh 5c 8s 5d] [2s]
Ag3r0n: bets $6
Datumboy: calls $6
*** SHOW DOWN ***
Ag3r0n: shows [6c 7d] (a pair of Fives)
Datumboy: shows [8d Ks] (two pair, Eights and Fives)
Datumboy collected $47.50 from pot
*** SUMMARY ***
Total pot $48 | Rake $0.50
Board [Jh 5c 8s 5d 2s]
Seat 1: Datumboy (button) (small blind) showed [8d Ks] and won ($47.50) with two pair, Eights and Fives
Seat 3: Ag3r0n (big blind) showed [6c 7d] and lost with a pair of Fives


PokerStars Hand #176368589381:  Hold'em Limit ($3/$6 USD) - 2017/10/01 16:27:49 ET
Table 'Lilofee' 6-max Seat #1 is the button
Seat 1: Datumboy ($190.50 in chips)
Seat 3: Ag3r0n ($194.07 in chips)
Datumboy: posts small blind $1
Ag3r0n: posts big blind $3
*** HOLE CARDS ***
Datumboy: folds
Uncalled bet ($2) returned to Ag3r0n
Ag3r0n collected $2 from pot
Ag3r0n: doesn't show hand
*** SUMMARY ***
Total pot $2 | Rake $0
Seat 1: Datumboy (button) (small blind) folded before Flop
Seat 3: Ag3r0n (big blind) collected ($2)


PokerStars Hand #176368594204:  Hold'em Limit ($3/$6 USD) - 2017/10/01 16:27:55 ET
Table 'Lilofee' 6-max Seat #3 is the button
Seat 1: Datumboy ($189.50 in chips)
Seat 3: Ag3r0n ($195.07 in chips)
Ag3r0n: posts small blind $1
Datumboy: posts big blind $3
*** HOLE CARDS ***
Ag3r0n: raises $3 to $6
Datumboy: folds
Uncalled bet ($3) returned to Ag3r0n
Ag3r0n collected $6 from pot
Ag3r0n: doesn't show hand
*** SUMMARY ***
Total pot $6 | Rake $0
Seat 1: Datumboy (big blind) folded before Flop
Seat 3: Ag3r0n (button) (small blind) collected ($6)


PokerStars Hand #176368623614:  Hold'em Limit ($3/$6 USD) - 2017/10/01 16:28:30 ET
Table 'Lilofee' 6-max Seat #1 is the button
Seat 1: Datumboy ($196.14 in chips)
Seat 3: Ag3r0n ($188.07 in chips)
Datumboy: posts small blind $1
Ag3r0n: posts big blind $3
*** HOLE CARDS ***
Datumboy: raises $3 to $6
Ag3r0n: calls $3
*** FLOP *** [Qs 3h 6s]
Ag3r0n: checks
Datumboy: bets $3
Ag3r0n: raises $3 to $6
Datumboy: folds
Uncalled bet ($3) returned to Ag3r0n
Ag3r0n collected $17.64 from pot
Ag3r0n: doesn't show hand
*** SUMMARY ***
Total pot $18 | Rake $0.36
Board [Qs 3h 6s]
Seat 1: Datumboy (button) (small blind) folded on the Flop
Seat 3: Ag3r0n (big blind) collected ($17.64)


PokerStars Hand #176368620036:  Hold'em Limit ($3/$6 USD) - 2017/10/01 16:28:25 ET
Table 'Lilofee' 6-max Seat #3 is the button
Seat 1: Datumboy ($195.14 in chips)
Seat 3: Ag3r0n ($189.07 in chips)
Ag3r0n: posts small blind $1
Datumboy: posts big blind $3
*** HOLE CARDS ***
Ag3r0n: folds
Uncalled bet ($2) returned to Datumboy
Datumboy collected $2 from pot
Datumboy: doesn't show hand
*** SUMMARY ***
Total pot $2 | Rake $0
Seat 1: Datumboy (big blind) collected ($2)
Seat 3: Ag3r0n (button) (small blind) folded before Flop


PokerStars Hand #176368600198:  Hold'em Limit ($3/$6 USD) - 2017/10/01 16:28:02 ET
Table 'Lilofee' 6-max Seat #1 is the button
Seat 1: Datumboy ($186.50 in chips)
Seat 3: Ag3r0n ($198.07 in chips)
Datumboy: posts small blind $1
Ag3r0n: posts big blind $3
*** HOLE CARDS ***
Datumboy: calls $2
Ag3r0n: raises $3 to $6
Datumboy: calls $3
*** FLOP *** [3d 3s 5c]
Ag3r0n: bets $3
Datumboy: calls $3
*** TURN *** [3d 3s 5c] [2h]
Ag3r0n: checks
Datumboy: checks
*** RIVER *** [3d 3s 5c 2h] [8s]
Ag3r0n: checks
Datumboy: bets $6
Ag3r0n: folds
Uncalled bet ($6) returned to Datumboy
Datumboy collected $17.64 from pot
Datumboy: doesn't show hand
*** SUMMARY ***
Total pot $18 | Rake $0.36
Board [3d 3s 5c 2h 8s]
Seat 1: Datumboy (button) (small blind) collected ($17.64)
Seat 3: Ag3r0n (big blind) folded on the River


PokerStars Hand #176368633795:  Hold'em Limit ($3/$6 USD) - 2017/10/01 16:28:42 ET
Table 'Lilofee' 6-max Seat #3 is the button
Seat 1: Datumboy ($187.14 in chips)
Seat 3: Ag3r0n ($196.71 in chips)
Ag3r0n: posts small blind $1
Datumboy: posts big blind $3
*** HOLE CARDS ***
Ag3r0n: raises $3 to $6
Datumboy: calls $3
*** FLOP *** [Jh Kd 8d]
Datumboy: checks
Ag3r0n: bets $3
Datumboy: raises $3 to $6
Ag3r0n: calls $3
*** TURN *** [Jh Kd 8d] [Ts]
Datumboy: bets $6
Ag3r0n: calls $6
*** RIVER *** [Jh Kd 8d Ts] [9c]
Datumboy: bets $6
Ag3r0n: calls $6
*** SHOW DOWN ***
Datumboy: shows [2d Qd] (a straight, Nine to King)
Ag3r0n: mucks hand
Datumboy collected $47.50 from pot
*** SUMMARY ***
Total pot $48 | Rake $0.50
Board [Jh Kd 8d Ts 9c]
Seat 1: Datumboy (big blind) showed [2d Qd] and won ($47.50) with a straight, Nine to King
Seat 3: Ag3r0n (button) (small blind) mucked


PokerStars Hand #176368652943:  Hold'em Limit ($3/$6 USD) - 2017/10/01 16:29:05 ET
Table 'Lilofee' 6-max Seat #1 is the button
Seat 1: Datumboy ($210.64 in chips)
Seat 3: Ag3r0n ($172.71 in chips)
Datumboy: posts small blind $1
Ag3r0n: posts big blind $3
*** HOLE CARDS ***
Datumboy: calls $2
Ag3r0n: checks
*** FLOP *** [5c 7c 8d]
Ag3r0n: checks
Datumboy: bets $3
Ag3r0n: raises $3 to $6
Datumboy: calls $3
*** TURN *** [5c 7c 8d] [8c]
Ag3r0n: bets $6
Datumboy: calls $6
*** RIVER *** [5c 7c 8d 8c] [Tc]
Ag3r0n: bets $6
Datumboy: calls $6
*** SHOW DOWN ***
Ag3r0n: shows [8s 4s] (three of a kind, Eights)
Datumboy: mucks hand
Ag3r0n collected $41.50 from pot
*** SUMMARY ***
Total pot $42 | Rake $0.50
Board [5c 7c 8d 8c Tc]
Seat 1: Datumboy (button) (small blind) mucked
Seat 3: Ag3r0n (big blind) showed [8s 4s] and won ($41.50) with three of a kind, Eights


PokerStars Hand #176368676767:  Hold'em Limit ($3/$6 USD) - 2017/10/01 16:29:33 ET
Table 'Lilofee' 6-max Seat #1 is the button
Seat 1: Datumboy ($186.64 in chips)
Seat 3: Ag3r0n ($196.21 in chips)
Datumboy: posts small blind $1
Ag3r0n: posts big blind $3
*** HOLE CARDS ***
Datumboy: calls $2
Ag3r0n: checks
*** FLOP *** [Jc 6d 8h]
Ag3r0n: checks
Datumboy: bets $3
Ag3r0n: folds
Uncalled bet ($3) returned to Datumboy
Datumboy collected $5.88 from pot
Datumboy: doesn't show hand
*** SUMMARY ***
Total pot $6 | Rake $0.12
Board [Jc 6d 8h]
Seat 1: Datumboy (button) (small blind) collected ($5.88)
Seat 3: Ag3r0n (big blind) folded on the Flop


PokerStars Hand #176368671568:  Hold'em Limit ($3/$6 USD) - 2017/10/01 16:29:27 ET
Table 'Lilofee' 6-max Seat #3 is the button
Seat 1: Datumboy ($189.64 in chips)
Seat 3: Ag3r0n ($193.21 in chips)
Ag3r0n: posts small blind $1
Datumboy: posts big blind $3
*** HOLE CARDS ***
Ag3r0n: raises $3 to $6
Datumboy: folds
Uncalled bet ($3) returned to Ag3r0n
Ag3r0n collected $6 from pot
Ag3r0n: doesn't show hand
*** SUMMARY ***
Total pot $6 | Rake $0
Seat 1: Datumboy (big blind) folded before Flop
Seat 3: Ag3r0n (button) (small blind) collected ($6)


PokerStars Hand #176368702815:  Hold'em Limit ($3/$6 USD) - 2017/10/01 16:30:04 ET
Table 'Lilofee' 6-max Seat #1 is the button
Seat 1: Datumboy ($207.02 in chips)
Seat 3: Ag3r0n ($175.21 in chips)
Datumboy: posts small blind $1
Ag3r0n: posts big blind $3
*** HOLE CARDS ***
Datumboy: calls $2
Ag3r0n: raises $3 to $6
Datumboy: calls $3
*** FLOP *** [4c 3s Ts]
Ag3r0n: bets $3
Datumboy: raises $3 to $6
Ag3r0n: calls $3
*** TURN *** [4c 3s Ts] [Kc]
Ag3r0n: checks
Datumboy: bets $6
Ag3r0n: raises $6 to $12
Datumboy: calls $6
*** RIVER *** [4c 3s Ts Kc] [Ks]
Ag3r0n: bets $6
Datumboy: calls $6
*** SHOW DOWN ***
Ag3r0n: shows [3c 3d] (a full house, Threes full of Kings)
Datumboy: mucks hand
Ag3r0n collected $59.50 from pot
*** SUMMARY ***
Total pot $60 | Rake $0.50
Board [4c 3s Ts Kc Ks]
Seat 1: Datumboy (button) (small blind) mucked
Seat 3: Ag3r0n (big blind) showed [3c 3d] and won ($59.50) with a full house, Threes full of Kings


PokerStars Hand #176368687961:  Hold'em Limit ($3/$6 USD) - 2017/10/01 16:29:46 ET
Table 'Lilofee' 6-max Seat #3 is the button
Seat 1: Datumboy ($189.52 in chips)
Seat 3: Ag3r0n ($193.21 in chips)
Ag3r0n: posts small blind $1
Datumboy: posts big blind $3
*** HOLE CARDS ***
Ag3r0n: raises $3 to $6
Datumboy: calls $3
*** FLOP *** [4d 5d Td]
Datumboy: checks
Ag3r0n: checks
*** TURN *** [4d 5d Td] [Qs]
Datumboy: checks
Ag3r0n: bets $6
Datumboy: calls $6
*** RIVER *** [4d 5d Td Qs] [Jd]
Datumboy: bets $6
Ag3r0n: calls $6
*** SHOW DOWN ***
Datumboy: shows [Ad 2s] (a flush, Ace high)
Ag3r0n: mucks hand
Datumboy collected $35.50 from pot
*** SUMMARY ***
Total pot $36 | Rake $0.50
Board [4d 5d Td Qs Jd]
Seat 1: Datumboy (big blind) showed [Ad 2s] and won ($35.50) with a flush, Ace high
Seat 3: Ag3r0n (button) (small blind) mucked


PokerStars Hand #176368784212:  Hold'em Limit ($3/$6 USD) - 2017/10/01 16:31:41 ET
Table 'Lilofee' 6-max Seat #3 is the button
Seat 1: Datumboy ($190.52 in chips)
Seat 3: Ag3r0n ($190.47 in chips)
Ag3r0n: posts small blind $1
Datumboy: posts big blind $3
*** HOLE CARDS ***
Ag3r0n: raises $3 to $6
Datumboy: folds
Uncalled bet ($3) returned to Ag3r0n
Ag3r0n collected $6 from pot
Ag3r0n: doesn't show hand
*** SUMMARY ***
Total pot $6 | Rake $0
Seat 1: Datumboy (big blind) folded before Flop
Seat 3: Ag3r0n (button) (small blind) collected ($6)


PokerStars Hand #176368779261:  Hold'em Limit ($3/$6 USD) - 2017/10/01 16:31:35 ET
Table 'Lilofee' 6-max Seat #1 is the button
Seat 1: Datumboy ($191.52 in chips)
Seat 3: Ag3r0n ($189.47 in chips)
Datumboy: posts small blind $1
Ag3r0n: posts big blind $3
*** HOLE CARDS ***
Datumboy: folds
Uncalled bet ($2) returned to Ag3r0n
Ag3r0n collected $2 from pot
Ag3r0n: doesn't show hand
*** SUMMARY ***
Total pot $2 | Rake $0
Seat 1: Datumboy (button) (small blind) folded before Flop
Seat 3: Ag3r0n (big blind) collected ($2)


PokerStars Hand #176368758410:  Hold'em Limit ($3/$6 USD) - 2017/10/01 16:31:10 ET
Table 'Lilofee' 6-max Seat #3 is the button
Seat 1: Datumboy ($174.02 in chips)
Seat 3: Ag3r0n ($207.47 in chips)
Ag3r0n: posts small blind $1
Datumboy: posts big blind $3
*** HOLE CARDS ***
Ag3r0n: raises $3 to $6
Datumboy: raises $3 to $9
Ag3r0n: calls $3
*** FLOP *** [2h 7d 5h]
Datumboy: bets $3
Ag3r0n: calls $3
*** TURN *** [2h 7d 5h] [6s]
Datumboy: checks
Ag3r0n: bets $6
Datumboy: calls $6
*** RIVER *** [2h 7d 5h 6s] [Js]
Datumboy: checks
Ag3r0n: checks
*** SHOW DOWN ***
Datumboy: shows [Kc Ac] (high card Ace)
Ag3r0n: mucks hand
Datumboy collected $35.50 from pot
*** SUMMARY ***
Total pot $36 | Rake $0.50
Board [2h 7d 5h 6s Js]
Seat 1: Datumboy (big blind) showed [Kc Ac] and won ($35.50) with high card Ace
Seat 3: Ag3r0n (button) (small blind) mucked


PokerStars Hand #176368752722:  Hold'em Limit ($3/$6 USD) - 2017/10/01 16:31:03 ET
Table 'Lilofee' 6-max Seat #1 is the button
Seat 1: Datumboy ($171.02 in chips)
Seat 3: Ag3r0n ($210.47 in chips)
Datumboy: posts small blind $1
Ag3r0n: posts big blind $3
*** HOLE CARDS ***
Datumboy: raises $3 to $6
Ag3r0n: folds
Uncalled bet ($3) returned to Datumboy
Datumboy collected $6 from pot
Datumboy: doesn't show hand
*** SUMMARY ***
Total pot $6 | Rake $0
Seat 1: Datumboy (button) (small blind) collected ($6)
Seat 3: Ag3r0n (big blind) folded before Flop


PokerStars Hand #176368748670:  Hold'em Limit ($3/$6 USD) - 2017/10/01 16:30:59 ET
Table 'Lilofee' 6-max Seat #3 is the button
Seat 1: Datumboy ($170.02 in chips)
Seat 3: Ag3r0n ($211.47 in chips)
Ag3r0n: posts small blind $1
Datumboy: posts big blind $3
*** HOLE CARDS ***
Ag3r0n: folds
Uncalled bet ($2) returned to Datumboy
Datumboy collected $2 from pot
Datumboy: doesn't show hand
*** SUMMARY ***
Total pot $2 | Rake $0
Seat 1: Datumboy (big blind) collected ($2)
Seat 3: Ag3r0n (button) (small blind) folded before Flop


PokerStars Hand #176368744558:  Hold'em Limit ($3/$6 USD) - 2017/10/01 16:30:54 ET
Table 'Lilofee' 6-max Seat #1 is the button
Seat 1: Datumboy ($171.02 in chips)
Seat 3: Ag3r0n ($210.47 in chips)
Datumboy: posts small blind $1
Ag3r0n: posts big blind $3
*** HOLE CARDS ***
Datumboy: folds
Uncalled bet ($2) returned to Ag3r0n
Ag3r0n collected $2 from pot
Ag3r0n: doesn't show hand
*** SUMMARY ***
Total pot $2 | Rake $0
Seat 1: Datumboy (button) (small blind) folded before Flop
Seat 3: Ag3r0n (big blind) collected ($2)


PokerStars Hand #176368732288:  Hold'em Limit ($3/$6 USD) - 2017/10/01 16:30:39 ET
Table 'Lilofee' 6-max Seat #3 is the button
Seat 1: Datumboy ($177.02 in chips)
Seat 3: Ag3r0n ($204.71 in chips)
Ag3r0n: posts small blind $1
Datumboy: posts big blind $3
*** HOLE CARDS ***
Ag3r0n: raises $3 to $6
Datumboy said, "nh"
Datumboy: calls $3
*** FLOP *** [2c Ah 3h]
Datumboy: checks
Ag3r0n: bets $3
Datumboy: folds
Uncalled bet ($3) returned to Ag3r0n
Ag3r0n collected $11.76 from pot
Ag3r0n: doesn't show hand
*** SUMMARY ***
Total pot $12 | Rake $0.24
Board [2c Ah 3h]
Seat 1: Datumboy (big blind) folded on the Flop
Seat 3: Ag3r0n (button) (small blind) collected ($11.76)


PokerStars Hand #176368816382:  Hold'em Limit ($3/$6 USD) - 2017/10/01 16:32:19 ET
Table 'Lilofee' 6-max Seat #1 is the button
Seat 1: Datumboy ($192.28 in chips)
Seat 3: Ag3r0n ($188.47 in chips)
Datumboy: posts small blind $1
Ag3r0n: posts big blind $3
*** HOLE CARDS ***
Datumboy: raises $3 to $6
Ag3r0n: calls $3
*** FLOP *** [6d 2c 3d]
Ag3r0n: checks
Datumboy: checks
*** TURN *** [6d 2c 3d] [7c]
Ag3r0n: bets $6
Datumboy: calls $6
*** RIVER *** [6d 2c 3d 7c] [As]
Ag3r0n: checks
Datumboy: checks
*** SHOW DOWN ***
Ag3r0n: shows [6h 9h] (a pair of Sixes)
Datumboy: mucks hand
Ag3r0n collected $23.52 from pot
*** SUMMARY ***
Total pot $24 | Rake $0.48
Board [6d 2c 3d 7c As]
Seat 1: Datumboy (button) (small blind) mucked
Seat 3: Ag3r0n (big blind) showed [6h 9h] and won ($23.52) with a pair of Sixes


PokerStars Hand #176368795359:  Hold'em Limit ($3/$6 USD) - 2017/10/01 16:31:54 ET
Table 'Lilofee' 6-max Seat #3 is the button
Seat 1: Datumboy ($186.52 in chips)
Seat 3: Ag3r0n ($194.47 in chips)
Ag3r0n: posts small blind $1
Datumboy: posts big blind $3
*** HOLE CARDS ***
Ag3r0n: raises $3 to $6
Datumboy: calls $3
*** FLOP *** [Js Th Kc]
Datumboy: checks
Ag3r0n: checks
*** TURN *** [Js Th Kc] [2d]
Datumboy: checks
Ag3r0n: checks
*** RIVER *** [Js Th Kc 2d] [9s]
Datumboy: checks
Ag3r0n: checks
*** SHOW DOWN ***
Datumboy: shows [Td As] (a pair of Tens)
Ag3r0n: mucks hand
Datumboy collected $11.76 from pot
*** SUMMARY ***
Total pot $12 | Rake $0.24
Board [Js Th Kc 2d 9s]
Seat 1: Datumboy (big blind) showed [Td As] and won ($11.76) with a pair of Tens
Seat 3: Ag3r0n (button) (small blind) mucked


PokerStars Hand #176368790716:  Hold'em Limit ($3/$6 USD) - 2017/10/01 16:31:49 ET
Table 'Lilofee' 6-max Seat #1 is the button
Seat 1: Datumboy ($187.52 in chips)
Seat 3: Ag3r0n ($193.47 in chips)
Datumboy: posts small blind $1
Ag3r0n: posts big blind $3
*** HOLE CARDS ***
Datumboy: folds
Uncalled bet ($2) returned to Ag3r0n
Ag3r0n collected $2 from pot
Ag3r0n: doesn't show hand
*** SUMMARY ***
Total pot $2 | Rake $0
Seat 1: Datumboy (button) (small blind) folded before Flop
Seat 3: Ag3r0n (big blind) collected ($2)


PokerStars Hand #176368858620:  Hold'em Limit ($3/$6 USD) - 2017/10/01 16:33:10 ET
Table 'Lilofee' 6-max Seat #3 is the button
Seat 1: Datumboy ($144.28 in chips)
Seat 3: Ag3r0n ($235.01 in chips)
Ag3r0n: posts small blind $1
Datumboy: posts big blind $3
*** HOLE CARDS ***
Ag3r0n: raises $3 to $6
Datumboy: calls $3
*** FLOP *** [Jc 9h 4h]
Datumboy: checks
Ag3r0n: checks
*** TURN *** [Jc 9h 4h] [6s]
Datumboy: checks
Ag3r0n: bets $6
vestimokrec joins the table at seat #2
Datumboy: folds
Uncalled bet ($6) returned to Ag3r0n
Ag3r0n collected $11.76 from pot
Ag3r0n: doesn't show hand
*** SUMMARY ***
Total pot $12 | Rake $0.24
Board [Jc 9h 4h 6s]
Seat 1: Datumboy (big blind) folded on the Turn
Seat 3: Ag3r0n (button) (small blind) collected ($11.76)


PokerStars Hand #176368845391:  Hold'em Limit ($3/$6 USD) - 2017/10/01 16:32:54 ET
Table 'Lilofee' 6-max Seat #1 is the button
Seat 1: Datumboy ($156.28 in chips)
Seat 3: Ag3r0n ($223.49 in chips)
Datumboy: posts small blind $1
Ag3r0n: posts big blind $3
*** HOLE CARDS ***
Datumboy: raises $3 to $6
Ag3r0n: calls $3
*** FLOP *** [Td 5s 4h]
Ag3r0n: checks
Datumboy: checks
*** TURN *** [Td 5s 4h] [Ks]
Ag3r0n: checks
Datumboy: bets $6
Ag3r0n: calls $6
*** RIVER *** [Td 5s 4h Ks] [2h]
Ag3r0n: checks
Datumboy: checks
*** SHOW DOWN ***
Ag3r0n: shows [Ad 5d] (a pair of Fives)
Datumboy: mucks hand
Ag3r0n collected $23.52 from pot
*** SUMMARY ***
Total pot $24 | Rake $0.48
Board [Td 5s 4h Ks 2h]
Seat 1: Datumboy (button) (small blind) mucked
Seat 3: Ag3r0n (big blind) showed [Ad 5d] and won ($23.52) with a pair of Fives


PokerStars Hand #176368832473:  Hold'em Limit ($3/$6 USD) - 2017/10/01 16:32:39 ET
Table 'Lilofee' 6-max Seat #3 is the button
Seat 1: Datumboy ($180.28 in chips)
Seat 3: Ag3r0n ($199.99 in chips)
Ag3r0n: posts small blind $1
Datumboy: posts big blind $3
*** HOLE CARDS ***
Ag3r0n: raises $3 to $6
Datumboy: calls $3
*** FLOP *** [6h 3s 5c]
Datumboy: checks
Ag3r0n: bets $3
Datumboy: raises $3 to $6
Ag3r0n: calls $3
*** TURN *** [6h 3s 5c] [5h]
Datumboy: bets $6
Ag3r0n: calls $6
*** RIVER *** [6h 3s 5c 5h] [9d]
Datumboy: bets $6
Ag3r0n: calls $6
*** SHOW DOWN ***
Datumboy: shows [4h 8s] (a pair of Fives)
Ag3r0n: shows [Th 3h] (two pair, Fives and Threes)
Ag3r0n collected $47.50 from pot
*** SUMMARY ***
Total pot $48 | Rake $0.50
Board [6h 3s 5c 5h 9d]
Seat 1: Datumboy (big blind) showed [4h 8s] and lost with a pair of Fives
Seat 3: Ag3r0n (button) (small blind) showed [Th 3h] and won ($47.50) with two pair, Fives and Threes


PokerStars Hand #176369032725:  Hold'em Limit ($3/$6 USD) - 2017/10/01 16:36:37 ET
Table 'Lilofee' 6-max Seat #2 is the button
Seat 1: Datumboy ($75.28 in chips)
Seat 2: vestimokrec ($191.11 in chips)
vestimokrec: posts small blind $1
Ag3r0n: is sitting out
Datumboy: posts big blind $3
*** HOLE CARDS ***
vestimokrec: raises $3 to $6
Ag3r0n leaves the table
Datumboy: folds
Uncalled bet ($3) returned to vestimokrec
vestimokrec collected $6 from pot
vestimokrec: doesn't show hand
*** SUMMARY ***
Total pot $6 | Rake $0
Seat 1: Datumboy (big blind) folded before Flop
Seat 2: vestimokrec (button) (small blind) collected ($6)


PokerStars Hand #176369072452:  Hold'em Limit ($3/$6 USD) - 2017/10/01 16:37:25 ET
Table 'Lilofee' 6-max Seat #2 is the button
Seat 1: Datumboy ($72.03 in chips)
Seat 2: vestimokrec ($193.86 in chips)
vestimokrec: posts small blind $1
Datumboy: posts big blind $3
*** HOLE CARDS ***
vestimokrec: raises $3 to $6
Datumboy: raises $3 to $9
vestimokrec: calls $3
*** FLOP *** [3s 5h Js]
Datumboy: bets $3
vestimokrec: calls $3
*** TURN *** [3s 5h Js] [5s]
Datumboy: bets $6
vestimokrec: calls $6
*** RIVER *** [3s 5h Js 5s] [4s]
Datumboy: bets $6
vestimokrec: calls $6
*** SHOW DOWN ***
Datumboy: shows [Qh As] (a flush, Ace high)
vestimokrec: mucks hand
Datumboy collected $47.50 from pot
*** SUMMARY ***
Total pot $48 | Rake $0.50
Board [3s 5h Js 5s 4s]
Seat 1: Datumboy (big blind) showed [Qh As] and won ($47.50) with a flush, Ace high
Seat 2: vestimokrec (button) (small blind) mucked


PokerStars Hand #176369039069:  Hold'em Limit ($3/$6 USD) - 2017/10/01 16:36:45 ET
Table 'Lilofee' 6-max Seat #1 is the button
Seat 1: Datumboy ($72.28 in chips)
Seat 2: vestimokrec ($194.11 in chips)
Datumboy: posts small blind $1
vestimokrec: posts big blind $3
*** HOLE CARDS ***
Datumboy: raises $3 to $6
vestimokrec: calls $3
*** FLOP *** [Js Jh 8c]
vestimokrec: checks
Datumboy: bets $3
vestimokrec: raises $3 to $6
Datumboy: calls $3
*** TURN *** [Js Jh 8c] [Qh]
vestimokrec: bets $6
Datumboy: raises $6 to $12
vestimokrec: raises $6 to $18
Datumboy: calls $6
*** RIVER *** [Js Jh 8c Qh] [4h]
vestimokrec: bets $6
Datumboy: raises $6 to $12
vestimokrec: raises $6 to $18
Datumboy: raises $6 to $24
Betting is capped
vestimokrec: calls $6
*** SHOW DOWN ***
Datumboy: shows [Jc 4c] (a full house, Jacks full of Fours)
vestimokrec: shows [4d Jd] (a full house, Jacks full of Fours)
vestimokrec collected $53.75 from pot
Datumboy collected $53.75 from pot
*** SUMMARY ***
Total pot $108 | Rake $0.50
Board [Js Jh 8c Qh 4h]
Seat 1: Datumboy (button) (small blind) showed [Jc 4c] and won ($53.75) with a full house, Jacks full of Fours
Seat 2: vestimokrec (big blind) showed [4d Jd] and won ($53.75) with a full house, Jacks full of Fours


PokerStars Hand #176369130572:  Hold'em Limit ($3/$6 USD) - 2017/10/01 16:38:35 ET
Table 'Lilofee' 6-max Seat #1 is the button
Seat 1: Datumboy ($64.53 in chips)
Seat 2: vestimokrec ($200.36 in chips)
Datumboy: posts small blind $1
vestimokrec: posts big blind $3
*** HOLE CARDS ***
Datumboy: folds
Uncalled bet ($2) returned to vestimokrec
vestimokrec collected $2 from pot
vestimokrec: doesn't show hand
*** SUMMARY ***
Total pot $2 | Rake $0
Seat 1: Datumboy (button) (small blind) folded before Flop
Seat 2: vestimokrec (big blind) collected ($2)


PokerStars Hand #176369099067:  Hold'em Limit ($3/$6 USD) - 2017/10/01 16:37:57 ET
Table 'Lilofee' 6-max Seat #2 is the button
Seat 1: Datumboy ($94.53 in chips)
Seat 2: vestimokrec ($170.86 in chips)
vestimokrec: posts small blind $1
Datumboy: posts big blind $3
*** HOLE CARDS ***
vestimokrec: raises $3 to $6
Datumboy: calls $3
*** FLOP *** [9c Kc Kd]
Datumboy: checks
vestimokrec: bets $3
Datumboy: raises $3 to $6
vestimokrec: calls $3
*** TURN *** [9c Kc Kd] [8d]
Datumboy: bets $6
vestimokrec: calls $6
*** RIVER *** [9c Kc Kd 8d] [7d]
Datumboy: bets $6
vestimokrec: raises $6 to $12
Datumboy: calls $6
*** SHOW DOWN ***
vestimokrec: shows [Ad 6d] (a flush, Ace high)
Datumboy: mucks hand
vestimokrec collected $59.50 from pot
*** SUMMARY ***
Total pot $60 | Rake $0.50
Board [9c Kc Kd 8d 7d]
Seat 1: Datumboy (big blind) mucked
Seat 2: vestimokrec (button) (small blind) showed [Ad 6d] and won ($59.50) with a flush, Ace high


PokerStars Hand #176369091658:  Hold'em Limit ($3/$6 USD) - 2017/10/01 16:37:48 ET
Table 'Lilofee' 6-max Seat #1 is the button
Seat 1: Datumboy ($95.53 in chips)
Seat 2: vestimokrec ($169.86 in chips)
Datumboy: posts small blind $1
vestimokrec: posts big blind $3
*** HOLE CARDS ***
Datumboy: folds
Uncalled bet ($2) returned to vestimokrec
vestimokrec collected $2 from pot
vestimokrec: doesn't show hand
*** SUMMARY ***
Total pot $2 | Rake $0
Seat 1: Datumboy (button) (small blind) folded before Flop
Seat 2: vestimokrec (big blind) collected ($2)


PokerStars Hand #176369158236:  Hold'em Limit ($3/$6 USD) - 2017/10/01 16:39:08 ET
Table 'Lilofee' 6-max Seat #1 is the button
Seat 1: Datumboy ($42.53 in chips)
Seat 2: vestimokrec ($221.86 in chips)
Datumboy: posts small blind $1
vestimokrec: posts big blind $3
*** HOLE CARDS ***
Datumboy: folds
Uncalled bet ($2) returned to vestimokrec
vestimokrec collected $2 from pot
vestimokrec: doesn't show hand
*** SUMMARY ***
Total pot $2 | Rake $0
Seat 1: Datumboy (button) (small blind) folded before Flop
Seat 2: vestimokrec (big blind) collected ($2)


PokerStars Hand #176369135079:  Hold'em Limit ($3/$6 USD) - 2017/10/01 16:38:40 ET
Table 'Lilofee' 6-max Seat #2 is the button
Seat 1: Datumboy ($63.53 in chips)
Seat 2: vestimokrec ($201.36 in chips)
vestimokrec: posts small blind $1
Datumboy: posts big blind $3
*** HOLE CARDS ***
vestimokrec: raises $3 to $6
Datumboy: calls $3
*** FLOP *** [Jc 7s 7c]
Datumboy: bets $3
vestimokrec: calls $3
*** TURN *** [Jc 7s 7c] [6s]
Datumboy: bets $6
vestimokrec: calls $6
*** RIVER *** [Jc 7s 7c 6s] [8s]
Datumboy: bets $6
vestimokrec: calls $6
*** SHOW DOWN ***
Datumboy: shows [4c 9c] (a pair of Sevens)
vestimokrec: shows [2c Js] (two pair, Jacks and Sevens)
vestimokrec collected $41.50 from pot
*** SUMMARY ***
Total pot $42 | Rake $0.50
Board [Jc 7s 7c 6s 8s]
Seat 1: Datumboy (big blind) showed [4c 9c] and lost with a pair of Sevens
Seat 2: vestimokrec (button) (small blind) showed [2c Js] and won ($41.50) with two pair, Jacks and Sevens


PokerStars Hand #176369162212:  Hold'em Limit ($3/$6 USD) - 2017/10/01 16:39:13 ET
Table 'Lilofee' 6-max Seat #2 is the button
Seat 1: Datumboy ($41.53 in chips)
Seat 2: vestimokrec ($222.86 in chips)
vestimokrec: posts small blind $1
Datumboy: posts big blind $3
*** HOLE CARDS ***
vestimokrec: raises $3 to $6
Datumboy: calls $3
*** FLOP *** [Ah Js 6h]
Datumboy: checks
vestimokrec: bets $3
Datumboy: calls $3
*** TURN *** [Ah Js 6h] [Ts]
Datumboy: checks
vestimokrec: bets $6
Datumboy: raises $6 to $12
vestimokrec: calls $6
*** RIVER *** [Ah Js 6h Ts] [5c]
Datumboy: bets $6
vestimokrec: calls $6
*** SHOW DOWN ***
Datumboy: shows [Kh 9h] (high card Ace)
vestimokrec: shows [4c As] (a pair of Aces)
vestimokrec collected $53.50 from pot
*** SUMMARY ***
Total pot $54 | Rake $0.50
Board [Ah Js 6h Ts 5c]
Seat 1: Datumboy (big blind) showed [Kh 9h] and lost with high card Ace
Seat 2: vestimokrec (button) (small blind) showed [4c As] and won ($53.50) with a pair of Aces


PokerStars Hand #176369210984:  Hold'em Limit ($3/$6 USD) - 2017/10/01 16:40:11 ET
Table 'Lilofee' 6-max Seat #2 is the button
Seat 1: Datumboy ($163.53 in chips)
Seat 2: vestimokrec ($250.36 in chips)
vestimokrec: posts small blind $1
Datumboy: posts big blind $3
*** HOLE CARDS ***
vestimokrec: raises $3 to $6
Datumboy: calls $3
*** FLOP *** [2s 3c 9d]
Datumboy: checks
vestimokrec: bets $3
Datumboy: calls $3
*** TURN *** [2s 3c 9d] [Qs]
Datumboy: checks
vestimokrec: bets $6
Datumboy: raises $6 to $12
vestimokrec: calls $6
*** RIVER *** [2s 3c 9d Qs] [7d]
Datumboy: bets $6
vestimokrec: calls $6
*** SHOW DOWN ***
Datumboy: shows [Td Jd] (high card Queen)
vestimokrec: shows [Tc Th] (a pair of Tens)
vestimokrec collected $53.50 from pot
*** SUMMARY ***
Total pot $54 | Rake $0.50
Board [2s 3c 9d Qs 7d]
Seat 1: Datumboy (big blind) showed [Td Jd] and lost with high card Queen
Seat 2: vestimokrec (button) (small blind) showed [Tc Th] and won ($53.50) with a pair of Tens


PokerStars Hand #176369207196:  Hold'em Limit ($3/$6 USD) - 2017/10/01 16:40:07 ET
Table 'Lilofee' 6-max Seat #1 is the button
Seat 1: Datumboy ($164.53 in chips)
Seat 2: vestimokrec ($249.36 in chips)
Datumboy: posts small blind $1
vestimokrec: posts big blind $3
*** HOLE CARDS ***
Datumboy: folds
Uncalled bet ($2) returned to vestimokrec
vestimokrec collected $2 from pot
vestimokrec: doesn't show hand
*** SUMMARY ***
Total pot $2 | Rake $0
Seat 1: Datumboy (button) (small blind) folded before Flop
Seat 2: vestimokrec (big blind) collected ($2)


PokerStars Hand #176369202830:  Hold'em Limit ($3/$6 USD) - 2017/10/01 16:40:02 ET
Table 'Lilofee' 6-max Seat #2 is the button
Seat 1: Datumboy ($163.53 in chips)
Seat 2: vestimokrec ($250.36 in chips)
vestimokrec: posts small blind $1
Datumboy: posts big blind $3
*** HOLE CARDS ***
vestimokrec: folds
Uncalled bet ($2) returned to Datumboy
Datumboy collected $2 from pot
Datumboy: doesn't show hand
*** SUMMARY ***
Total pot $2 | Rake $0
Seat 1: Datumboy (big blind) collected ($2)
Seat 2: vestimokrec (button) (small blind) folded before Flop


PokerStars Hand #176369198169:  Hold'em Limit ($3/$6 USD) - 2017/10/01 16:39:56 ET
Table 'Lilofee' 6-max Seat #1 is the button
Seat 1: Datumboy ($164.53 in chips)
Seat 2: vestimokrec ($249.36 in chips)
Datumboy: posts small blind $1
vestimokrec: posts big blind $3
*** HOLE CARDS ***
Datumboy: folds
Uncalled bet ($2) returned to vestimokrec
vestimokrec collected $2 from pot
vestimokrec: doesn't show hand
*** SUMMARY ***
Total pot $2 | Rake $0
Seat 1: Datumboy (button) (small blind) folded before Flop
Seat 2: vestimokrec (big blind) collected ($2)


PokerStars Hand #176369286113:  Hold'em Limit ($3/$6 USD) - 2017/10/01 16:41:42 ET
Table 'Lilofee' 6-max Seat #1 is the button
Seat 1: Datumboy ($326.17 in chips)
Seat 2: vestimokrec ($278.86 in chips)
Datumboy: posts small blind $1
vestimokrec: posts big blind $3
*** HOLE CARDS ***
Datumboy: folds
Uncalled bet ($2) returned to vestimokrec
vestimokrec collected $2 from pot
vestimokrec: doesn't show hand
*** SUMMARY ***
Total pot $2 | Rake $0
Seat 1: Datumboy (button) (small blind) folded before Flop
Seat 2: vestimokrec (big blind) collected ($2)


PokerStars Hand #176369280447:  Hold'em Limit ($3/$6 USD) - 2017/10/01 16:41:34 ET
Table 'Lilofee' 6-max Seat #2 is the button
Seat 1: Datumboy ($329.17 in chips)
Seat 2: vestimokrec ($275.86 in chips)
vestimokrec: posts small blind $1
Datumboy: posts big blind $3
*** HOLE CARDS ***
vestimokrec: raises $3 to $6
Datumboy: folds
Uncalled bet ($3) returned to vestimokrec
vestimokrec collected $6 from pot
vestimokrec: doesn't show hand
*** SUMMARY ***
Total pot $6 | Rake $0
Seat 1: Datumboy (big blind) folded before Flop
Seat 2: vestimokrec (button) (small blind) collected ($6)


PokerStars Hand #176369276137:  Hold'em Limit ($3/$6 USD) - 2017/10/01 16:41:29 ET
Table 'Lilofee' 6-max Seat #1 is the button
Seat 1: Datumboy ($330.17 in chips)
Seat 2: vestimokrec ($274.86 in chips)
Datumboy: posts small blind $1
vestimokrec: posts big blind $3
*** HOLE CARDS ***
Datumboy: folds
Uncalled bet ($2) returned to vestimokrec
vestimokrec collected $2 from pot
vestimokrec: doesn't show hand
*** SUMMARY ***
Total pot $2 | Rake $0
Seat 1: Datumboy (button) (small blind) folded before Flop
Seat 2: vestimokrec (big blind) collected ($2)


PokerStars Hand #176369271684:  Hold'em Limit ($3/$6 USD) - 2017/10/01 16:41:24 ET
Table 'Lilofee' 6-max Seat #2 is the button
Seat 1: Datumboy ($333.17 in chips)
Seat 2: vestimokrec ($271.86 in chips)
vestimokrec: posts small blind $1
Datumboy: posts big blind $3
*** HOLE CARDS ***
vestimokrec: raises $3 to $6
Datumboy: folds
Uncalled bet ($3) returned to vestimokrec
vestimokrec collected $6 from pot
vestimokrec: doesn't show hand
*** SUMMARY ***
Total pot $6 | Rake $0
Seat 1: Datumboy (big blind) folded before Flop
Seat 2: vestimokrec (button) (small blind) collected ($6)


PokerStars Hand #176369251093:  Hold'em Limit ($3/$6 USD) - 2017/10/01 16:40:59 ET
Table 'Lilofee' 6-max Seat #1 is the button
Seat 1: Datumboy ($132.53 in chips)
Seat 2: vestimokrec ($280.86 in chips)
Datumboy: posts small blind $1
vestimokrec: posts big blind $3
*** HOLE CARDS ***
Datumboy: raises $3 to $6
vestimokrec: calls $3
*** FLOP *** [6h Ah 6c]
vestimokrec: checks
Datumboy: bets $3
vestimokrec: calls $3
*** TURN *** [6h Ah 6c] [5c]
vestimokrec: checks
Datumboy: bets $6
vestimokrec: folds
Uncalled bet ($6) returned to Datumboy
Datumboy collected $17.64 from pot
Datumboy: doesn't show hand
*** SUMMARY ***
Total pot $18 | Rake $0.36
Board [6h Ah 6c 5c]
Seat 1: Datumboy (button) (small blind) collected ($17.64)
Seat 2: vestimokrec (big blind) folded on the Turn


PokerStars Hand #176369246549:  Hold'em Limit ($3/$6 USD) - 2017/10/01 16:40:54 ET
Table 'Lilofee' 6-max Seat #2 is the button
Seat 1: Datumboy ($135.53 in chips)
Seat 2: vestimokrec ($277.86 in chips)
vestimokrec: posts small blind $1
Datumboy: posts big blind $3
*** HOLE CARDS ***
vestimokrec: raises $3 to $6
Datumboy: folds
Uncalled bet ($3) returned to vestimokrec
vestimokrec collected $6 from pot
vestimokrec: doesn't show hand
*** SUMMARY ***
Total pot $6 | Rake $0
Seat 1: Datumboy (big blind) folded before Flop
Seat 2: vestimokrec (button) (small blind) collected ($6)


PokerStars Hand #176369241495:  Hold'em Limit ($3/$6 USD) - 2017/10/01 16:40:48 ET
Table 'Lilofee' 6-max Seat #1 is the button
Seat 1: Datumboy ($136.53 in chips)
Seat 2: vestimokrec ($276.86 in chips)
Datumboy: posts small blind $1
vestimokrec: posts big blind $3
*** HOLE CARDS ***
Datumboy: folds
Uncalled bet ($2) returned to vestimokrec
vestimokrec collected $2 from pot
vestimokrec: doesn't show hand
*** SUMMARY ***
Total pot $2 | Rake $0
Seat 1: Datumboy (button) (small blind) folded before Flop
Seat 2: vestimokrec (big blind) collected ($2)


PokerStars Hand #176369332986:  Hold'em Limit ($3/$6 USD) - 2017/10/01 16:42:38 ET
Table 'Lilofee' 6-max Seat #1 is the button
Seat 1: Datumboy ($316.17 in chips)
Seat 2: vestimokrec ($288.50 in chips)
Datumboy: posts small blind $1
vestimokrec: posts big blind $3
*** HOLE CARDS ***
Datumboy: folds
Uncalled bet ($2) returned to vestimokrec
vestimokrec collected $2 from pot
vestimokrec: doesn't show hand
*** SUMMARY ***
Total pot $2 | Rake $0
Seat 1: Datumboy (button) (small blind) folded before Flop
Seat 2: vestimokrec (big blind) collected ($2)


PokerStars Hand #176369322304:  Hold'em Limit ($3/$6 USD) - 2017/10/01 16:42:25 ET
Table 'Lilofee' 6-max Seat #2 is the button
Seat 1: Datumboy ($315.17 in chips)
Seat 2: vestimokrec ($289.50 in chips)
vestimokrec: posts small blind $1
Datumboy: posts big blind $3
*** HOLE CARDS ***
vestimokrec: folds
Uncalled bet ($2) returned to Datumboy
Datumboy collected $2 from pot
Datumboy: doesn't show hand
*** SUMMARY ***
Total pot $2 | Rake $0
Seat 1: Datumboy (big blind) collected ($2)
Seat 2: vestimokrec (button) (small blind) folded before Flop


PokerStars Hand #176369318134:  Hold'em Limit ($3/$6 USD) - 2017/10/01 16:42:20 ET
Table 'Lilofee' 6-max Seat #1 is the button
Seat 1: Datumboy ($316.17 in chips)
Seat 2: vestimokrec ($288.50 in chips)
Datumboy: posts small blind $1
vestimokrec: posts big blind $3
*** HOLE CARDS ***
Datumboy: folds
Uncalled bet ($2) returned to vestimokrec
vestimokrec collected $2 from pot
vestimokrec: doesn't show hand
*** SUMMARY ***
Total pot $2 | Rake $0
Seat 1: Datumboy (button) (small blind) folded before Flop
Seat 2: vestimokrec (big blind) collected ($2)


PokerStars Hand #176369290541:  Hold'em Limit ($3/$6 USD) - 2017/10/01 16:41:47 ET
Table 'Lilofee' 6-max Seat #2 is the button
Seat 1: Datumboy ($325.17 in chips)
Seat 2: vestimokrec ($279.86 in chips)
vestimokrec: posts small blind $1
Datumboy: posts big blind $3
*** HOLE CARDS ***
vestimokrec: raises $3 to $6
Datumboy: calls $3
*** FLOP *** [5d 6c 4c]
Datumboy: checks
vestimokrec: bets $3
Datumboy: calls $3
*** TURN *** [5d 6c 4c] [7h]
Datumboy: checks
vestimokrec: bets $6
Datumboy: folds
Uncalled bet ($6) returned to vestimokrec
vestimokrec collected $17.64 from pot
vestimokrec: doesn't show hand
*** SUMMARY ***
Total pot $18 | Rake $0.36
Board [5d 6c 4c 7h]
Seat 1: Datumboy (big blind) folded on the Turn
Seat 2: vestimokrec (button) (small blind) collected ($17.64)


PokerStars Hand #176369348400:  Hold'em Limit ($3/$6 USD) - 2017/10/01 16:42:57 ET
Table 'Lilofee' 6-max Seat #1 is the button
Seat 1: Datumboy ($312.17 in chips)
Seat 2: vestimokrec ($292.50 in chips)
Datumboy: posts small blind $1
vestimokrec: posts big blind $3
*** HOLE CARDS ***
Datumboy: raises $3 to $6
vestimokrec: calls $3
*** FLOP *** [Jd Qs 4c]
vestimokrec: checks
Datumboy: checks
*** TURN *** [Jd Qs 4c] [3h]
vestimokrec: checks
Datumboy: checks
*** RIVER *** [Jd Qs 4c 3h] [Ks]
vestimokrec: checks
Datumboy: bets $6
vestimokrec: folds
Uncalled bet ($6) returned to Datumboy
Datumboy collected $11.76 from pot
Datumboy: doesn't show hand
*** SUMMARY ***
Total pot $12 | Rake $0.24
Board [Jd Qs 4c 3h Ks]
Seat 1: Datumboy (button) (small blind) collected ($11.76)
Seat 2: vestimokrec (big blind) folded on the River


PokerStars Hand #176369338071:  Hold'em Limit ($3/$6 USD) - 2017/10/01 16:42:45 ET
Table 'Lilofee' 6-max Seat #2 is the button
Seat 1: Datumboy ($315.17 in chips)
Seat 2: vestimokrec ($289.50 in chips)
vestimokrec: posts small blind $1
Datumboy: posts big blind $3
*** HOLE CARDS ***
vestimokrec: raises $3 to $6
Datumboy: folds
Uncalled bet ($3) returned to vestimokrec
vestimokrec collected $6 from pot
vestimokrec: doesn't show hand
*** SUMMARY ***
Total pot $6 | Rake $0
Seat 1: Datumboy (big blind) folded before Flop
Seat 2: vestimokrec (button) (small blind) collected ($6)


