PokerStars Hand #150791166268:  Hold'em Limit ($3/$6 USD) - 2016/03/23 0:16:26 ET
Table 'Lilofee' 6-max Seat #5 is the button
Seat 3: bigkrak ($134.44 in chips)
Seat 5: RaisemyNut$ ($185.35 in chips)
RaisemyNut$: posts small blind $1
HAL9QQQ: is sitting out
bigkrak: posts big blind $3
*** HOLE CARDS ***
RaisemyNut$: raises $3 to $6
bigkrak: calls $3
*** FLOP *** [5c 8c 3c]
bigkrak: checks
RaisemyNut$: bets $3
bigkrak: calls $3
*** TURN *** [5c 8c 3c] [3h]
bigkrak: checks
RaisemyNut$: bets $6
bigkrak: calls $6
*** RIVER *** [5c 8c 3c 3h] [Qd]
bigkrak: checks
RaisemyNut$: checks
*** SHOW DOWN ***
bigkrak: shows [As Qc] (two pair, Queens and Threes)
RaisemyNut$: mucks hand
bigkrak collected $29.50 from pot
*** SUMMARY ***
Total pot $30 | Rake $0.50
Board [5c 8c 3c 3h Qd]
Seat 3: bigkrak (big blind) showed [As Qc] and won ($29.50) with two pair, Queens and Threes
Seat 5: RaisemyNut$ (button) (small blind) mucked


PokerStars Hand #150791173907:  Hold'em Limit ($3/$6 USD) - 2016/03/23 0:16:53 ET
Table 'Lilofee' 6-max Seat #3 is the button
Seat 3: bigkrak ($148.94 in chips)
Seat 5: RaisemyNut$ ($170.35 in chips)
bigkrak: posts small blind $1
RaisemyNut$: posts big blind $3
*** HOLE CARDS ***
bigkrak: raises $3 to $6
RaisemyNut$: calls $3
*** FLOP *** [8c 8h 9c]
RaisemyNut$: checks
bigkrak: checks
*** TURN *** [8c 8h 9c] [Kd]
RaisemyNut$: bets $6
bigkrak: folds
Uncalled bet ($6) returned to RaisemyNut$
RaisemyNut$ collected $11.76 from pot
RaisemyNut$: doesn't show hand
*** SUMMARY ***
Total pot $12 | Rake $0.24
Board [8c 8h 9c Kd]
Seat 3: bigkrak (button) (small blind) folded on the Turn
Seat 5: RaisemyNut$ (big blind) collected ($11.76)


PokerStars Hand #150791222444:  Hold'em Limit ($3/$6 USD) - 2016/03/23 0:19:45 ET
Table 'Lilofee' 6-max Seat #6 is the button
Seat 5: RaisemyNut$ ($180.19 in chips)
Seat 6: HAL9QQQ ($148.51 in chips)
HAL9QQQ: posts small blind $1
RaisemyNut$: posts big blind $3
*** HOLE CARDS ***
HAL9QQQ: raises $3 to $6
RaisemyNut$: folds
Uncalled bet ($3) returned to HAL9QQQ
HAL9QQQ collected $6 from pot
HAL9QQQ: doesn't show hand
*** SUMMARY ***
Total pot $6 | Rake $0
Seat 5: RaisemyNut$ (big blind) folded before Flop
Seat 6: HAL9QQQ (button) (small blind) collected ($6)


