PokerStars Hand #154391106160:  Hold'em Limit ($3/$6 USD) - 2016/06/06 18:06:35 ET
Table 'Lilofee' 6-max Seat #1 is the button
Seat 1: vvs1406 ($51.86 in chips)
Seat 4: Actionni13 ($150 in chips)
vvs1406: posts small blind $1
Actionni13: posts big blind $3
*** HOLE CARDS ***
vvs1406: calls $2
Actionni13: raises $3 to $6
vvs1406: calls $3
*** FLOP *** [Th 3h 8h]
Actionni13: bets $3
vvs1406: folds
Uncalled bet ($3) returned to Actionni13
Actionni13 collected $11.76 from pot
Actionni13: doesn't show hand
*** SUMMARY ***
Total pot $12 | Rake $0.24
Board [Th 3h 8h]
Seat 1: vvs1406 (button) (small blind) folded on the Flop
Seat 4: Actionni13 (big blind) collected ($11.76)


PokerStars Hand #154392952354:  Hold'em Limit ($3/$6 USD) - 2016/06/06 18:48:47 ET
Table 'Lilofee' 6-max Seat #6 is the button
Seat 1: Jeelsy ($111.52 in chips)
Seat 6: REZOLUTION84 ($70.50 in chips)
REZOLUTION84: posts small blind $1
Jeelsy: posts big blind $3
*** HOLE CARDS ***
REZOLUTION84: raises $3 to $6
Jeelsy: calls $3
*** FLOP *** [4h 9h 9c]
Jeelsy: checks
REZOLUTION84: bets $3
Jeelsy: calls $3
*** TURN *** [4h 9h 9c] [Td]
Jeelsy: checks
REZOLUTION84: checks
*** RIVER *** [4h 9h 9c Td] [Th]
Jeelsy: bets $6
REZOLUTION84: calls $6
*** SHOW DOWN ***
Jeelsy: shows [Kc 5c] (two pair, Tens and Nines)
REZOLUTION84: shows [Qd Ks] (two pair, Tens and Nines)
Jeelsy collected $14.75 from pot
REZOLUTION84 collected $14.75 from pot
*** SUMMARY ***
Total pot $30 | Rake $0.50
Board [4h 9h 9c Td Th]
Seat 1: Jeelsy (big blind) showed [Kc 5c] and won ($14.75) with two pair, Tens and Nines
Seat 6: REZOLUTION84 (button) (small blind) showed [Qd Ks] and won ($14.75) with two pair, Tens and Nines


PokerStars Hand #154392994914:  Hold'em Limit ($3/$6 USD) - 2016/06/06 18:49:51 ET
Table 'Lilofee' 6-max Seat #6 is the button
Seat 1: Jeelsy ($134.41 in chips)
Seat 6: REZOLUTION84 ($60 in chips)
REZOLUTION84: posts small blind $1
Jeelsy: posts big blind $3
*** HOLE CARDS ***
REZOLUTION84: raises $3 to $6
Jeelsy: calls $3
*** FLOP *** [8h 7c Th]
Jeelsy: checks
REZOLUTION84: bets $3
Jeelsy: calls $3
*** TURN *** [8h 7c Th] [2h]
Jeelsy: checks
REZOLUTION84: bets $6
Jeelsy: calls $6
*** RIVER *** [8h 7c Th 2h] [Js]
Jeelsy: checks
REZOLUTION84: bets $6
Jeelsy: calls $6
*** SHOW DOWN ***
REZOLUTION84: shows [6c 5h] (high card Jack)
Jeelsy: shows [8c Td] (two pair, Tens and Eights)
Jeelsy collected $41.50 from pot
*** SUMMARY ***
Total pot $42 | Rake $0.50
Board [8h 7c Th 2h Js]
Seat 1: Jeelsy (big blind) showed [8c Td] and won ($41.50) with two pair, Tens and Eights
Seat 6: REZOLUTION84 (button) (small blind) showed [6c 5h] and lost with high card Jack


PokerStars Hand #154392984092:  Hold'em Limit ($3/$6 USD) - 2016/06/06 18:49:34 ET
Table 'Lilofee' 6-max Seat #1 is the button
Seat 1: Jeelsy ($131.53 in chips)
Seat 6: REZOLUTION84 ($60 in chips)
Jeelsy: posts small blind $1
REZOLUTION84: posts big blind $3
*** HOLE CARDS ***
Jeelsy: calls $2
REZOLUTION84: checks
*** FLOP *** [7s Kh 9c]
REZOLUTION84: checks
Jeelsy: checks
*** TURN *** [7s Kh 9c] [9s]
REZOLUTION84: checks
Jeelsy: checks
*** RIVER *** [7s Kh 9c 9s] [Qc]
REZOLUTION84: checks
Jeelsy: checks
*** SHOW DOWN ***
REZOLUTION84: shows [4d 2h] (a pair of Nines)
Jeelsy: shows [2c 8c] (a pair of Nines - King+Queen+Eight kicker)
Jeelsy collected $5.88 from pot
*** SUMMARY ***
Total pot $6 | Rake $0.12
Board [7s Kh 9c 9s Qc]
Seat 1: Jeelsy (button) (small blind) showed [2c 8c] and won ($5.88) with a pair of Nines
Seat 6: REZOLUTION84 (big blind) showed [4d 2h] and lost with a pair of Nines


PokerStars Hand #154392970950:  Hold'em Limit ($3/$6 USD) - 2016/06/06 18:49:15 ET
Table 'Lilofee' 6-max Seat #6 is the button
Seat 1: Jeelsy ($117.03 in chips)
Seat 6: REZOLUTION84 ($64.25 in chips)
REZOLUTION84: posts small blind $1
Jeelsy: posts big blind $3
*** HOLE CARDS ***
REZOLUTION84: raises $3 to $6
Jeelsy: calls $3
*** FLOP *** [3d 2d Tc]
Jeelsy: checks
REZOLUTION84: bets $3
Jeelsy: calls $3
*** TURN *** [3d 2d Tc] [3h]
Jeelsy: checks
REZOLUTION84: bets $6
Jeelsy: calls $6
*** RIVER *** [3d 2d Tc 3h] [4h]
Jeelsy: checks
REZOLUTION84: checks
*** SHOW DOWN ***
Jeelsy: shows [2c Qd] (two pair, Threes and Deuces)
REZOLUTION84: mucks hand
Jeelsy collected $29.50 from pot
*** SUMMARY ***
Total pot $30 | Rake $0.50
Board [3d 2d Tc 3h 4h]
Seat 1: Jeelsy (big blind) showed [2c Qd] and won ($29.50) with two pair, Threes and Deuces
Seat 6: REZOLUTION84 (button) (small blind) mucked


PokerStars Hand #154392964423:  Hold'em Limit ($3/$6 USD) - 2016/06/06 18:49:05 ET
Table 'Lilofee' 6-max Seat #1 is the button
Seat 1: Jeelsy ($111.27 in chips)
Seat 6: REZOLUTION84 ($70.25 in chips)
Jeelsy: posts small blind $1
REZOLUTION84: posts big blind $3
*** HOLE CARDS ***
Jeelsy: raises $3 to $6
REZOLUTION84: calls $3
*** FLOP *** [2h 4d 3h]
REZOLUTION84: checks
Jeelsy: bets $3
REZOLUTION84: folds
Uncalled bet ($3) returned to Jeelsy
Jeelsy collected $11.76 from pot
Jeelsy: doesn't show hand
*** SUMMARY ***
Total pot $12 | Rake $0.24
Board [2h 4d 3h]
Seat 1: Jeelsy (button) (small blind) collected ($11.76)
Seat 6: REZOLUTION84 (big blind) folded on the Flop


PokerStars Hand #154393035653:  Hold'em Limit ($3/$6 USD) - 2016/06/06 18:50:53 ET
Table 'Lilofee' 6-max Seat #1 is the button
Seat 1: Jeelsy ($159.55 in chips)
Seat 6: REZOLUTION84 ($65.76 in chips)
Jeelsy: posts small blind $1
REZOLUTION84: posts big blind $3
*** HOLE CARDS ***
Jeelsy: raises $3 to $6
REZOLUTION84: calls $3
*** FLOP *** [3s Tc Ks]
REZOLUTION84: checks
Jeelsy: bets $3
REZOLUTION84: calls $3
*** TURN *** [3s Tc Ks] [9d]
REZOLUTION84: checks
Jeelsy: bets $6
REZOLUTION84: calls $6
*** RIVER *** [3s Tc Ks 9d] [5c]
REZOLUTION84: checks
Jeelsy: bets $6
REZOLUTION84: calls $6
*** SHOW DOWN ***
Jeelsy: shows [6h 5h] (a pair of Fives)
REZOLUTION84: shows [8d Ts] (a pair of Tens)
REZOLUTION84 collected $41.50 from pot
*** SUMMARY ***
Total pot $42 | Rake $0.50
Board [3s Tc Ks 9d 5c]
Seat 1: Jeelsy (button) (small blind) showed [6h 5h] and lost with a pair of Fives
Seat 6: REZOLUTION84 (big blind) showed [8d Ts] and won ($41.50) with a pair of Tens


PokerStars Hand #154393027711:  Hold'em Limit ($3/$6 USD) - 2016/06/06 18:50:41 ET
Table 'Lilofee' 6-max Seat #6 is the button
Seat 1: Jeelsy ($165.55 in chips)
Seat 6: REZOLUTION84 ($60 in chips)
REZOLUTION84: posts small blind $1
Jeelsy: posts big blind $3
*** HOLE CARDS ***
REZOLUTION84: raises $3 to $6
Jeelsy: calls $3
*** FLOP *** [8s Qs Qd]
Jeelsy: checks
REZOLUTION84: bets $3
Jeelsy: folds
Uncalled bet ($3) returned to REZOLUTION84
REZOLUTION84 collected $11.76 from pot
REZOLUTION84: doesn't show hand
*** SUMMARY ***
Total pot $12 | Rake $0.24
Board [8s Qs Qd]
Seat 1: Jeelsy (big blind) folded on the Flop
Seat 6: REZOLUTION84 (button) (small blind) collected ($11.76)


PokerStars Hand #154393023588:  Hold'em Limit ($3/$6 USD) - 2016/06/06 18:50:34 ET
Table 'Lilofee' 6-max Seat #1 is the button
Seat 1: Jeelsy ($162.55 in chips)
Seat 6: REZOLUTION84 ($60 in chips)
Jeelsy: posts small blind $1
REZOLUTION84: posts big blind $3
*** HOLE CARDS ***
Jeelsy: raises $3 to $6
REZOLUTION84: folds
Uncalled bet ($3) returned to Jeelsy
Jeelsy collected $6 from pot
Jeelsy: doesn't show hand
*** SUMMARY ***
Total pot $6 | Rake $0
Seat 1: Jeelsy (button) (small blind) collected ($6)
Seat 6: REZOLUTION84 (big blind) folded before Flop


PokerStars Hand #154393012165:  Hold'em Limit ($3/$6 USD) - 2016/06/06 18:50:17 ET
Table 'Lilofee' 6-max Seat #6 is the button
Seat 1: Jeelsy ($153.91 in chips)
Seat 6: REZOLUTION84 ($61 in chips)
REZOLUTION84: posts small blind $1
Jeelsy: posts big blind $3
*** HOLE CARDS ***
REZOLUTION84: raises $3 to $6
Jeelsy: calls $3
*** FLOP *** [3h Js 7s]
Jeelsy: checks
REZOLUTION84: bets $3
Jeelsy: calls $3
*** TURN *** [3h Js 7s] [Ts]
Jeelsy: checks
REZOLUTION84: checks
*** RIVER *** [3h Js 7s Ts] [Ad]
Jeelsy: bets $6
REZOLUTION84: folds
Uncalled bet ($6) returned to Jeelsy
Jeelsy collected $17.64 from pot
Jeelsy: doesn't show hand
*** SUMMARY ***
Total pot $18 | Rake $0.36
Board [3h Js 7s Ts Ad]
Seat 1: Jeelsy (big blind) collected ($17.64)
Seat 6: REZOLUTION84 (button) (small blind) folded on the River


PokerStars Hand #154393007885:  Hold'em Limit ($3/$6 USD) - 2016/06/06 18:50:11 ET
Table 'Lilofee' 6-max Seat #1 is the button
Seat 1: Jeelsy ($154.91 in chips)
Seat 6: REZOLUTION84 ($60 in chips)
Jeelsy: posts small blind $1
REZOLUTION84: posts big blind $3
*** HOLE CARDS ***
Jeelsy: folds
Uncalled bet ($2) returned to REZOLUTION84
REZOLUTION84 collected $2 from pot
REZOLUTION84: doesn't show hand
*** SUMMARY ***
Total pot $2 | Rake $0
Seat 1: Jeelsy (button) (small blind) folded before Flop
Seat 6: REZOLUTION84 (big blind) collected ($2)


PokerStars Hand #154393060517:  Hold'em Limit ($3/$6 USD) - 2016/06/06 18:51:30 ET
Table 'Lilofee' 6-max Seat #1 is the button
Seat 1: Jeelsy ($156.05 in chips)
Seat 6: REZOLUTION84 ($68.26 in chips)
Jeelsy: posts small blind $1
REZOLUTION84: posts big blind $3
*** HOLE CARDS ***
Jeelsy: folds
Uncalled bet ($2) returned to REZOLUTION84
REZOLUTION84 collected $2 from pot
REZOLUTION84: doesn't show hand
*** SUMMARY ***
Total pot $2 | Rake $0
Seat 1: Jeelsy (button) (small blind) folded before Flop
Seat 6: REZOLUTION84 (big blind) collected ($2)


PokerStars Hand #154393047453:  Hold'em Limit ($3/$6 USD) - 2016/06/06 18:51:11 ET
Table 'Lilofee' 6-max Seat #6 is the button
Seat 1: Jeelsy ($138.55 in chips)
Seat 6: REZOLUTION84 ($86.26 in chips)
REZOLUTION84: posts small blind $1
Jeelsy: posts big blind $3
*** HOLE CARDS ***
REZOLUTION84: raises $3 to $6
Jeelsy: calls $3
*** FLOP *** [5c 7s 8s]
Jeelsy: bets $3
REZOLUTION84: raises $3 to $6
Jeelsy: calls $3
*** TURN *** [5c 7s 8s] [Ah]
Jeelsy: checks
REZOLUTION84: checks
*** RIVER *** [5c 7s 8s Ah] [2h]
Jeelsy: bets $6
REZOLUTION84: calls $6
*** SHOW DOWN ***
Jeelsy: shows [8h 3h] (a pair of Eights)
REZOLUTION84: mucks hand
Jeelsy collected $35.50 from pot
*** SUMMARY ***
Total pot $36 | Rake $0.50
Board [5c 7s 8s Ah 2h]
Seat 1: Jeelsy (big blind) showed [8h 3h] and won ($35.50) with a pair of Eights
Seat 6: REZOLUTION84 (button) (small blind) mucked


PokerStars Hand #154393119455:  Hold'em Limit ($3/$6 USD) - 2016/06/06 18:53:01 ET
Table 'Lilofee' 6-max Seat #1 is the button
Seat 1: Jeelsy ($113.80 in chips)
Seat 6: REZOLUTION84 ($109.03 in chips)
Jeelsy: posts small blind $1
REZOLUTION84: posts big blind $3
*** HOLE CARDS ***
Jeelsy: raises $3 to $6
REZOLUTION84: calls $3
*** FLOP *** [Tc Ac Td]
REZOLUTION84: checks
Jeelsy: bets $3
REZOLUTION84: folds
Uncalled bet ($3) returned to Jeelsy
Jeelsy collected $11.76 from pot
Jeelsy: doesn't show hand
*** SUMMARY ***
Total pot $12 | Rake $0.24
Board [Tc Ac Td]
Seat 1: Jeelsy (button) (small blind) collected ($11.76)
Seat 6: REZOLUTION84 (big blind) folded on the Flop


PokerStars Hand #154393106751:  Hold'em Limit ($3/$6 USD) - 2016/06/06 18:52:41 ET
Table 'Lilofee' 6-max Seat #6 is the button
Seat 1: Jeelsy ($114.05 in chips)
Seat 6: REZOLUTION84 ($109.28 in chips)
REZOLUTION84: posts small blind $1
Jeelsy: posts big blind $3
*** HOLE CARDS ***
REZOLUTION84: raises $3 to $6
Jeelsy: raises $3 to $9
REZOLUTION84: calls $3
*** FLOP *** [7c Kd Td]
Jeelsy: bets $3
REZOLUTION84: calls $3
*** TURN *** [7c Kd Td] [9c]
Jeelsy: bets $6
REZOLUTION84: calls $6
*** RIVER *** [7c Kd Td 9c] [8h]
Jeelsy: bets $6
REZOLUTION84: raises $6 to $12
Jeelsy: raises $6 to $18
REZOLUTION84: calls $6
*** SHOW DOWN ***
Jeelsy: shows [Kc Jd] (a straight, Seven to Jack)
REZOLUTION84: shows [Js Th] (a straight, Seven to Jack)
Jeelsy collected $35.75 from pot
REZOLUTION84 collected $35.75 from pot
*** SUMMARY ***
Total pot $72 | Rake $0.50
Board [7c Kd Td 9c 8h]
Seat 1: Jeelsy (big blind) showed [Kc Jd] and won ($35.75) with a straight, Seven to Jack
Seat 6: REZOLUTION84 (button) (small blind) showed [Js Th] and won ($35.75) with a straight, Seven to Jack


PokerStars Hand #154393098025:  Hold'em Limit ($3/$6 USD) - 2016/06/06 18:52:28 ET
Table 'Lilofee' 6-max Seat #1 is the button
Seat 1: Jeelsy ($126.05 in chips)
Seat 6: REZOLUTION84 ($97.76 in chips)
Jeelsy: posts small blind $1
REZOLUTION84: posts big blind $3
*** HOLE CARDS ***
Jeelsy: raises $3 to $6
REZOLUTION84: raises $3 to $9
Jeelsy: calls $3
*** FLOP *** [2c Jd 2d]
REZOLUTION84: bets $3
Jeelsy: calls $3
*** TURN *** [2c Jd 2d] [Kd]
REZOLUTION84: bets $6
Jeelsy: folds
Uncalled bet ($6) returned to REZOLUTION84
REZOLUTION84 collected $23.52 from pot
REZOLUTION84: doesn't show hand
*** SUMMARY ***
Total pot $24 | Rake $0.48
Board [2c Jd 2d Kd]
Seat 1: Jeelsy (button) (small blind) folded on the Turn
Seat 6: REZOLUTION84 (big blind) collected ($23.52)


PokerStars Hand #154393094690:  Hold'em Limit ($3/$6 USD) - 2016/06/06 18:52:23 ET
Table 'Lilofee' 6-max Seat #6 is the button
Seat 1: Jeelsy ($125.05 in chips)
Seat 6: REZOLUTION84 ($98.76 in chips)
REZOLUTION84: posts small blind $1
Jeelsy: posts big blind $3
*** HOLE CARDS ***
REZOLUTION84: folds
Uncalled bet ($2) returned to Jeelsy
Jeelsy collected $2 from pot
Jeelsy: doesn't show hand
*** SUMMARY ***
Total pot $2 | Rake $0
Seat 1: Jeelsy (big blind) collected ($2)
Seat 6: REZOLUTION84 (button) (small blind) folded before Flop


PokerStars Hand #154393090489:  Hold'em Limit ($3/$6 USD) - 2016/06/06 18:52:16 ET
Table 'Lilofee' 6-max Seat #1 is the button
Seat 1: Jeelsy ($122.05 in chips)
Seat 6: REZOLUTION84 ($101.76 in chips)
Jeelsy: posts small blind $1
REZOLUTION84: posts big blind $3
*** HOLE CARDS ***
Jeelsy: raises $3 to $6
REZOLUTION84: folds
Uncalled bet ($3) returned to Jeelsy
Jeelsy collected $6 from pot
Jeelsy: doesn't show hand
*** SUMMARY ***
Total pot $6 | Rake $0
Seat 1: Jeelsy (button) (small blind) collected ($6)
Seat 6: REZOLUTION84 (big blind) folded before Flop


PokerStars Hand #154393068260:  Hold'em Limit ($3/$6 USD) - 2016/06/06 18:51:42 ET
Table 'Lilofee' 6-max Seat #6 is the button
Seat 1: Jeelsy ($155.05 in chips)
Seat 6: REZOLUTION84 ($69.26 in chips)
REZOLUTION84: posts small blind $1
Jeelsy: posts big blind $3
*** HOLE CARDS ***
REZOLUTION84: raises $3 to $6
Jeelsy: calls $3
*** FLOP *** [Ah 4d 5h]
Jeelsy: bets $3
REZOLUTION84: calls $3
*** TURN *** [Ah 4d 5h] [7c]
Jeelsy: bets $6
REZOLUTION84: calls $6
*** RIVER *** [Ah 4d 5h 7c] [Qd]
Jeelsy: bets $6
REZOLUTION84: raises $6 to $12
Jeelsy: raises $6 to $18
REZOLUTION84: calls $6
*** SHOW DOWN ***
Jeelsy: shows [4s 5c] (two pair, Fives and Fours)
REZOLUTION84: shows [Qh Ac] (two pair, Aces and Queens)
REZOLUTION84 collected $65.50 from pot
*** SUMMARY ***
Total pot $66 | Rake $0.50
Board [Ah 4d 5h 7c Qd]
Seat 1: Jeelsy (big blind) showed [4s 5c] and lost with two pair, Fives and Fours
Seat 6: REZOLUTION84 (button) (small blind) showed [Qh Ac] and won ($65.50) with two pair, Aces and Queens


PokerStars Hand #154393138956:  Hold'em Limit ($3/$6 USD) - 2016/06/06 18:53:31 ET
Table 'Lilofee' 6-max Seat #6 is the button
Seat 1: Jeelsy ($114.56 in chips)
Seat 6: REZOLUTION84 ($107.79 in chips)
REZOLUTION84: posts small blind $1
Jeelsy: posts big blind $3
*** HOLE CARDS ***
REZOLUTION84: raises $3 to $6
Jeelsy: calls $3
*** FLOP *** [Tc 9d Kc]
Jeelsy: checks
REZOLUTION84: bets $3
Jeelsy: folds
Uncalled bet ($3) returned to REZOLUTION84
ThePredator9 joins the table at seat #5
REZOLUTION84 collected $11.76 from pot
REZOLUTION84: doesn't show hand
*** SUMMARY ***
Total pot $12 | Rake $0.24
Board [Tc 9d Kc]
Seat 1: Jeelsy (big blind) folded on the Flop
Seat 6: REZOLUTION84 (button) (small blind) collected ($11.76)


PokerStars Hand #154393130149:  Hold'em Limit ($3/$6 USD) - 2016/06/06 18:53:17 ET
Table 'Lilofee' 6-max Seat #1 is the button
Seat 1: Jeelsy ($120.56 in chips)
Seat 6: REZOLUTION84 ($102.03 in chips)
Jeelsy: posts small blind $1
REZOLUTION84: posts big blind $3
*** HOLE CARDS ***
Jeelsy: raises $3 to $6
REZOLUTION84: calls $3
*** FLOP *** [3h 4h 3c]
REZOLUTION84: checks
Jeelsy: checks
*** TURN *** [3h 4h 3c] [2s]
REZOLUTION84: bets $6
Jeelsy: folds
Uncalled bet ($6) returned to REZOLUTION84
REZOLUTION84 collected $11.76 from pot
REZOLUTION84: doesn't show hand
*** SUMMARY ***
Total pot $12 | Rake $0.24
Board [3h 4h 3c 2s]
Seat 1: Jeelsy (button) (small blind) folded on the Turn
Seat 6: REZOLUTION84 (big blind) collected ($11.76)


PokerStars Hand #154393126909:  Hold'em Limit ($3/$6 USD) - 2016/06/06 18:53:12 ET
Table 'Lilofee' 6-max Seat #6 is the button
Seat 1: Jeelsy ($119.56 in chips)
Seat 6: REZOLUTION84 ($103.03 in chips)
REZOLUTION84: posts small blind $1
Jeelsy: posts big blind $3
*** HOLE CARDS ***
REZOLUTION84: folds
Uncalled bet ($2) returned to Jeelsy
Jeelsy collected $2 from pot
*** SUMMARY ***
Total pot $2 | Rake $0
Seat 1: Jeelsy (big blind) collected ($2)
Seat 6: REZOLUTION84 (button) (small blind) folded before Flop


