PokerStars Hand #171849430121:  Hold'em Limit ($3/$6 USD) - 2017/06/16 12:22:26 ET
Table 'Lilofee' 6-max Seat #3 is the button
Seat 3: MarcoSilva98 ($47 in chips)
Seat 6: scorpio04 ($153 in chips)
MarcoSilva98: posts small blind $1
scorpio04: posts big blind $3
*** HOLE CARDS ***
MarcoSilva98: raises $3 to $6
scorpio04: calls $3
*** FLOP *** [3c 8d 6d]
scorpio04: checks
MarcoSilva98: bets $3
scorpio04: raises $3 to $6
MarcoSilva98: calls $3
*** TURN *** [3c 8d 6d] [Ah]
scorpio04: bets $6
MarcoSilva98: calls $6
*** RIVER *** [3c 8d 6d Ah] [Qd]
scorpio04: bets $6
MarcoSilva98: calls $6
*** SHOW DOWN ***
scorpio04: shows [Td 7h] (high card Ace)
MarcoSilva98: shows [Ts 8c] (a pair of Eights)
MarcoSilva98 collected $47.50 from pot
*** SUMMARY ***
Total pot $48 | Rake $0.50
Board [3c 8d 6d Ah Qd]
Seat 3: MarcoSilva98 (button) (small blind) showed [Ts 8c] and won ($47.50) with a pair of Eights
Seat 6: scorpio04 (big blind) showed [Td 7h] and lost with high card Ace


PokerStars Hand #171849446359:  Hold'em Limit ($3/$6 USD) - 2017/06/16 12:22:52 ET
Table 'Lilofee' 6-max Seat #6 is the button
Seat 3: MarcoSilva98 ($70.50 in chips)
Seat 6: scorpio04 ($150 in chips)
scorpio04: posts small blind $1
MarcoSilva98: posts big blind $3
*** HOLE CARDS ***
scorpio04: raises $3 to $6
MarcoSilva98: raises $3 to $9
scorpio04: calls $3
*** FLOP *** [6h Ks 6c]
MarcoSilva98: bets $3
scorpio04: calls $3
*** TURN *** [6h Ks 6c] [7c]
MarcoSilva98: bets $6
scorpio04: calls $6
*** RIVER *** [6h Ks 6c 7c] [8s]
MarcoSilva98: bets $6
scorpio04: calls $6
*** SHOW DOWN ***
MarcoSilva98: shows [8d 8h] (a full house, Eights full of Sixes)
scorpio04: mucks hand
MarcoSilva98 collected $47.50 from pot
*** SUMMARY ***
Total pot $48 | Rake $0.50
Board [6h Ks 6c 7c 8s]
Seat 3: MarcoSilva98 (big blind) showed [8d 8h] and won ($47.50) with a full house, Eights full of Sixes
Seat 6: scorpio04 (button) (small blind) mucked


PokerStars Hand #171850249993:  Hold'em Limit ($3/$6 USD) - 2017/06/16 12:44:05 ET
Table 'Lilofee' 6-max Seat #1 is the button
Seat 1: perten ($34.62 in chips)
Seat 6: scorpio04 ($171.29 in chips)
perten: posts small blind $1
vestimokrec: is sitting out
B_loJkl: is sitting out
scorpio04: posts big blind $3
*** HOLE CARDS ***
perten: folds
Uncalled bet ($2) returned to scorpio04
B_loJkl leaves the table
scorpio04 collected $2 from pot
scorpio04: doesn't show hand
*** SUMMARY ***
Total pot $2 | Rake $0
Seat 1: perten (button) (small blind) folded before Flop
Seat 6: scorpio04 (big blind) collected ($2)


PokerStars Hand #171850257089:  Hold'em Limit ($3/$6 USD) - 2017/06/16 12:44:16 ET
Table 'Lilofee' 6-max Seat #1 is the button
Seat 1: perten ($30.62 in chips)
Seat 6: scorpio04 ($175.29 in chips)
perten: posts small blind $1
scorpio04: posts big blind $3
*** HOLE CARDS ***
perten: folds
Uncalled bet ($2) returned to scorpio04
scorpio04 collected $2 from pot
scorpio04: doesn't show hand
*** SUMMARY ***
Total pot $2 | Rake $0
Seat 1: perten (button) (small blind) folded before Flop
Seat 6: scorpio04 (big blind) collected ($2)


PokerStars Hand #171850253455:  Hold'em Limit ($3/$6 USD) - 2017/06/16 12:44:10 ET
Table 'Lilofee' 6-max Seat #6 is the button
Seat 1: perten ($33.62 in chips)
Seat 6: scorpio04 ($172.29 in chips)
scorpio04: posts small blind $1
perten: posts big blind $3
*** HOLE CARDS ***
scorpio04: raises $3 to $6
perten: folds
Uncalled bet ($3) returned to scorpio04
scorpio04 collected $6 from pot
scorpio04: doesn't show hand
*** SUMMARY ***
Total pot $6 | Rake $0
Seat 1: perten (big blind) folded before Flop
Seat 6: scorpio04 (button) (small blind) collected ($6)


PokerStars Hand #171850267786:  Hold'em Limit ($3/$6 USD) - 2017/06/16 12:44:33 ET
Table 'Lilofee' 6-max Seat #1 is the button
Seat 1: perten ($23.62 in chips)
Seat 6: scorpio04 ($182.05 in chips)
perten: posts small blind $1
scorpio04: posts big blind $3
*** HOLE CARDS ***
perten: folds
Uncalled bet ($2) returned to scorpio04
scorpio04 collected $2 from pot
scorpio04: doesn't show hand
*** SUMMARY ***
Total pot $2 | Rake $0
Seat 1: perten (button) (small blind) folded before Flop
Seat 6: scorpio04 (big blind) collected ($2)


PokerStars Hand #171850260109:  Hold'em Limit ($3/$6 USD) - 2017/06/16 12:44:21 ET
Table 'Lilofee' 6-max Seat #6 is the button
Seat 1: perten ($29.62 in chips)
Seat 6: scorpio04 ($176.29 in chips)
scorpio04: posts small blind $1
perten: posts big blind $3
*** HOLE CARDS ***
scorpio04: raises $3 to $6
perten: calls $3
*** FLOP *** [7c 2c As]
perten: checks
scorpio04: bets $3
perten: folds
Uncalled bet ($3) returned to scorpio04
scorpio04 collected $11.76 from pot
scorpio04: doesn't show hand
*** SUMMARY ***
Total pot $12 | Rake $0.24
Board [7c 2c As]
Seat 1: perten (big blind) folded on the Flop
Seat 6: scorpio04 (button) (small blind) collected ($11.76)


PokerStars Hand #171850270917:  Hold'em Limit ($3/$6 USD) - 2017/06/16 12:44:38 ET
Table 'Lilofee' 6-max Seat #6 is the button
Seat 1: perten ($22.62 in chips)
Seat 6: scorpio04 ($183.05 in chips)
scorpio04: posts small blind $1
perten: posts big blind $3
*** HOLE CARDS ***
scorpio04: raises $3 to $6
perten: folds
Uncalled bet ($3) returned to scorpio04
scorpio04 collected $6 from pot
scorpio04: doesn't show hand
*** SUMMARY ***
Total pot $6 | Rake $0
Seat 1: perten (big blind) folded before Flop
Seat 6: scorpio04 (button) (small blind) collected ($6)


