PokerStars Hand #154108933743:  Hold'em Limit ($3/$6 USD) - 2016/05/31 16:02:15 ET
Table 'Lilofee II' 6-max Seat #6 is the button
Seat 4: MobyDickDK ($20.50 in chips)
Seat 6: TinaTurner72 ($131.02 in chips)
TinaTurner72: posts small blind $1
MobyDickDK: posts big blind $3
*** HOLE CARDS ***
TinaTurner72: raises $3 to $6
MobyDickDK: raises $3 to $9
TinaTurner72: calls $3
*** FLOP *** [Qd 3d 2s]
MobyDickDK: bets $3
TinaTurner72: raises $3 to $6
MobyDickDK: calls $3
*** TURN *** [Qd 3d 2s] [5h]
MobyDickDK: checks
TinaTurner72: bets $6
MobyDickDK: calls $5.50 and is all-in
Uncalled bet ($0.50) returned to TinaTurner72
*** RIVER *** [Qd 3d 2s 5h] [6s]
*** SHOW DOWN ***
MobyDickDK: shows [Td 9s] (high card Queen)
TinaTurner72: shows [5d 8d] (a pair of Fives)
TinaTurner72 collected $40.50 from pot
*** SUMMARY ***
Total pot $41 | Rake $0.50
Board [Qd 3d 2s 5h 6s]
Seat 4: MobyDickDK (big blind) showed [Td 9s] and lost with high card Queen
Seat 6: TinaTurner72 (button) (small blind) showed [5d 8d] and won ($40.50) with a pair of Fives


PokerStars Hand #154108916663:  Hold'em Limit ($3/$6 USD) - 2016/05/31 16:01:56 ET
Table 'Lilofee II' 6-max Seat #4 is the button
Seat 4: MobyDickDK ($44.50 in chips)
Seat 6: TinaTurner72 ($107.52 in chips)
MobyDickDK: posts small blind $1
TinaTurner72: posts big blind $3
*** HOLE CARDS ***
MobyDickDK: raises $3 to $6
TinaTurner72: raises $3 to $9
MobyDickDK: calls $3
*** FLOP *** [Jc Qd As]
TinaTurner72: bets $3
MobyDickDK: calls $3
*** TURN *** [Jc Qd As] [5s]
TinaTurner72: bets $6
MobyDickDK: calls $6
*** RIVER *** [Jc Qd As 5s] [Qh]
TinaTurner72: bets $6
MobyDickDK: calls $6
*** SHOW DOWN ***
TinaTurner72: shows [Kd Ah] (two pair, Aces and Queens)
MobyDickDK: mucks hand
TinaTurner72 collected $47.50 from pot
*** SUMMARY ***
Total pot $48 | Rake $0.50
Board [Jc Qd As 5s Qh]
Seat 4: MobyDickDK (button) (small blind) mucked
Seat 6: TinaTurner72 (big blind) showed [Kd Ah] and won ($47.50) with two pair, Aces and Queens


PokerStars Hand #154109010047:  Hold'em Limit ($3/$6 USD) - 2016/05/31 16:03:37 ET
Table 'Lilofee II' 6-max Seat #4 is the button
Seat 4: MobyDickDK ($80 in chips)
Seat 6: TinaTurner72 ($151.02 in chips)
MobyDickDK: posts small blind $1
TinaTurner72: posts big blind $3
*** HOLE CARDS ***
MobyDickDK: raises $3 to $6
TinaTurner72: calls $3
*** FLOP *** [Qd 8h Js]
TinaTurner72: checks
MobyDickDK: bets $3
Wurst2000 joins the table at seat #3
Tryptamean joins the table at seat #5
TinaTurner72: folds
Uncalled bet ($3) returned to MobyDickDK
MobyDickDK collected $11.76 from pot
*** SUMMARY ***
Total pot $12 | Rake $0.24
Board [Qd 8h Js]
Seat 4: MobyDickDK (button) (small blind) collected ($11.76)
Seat 6: TinaTurner72 (big blind) folded on the Flop


PokerStars Hand #154109831211:  Hold'em Limit ($3/$6 USD) - 2016/05/31 16:18:16 ET
Table 'Lilofee II' 6-max Seat #5 is the button
Seat 3: Wurst2000 ($81.75 in chips)
Seat 5: Tryptamean ($236.83 in chips)
Tryptamean: posts small blind $1
ToDaFelt: is sitting out
Wurst2000: posts big blind $3
*** HOLE CARDS ***
ToDaFelt leaves the table
Tryptamean: raises $3 to $6
Wurst2000: calls $3
*** FLOP *** [4d Ac 9h]
Wurst2000: checks
Tryptamean: bets $3
Wurst2000: folds
Uncalled bet ($3) returned to Tryptamean
Tryptamean collected $11.76 from pot
Tryptamean: doesn't show hand
*** SUMMARY ***
Total pot $12 | Rake $0.24
Board [4d Ac 9h]
Seat 3: Wurst2000 (big blind) folded on the Flop
Seat 5: Tryptamean (button) (small blind) collected ($11.76)


PokerStars Hand #154109852067:  Hold'em Limit ($3/$6 USD) - 2016/05/31 16:18:39 ET
Table 'Lilofee II' 6-max Seat #3 is the button
Seat 3: Wurst2000 ($75.75 in chips)
Seat 5: Tryptamean ($242.59 in chips)
Wurst2000: posts small blind $1
Tryptamean: posts big blind $3
*** HOLE CARDS ***
Wurst2000: raises $3 to $6
Tryptamean: raises $3 to $9
Wurst2000: calls $3
*** FLOP *** [6h Qs 7s]
Tryptamean: bets $3
Wurst2000: calls $3
*** TURN *** [6h Qs 7s] [As]
Tryptamean: bets $6
Wurst2000: folds
Uncalled bet ($6) returned to Tryptamean
Tryptamean collected $23.52 from pot
Tryptamean: doesn't show hand
*** SUMMARY ***
Total pot $24 | Rake $0.48
Board [6h Qs 7s As]
Seat 3: Wurst2000 (button) (small blind) folded on the Turn
Seat 5: Tryptamean (big blind) collected ($23.52)


PokerStars Hand #154109872906:  Hold'em Limit ($3/$6 USD) - 2016/05/31 16:19:01 ET
Table 'Lilofee II' 6-max Seat #5 is the button
Seat 3: Wurst2000 ($63.75 in chips)
Seat 5: Tryptamean ($254.11 in chips)
Tryptamean: posts small blind $1
Wurst2000: posts big blind $3
*** HOLE CARDS ***
Tryptamean: raises $3 to $6
Wurst2000: raises $3 to $9
Tryptamean: calls $3
*** FLOP *** [4s 3h Qs]
Wurst2000: bets $3
Tryptamean: calls $3
*** TURN *** [4s 3h Qs] [9c]
Wurst2000: checks
Tryptamean: bets $6
Wurst2000: calls $6
*** RIVER *** [4s 3h Qs 9c] [8h]
Wurst2000: checks
Tryptamean: bets $6
Wurst2000: calls $6
*** SHOW DOWN ***
Tryptamean: shows [5h 7h] (high card Queen)
Wurst2000: shows [Jh Ad] (high card Ace)
Wurst2000 collected $47.50 from pot
*** SUMMARY ***
Total pot $48 | Rake $0.50
Board [4s 3h Qs 9c 8h]
Seat 3: Wurst2000 (big blind) showed [Jh Ad] and won ($47.50) with high card Ace
Seat 5: Tryptamean (button) (small blind) showed [5h 7h] and lost with high card Queen


PokerStars Hand #154109917675:  Hold'em Limit ($3/$6 USD) - 2016/05/31 16:19:50 ET
Table 'Lilofee II' 6-max Seat #5 is the button
Seat 3: Wurst2000 ($86.25 in chips)
Seat 5: Tryptamean ($231.11 in chips)
Tryptamean: posts small blind $1
Wurst2000: posts big blind $3
*** HOLE CARDS ***
Tryptamean: raises $3 to $6
Wurst2000: folds
Uncalled bet ($3) returned to Tryptamean
Tryptamean collected $6 from pot
Tryptamean: doesn't show hand
*** SUMMARY ***
Total pot $6 | Rake $0
Seat 3: Wurst2000 (big blind) folded before Flop
Seat 5: Tryptamean (button) (small blind) collected ($6)


PokerStars Hand #154109912987:  Hold'em Limit ($3/$6 USD) - 2016/05/31 16:19:45 ET
Table 'Lilofee II' 6-max Seat #3 is the button
Seat 3: Wurst2000 ($87.25 in chips)
Seat 5: Tryptamean ($230.11 in chips)
Wurst2000: posts small blind $1
Tryptamean: posts big blind $3
*** HOLE CARDS ***
Wurst2000: folds
Uncalled bet ($2) returned to Tryptamean
Tryptamean collected $2 from pot
Tryptamean: doesn't show hand
*** SUMMARY ***
Total pot $2 | Rake $0
Seat 3: Wurst2000 (button) (small blind) folded before Flop
Seat 5: Tryptamean (big blind) collected ($2)


PokerStars Hand #154109973771:  Hold'em Limit ($3/$6 USD) - 2016/05/31 16:20:50 ET
Table 'Lilofee II' 6-max Seat #3 is the button
Seat 3: Wurst2000 ($106.75 in chips)
Seat 5: Tryptamean ($210.11 in chips)
Wurst2000: posts small blind $1
Tryptamean: posts big blind $3
*** HOLE CARDS ***
Wurst2000: folds
Uncalled bet ($2) returned to Tryptamean
Tryptamean collected $2 from pot
Tryptamean: doesn't show hand
*** SUMMARY ***
Total pot $2 | Rake $0
Seat 3: Wurst2000 (button) (small blind) folded before Flop
Seat 5: Tryptamean (big blind) collected ($2)


PokerStars Hand #154109965838:  Hold'em Limit ($3/$6 USD) - 2016/05/31 16:20:42 ET
Table 'Lilofee II' 6-max Seat #5 is the button
Seat 3: Wurst2000 ($109.75 in chips)
Seat 5: Tryptamean ($207.11 in chips)
Tryptamean: posts small blind $1
Wurst2000: posts big blind $3
*** HOLE CARDS ***
Tryptamean: raises $3 to $6
Wurst2000: folds
Uncalled bet ($3) returned to Tryptamean
Tryptamean collected $6 from pot
Tryptamean: doesn't show hand
*** SUMMARY ***
Total pot $6 | Rake $0
Seat 3: Wurst2000 (big blind) folded before Flop
Seat 5: Tryptamean (button) (small blind) collected ($6)


PokerStars Hand #154109923001:  Hold'em Limit ($3/$6 USD) - 2016/05/31 16:19:55 ET
Table 'Lilofee II' 6-max Seat #3 is the button
Seat 3: Wurst2000 ($83.25 in chips)
Seat 5: Tryptamean ($234.11 in chips)
Wurst2000: posts small blind $1
Tryptamean: posts big blind $3
*** HOLE CARDS ***
Wurst2000: raises $3 to $6
Tryptamean: raises $3 to $9
Wurst2000: raises $3 to $12
Betting is capped
Tryptamean: calls $3
*** FLOP *** [Qh 4s 4c]
Tryptamean: checks
Wurst2000: bets $3
Tryptamean: calls $3
*** TURN *** [Qh 4s 4c] [5h]
Tryptamean: checks
Wurst2000: bets $6
Tryptamean: calls $6
*** RIVER *** [Qh 4s 4c 5h] [4h]
Tryptamean: checks
Wurst2000: bets $6
Tryptamean: calls $6
*** SHOW DOWN ***
Wurst2000: shows [Jc Js] (a full house, Fours full of Jacks)
Tryptamean: mucks hand
Wurst2000 collected $53.50 from pot
*** SUMMARY ***
Total pot $54 | Rake $0.50
Board [Qh 4s 4c 5h 4h]
Seat 3: Wurst2000 (button) (small blind) showed [Jc Js] and won ($53.50) with a full house, Fours full of Jacks
Seat 5: Tryptamean (big blind) mucked


PokerStars Hand #154109978463:  Hold'em Limit ($3/$6 USD) - 2016/05/31 16:20:55 ET
Table 'Lilofee II' 6-max Seat #5 is the button
Seat 3: Wurst2000 ($105.75 in chips)
Seat 5: Tryptamean ($211.11 in chips)
Tryptamean: posts small blind $1
Wurst2000: posts big blind $3
*** HOLE CARDS ***
Tryptamean: raises $3 to $6
Wurst2000: calls $3
*** FLOP *** [Qh Ts 3d]
Wurst2000: checks
Tryptamean: bets $3
Wurst2000: calls $3
*** TURN *** [Qh Ts 3d] [Qc]
Wurst2000: checks
Tryptamean: bets $6
Wurst2000: folds
Uncalled bet ($6) returned to Tryptamean
Tryptamean collected $17.64 from pot
Tryptamean: doesn't show hand
*** SUMMARY ***
Total pot $18 | Rake $0.36
Board [Qh Ts 3d Qc]
Seat 3: Wurst2000 (big blind) folded on the Turn
Seat 5: Tryptamean (button) (small blind) collected ($17.64)


PokerStars Hand #154110000743:  Hold'em Limit ($3/$6 USD) - 2016/05/31 16:21:19 ET
Table 'Lilofee II' 6-max Seat #3 is the button
Seat 3: Wurst2000 ($96.75 in chips)
Seat 5: Tryptamean ($219.75 in chips)
Wurst2000: posts small blind $1
Tryptamean: posts big blind $3
*** HOLE CARDS ***
Wurst2000: folds
Uncalled bet ($2) returned to Tryptamean
Tryptamean collected $2 from pot
Tryptamean: doesn't show hand
*** SUMMARY ***
Total pot $2 | Rake $0
Seat 3: Wurst2000 (button) (small blind) folded before Flop
Seat 5: Tryptamean (big blind) collected ($2)


PokerStars Hand #154110008118:  Hold'em Limit ($3/$6 USD) - 2016/05/31 16:21:27 ET
Table 'Lilofee II' 6-max Seat #5 is the button
Seat 3: Wurst2000 ($95.75 in chips)
Seat 5: Tryptamean ($220.75 in chips)
Tryptamean: posts small blind $1
Wurst2000: posts big blind $3
*** HOLE CARDS ***
Tryptamean: raises $3 to $6
Wurst2000: raises $3 to $9
Tryptamean: calls $3
*** FLOP *** [6s 2c Ks]
Wurst2000: bets $3
Tryptamean: folds
Uncalled bet ($3) returned to Wurst2000
Wurst2000 collected $17.64 from pot
Wurst2000: doesn't show hand
*** SUMMARY ***
Total pot $18 | Rake $0.36
Board [6s 2c Ks]
Seat 3: Wurst2000 (big blind) collected ($17.64)
Seat 5: Tryptamean (button) (small blind) folded on the Flop


PokerStars Hand #154110024880:  Hold'em Limit ($3/$6 USD) - 2016/05/31 16:21:46 ET
Table 'Lilofee II' 6-max Seat #3 is the button
Seat 3: Wurst2000 ($104.39 in chips)
Seat 5: Tryptamean ($211.75 in chips)
Wurst2000: posts small blind $1
Tryptamean: posts big blind $3
*** HOLE CARDS ***
Wurst2000: raises $3 to $6
Tryptamean: calls $3
*** FLOP *** [3d 7h 2h]
Tryptamean: checks
Wurst2000: bets $3
Tryptamean: calls $3
*** TURN *** [3d 7h 2h] [Jc]
Tryptamean: checks
Wurst2000: bets $6
Tryptamean: calls $6
*** RIVER *** [3d 7h 2h Jc] [Qc]
Tryptamean: checks
Wurst2000: bets $6
Tryptamean: calls $6
*** SHOW DOWN ***
Wurst2000: shows [7c 8d] (a pair of Sevens)
Tryptamean: mucks hand
Wurst2000 collected $41.50 from pot
*** SUMMARY ***
Total pot $42 | Rake $0.50
Board [3d 7h 2h Jc Qc]
Seat 3: Wurst2000 (button) (small blind) showed [7c 8d] and won ($41.50) with a pair of Sevens
Seat 5: Tryptamean (big blind) mucked


PokerStars Hand #154110048661:  Hold'em Limit ($3/$6 USD) - 2016/05/31 16:22:12 ET
Table 'Lilofee II' 6-max Seat #5 is the button
Seat 3: Wurst2000 ($124.89 in chips)
Seat 5: Tryptamean ($190.75 in chips)
Tryptamean: posts small blind $1
Wurst2000: posts big blind $3
*** HOLE CARDS ***
Tryptamean: raises $3 to $6
Wurst2000: calls $3
*** FLOP *** [4h 4s 7s]
Wurst2000: checks
Tryptamean: bets $3
Wurst2000: raises $3 to $6
Tryptamean: calls $3
*** TURN *** [4h 4s 7s] [3s]
Wurst2000: bets $6
Tryptamean: folds
Uncalled bet ($6) returned to Wurst2000
Wurst2000 collected $23.52 from pot
*** SUMMARY ***
Total pot $24 | Rake $0.48
Board [4h 4s 7s 3s]
Seat 3: Wurst2000 (big blind) collected ($23.52)
Seat 5: Tryptamean (button) (small blind) folded on the Turn


PokerStars Hand #154110074864:  Hold'em Limit ($3/$6 USD) - 2016/05/31 16:22:40 ET
Table 'Lilofee II' 6-max Seat #3 is the button
Seat 3: Wurst2000 ($136.41 in chips)
Seat 5: Tryptamean ($178.75 in chips)
Wurst2000: posts small blind $1
Tryptamean: posts big blind $3
*** HOLE CARDS ***
Wurst2000: raises $3 to $6
Tryptamean: raises $3 to $9
Wurst2000: calls $3
*** FLOP *** [9h 3c 4c]
Tryptamean: bets $3
Wurst2000: calls $3
*** TURN *** [9h 3c 4c] [7s]
Tryptamean: checks
Wurst2000: checks
*** RIVER *** [9h 3c 4c 7s] [Qc]
Tryptamean: checks
Wurst2000: bets $6
Tryptamean: folds
Uncalled bet ($6) returned to Wurst2000
Wurst2000 collected $23.52 from pot
Wurst2000: doesn't show hand
*** SUMMARY ***
Total pot $24 | Rake $0.48
Board [9h 3c 4c 7s Qc]
Seat 3: Wurst2000 (button) (small blind) collected ($23.52)
Seat 5: Tryptamean (big blind) folded on the River


PokerStars Hand #154110116857:  Hold'em Limit ($3/$6 USD) - 2016/05/31 16:23:26 ET
Table 'Lilofee II' 6-max Seat #5 is the button
Seat 3: Wurst2000 ($147.93 in chips)
Seat 5: Tryptamean ($166.75 in chips)
Tryptamean: posts small blind $1
Wurst2000: posts big blind $3
*** HOLE CARDS ***
Tryptamean: raises $3 to $6
Wurst2000: folds
Uncalled bet ($3) returned to Tryptamean
Tryptamean collected $6 from pot
Tryptamean: doesn't show hand
*** SUMMARY ***
Total pot $6 | Rake $0
Seat 3: Wurst2000 (big blind) folded before Flop
Seat 5: Tryptamean (button) (small blind) collected ($6)


PokerStars Hand #154110125000:  Hold'em Limit ($3/$6 USD) - 2016/05/31 16:23:35 ET
Table 'Lilofee II' 6-max Seat #3 is the button
Seat 3: Wurst2000 ($144.93 in chips)
Seat 5: Tryptamean ($169.75 in chips)
Wurst2000: posts small blind $1
Tryptamean: posts big blind $3
*** HOLE CARDS ***
Wurst2000: folds
Uncalled bet ($2) returned to Tryptamean
Tryptamean collected $2 from pot
Tryptamean: doesn't show hand
*** SUMMARY ***
Total pot $2 | Rake $0
Seat 3: Wurst2000 (button) (small blind) folded before Flop
Seat 5: Tryptamean (big blind) collected ($2)


PokerStars Hand #154110132519:  Hold'em Limit ($3/$6 USD) - 2016/05/31 16:23:43 ET
Table 'Lilofee II' 6-max Seat #5 is the button
Seat 3: Wurst2000 ($143.93 in chips)
Seat 5: Tryptamean ($170.75 in chips)
Tryptamean: posts small blind $1
Wurst2000: posts big blind $3
*** HOLE CARDS ***
Tryptamean: folds
Uncalled bet ($2) returned to Wurst2000
Wurst2000 collected $2 from pot
Wurst2000: doesn't show hand
*** SUMMARY ***
Total pot $2 | Rake $0
Seat 3: Wurst2000 (big blind) collected ($2)
Seat 5: Tryptamean (button) (small blind) folded before Flop


PokerStars Hand #154110138875:  Hold'em Limit ($3/$6 USD) - 2016/05/31 16:23:50 ET
Table 'Lilofee II' 6-max Seat #3 is the button
Seat 3: Wurst2000 ($144.93 in chips)
Seat 5: Tryptamean ($169.75 in chips)
Wurst2000: posts small blind $1
Tryptamean: posts big blind $3
*** HOLE CARDS ***
Wurst2000: folds
Uncalled bet ($2) returned to Tryptamean
chodzewXXL joins the table at seat #2
Tryptamean collected $2 from pot
Tryptamean: doesn't show hand
*** SUMMARY ***
Total pot $2 | Rake $0
Seat 3: Wurst2000 (button) (small blind) folded before Flop
Seat 5: Tryptamean (big blind) collected ($2)


PokerStars Hand #154110440892:  Hold'em Limit ($3/$6 USD) - 2016/05/31 16:29:21 ET
Table 'Lilofee II' 6-max Seat #2 is the button
Seat 2: chodzewXXL ($251.70 in chips)
Seat 5: Tryptamean ($230.22 in chips)
chodzewXXL: posts small blind $1
ToDaFelt: is sitting out
Tryptamean: posts big blind $3
*** HOLE CARDS ***
chodzewXXL: raises $3 to $6
ToDaFelt leaves the table
Tryptamean: calls $3
*** FLOP *** [5d 3s 4c]
Tryptamean: checks
chodzewXXL: checks
*** TURN *** [5d 3s 4c] [Ts]
Tryptamean: checks
chodzewXXL: bets $6
Tryptamean: calls $6
*** RIVER *** [5d 3s 4c Ts] [3h]
Tryptamean: checks
Wurst2000 is disconnected
chodzewXXL: checks
*** SHOW DOWN ***
Tryptamean: shows [Ad 6s] (a pair of Threes)
chodzewXXL: mucks hand
Tryptamean collected $23.52 from pot
*** SUMMARY ***
Total pot $24 | Rake $0.48
Board [5d 3s 4c Ts 3h]
Seat 2: chodzewXXL (button) (small blind) mucked
Seat 5: Tryptamean (big blind) showed [Ad 6s] and won ($23.52) with a pair of Threes


PokerStars Hand #154110472147:  Hold'em Limit ($3/$6 USD) - 2016/05/31 16:29:55 ET
Table 'Lilofee II' 6-max Seat #5 is the button
Seat 2: chodzewXXL ($239.70 in chips)
Seat 5: Tryptamean ($241.74 in chips)
Tryptamean: posts small blind $1
chodzewXXL: posts big blind $3
*** HOLE CARDS ***
Tryptamean: raises $3 to $6
chodzewXXL: calls $3
*** FLOP *** [5s 8s Ks]
chodzewXXL: checks
Tryptamean: bets $3
chodzewXXL: calls $3
*** TURN *** [5s 8s Ks] [Qh]
chodzewXXL: checks
Tryptamean: bets $6
chodzewXXL: raises $6 to $12
Tryptamean: calls $6
*** RIVER *** [5s 8s Ks Qh] [Ac]
chodzewXXL: bets $6
Tryptamean: calls $6
*** SHOW DOWN ***
chodzewXXL: shows [5d Qc] (two pair, Queens and Fives)
Tryptamean: shows [Qs 8h] (two pair, Queens and Eights)
Tryptamean collected $53.50 from pot
*** SUMMARY ***
Total pot $54 | Rake $0.50
Board [5s 8s Ks Qh Ac]
Seat 2: chodzewXXL (big blind) showed [5d Qc] and lost with two pair, Queens and Fives
Seat 5: Tryptamean (button) (small blind) showed [Qs 8h] and won ($53.50) with two pair, Queens and Eights


PokerStars Hand #154110498013:  Hold'em Limit ($3/$6 USD) - 2016/05/31 16:30:23 ET
Table 'Lilofee II' 6-max Seat #2 is the button
Seat 2: chodzewXXL ($212.70 in chips)
Seat 5: Tryptamean ($268.24 in chips)
chodzewXXL: posts small blind $1
Tryptamean: posts big blind $3
*** HOLE CARDS ***
chodzewXXL: raises $3 to $6
Tryptamean: raises $3 to $9
chodzewXXL: calls $3
*** FLOP *** [2c Qd 7d]
Tryptamean: bets $3
chodzewXXL: folds
Uncalled bet ($3) returned to Tryptamean
Tryptamean collected $17.64 from pot
Tryptamean: doesn't show hand
*** SUMMARY ***
Total pot $18 | Rake $0.36
Board [2c Qd 7d]
Seat 2: chodzewXXL (button) (small blind) folded on the Flop
Seat 5: Tryptamean (big blind) collected ($17.64)


PokerStars Hand #154110511370:  Hold'em Limit ($3/$6 USD) - 2016/05/31 16:30:38 ET
Table 'Lilofee II' 6-max Seat #5 is the button
Seat 2: chodzewXXL ($203.70 in chips)
Seat 5: Tryptamean ($276.88 in chips)
Tryptamean: posts small blind $1
chodzewXXL: posts big blind $3
*** HOLE CARDS ***
Tryptamean: raises $3 to $6
chodzewXXL: folds
Uncalled bet ($3) returned to Tryptamean
Tryptamean collected $6 from pot
Tryptamean: doesn't show hand
*** SUMMARY ***
Total pot $6 | Rake $0
Seat 2: chodzewXXL (big blind) folded before Flop
Seat 5: Tryptamean (button) (small blind) collected ($6)


PokerStars Hand #154110517392:  Hold'em Limit ($3/$6 USD) - 2016/05/31 16:30:45 ET
Table 'Lilofee II' 6-max Seat #2 is the button
Seat 2: chodzewXXL ($200.70 in chips)
Seat 5: Tryptamean ($279.88 in chips)
chodzewXXL: posts small blind $1
Tryptamean: posts big blind $3
*** HOLE CARDS ***
chodzewXXL: raises $3 to $6
Tryptamean: calls $3
*** FLOP *** [7d 2d Qc]
Tryptamean: checks
chodzewXXL: bets $3
Tryptamean: calls $3
*** TURN *** [7d 2d Qc] [7s]
Tryptamean: checks
chodzewXXL: checks
*** RIVER *** [7d 2d Qc 7s] [5c]
Tryptamean: bets $6
chodzewXXL: calls $6
*** SHOW DOWN ***
Tryptamean: shows [9h 2h] (two pair, Sevens and Deuces)
chodzewXXL: shows [8d Qs] (two pair, Queens and Sevens)
chodzewXXL collected $29.50 from pot
*** SUMMARY ***
Total pot $30 | Rake $0.50
Board [7d 2d Qc 7s 5c]
Seat 2: chodzewXXL (button) (small blind) showed [8d Qs] and won ($29.50) with two pair, Queens and Sevens
Seat 5: Tryptamean (big blind) showed [9h 2h] and lost with two pair, Sevens and Deuces


PokerStars Hand #154110540048:  Hold'em Limit ($3/$6 USD) - 2016/05/31 16:31:10 ET
Table 'Lilofee II' 6-max Seat #5 is the button
Seat 2: chodzewXXL ($215.20 in chips)
Seat 5: Tryptamean ($264.88 in chips)
Tryptamean: posts small blind $1
chodzewXXL: posts big blind $3
*** HOLE CARDS ***
Tryptamean: raises $3 to $6
chodzewXXL: folds
Uncalled bet ($3) returned to Tryptamean
Tryptamean collected $6 from pot
Tryptamean: doesn't show hand
*** SUMMARY ***
Total pot $6 | Rake $0
Seat 2: chodzewXXL (big blind) folded before Flop
Seat 5: Tryptamean (button) (small blind) collected ($6)


PokerStars Hand #154113806595:  Hold'em Limit ($3/$6 USD) - 2016/05/31 17:32:42 ET
Table 'Lilofee II' 6-max Seat #1 is the button
Seat 1: Chessnok ($234.01 in chips)
Seat 5: Hadart ($108.74 in chips)
Chessnok: posts small blind $1
krytalex: is sitting out
Hadart: posts big blind $3
*** HOLE CARDS ***
Chessnok: raises $3 to $6
krytalex leaves the table
Hadart: calls $3
*** FLOP *** [2d Ts 6h]
Hadart: checks
Chessnok: bets $3
Hadart: calls $3
*** TURN *** [2d Ts 6h] [Th]
Hadart: checks
Chessnok: checks
*** RIVER *** [2d Ts 6h Th] [2s]
Hadart: checks
Chessnok: checks
*** SHOW DOWN ***
Hadart: shows [7d Kd] (two pair, Tens and Deuces)
Chessnok: mucks hand
Hadart collected $17.64 from pot
*** SUMMARY ***
Total pot $18 | Rake $0.36
Board [2d Ts 6h Th 2s]
Seat 1: Chessnok (button) (small blind) mucked
Seat 5: Hadart (big blind) showed [7d Kd] and won ($17.64) with two pair, Tens and Deuces


