PokerStars Hand #144822858024:  Hold'em Limit ($3/$6 USD) - 2015/12/04 15:20:32 ET
Table 'Limburgia II' 2-max Seat #2 is the button
Seat 1: elifnur2008 ($79.83 in chips)
Seat 2: 50cent411 ($10.95 in chips)
50cent411: posts small blind $1
elifnur2008: posts big blind $3
*** HOLE CARDS ***
50cent411: calls $2
elifnur2008: checks
*** FLOP *** [Jc 7d 2c]
elifnur2008: checks
50cent411: bets $3
elifnur2008: folds
Uncalled bet ($3) returned to 50cent411
50cent411 collected $5.88 from pot
50cent411: doesn't show hand
*** SUMMARY ***
Total pot $6 | Rake $0.12
Board [Jc 7d 2c]
Seat 1: elifnur2008 (big blind) folded on the Flop
Seat 2: 50cent411 (button) (small blind) collected ($5.88)


PokerStars Hand #144822833907:  Hold'em Limit ($3/$6 USD) - 2015/12/04 15:20:07 ET
Table 'Limburgia II' 2-max Seat #1 is the button
Seat 1: elifnur2008 ($59.33 in chips)
Seat 2: 50cent411 ($31.95 in chips)
elifnur2008: posts small blind $1
50cent411: posts big blind $3
*** HOLE CARDS ***
elifnur2008: raises $3 to $6
50cent411: calls $3
*** FLOP *** [8d Js 4c]
50cent411: checks
elifnur2008: bets $3
50cent411: calls $3
*** TURN *** [8d Js 4c] [7s]
50cent411: bets $6
elifnur2008: calls $6
*** RIVER *** [8d Js 4c 7s] [Kd]
50cent411: bets $6
elifnur2008: raises $6 to $12
50cent411: folds
Uncalled bet ($6) returned to elifnur2008
elifnur2008 collected $41.50 from pot
elifnur2008: doesn't show hand
*** SUMMARY ***
Total pot $42 | Rake $0.50
Board [8d Js 4c 7s Kd]
Seat 1: elifnur2008 (button) (small blind) collected ($41.50)
Seat 2: 50cent411 (big blind) folded on the River


PokerStars Hand #144822871579:  Hold'em Limit ($3/$6 USD) - 2015/12/04 15:20:47 ET
Table 'Limburgia II' 2-max Seat #1 is the button
Seat 1: elifnur2008 ($76.83 in chips)
Seat 2: 50cent411 ($13.83 in chips)
elifnur2008: posts small blind $1
50cent411: posts big blind $3
*** HOLE CARDS ***
elifnur2008: raises $3 to $6
50cent411: calls $3
*** FLOP *** [Qc 2c 3h]
50cent411: checks
elifnur2008: bets $3
50cent411: raises $3 to $6
elifnur2008: raises $3 to $9
50cent411: calls $1.83 and is all-in
Uncalled bet ($1.17) returned to elifnur2008
*** TURN *** [Qc 2c 3h] [Qh]
*** RIVER *** [Qc 2c 3h Qh] [Jd]
*** SHOW DOWN ***
50cent411: shows [5c 2s] (two pair, Queens and Deuces)
elifnur2008: shows [8d 8c] (two pair, Queens and Eights)
elifnur2008 collected $27.16 from pot
*** SUMMARY ***
Total pot $27.66 | Rake $0.50
Board [Qc 2c 3h Qh Jd]
Seat 1: elifnur2008 (button) (small blind) showed [8d 8c] and won ($27.16) with two pair, Queens and Eights
Seat 2: 50cent411 (big blind) showed [5c 2s] and lost with two pair, Queens and Deuces


