PokerStars Hand #170350205140:  Hold'em Limit ($3/$6 USD) - 2017/05/13 5:41:53 ET
Table 'Limburgia' 6-max Seat #5 is the button
Seat 3: fluit83 ($29.72 in chips)
Seat 5: krytalex ($117.28 in chips)
krytalex: posts small blind $1
fluit83: posts big blind $3
*** HOLE CARDS ***
krytalex: raises $3 to $6
fluit83: calls $3
*** FLOP *** [2s 5d Jc]
fluit83: checks
krytalex: bets $3
fluit83: calls $3
*** TURN *** [2s 5d Jc] [9h]
fluit83: checks
krytalex: bets $6
fluit83: calls $6
*** RIVER *** [2s 5d Jc 9h] [9d]
fluit83: checks
krytalex: bets $6
fluit83: calls $6
*** SHOW DOWN ***
krytalex: shows [6s 8c] (a pair of Nines)
fluit83: shows [8d Jd] (two pair, Jacks and Nines)
fluit83 collected $41.50 from pot
*** SUMMARY ***
Total pot $42 | Rake $0.50
Board [2s 5d Jc 9h 9d]
Seat 3: fluit83 (big blind) showed [8d Jd] and won ($41.50) with two pair, Jacks and Nines
Seat 5: krytalex (button) (small blind) showed [6s 8c] and lost with a pair of Nines


PokerStars Hand #170350219826:  Hold'em Limit ($3/$6 USD) - 2017/05/13 5:42:28 ET
Table 'Limburgia' 6-max Seat #3 is the button
Seat 3: fluit83 ($50.22 in chips)
Seat 5: krytalex ($96.28 in chips)
fluit83: posts small blind $1
krytalex: posts big blind $3
*** HOLE CARDS ***
fluit83: calls $2
krytalex: raises $3 to $6
fluit83: calls $3
*** FLOP *** [Kd 8c 2d]
krytalex: bets $3
fluit83: folds
Uncalled bet ($3) returned to krytalex
krytalex collected $11.76 from pot
*** SUMMARY ***
Total pot $12 | Rake $0.24
Board [Kd 8c 2d]
Seat 3: fluit83 (button) (small blind) folded on the Flop
Seat 5: krytalex (big blind) collected ($11.76)


PokerStars Hand #170350226289:  Hold'em Limit ($3/$6 USD) - 2017/05/13 5:42:43 ET
Table 'Limburgia' 6-max Seat #5 is the button
Seat 3: fluit83 ($44.22 in chips)
Seat 5: krytalex ($102.04 in chips)
krytalex: posts small blind $1
fluit83: posts big blind $3
*** HOLE CARDS ***
krytalex: raises $3 to $6
fluit83: raises $3 to $9
krytalex: calls $3
*** FLOP *** [6h Jc 9d]
fluit83: checks
krytalex: bets $3
fluit83: raises $3 to $6
krytalex: calls $3
*** TURN *** [6h Jc 9d] [2d]
fluit83: bets $6
krytalex: folds
Uncalled bet ($6) returned to fluit83
fluit83 collected $29.50 from pot
*** SUMMARY ***
Total pot $30 | Rake $0.50
Board [6h Jc 9d 2d]
Seat 3: fluit83 (big blind) collected ($29.50)
Seat 5: krytalex (button) (small blind) folded on the Turn


PokerStars Hand #170350237062:  Hold'em Limit ($3/$6 USD) - 2017/05/13 5:43:09 ET
Table 'Limburgia' 6-max Seat #3 is the button
Seat 3: fluit83 ($58.72 in chips)
Seat 5: krytalex ($87.04 in chips)
fluit83: posts small blind $1
krytalex: posts big blind $3
*** HOLE CARDS ***
fluit83: folds
Uncalled bet ($2) returned to krytalex
krytalex collected $2 from pot
*** SUMMARY ***
Total pot $2 | Rake $0
Seat 3: fluit83 (button) (small blind) folded before Flop
Seat 5: krytalex (big blind) collected ($2)


PokerStars Hand #170350240996:  Hold'em Limit ($3/$6 USD) - 2017/05/13 5:43:19 ET
Table 'Limburgia' 6-max Seat #5 is the button
Seat 3: fluit83 ($57.72 in chips)
Seat 5: krytalex ($88.04 in chips)
krytalex: posts small blind $1
fluit83: posts big blind $3
*** HOLE CARDS ***
krytalex: raises $3 to $6
fluit83: calls $3
*** FLOP *** [Kc Js 3s]
fluit83: checks
krytalex: bets $3
fluit83: calls $3
*** TURN *** [Kc Js 3s] [8d]
fluit83: checks
krytalex: checks
*** RIVER *** [Kc Js 3s 8d] [9h]
fluit83: checks
krytalex: checks
*** SHOW DOWN ***
fluit83: shows [4h 4d] (a pair of Fours)
krytalex: mucks hand
fluit83 collected $17.64 from pot
*** SUMMARY ***
Total pot $18 | Rake $0.36
Board [Kc Js 3s 8d 9h]
Seat 3: fluit83 (big blind) showed [4h 4d] and won ($17.64) with a pair of Fours
Seat 5: krytalex (button) (small blind) mucked


PokerStars Hand #170350254082:  Hold'em Limit ($3/$6 USD) - 2017/05/13 5:43:50 ET
Table 'Limburgia' 6-max Seat #3 is the button
Seat 3: fluit83 ($66.36 in chips)
Seat 5: krytalex ($79.04 in chips)
fluit83: posts small blind $1
krytalex: posts big blind $3
*** HOLE CARDS ***
fluit83: folds
Uncalled bet ($2) returned to krytalex
krytalex collected $2 from pot
*** SUMMARY ***
Total pot $2 | Rake $0
Seat 3: fluit83 (button) (small blind) folded before Flop
Seat 5: krytalex (big blind) collected ($2)


PokerStars Hand #170350256146:  Hold'em Limit ($3/$6 USD) - 2017/05/13 5:43:55 ET
Table 'Limburgia' 6-max Seat #5 is the button
Seat 3: fluit83 ($65.36 in chips)
Seat 5: krytalex ($80.04 in chips)
krytalex: posts small blind $1
fluit83: posts big blind $3
*** HOLE CARDS ***
krytalex: raises $3 to $6
fluit83: folds
Uncalled bet ($3) returned to krytalex
krytalex collected $6 from pot
*** SUMMARY ***
Total pot $6 | Rake $0
Seat 3: fluit83 (big blind) folded before Flop
Seat 5: krytalex (button) (small blind) collected ($6)


PokerStars Hand #170350259727:  Hold'em Limit ($3/$6 USD) - 2017/05/13 5:44:04 ET
Table 'Limburgia' 6-max Seat #3 is the button
Seat 3: fluit83 ($62.36 in chips)
Seat 5: krytalex ($83.04 in chips)
fluit83: posts small blind $1
krytalex: posts big blind $3
*** HOLE CARDS ***
fluit83: calls $2
krytalex: checks
*** FLOP *** [Qd 7s 9d]
krytalex: checks
fluit83: bets $3
artecris joins the table at seat #4
krytalex: folds
Uncalled bet ($3) returned to fluit83
fluit83 collected $5.88 from pot
*** SUMMARY ***
Total pot $6 | Rake $0.12
Board [Qd 7s 9d]
Seat 3: fluit83 (button) (small blind) collected ($5.88)
Seat 5: krytalex (big blind) folded on the Flop


PokerStars Hand #170350273177:  Hold'em Limit ($3/$6 USD) - 2017/05/13 5:44:36 ET
Table 'Limburgia' 6-max Seat #5 is the button
Seat 3: fluit83 ($65.24 in chips)
Seat 5: krytalex ($80.04 in chips)
krytalex: posts small blind $1
fluit83: posts big blind $3
*** HOLE CARDS ***
krytalex: raises $3 to $6
fluit83: raises $3 to $9
krytalex: calls $3
*** FLOP *** [3s Jd Ks]
fluit83: bets $3
krytalex: folds
Uncalled bet ($3) returned to fluit83
fluit83 collected $17.64 from pot
*** SUMMARY ***
Total pot $18 | Rake $0.36
Board [3s Jd Ks]
Seat 3: fluit83 (big blind) collected ($17.64)
Seat 5: krytalex (button) (small blind) folded on the Flop


PokerStars Hand #170351537099:  Hold'em Limit ($3/$6 USD) - 2017/05/13 6:34:13 ET
Table 'Limburgia' 6-max Seat #3 is the button
Seat 3: fluit83 ($76.18 in chips)
Seat 5: krytalex ($94.19 in chips)
fluit83: posts small blind $1
TbIP-TbIP 88: is sitting out
krytalex: posts big blind $3
*** HOLE CARDS ***
fluit83: folds
Uncalled bet ($2) returned to krytalex
krytalex collected $2 from pot
*** SUMMARY ***
Total pot $2 | Rake $0
Seat 3: fluit83 (button) (small blind) folded before Flop
Seat 5: krytalex (big blind) collected ($2)


PokerStars Hand #170351557496:  Hold'em Limit ($3/$6 USD) - 2017/05/13 6:34:59 ET
Table 'Limburgia' 6-max Seat #5 is the button
Seat 3: fluit83 ($65.18 in chips)
Seat 5: krytalex ($104.83 in chips)
krytalex: posts small blind $1
fluit83: posts big blind $3
*** HOLE CARDS ***
krytalex: folds
Uncalled bet ($2) returned to fluit83
fluit83 collected $2 from pot
*** SUMMARY ***
Total pot $2 | Rake $0
Seat 3: fluit83 (big blind) collected ($2)
Seat 5: krytalex (button) (small blind) folded before Flop


PokerStars Hand #170351555180:  Hold'em Limit ($3/$6 USD) - 2017/05/13 6:34:54 ET
Table 'Limburgia' 6-max Seat #3 is the button
Seat 3: fluit83 ($66.18 in chips)
Seat 5: krytalex ($103.83 in chips)
fluit83: posts small blind $1
krytalex: posts big blind $3
*** HOLE CARDS ***
fluit83: folds
Uncalled bet ($2) returned to krytalex
krytalex collected $2 from pot
*** SUMMARY ***
Total pot $2 | Rake $0
Seat 3: fluit83 (button) (small blind) folded before Flop
Seat 5: krytalex (big blind) collected ($2)


PokerStars Hand #170351542307:  Hold'em Limit ($3/$6 USD) - 2017/05/13 6:34:25 ET
Table 'Limburgia' 6-max Seat #5 is the button
Seat 3: fluit83 ($75.18 in chips)
Seat 5: krytalex ($95.19 in chips)
krytalex: posts small blind $1
fluit83: posts big blind $3
*** HOLE CARDS ***
krytalex: raises $3 to $6
fluit83: calls $3
*** FLOP *** [Ad Ah 6s]
fluit83: checks
krytalex: bets $3
fluit83: calls $3
*** TURN *** [Ad Ah 6s] [8h]
fluit83: checks
krytalex: bets $6
fluit83: folds
Uncalled bet ($6) returned to krytalex
krytalex collected $17.64 from pot
*** SUMMARY ***
Total pot $18 | Rake $0.36
Board [Ad Ah 6s 8h]
Seat 3: fluit83 (big blind) folded on the Turn
Seat 5: krytalex (button) (small blind) collected ($17.64)


PokerStars Hand #170351563705:  Hold'em Limit ($3/$6 USD) - 2017/05/13 6:35:13 ET
Table 'Limburgia' 6-max Seat #3 is the button
Seat 3: fluit83 ($66.18 in chips)
Seat 5: krytalex ($103.83 in chips)
fluit83: posts small blind $1
krytalex: posts big blind $3
*** HOLE CARDS ***
fluit83: raises $3 to $6
krytalex: calls $3
*** FLOP *** [Ts 6c 3s]
krytalex: checks
fluit83: bets $3
krytalex: calls $3
*** TURN *** [Ts 6c 3s] [Jc]
krytalex: checks
fluit83: checks
*** RIVER *** [Ts 6c 3s Jc] [2h]
krytalex: checks
fluit83: checks
*** SHOW DOWN ***
krytalex: shows [8h 9h] (high card Jack)
fluit83: shows [Ah 4s] (high card Ace)
fluit83 collected $17.64 from pot
*** SUMMARY ***
Total pot $18 | Rake $0.36
Board [Ts 6c 3s Jc 2h]
Seat 3: fluit83 (button) (small blind) showed [Ah 4s] and won ($17.64) with high card Ace
Seat 5: krytalex (big blind) showed [8h 9h] and lost with high card Jack


PokerStars Hand #170351582387:  Hold'em Limit ($3/$6 USD) - 2017/05/13 6:35:55 ET
Table 'Limburgia' 6-max Seat #5 is the button
Seat 3: fluit83 ($74.82 in chips)
Seat 5: krytalex ($94.83 in chips)
krytalex: posts small blind $1
fluit83: posts big blind $3
*** HOLE CARDS ***
krytalex: raises $3 to $6
fluit83: calls $3
*** FLOP *** [7s 3d 8d]
fluit83: checks
krytalex: bets $3
fluit83: calls $3
*** TURN *** [7s 3d 8d] [2c]
fluit83: checks
krytalex: checks
*** RIVER *** [7s 3d 8d 2c] [9d]
fluit83: checks
krytalex: bets $6
fluit83: calls $6
*** SHOW DOWN ***
krytalex: shows [Kh 9s] (a pair of Nines)
fluit83: mucks hand
krytalex collected $29.50 from pot
*** SUMMARY ***
Total pot $30 | Rake $0.50
Board [7s 3d 8d 2c 9d]
Seat 3: fluit83 (big blind) mucked
Seat 5: krytalex (button) (small blind) showed [Kh 9s] and won ($29.50) with a pair of Nines


PokerStars Hand #170351635360:  Hold'em Limit ($3/$6 USD) - 2017/05/13 6:37:53 ET
Table 'Limburgia' 6-max Seat #3 is the button
Seat 3: fluit83 ($26.82 in chips)
Seat 5: krytalex ($141.83 in chips)
fluit83: posts small blind $1
krytalex: posts big blind $3
*** HOLE CARDS ***
fluit83: calls $2
krytalex: checks
*** FLOP *** [Qh 7h 2c]
krytalex: bets $3
fluit83: folds
Uncalled bet ($3) returned to krytalex
krytalex collected $5.88 from pot
*** SUMMARY ***
Total pot $6 | Rake $0.12
Board [Qh 7h 2c]
Seat 3: fluit83 (button) (small blind) folded on the Flop
Seat 5: krytalex (big blind) collected ($5.88)


PokerStars Hand #170351632885:  Hold'em Limit ($3/$6 USD) - 2017/05/13 6:37:48 ET
Table 'Limburgia' 6-max Seat #5 is the button
Seat 3: fluit83 ($29.82 in chips)
Seat 5: krytalex ($138.83 in chips)
krytalex: posts small blind $1
fluit83: posts big blind $3
*** HOLE CARDS ***
krytalex: raises $3 to $6
fluit83: folds
Uncalled bet ($3) returned to krytalex
krytalex collected $6 from pot
*** SUMMARY ***
Total pot $6 | Rake $0
Seat 3: fluit83 (big blind) folded before Flop
Seat 5: krytalex (button) (small blind) collected ($6)


PokerStars Hand #170351612503:  Hold'em Limit ($3/$6 USD) - 2017/05/13 6:37:03 ET
Table 'Limburgia' 6-max Seat #3 is the button
Seat 3: fluit83 ($59.82 in chips)
Seat 5: krytalex ($109.33 in chips)
fluit83: posts small blind $1
krytalex: posts big blind $3
*** HOLE CARDS ***
fluit83: raises $3 to $6
krytalex: raises $3 to $9
fluit83: calls $3
*** FLOP *** [5c 2h Ac]
krytalex: bets $3
fluit83: raises $3 to $6
krytalex: raises $3 to $9
fluit83: calls $3
*** TURN *** [5c 2h Ac] [Th]
krytalex: bets $6
fluit83: calls $6
*** RIVER *** [5c 2h Ac Th] [4h]
krytalex: bets $6
fluit83: calls $6
*** SHOW DOWN ***
krytalex: shows [As Js] (a pair of Aces)
fluit83: mucks hand
krytalex collected $59.50 from pot
*** SUMMARY ***
Total pot $60 | Rake $0.50
Board [5c 2h Ac Th 4h]
Seat 3: fluit83 (button) (small blind) mucked
Seat 5: krytalex (big blind) showed [As Js] and won ($59.50) with a pair of Aces


PokerStars Hand #170351642348:  Hold'em Limit ($3/$6 USD) - 2017/05/13 6:38:09 ET
Table 'Limburgia' 6-max Seat #5 is the button
Seat 3: fluit83 ($23.82 in chips)
Seat 5: krytalex ($144.71 in chips)
krytalex: posts small blind $1
fluit83: posts big blind $3
*** HOLE CARDS ***
TbIP-TbIP 88 leaves the table
krytalex: raises $3 to $6
fluit83: calls $3
*** FLOP *** [Jh 9s 6h]
fluit83: checks
krytalex: bets $3
fluit83: folds
Uncalled bet ($3) returned to krytalex
krytalex collected $11.76 from pot
*** SUMMARY ***
Total pot $12 | Rake $0.24
Board [Jh 9s 6h]
Seat 3: fluit83 (big blind) folded on the Flop
Seat 5: krytalex (button) (small blind) collected ($11.76)


PokerStars Hand #170351652102:  Hold'em Limit ($3/$6 USD) - 2017/05/13 6:38:31 ET
Table 'Limburgia' 6-max Seat #3 is the button
Seat 3: fluit83 ($17.82 in chips)
Seat 5: krytalex ($150.47 in chips)
fluit83: posts small blind $1
krytalex: posts big blind $3
*** HOLE CARDS ***
fluit83: raises $3 to $6
krytalex: calls $3
*** FLOP *** [Ts 6d Ad]
krytalex: checks
fluit83: bets $3
krytalex: folds
Uncalled bet ($3) returned to fluit83
fluit83 collected $11.76 from pot
*** SUMMARY ***
Total pot $12 | Rake $0.24
Board [Ts 6d Ad]
Seat 3: fluit83 (button) (small blind) collected ($11.76)
Seat 5: krytalex (big blind) folded on the Flop


PokerStars Hand #170351663635:  Hold'em Limit ($3/$6 USD) - 2017/05/13 6:38:56 ET
Table 'Limburgia' 6-max Seat #5 is the button
Seat 3: fluit83 ($23.58 in chips)
Seat 5: krytalex ($144.47 in chips)
krytalex: posts small blind $1
fluit83: posts big blind $3
*** HOLE CARDS ***
krytalex: raises $3 to $6
fluit83: folds
Uncalled bet ($3) returned to krytalex
krytalex collected $6 from pot
*** SUMMARY ***
Total pot $6 | Rake $0
Seat 3: fluit83 (big blind) folded before Flop
Seat 5: krytalex (button) (small blind) collected ($6)


PokerStars Hand #170351670382:  Hold'em Limit ($3/$6 USD) - 2017/05/13 6:39:11 ET
Table 'Limburgia' 6-max Seat #3 is the button
Seat 3: fluit83 ($20.58 in chips)
Seat 5: krytalex ($147.47 in chips)
fluit83: posts small blind $1
krytalex: posts big blind $3
*** HOLE CARDS ***
fluit83: folds
Uncalled bet ($2) returned to krytalex
krytalex collected $2 from pot
*** SUMMARY ***
Total pot $2 | Rake $0
Seat 3: fluit83 (button) (small blind) folded before Flop
Seat 5: krytalex (big blind) collected ($2)


PokerStars Hand #170351672730:  Hold'em Limit ($3/$6 USD) - 2017/05/13 6:39:16 ET
Table 'Limburgia' 6-max Seat #5 is the button
Seat 3: fluit83 ($19.58 in chips)
Seat 5: krytalex ($148.47 in chips)
krytalex: posts small blind $1
fluit83: posts big blind $3
*** HOLE CARDS ***
krytalex: raises $3 to $6
fluit83: raises $3 to $9
krytalex: calls $3
*** FLOP *** [5d 9d Ac]
fluit83: bets $3
krytalex: folds
Uncalled bet ($3) returned to fluit83
fluit83 collected $17.64 from pot
*** SUMMARY ***
Total pot $18 | Rake $0.36
Board [5d 9d Ac]
Seat 3: fluit83 (big blind) collected ($17.64)
Seat 5: krytalex (button) (small blind) folded on the Flop


PokerStars Hand #170351695361:  Hold'em Limit ($3/$6 USD) - 2017/05/13 6:40:06 ET
Table 'Limburgia' 6-max Seat #5 is the button
Seat 3: fluit83 ($22.22 in chips)
Seat 5: krytalex ($145.23 in chips)
krytalex: posts small blind $1
fluit83: posts big blind $3
*** HOLE CARDS ***
krytalex: raises $3 to $6
fluit83: folds
Uncalled bet ($3) returned to krytalex
krytalex collected $6 from pot
*** SUMMARY ***
Total pot $6 | Rake $0
Seat 3: fluit83 (big blind) folded before Flop
Seat 5: krytalex (button) (small blind) collected ($6)


PokerStars Hand #170351680699:  Hold'em Limit ($3/$6 USD) - 2017/05/13 6:39:34 ET
Table 'Limburgia' 6-max Seat #3 is the button
Seat 3: fluit83 ($28.22 in chips)
Seat 5: krytalex ($139.47 in chips)
fluit83: posts small blind $1
krytalex: posts big blind $3
*** HOLE CARDS ***
fluit83: calls $2
krytalex: raises $3 to $6
fluit83: calls $3
*** FLOP *** [Ks Qs 6h]
krytalex: checks
fluit83: checks
*** TURN *** [Ks Qs 6h] [Kh]
krytalex: checks
fluit83: checks
*** RIVER *** [Ks Qs 6h Kh] [Js]
krytalex: checks
fluit83: checks
*** SHOW DOWN ***
krytalex: shows [5h Ad] (a pair of Kings)
fluit83: mucks hand
krytalex collected $11.76 from pot
*** SUMMARY ***
Total pot $12 | Rake $0.24
Board [Ks Qs 6h Kh Js]
Seat 3: fluit83 (button) (small blind) mucked
Seat 5: krytalex (big blind) showed [5h Ad] and won ($11.76) with a pair of Kings


PokerStars Hand #170351712760:  Hold'em Limit ($3/$6 USD) - 2017/05/13 6:40:45 ET
Table 'Limburgia' 6-max Seat #3 is the button
Seat 3: fluit83 ($34.94 in chips)
Seat 5: krytalex ($132.01 in chips)
fluit83: posts small blind $1
krytalex: posts big blind $3
*** HOLE CARDS ***
fluit83: folds
Uncalled bet ($2) returned to krytalex
krytalex collected $2 from pot
*** SUMMARY ***
Total pot $2 | Rake $0
Seat 3: fluit83 (button) (small blind) folded before Flop
Seat 5: krytalex (big blind) collected ($2)


PokerStars Hand #170351708158:  Hold'em Limit ($3/$6 USD) - 2017/05/13 6:40:34 ET
Table 'Limburgia' 6-max Seat #5 is the button
Seat 3: fluit83 ($37.94 in chips)
Seat 5: krytalex ($129.01 in chips)
krytalex: posts small blind $1
fluit83: posts big blind $3
*** HOLE CARDS ***
krytalex said, "suka"
krytalex: raises $3 to $6
fluit83: folds
Uncalled bet ($3) returned to krytalex
krytalex collected $6 from pot
*** SUMMARY ***
Total pot $6 | Rake $0
Seat 3: fluit83 (big blind) folded before Flop
Seat 5: krytalex (button) (small blind) collected ($6)


PokerStars Hand #170351718076:  Hold'em Limit ($3/$6 USD) - 2017/05/13 6:40:56 ET
Table 'Limburgia' 6-max Seat #3 is the button
Seat 3: fluit83 ($34.94 in chips)
Seat 5: krytalex ($132.01 in chips)
fluit83: posts small blind $1
krytalex: posts big blind $3
*** HOLE CARDS ***
fluit83: folds
Uncalled bet ($2) returned to krytalex
krytalex collected $2 from pot
*** SUMMARY ***
Total pot $2 | Rake $0
Seat 3: fluit83 (button) (small blind) folded before Flop
Seat 5: krytalex (big blind) collected ($2)


PokerStars Hand #170351715006:  Hold'em Limit ($3/$6 USD) - 2017/05/13 6:40:49 ET
Table 'Limburgia' 6-max Seat #5 is the button
Seat 3: fluit83 ($33.94 in chips)
Seat 5: krytalex ($133.01 in chips)
krytalex: posts small blind $1
fluit83: posts big blind $3
*** HOLE CARDS ***
krytalex: folds
Uncalled bet ($2) returned to fluit83
fluit83 collected $2 from pot
*** SUMMARY ***
Total pot $2 | Rake $0
Seat 3: fluit83 (big blind) collected ($2)
Seat 5: krytalex (button) (small blind) folded before Flop


PokerStars Hand #170351720301:  Hold'em Limit ($3/$6 USD) - 2017/05/13 6:41:01 ET
Table 'Limburgia' 6-max Seat #5 is the button
Seat 3: fluit83 ($33.94 in chips)
Seat 5: krytalex ($133.01 in chips)
krytalex: posts small blind $1
fluit83: posts big blind $3
*** HOLE CARDS ***
krytalex: folds
Uncalled bet ($2) returned to fluit83
fluit83 collected $2 from pot
*** SUMMARY ***
Total pot $2 | Rake $0
Seat 3: fluit83 (big blind) collected ($2)
Seat 5: krytalex (button) (small blind) folded before Flop


PokerStars Hand #170351698023:  Hold'em Limit ($3/$6 USD) - 2017/05/13 6:40:12 ET
Table 'Limburgia' 6-max Seat #3 is the button
Seat 3: fluit83 ($19.22 in chips)
Seat 5: krytalex ($148.23 in chips)
fluit83: posts small blind $1
krytalex: posts big blind $3
*** HOLE CARDS ***
fluit83: raises $3 to $6
krytalex: raises $3 to $9
fluit83: raises $3 to $12
Betting is capped
krytalex: calls $3
*** FLOP *** [7h 3c 4h]
krytalex: checks
fluit83: bets $3
krytalex: calls $3
*** TURN *** [7h 3c 4h] [3h]
krytalex: checks
fluit83: bets $4.22 and is all-in
krytalex: calls $4.22
*** RIVER *** [7h 3c 4h 3h] [Jd]
*** SHOW DOWN ***
krytalex: shows [Qd As] (a pair of Threes)
fluit83: shows [Js Ah] (two pair, Jacks and Threes)
fluit83 collected $37.94 from pot
*** SUMMARY ***
Total pot $38.44 | Rake $0.50
Board [7h 3c 4h 3h Jd]
Seat 3: fluit83 (button) (small blind) showed [Js Ah] and won ($37.94) with two pair, Jacks and Threes
Seat 5: krytalex (big blind) showed [Qd As] and lost with a pair of Threes


PokerStars Hand #170351742457:  Hold'em Limit ($3/$6 USD) - 2017/05/13 6:41:51 ET
Table 'Limburgia' 6-max Seat #3 is the button
Seat 3: fluit83 ($31.76 in chips)
Seat 5: krytalex ($134.83 in chips)
fluit83: posts small blind $1
krytalex: posts big blind $3
*** HOLE CARDS ***
fluit83: calls $2
krytalex: raises $3 to $6
fluit83: calls $3
*** FLOP *** [6c Qc 9h]
krytalex: bets $3
fluit83: calls $3
*** TURN *** [6c Qc 9h] [5h]
krytalex: checks
fluit83: checks
*** RIVER *** [6c Qc 9h 5h] [Ac]
krytalex: bets $6
fluit83: raises $6 to $12
krytalex: calls $6
*** SHOW DOWN ***
fluit83: shows [2c 7c] (a flush, Ace high)
krytalex: mucks hand
fluit83 collected $41.50 from pot
*** SUMMARY ***
Total pot $42 | Rake $0.50
Board [6c Qc 9h 5h Ac]
Seat 3: fluit83 (button) (small blind) showed [2c 7c] and won ($41.50) with a flush, Ace high
Seat 5: krytalex (big blind) mucked


PokerStars Hand #170351723273:  Hold'em Limit ($3/$6 USD) - 2017/05/13 6:41:08 ET
Table 'Limburgia' 6-max Seat #3 is the button
Seat 3: fluit83 ($34.94 in chips)
Seat 5: krytalex ($132.01 in chips)
fluit83: posts small blind $1
krytalex: posts big blind $3
*** HOLE CARDS ***
fluit83: raises $3 to $6
krytalex: calls $3
*** FLOP *** [2h Jh 3h]
krytalex: checks
fluit83: bets $3
krytalex: calls $3
*** TURN *** [2h Jh 3h] [Js]
krytalex: checks
fluit83: checks
*** RIVER *** [2h Jh 3h Js] [3s]
krytalex: checks
fluit83: checks
*** SHOW DOWN ***
krytalex: shows [As 9h] (two pair, Jacks and Threes)
fluit83: shows [Ad Td] (two pair, Jacks and Threes)
krytalex collected $8.82 from pot
fluit83 collected $8.82 from pot
*** SUMMARY ***
Total pot $18 | Rake $0.36
Board [2h Jh 3h Js 3s]
Seat 3: fluit83 (button) (small blind) showed [Ad Td] and won ($8.82) with two pair, Jacks and Threes
Seat 5: krytalex (big blind) showed [As 9h] and won ($8.82) with two pair, Jacks and Threes


PokerStars Hand #170351738078:  Hold'em Limit ($3/$6 USD) - 2017/05/13 6:41:41 ET
Table 'Limburgia' 6-max Seat #5 is the button
Seat 3: fluit83 ($34.76 in chips)
Seat 5: krytalex ($131.83 in chips)
krytalex: posts small blind $1
fluit83: posts big blind $3
*** HOLE CARDS ***
krytalex: raises $3 to $6
fluit83: folds
Uncalled bet ($3) returned to krytalex
krytalex collected $6 from pot
*** SUMMARY ***
Total pot $6 | Rake $0
Seat 3: fluit83 (big blind) folded before Flop
Seat 5: krytalex (button) (small blind) collected ($6)


PokerStars Hand #170351762743:  Hold'em Limit ($3/$6 USD) - 2017/05/13 6:42:36 ET
Table 'Limburgia' 6-max Seat #3 is the button
Seat 3: fluit83 ($49.26 in chips)
Seat 5: krytalex ($116.83 in chips)
fluit83: posts small blind $1
krytalex: posts big blind $3
*** HOLE CARDS ***
fluit83: raises $3 to $6
krytalex: calls $3
*** FLOP *** [Js 5c 8s]
krytalex: checks
fluit83: bets $3
krytalex: folds
Uncalled bet ($3) returned to fluit83
fluit83 collected $11.76 from pot
*** SUMMARY ***
Total pot $12 | Rake $0.24
Board [Js 5c 8s]
Seat 3: fluit83 (button) (small blind) collected ($11.76)
Seat 5: krytalex (big blind) folded on the Flop


PokerStars Hand #170351773017:  Hold'em Limit ($3/$6 USD) - 2017/05/13 6:42:59 ET
Table 'Limburgia' 6-max Seat #5 is the button
Seat 3: fluit83 ($55.02 in chips)
Seat 5: krytalex ($110.83 in chips)
krytalex: posts small blind $1
fluit83: posts big blind $3
*** HOLE CARDS ***
krytalex: raises $3 to $6
fluit83: folds
Uncalled bet ($3) returned to krytalex
krytalex collected $6 from pot
*** SUMMARY ***
Total pot $6 | Rake $0
Seat 3: fluit83 (big blind) folded before Flop
Seat 5: krytalex (button) (small blind) collected ($6)


PokerStars Hand #170351776995:  Hold'em Limit ($3/$6 USD) - 2017/05/13 6:43:07 ET
Table 'Limburgia' 6-max Seat #3 is the button
Seat 3: fluit83 ($52.02 in chips)
Seat 5: krytalex ($113.83 in chips)
fluit83: posts small blind $1
krytalex: posts big blind $3
*** HOLE CARDS ***
fluit83: folds
Uncalled bet ($2) returned to krytalex
krytalex collected $2 from pot
*** SUMMARY ***
Total pot $2 | Rake $0
Seat 3: fluit83 (button) (small blind) folded before Flop
Seat 5: krytalex (big blind) collected ($2)


PokerStars Hand #170351782689:  Hold'em Limit ($3/$6 USD) - 2017/05/13 6:43:20 ET
Table 'Limburgia' 6-max Seat #5 is the button
Seat 3: fluit83 ($51.02 in chips)
Seat 5: krytalex ($114.83 in chips)
krytalex: posts small blind $1
fluit83: posts big blind $3
*** HOLE CARDS ***
krytalex: folds
Uncalled bet ($2) returned to fluit83
fluit83 collected $2 from pot
*** SUMMARY ***
Total pot $2 | Rake $0
Seat 3: fluit83 (big blind) collected ($2)
Seat 5: krytalex (button) (small blind) folded before Flop


PokerStars Hand #170351757922:  Hold'em Limit ($3/$6 USD) - 2017/05/13 6:42:25 ET
Table 'Limburgia' 6-max Seat #5 is the button
Seat 3: fluit83 ($52.26 in chips)
Seat 5: krytalex ($113.83 in chips)
krytalex: posts small blind $1
fluit83: posts big blind $3
*** HOLE CARDS ***
krytalex said, "PIZDECCCCCCCCCCC"
krytalex said, "DEBILLLLLLLLLLL"
krytalex: raises $3 to $6
fluit83: folds
Uncalled bet ($3) returned to krytalex
krytalex collected $6 from pot
*** SUMMARY ***
Total pot $6 | Rake $0
Seat 3: fluit83 (big blind) folded before Flop
Seat 5: krytalex (button) (small blind) collected ($6)


PokerStars Hand #170351800151:  Hold'em Limit ($3/$6 USD) - 2017/05/13 6:43:58 ET
Table 'Limburgia' 6-max Seat #3 is the button
Seat 3: fluit83 ($59.66 in chips)
Seat 5: krytalex ($105.83 in chips)
fluit83: posts small blind $1
krytalex: posts big blind $3
*** HOLE CARDS ***
fluit83: folds
Uncalled bet ($2) returned to krytalex
krytalex collected $2 from pot
*** SUMMARY ***
Total pot $2 | Rake $0
Seat 3: fluit83 (button) (small blind) folded before Flop
Seat 5: krytalex (big blind) collected ($2)


PokerStars Hand #170351790373:  Hold'em Limit ($3/$6 USD) - 2017/05/13 6:43:37 ET
Table 'Limburgia' 6-max Seat #5 is the button
Seat 3: fluit83 ($51.02 in chips)
Seat 5: krytalex ($114.83 in chips)
krytalex: posts small blind $1
fluit83: posts big blind $3
*** HOLE CARDS ***
krytalex: raises $3 to $6
fluit83: raises $3 to $9
krytalex: calls $3
*** FLOP *** [Th Ts 5s]
fluit83: bets $3
krytalex: folds
Uncalled bet ($3) returned to fluit83
fluit83 collected $17.64 from pot
*** SUMMARY ***
Total pot $18 | Rake $0.36
Board [Th Ts 5s]
Seat 3: fluit83 (big blind) collected ($17.64)
Seat 5: krytalex (button) (small blind) folded on the Flop


PokerStars Hand #170351802353:  Hold'em Limit ($3/$6 USD) - 2017/05/13 6:44:03 ET
Table 'Limburgia' 6-max Seat #5 is the button
Seat 3: fluit83 ($58.66 in chips)
Seat 5: krytalex ($106.83 in chips)
krytalex: posts small blind $1
fluit83: posts big blind $3
*** HOLE CARDS ***
krytalex: raises $3 to $6
fluit83: folds
Uncalled bet ($3) returned to krytalex
krytalex collected $6 from pot
*** SUMMARY ***
Total pot $6 | Rake $0
Seat 3: fluit83 (big blind) folded before Flop
Seat 5: krytalex (button) (small blind) collected ($6)


PokerStars Hand #170351785826:  Hold'em Limit ($3/$6 USD) - 2017/05/13 6:43:27 ET
Table 'Limburgia' 6-max Seat #3 is the button
Seat 3: fluit83 ($52.02 in chips)
Seat 5: krytalex ($113.83 in chips)
fluit83: posts small blind $1
krytalex: posts big blind $3
*** HOLE CARDS ***
fluit83: folds
Uncalled bet ($2) returned to krytalex
krytalex collected $2 from pot
*** SUMMARY ***
Total pot $2 | Rake $0
Seat 3: fluit83 (button) (small blind) folded before Flop
Seat 5: krytalex (big blind) collected ($2)


PokerStars Hand #170351807515:  Hold'em Limit ($3/$6 USD) - 2017/05/13 6:44:15 ET
Table 'Limburgia' 6-max Seat #3 is the button
Seat 3: fluit83 ($55.66 in chips)
Seat 5: krytalex ($109.83 in chips)
fluit83: posts small blind $1
krytalex: posts big blind $3
*** HOLE CARDS ***
fluit83: calls $2
krytalex: raises $3 to $6
fluit83: calls $3
*** FLOP *** [Qh 6c 8h]
krytalex: checks
fluit83: checks
*** TURN *** [Qh 6c 8h] [3h]
krytalex: bets $6
fluit83: calls $6
*** RIVER *** [Qh 6c 8h 3h] [Qs]
krytalex: bets $6
fluit83: folds
Uncalled bet ($6) returned to krytalex
krytalex collected $23.52 from pot
*** SUMMARY ***
Total pot $24 | Rake $0.48
Board [Qh 6c 8h 3h Qs]
Seat 3: fluit83 (button) (small blind) folded on the River
Seat 5: krytalex (big blind) collected ($23.52)


PokerStars Hand #170351836416:  Hold'em Limit ($3/$6 USD) - 2017/05/13 6:45:19 ET
Table 'Limburgia' 6-max Seat #3 is the button
Seat 3: fluit83 ($52.30 in chips)
Seat 5: krytalex ($112.35 in chips)
fluit83: posts small blind $1
krytalex: posts big blind $3
*** HOLE CARDS ***
fluit83: folds
Uncalled bet ($2) returned to krytalex
krytalex collected $2 from pot
*** SUMMARY ***
Total pot $2 | Rake $0
Seat 3: fluit83 (button) (small blind) folded before Flop
Seat 5: krytalex (big blind) collected ($2)


PokerStars Hand #170351821711:  Hold'em Limit ($3/$6 USD) - 2017/05/13 6:44:46 ET
Table 'Limburgia' 6-max Seat #5 is the button
Seat 3: fluit83 ($43.66 in chips)
Seat 5: krytalex ($121.35 in chips)
krytalex: posts small blind $1
fluit83: posts big blind $3
*** HOLE CARDS ***
krytalex: raises $3 to $6
fluit83: raises $3 to $9
krytalex: calls $3
*** FLOP *** [7c 2s 2h]
fluit83: bets $3
krytalex: folds
Uncalled bet ($3) returned to fluit83
fluit83 collected $17.64 from pot
*** SUMMARY ***
Total pot $18 | Rake $0.36
Board [7c 2s 2h]
Seat 3: fluit83 (big blind) collected ($17.64)
Seat 5: krytalex (button) (small blind) folded on the Flop


PokerStars Hand #170351838958:  Hold'em Limit ($3/$6 USD) - 2017/05/13 6:45:24 ET
Table 'Limburgia' 6-max Seat #5 is the button
Seat 3: fluit83 ($51.30 in chips)
Seat 5: krytalex ($113.35 in chips)
krytalex: posts small blind $1
fluit83: posts big blind $3
*** HOLE CARDS ***
krytalex: raises $3 to $6
fluit83: raises $3 to $9
krytalex: raises $3 to $12
Betting is capped
fluit83: calls $3
*** FLOP *** [Ts 4c 7s]
fluit83: bets $3
krytalex: calls $3
*** TURN *** [Ts 4c 7s] [3d]
fluit83: bets $6
krytalex: calls $6
*** RIVER *** [Ts 4c 7s 3d] [7h]
fluit83: bets $6
krytalex: calls $6
*** SHOW DOWN ***
fluit83: shows [9c 9s] (two pair, Nines and Sevens)
krytalex: mucks hand
fluit83 collected $53.50 from pot
*** SUMMARY ***
Total pot $54 | Rake $0.50
Board [Ts 4c 7s 3d 7h]
Seat 3: fluit83 (big blind) showed [9c 9s] and won ($53.50) with two pair, Nines and Sevens
Seat 5: krytalex (button) (small blind) mucked


PokerStars Hand #170351856879:  Hold'em Limit ($3/$6 USD) - 2017/05/13 6:46:04 ET
Table 'Limburgia' 6-max Seat #3 is the button
Seat 3: fluit83 ($77.80 in chips)
Seat 5: krytalex ($86.35 in chips)
fluit83: posts small blind $1
krytalex: posts big blind $3
*** HOLE CARDS ***
fluit83: calls $2
krytalex: checks
*** FLOP *** [Qc Th Kd]
krytalex: checks
fluit83: bets $3
krytalex: folds
Uncalled bet ($3) returned to fluit83
fluit83 collected $5.88 from pot
*** SUMMARY ***
Total pot $6 | Rake $0.12
Board [Qc Th Kd]
Seat 3: fluit83 (button) (small blind) collected ($5.88)
Seat 5: krytalex (big blind) folded on the Flop


PokerStars Hand #170351868361:  Hold'em Limit ($3/$6 USD) - 2017/05/13 6:46:30 ET
Table 'Limburgia' 6-max Seat #5 is the button
Seat 3: fluit83 ($80.68 in chips)
Seat 5: krytalex ($83.35 in chips)
krytalex: posts small blind $1
fluit83: posts big blind $3
*** HOLE CARDS ***
krytalex: raises $3 to $6
fluit83: calls $3
*** FLOP *** [7s 2d 3d]
fluit83: checks
krytalex: bets $3
fluit83: folds
Uncalled bet ($3) returned to krytalex
krytalex collected $11.76 from pot
*** SUMMARY ***
Total pot $12 | Rake $0.24
Board [7s 2d 3d]
Seat 3: fluit83 (big blind) folded on the Flop
Seat 5: krytalex (button) (small blind) collected ($11.76)


PokerStars Hand #170351876026:  Hold'em Limit ($3/$6 USD) - 2017/05/13 6:46:47 ET
Table 'Limburgia' 6-max Seat #3 is the button
Seat 3: fluit83 ($74.68 in chips)
Seat 5: krytalex ($89.11 in chips)
fluit83: posts small blind $1
krytalex: posts big blind $3
*** HOLE CARDS ***
fluit83: raises $3 to $6
krytalex: raises $3 to $9
fluit83: calls $3
*** FLOP *** [Ac Js Ah]
krytalex: bets $3
fluit83: folds
Uncalled bet ($3) returned to krytalex
krytalex collected $17.64 from pot
*** SUMMARY ***
Total pot $18 | Rake $0.36
Board [Ac Js Ah]
Seat 3: fluit83 (button) (small blind) folded on the Flop
Seat 5: krytalex (big blind) collected ($17.64)


PokerStars Hand #170351884705:  Hold'em Limit ($3/$6 USD) - 2017/05/13 6:47:06 ET
Table 'Limburgia' 6-max Seat #5 is the button
Seat 3: fluit83 ($65.68 in chips)
Seat 5: krytalex ($97.75 in chips)
krytalex: posts small blind $1
fluit83: posts big blind $3
*** HOLE CARDS ***
krytalex: raises $3 to $6
fluit83: folds
Uncalled bet ($3) returned to krytalex
krytalex collected $6 from pot
*** SUMMARY ***
Total pot $6 | Rake $0
Seat 3: fluit83 (big blind) folded before Flop
Seat 5: krytalex (button) (small blind) collected ($6)


PokerStars Hand #170351888072:  Hold'em Limit ($3/$6 USD) - 2017/05/13 6:47:13 ET
Table 'Limburgia' 6-max Seat #3 is the button
Seat 3: fluit83 ($62.68 in chips)
Seat 5: krytalex ($100.75 in chips)
fluit83: posts small blind $1
krytalex: posts big blind $3
*** HOLE CARDS ***
fluit83: raises $3 to $6
krytalex: calls $3
*** FLOP *** [2h 3d 5h]
krytalex: checks
fluit83: bets $3
krytalex: calls $3
*** TURN *** [2h 3d 5h] [Td]
krytalex: checks
fluit83: bets $6
krytalex: calls $6
*** RIVER *** [2h 3d 5h Td] [3h]
krytalex: checks
fluit83: checks
*** SHOW DOWN ***
krytalex: shows [3c Ad] (three of a kind, Threes)
fluit83: mucks hand
krytalex collected $29.50 from pot
*** SUMMARY ***
Total pot $30 | Rake $0.50
Board [2h 3d 5h Td 3h]
Seat 3: fluit83 (button) (small blind) mucked
Seat 5: krytalex (big blind) showed [3c Ad] and won ($29.50) with three of a kind, Threes


PokerStars Hand #170351905576:  Hold'em Limit ($3/$6 USD) - 2017/05/13 6:47:52 ET
Table 'Limburgia' 6-max Seat #5 is the button
Seat 3: fluit83 ($47.68 in chips)
Seat 5: krytalex ($115.25 in chips)
krytalex: posts small blind $1
fluit83: posts big blind $3
*** HOLE CARDS ***
krytalex: raises $3 to $6
fluit83: calls $3
*** FLOP *** [6c Js 7c]
fluit83 said, "stars reward the donkeys"
fluit83: checks
krytalex: bets $3
fluit83: calls $3
*** TURN *** [6c Js 7c] [5h]
fluit83: checks
krytalex: bets $6
fluit83: calls $6
*** RIVER *** [6c Js 7c 5h] [6s]
fluit83: checks
krytalex: bets $6
fluit83: calls $6
*** SHOW DOWN ***
krytalex: shows [Ad Ac] (two pair, Aces and Sixes)
fluit83: mucks hand
krytalex collected $41.50 from pot
*** SUMMARY ***
Total pot $42 | Rake $0.50
Board [6c Js 7c 5h 6s]
Seat 3: fluit83 (big blind) mucked
Seat 5: krytalex (button) (small blind) showed [Ad Ac] and won ($41.50) with two pair, Aces and Sixes


PokerStars Hand #170351925527:  Hold'em Limit ($3/$6 USD) - 2017/05/13 6:48:36 ET
Table 'Limburgia' 6-max Seat #3 is the button
Seat 3: fluit83 ($26.68 in chips)
Seat 5: krytalex ($135.75 in chips)
fluit83: posts small blind $1
krytalex: posts big blind $3
*** HOLE CARDS ***
fluit83: raises $3 to $6
krytalex: calls $3
*** FLOP *** [Ks Kd Jd]
krytalex: checks
fluit83: bets $3
krytalex: folds
Uncalled bet ($3) returned to fluit83
fluit83 collected $11.76 from pot
*** SUMMARY ***
Total pot $12 | Rake $0.24
Board [Ks Kd Jd]
Seat 3: fluit83 (button) (small blind) collected ($11.76)
Seat 5: krytalex (big blind) folded on the Flop


PokerStars Hand #170351938926:  Hold'em Limit ($3/$6 USD) - 2017/05/13 6:49:05 ET
Table 'Limburgia' 6-max Seat #5 is the button
Seat 3: fluit83 ($32.44 in chips)
Seat 5: krytalex ($129.75 in chips)
krytalex: posts small blind $1
fluit83: posts big blind $3
*** HOLE CARDS ***
krytalex: raises $3 to $6
fluit83: calls $3
*** FLOP *** [5s Kd 4d]
fluit83: checks
krytalex: bets $3
fluit83: calls $3
*** TURN *** [5s Kd 4d] [As]
fluit83: checks
krytalex: bets $6
fluit83: calls $6
*** RIVER *** [5s Kd 4d As] [5h]
fluit83: bets $6
krytalex: folds
Uncalled bet ($6) returned to fluit83
fluit83 collected $29.50 from pot
*** SUMMARY ***
Total pot $30 | Rake $0.50
Board [5s Kd 4d As 5h]
Seat 3: fluit83 (big blind) collected ($29.50)
Seat 5: krytalex (button) (small blind) folded on the River


PokerStars Hand #170351952799:  Hold'em Limit ($3/$6 USD) - 2017/05/13 6:49:36 ET
Table 'Limburgia' 6-max Seat #3 is the button
Seat 3: fluit83 ($46.94 in chips)
Seat 5: krytalex ($114.75 in chips)
fluit83: posts small blind $1
krytalex: posts big blind $3
*** HOLE CARDS ***
fluit83: raises $3 to $6
krytalex: calls $3
*** FLOP *** [Kh Ks Kd]
krytalex: checks
fluit83: bets $3
krytalex: calls $3
*** TURN *** [Kh Ks Kd] [4c]
krytalex: checks
fluit83: checks
*** RIVER *** [Kh Ks Kd 4c] [6d]
krytalex: checks
fluit83: checks
*** SHOW DOWN ***
krytalex: shows [Js 3s] (three of a kind, Kings)
fluit83: shows [Tc Ah] (three of a kind, Kings - Ace kicker)
fluit83 collected $17.64 from pot
*** SUMMARY ***
Total pot $18 | Rake $0.36
Board [Kh Ks Kd 4c 6d]
Seat 3: fluit83 (button) (small blind) showed [Tc Ah] and won ($17.64) with three of a kind, Kings
Seat 5: krytalex (big blind) showed [Js 3s] and lost with three of a kind, Kings


PokerStars Hand #170351965408:  Hold'em Limit ($3/$6 USD) - 2017/05/13 6:50:03 ET
Table 'Limburgia' 6-max Seat #5 is the button
Seat 3: fluit83 ($55.58 in chips)
Seat 5: krytalex ($105.75 in chips)
krytalex: posts small blind $1
fluit83: posts big blind $3
*** HOLE CARDS ***
krytalex: raises $3 to $6
fluit83: calls $3
*** FLOP *** [3h 9h Ac]
fluit83: checks
krytalex: bets $3
fluit83: folds
Uncalled bet ($3) returned to krytalex
krytalex collected $11.76 from pot
*** SUMMARY ***
Total pot $12 | Rake $0.24
Board [3h 9h Ac]
Seat 3: fluit83 (big blind) folded on the Flop
Seat 5: krytalex (button) (small blind) collected ($11.76)


PokerStars Hand #170351986219:  Hold'em Limit ($3/$6 USD) - 2017/05/13 6:50:50 ET
Table 'Limburgia' 6-max Seat #5 is the button
Seat 3: fluit83 ($55.34 in chips)
Seat 5: krytalex ($105.51 in chips)
krytalex: posts small blind $1
fluit83: posts big blind $3
*** HOLE CARDS ***
krytalex: raises $3 to $6
fluit83: calls $3
*** FLOP *** [Qd 5s 3d]
fluit83: checks
krytalex: bets $3
fluit83: folds
Uncalled bet ($3) returned to krytalex
krytalex collected $11.76 from pot
*** SUMMARY ***
Total pot $12 | Rake $0.24
Board [Qd 5s 3d]
Seat 3: fluit83 (big blind) folded on the Flop
Seat 5: krytalex (button) (small blind) collected ($11.76)


PokerStars Hand #170351991602:  Hold'em Limit ($3/$6 USD) - 2017/05/13 6:51:02 ET
Table 'Limburgia' 6-max Seat #3 is the button
Seat 3: fluit83 ($49.34 in chips)
Seat 5: krytalex ($111.27 in chips)
fluit83: posts small blind $1
krytalex: posts big blind $3
*** HOLE CARDS ***
fluit83: raises $3 to $6
krytalex: calls $3
*** FLOP *** [9s Td 9c]
krytalex: checks
fluit83: bets $3
krytalex: raises $3 to $6
fluit83: calls $3
*** TURN *** [9s Td 9c] [Ts]
krytalex: bets $6
fluit83: folds
Uncalled bet ($6) returned to krytalex
krytalex collected $23.52 from pot
*** SUMMARY ***
Total pot $24 | Rake $0.48
Board [9s Td 9c Ts]
Seat 3: fluit83 (button) (small blind) folded on the Turn
Seat 5: krytalex (big blind) collected ($23.52)


PokerStars Hand #170352002782:  Hold'em Limit ($3/$6 USD) - 2017/05/13 6:51:27 ET
Table 'Limburgia' 6-max Seat #5 is the button
Seat 3: fluit83 ($37.34 in chips)
Seat 5: krytalex ($122.79 in chips)
krytalex: posts small blind $1
fluit83: posts big blind $3
*** HOLE CARDS ***
krytalex: raises $3 to $6
fluit83: folds
Uncalled bet ($3) returned to krytalex
krytalex collected $6 from pot
*** SUMMARY ***
Total pot $6 | Rake $0
Seat 3: fluit83 (big blind) folded before Flop
Seat 5: krytalex (button) (small blind) collected ($6)


PokerStars Hand #170351974224:  Hold'em Limit ($3/$6 USD) - 2017/05/13 6:50:23 ET
Table 'Limburgia' 6-max Seat #3 is the button
Seat 3: fluit83 ($49.58 in chips)
Seat 5: krytalex ($111.51 in chips)
fluit83: posts small blind $1
krytalex: posts big blind $3
*** HOLE CARDS ***
fluit83: raises $3 to $6
krytalex: calls $3
*** FLOP *** [Ks 8h 8c]
krytalex: checks
fluit83: bets $3
krytalex: folds
Uncalled bet ($3) returned to fluit83
fluit83 collected $11.76 from pot
*** SUMMARY ***
Total pot $12 | Rake $0.24
Board [Ks 8h 8c]
Seat 3: fluit83 (button) (small blind) collected ($11.76)
Seat 5: krytalex (big blind) folded on the Flop


PokerStars Hand #170352006447:  Hold'em Limit ($3/$6 USD) - 2017/05/13 6:51:35 ET
Table 'Limburgia' 6-max Seat #3 is the button
Seat 3: fluit83 ($34.34 in chips)
Seat 5: krytalex ($125.79 in chips)
fluit83: posts small blind $1
krytalex: posts big blind $3
*** HOLE CARDS ***
fluit83: calls $2
krytalex: checks
*** FLOP *** [Kh Ac 8h]
krytalex: checks
fluit83: bets $3
krytalex: folds
Uncalled bet ($3) returned to fluit83
fluit83 collected $5.88 from pot
*** SUMMARY ***
Total pot $6 | Rake $0.12
Board [Kh Ac 8h]
Seat 3: fluit83 (button) (small blind) collected ($5.88)
Seat 5: krytalex (big blind) folded on the Flop


PokerStars Hand #170352014479:  Hold'em Limit ($3/$6 USD) - 2017/05/13 6:51:52 ET
Table 'Limburgia' 6-max Seat #5 is the button
Seat 3: fluit83 ($37.22 in chips)
Seat 5: krytalex ($122.79 in chips)
krytalex: posts small blind $1
fluit83: posts big blind $3
*** HOLE CARDS ***
krytalex: raises $3 to $6
fluit83: folds
Uncalled bet ($3) returned to krytalex
krytalex collected $6 from pot
*** SUMMARY ***
Total pot $6 | Rake $0
Seat 3: fluit83 (big blind) folded before Flop
Seat 5: krytalex (button) (small blind) collected ($6)


PokerStars Hand #170352020038:  Hold'em Limit ($3/$6 USD) - 2017/05/13 6:52:05 ET
Table 'Limburgia' 6-max Seat #3 is the button
Seat 3: fluit83 ($34.22 in chips)
Seat 5: krytalex ($125.79 in chips)
fluit83: posts small blind $1
krytalex: posts big blind $3
*** HOLE CARDS ***
fluit83: raises $3 to $6
krytalex: calls $3
*** FLOP *** [7d 3s 2d]
krytalex: checks
fluit83: bets $3
krytalex: folds
Uncalled bet ($3) returned to fluit83
fluit83 collected $11.76 from pot
*** SUMMARY ***
Total pot $12 | Rake $0.24
Board [7d 3s 2d]
Seat 3: fluit83 (button) (small blind) collected ($11.76)
Seat 5: krytalex (big blind) folded on the Flop


PokerStars Hand #170352033252:  Hold'em Limit ($3/$6 USD) - 2017/05/13 6:52:34 ET
Table 'Limburgia' 6-max Seat #5 is the button
Seat 3: fluit83 ($39.98 in chips)
Seat 5: krytalex ($119.79 in chips)
krytalex: posts small blind $1
fluit83: posts big blind $3
*** HOLE CARDS ***
krytalex: raises $3 to $6
fluit83: raises $3 to $9
krytalex: calls $3
*** FLOP *** [Th Td Ad]
fluit83: bets $3
krytalex: calls $3
*** TURN *** [Th Td Ad] [9d]
fluit83: bets $6
krytalex: calls $6
*** RIVER *** [Th Td Ad 9d] [8s]
fluit83: bets $6
krytalex: calls $6
*** SHOW DOWN ***
fluit83: shows [6s 6d] (two pair, Tens and Sixes)
krytalex: shows [Ac 6c] (two pair, Aces and Tens)
krytalex collected $47.50 from pot
*** SUMMARY ***
Total pot $48 | Rake $0.50
Board [Th Td Ad 9d 8s]
Seat 3: fluit83 (big blind) showed [6s 6d] and lost with two pair, Tens and Sixes
Seat 5: krytalex (button) (small blind) showed [Ac 6c] and won ($47.50) with two pair, Aces and Tens


PokerStars Hand #170352042351:  Hold'em Limit ($3/$6 USD) - 2017/05/13 6:52:54 ET
Table 'Limburgia' 6-max Seat #3 is the button
Seat 3: fluit83 ($15.98 in chips)
Seat 5: krytalex ($143.29 in chips)
fluit83: posts small blind $1
krytalex: posts big blind $3
*** HOLE CARDS ***
fluit83: folds
Uncalled bet ($2) returned to krytalex
krytalex collected $2 from pot
*** SUMMARY ***
Total pot $2 | Rake $0
Seat 3: fluit83 (button) (small blind) folded before Flop
Seat 5: krytalex (big blind) collected ($2)


PokerStars Hand #170352045238:  Hold'em Limit ($3/$6 USD) - 2017/05/13 6:53:01 ET
Table 'Limburgia' 6-max Seat #5 is the button
Seat 3: fluit83 ($14.98 in chips)
Seat 5: krytalex ($144.29 in chips)
krytalex: posts small blind $1
fluit83: posts big blind $3
*** HOLE CARDS ***
krytalex: folds
Uncalled bet ($2) returned to fluit83
fluit83 collected $2 from pot
*** SUMMARY ***
Total pot $2 | Rake $0
Seat 3: fluit83 (big blind) collected ($2)
Seat 5: krytalex (button) (small blind) folded before Flop


PokerStars Hand #170352075831:  Hold'em Limit ($3/$6 USD) - 2017/05/13 6:54:08 ET
Table 'Limburgia' 6-max Seat #5 is the button
Seat 3: fluit83 ($12.98 in chips)
Seat 5: krytalex ($146.17 in chips)
krytalex: posts small blind $1
fluit83: posts big blind $3
*** HOLE CARDS ***
krytalex: raises $3 to $6
fluit83: raises $3 to $9
krytalex: calls $3
*** FLOP *** [Ah Ad 7h]
fluit83: bets $3
krytalex: raises $3 to $6
fluit83: calls $0.98 and is all-in
Uncalled bet ($2.02) returned to krytalex
*** TURN *** [Ah Ad 7h] [Kc]
*** RIVER *** [Ah Ad 7h Kc] [8c]
*** SHOW DOWN ***
fluit83: shows [As Qd] (three of a kind, Aces)
krytalex: shows [7s 9h] (two pair, Aces and Sevens)
fluit83 collected $25.46 from pot
*** SUMMARY ***
Total pot $25.96 | Rake $0.50
Board [Ah Ad 7h Kc 8c]
Seat 3: fluit83 (big blind) showed [As Qd] and won ($25.46) with three of a kind, Aces
Seat 5: krytalex (button) (small blind) showed [7s 9h] and lost with two pair, Aces and Sevens


PokerStars Hand #170352056290:  Hold'em Limit ($3/$6 USD) - 2017/05/13 6:53:25 ET
Table 'Limburgia' 6-max Seat #3 is the button
Seat 3: fluit83 ($15.98 in chips)
Seat 5: krytalex ($143.29 in chips)
fluit83: posts small blind $1
krytalex: posts big blind $3
*** HOLE CARDS ***
fluit83: calls $2
krytalex: checks
*** FLOP *** [Ts 6d 5d]
krytalex: bets $3
fluit83: folds
Uncalled bet ($3) returned to krytalex
krytalex collected $5.88 from pot
*** SUMMARY ***
Total pot $6 | Rake $0.12
Board [Ts 6d 5d]
Seat 3: fluit83 (button) (small blind) folded on the Flop
Seat 5: krytalex (big blind) collected ($5.88)


PokerStars Hand #170352106437:  Hold'em Limit ($3/$6 USD) - 2017/05/13 6:55:16 ET
Table 'Limburgia' 6-max Seat #5 is the button
Seat 3: fluit83 ($6.78 in chips)
Seat 5: krytalex ($151.23 in chips)
krytalex: posts small blind $1
fluit83: posts big blind $3
*** HOLE CARDS ***
krytalex: folds
Uncalled bet ($2) returned to fluit83
fluit83 collected $2 from pot
*** SUMMARY ***
Total pot $2 | Rake $0
Seat 3: fluit83 (big blind) collected ($2)
Seat 5: krytalex (button) (small blind) folded before Flop


PokerStars Hand #170352100755:  Hold'em Limit ($3/$6 USD) - 2017/05/13 6:55:03 ET
Table 'Limburgia' 6-max Seat #3 is the button
Seat 3: fluit83 ($3.46 in chips)
Seat 5: krytalex ($154.69 in chips)
fluit83: posts small blind $1
krytalex: posts big blind $3
*** HOLE CARDS ***
fluit83: raises $0.46 to $3.46 and is all-in
krytalex: calls $0.46
fluit83 said, "lol"
*** FLOP *** [Qh Qs 2h]
*** TURN *** [Qh Qs 2h] [9h]
*** RIVER *** [Qh Qs 2h 9h] [2s]
*** SHOW DOWN ***
krytalex: shows [5d 5h] (two pair, Queens and Fives)
fluit83: shows [Kd Qc] (a full house, Queens full of Deuces)
fluit83 collected $6.78 from pot
*** SUMMARY ***
Total pot $6.92 | Rake $0.14
Board [Qh Qs 2h 9h 2s]
Seat 3: fluit83 (button) (small blind) showed [Kd Qc] and won ($6.78) with a full house, Queens full of Deuces
Seat 5: krytalex (big blind) showed [5d 5h] and lost with two pair, Queens and Fives


PokerStars Hand #170352089385:  Hold'em Limit ($3/$6 USD) - 2017/05/13 6:54:38 ET
Table 'Limburgia' 6-max Seat #5 is the button
Seat 3: fluit83 ($24.46 in chips)
Seat 5: krytalex ($134.19 in chips)
krytalex: posts small blind $1
fluit83: posts big blind $3
*** HOLE CARDS ***
krytalex: raises $3 to $6
fluit83: calls $3
*** FLOP *** [3s Ah 5h]
fluit83: bets $3
krytalex: calls $3
*** TURN *** [3s Ah 5h] [8d]
fluit83: bets $6
krytalex: calls $6
*** RIVER *** [3s Ah 5h 8d] [9d]
fluit83: bets $6
krytalex: calls $6
*** SHOW DOWN ***
fluit83: shows [6h 5d] (a pair of Fives)
krytalex: shows [Kc 8c] (a pair of Eights)
krytalex collected $41.50 from pot
*** SUMMARY ***
Total pot $42 | Rake $0.50
Board [3s Ah 5h 8d 9d]
Seat 3: fluit83 (big blind) showed [6h 5d] and lost with a pair of Fives
Seat 5: krytalex (button) (small blind) showed [Kc 8c] and won ($41.50) with a pair of Eights


PokerStars Hand #170352086655:  Hold'em Limit ($3/$6 USD) - 2017/05/13 6:54:32 ET
Table 'Limburgia' 6-max Seat #3 is the button
Seat 3: fluit83 ($25.46 in chips)
Seat 5: krytalex ($133.19 in chips)
fluit83: posts small blind $1
krytalex: posts big blind $3
*** HOLE CARDS ***
fluit83: folds
Uncalled bet ($2) returned to krytalex
krytalex collected $2 from pot
*** SUMMARY ***
Total pot $2 | Rake $0
Seat 3: fluit83 (button) (small blind) folded before Flop
Seat 5: krytalex (big blind) collected ($2)


PokerStars Hand #170352108836:  Hold'em Limit ($3/$6 USD) - 2017/05/13 6:55:22 ET
Table 'Limburgia' 6-max Seat #3 is the button
Seat 3: fluit83 ($7.78 in chips)
Seat 5: krytalex ($150.23 in chips)
fluit83: posts small blind $1
krytalex: posts big blind $3
*** HOLE CARDS ***
fluit83: raises $3 to $6
krytalex: raises $3 to $9
fluit83: calls $1.78 and is all-in
Uncalled bet ($1.22) returned to krytalex
*** FLOP *** [6h 3d 9h]
*** TURN *** [6h 3d 9h] [Th]
*** RIVER *** [6h 3d 9h Th] [5c]
*** SHOW DOWN ***
krytalex: shows [Jd Qc] (high card Queen)
fluit83: shows [2h Ac] (high card Ace)
fluit83 collected $15.25 from pot
*** SUMMARY ***
Total pot $15.56 | Rake $0.31
Board [6h 3d 9h Th 5c]
Seat 3: fluit83 (button) (small blind) showed [2h Ac] and won ($15.25) with high card Ace
Seat 5: krytalex (big blind) showed [Jd Qc] and lost with high card Queen


PokerStars Hand #170352122258:  Hold'em Limit ($3/$6 USD) - 2017/05/13 6:55:56 ET
Table 'Limburgia' 6-max Seat #5 is the button
Seat 3: fluit83 ($12.25 in chips)
Seat 5: krytalex ($145.21 in chips)
krytalex: posts small blind $1
fluit83: posts big blind $3
*** HOLE CARDS ***
krytalex: raises $3 to $6
fluit83: raises $3 to $9
krytalex: calls $3
*** FLOP *** [9c 3s 4c]
fluit83: bets $3
krytalex: raises $3 to $6
fluit83: calls $0.25 and is all-in
Uncalled bet ($2.75) returned to krytalex
*** TURN *** [9c 3s 4c] [Qd]
*** RIVER *** [9c 3s 4c Qd] [Jc]
*** SHOW DOWN ***
fluit83: shows [Kd 2h] (high card King)
krytalex: shows [9s Td] (a pair of Nines)
krytalex collected $24.01 from pot
*** SUMMARY ***
Total pot $24.50 | Rake $0.49
Board [9c 3s 4c Qd Jc]
Seat 3: fluit83 (big blind) showed [Kd 2h] and lost with high card King
Seat 5: krytalex (button) (small blind) showed [9s Td] and won ($24.01) with a pair of Nines


PokerStars Hand #170352119885:  Hold'em Limit ($3/$6 USD) - 2017/05/13 6:55:50 ET
Table 'Limburgia' 6-max Seat #3 is the button
Seat 3: fluit83 ($9.25 in chips)
Seat 5: krytalex ($148.21 in chips)
fluit83: posts small blind $1
krytalex: posts big blind $3
*** HOLE CARDS ***
fluit83: raises $3 to $6
krytalex: folds
Uncalled bet ($3) returned to fluit83
fluit83 collected $6 from pot
*** SUMMARY ***
Total pot $6 | Rake $0
Seat 3: fluit83 (button) (small blind) collected ($6)
Seat 5: krytalex (big blind) folded before Flop


PokerStars Hand #170352114572:  Hold'em Limit ($3/$6 USD) - 2017/05/13 6:55:37 ET
Table 'Limburgia' 6-max Seat #5 is the button
Seat 3: fluit83 ($15.25 in chips)
Seat 5: krytalex ($142.45 in chips)
krytalex: posts small blind $1
fluit83: posts big blind $3
*** HOLE CARDS ***
krytalex: raises $3 to $6
fluit83: calls $3
*** FLOP *** [3h Kc 2s]
fluit83: checks
krytalex: bets $3
fluit83: folds
Uncalled bet ($3) returned to krytalex
krytalex collected $11.76 from pot
*** SUMMARY ***
Total pot $12 | Rake $0.24
Board [3h Kc 2s]
Seat 3: fluit83 (big blind) folded on the Flop
Seat 5: krytalex (button) (small blind) collected ($11.76)


