PokerStars Hand #163398085481:  Hold'em Limit ($3/$6 USD) - 2016/12/23 11:51:01 ET
Table 'Lina II' 6-max Seat #3 is the button
Seat 3: kazasm2p ($27.70 in chips)
Seat 6: paer42 ($53.49 in chips)
kazasm2p: posts small blind $1
paer42: posts big blind $3
*** HOLE CARDS ***
kazasm2p: raises $3 to $6
paer42: calls $3
*** FLOP *** [Qh 8c Ah]
paer42: checks
kazasm2p: bets $3
paer42: calls $3
*** TURN *** [Qh 8c Ah] [Jh]
paer42: checks
kazasm2p: bets $6
paer42: folds
Uncalled bet ($6) returned to kazasm2p
kazasm2p collected $17.64 from pot
kazasm2p: doesn't show hand
*** SUMMARY ***
Total pot $18 | Rake $0.36
Board [Qh 8c Ah Jh]
Seat 3: kazasm2p (button) (small blind) collected ($17.64)
Seat 6: paer42 (big blind) folded on the Turn


PokerStars Hand #163398096426:  Hold'em Limit ($3/$6 USD) - 2016/12/23 11:51:16 ET
Table 'Lina II' 6-max Seat #6 is the button
Seat 3: kazasm2p ($36.34 in chips)
Seat 6: paer42 ($44.49 in chips)
paer42: posts small blind $1
kazasm2p: posts big blind $3
*** HOLE CARDS ***
paer42: calls $2
kazasm2p: raises $3 to $6
paer42: calls $3
*** FLOP *** [7h Js 6s]
kazasm2p: bets $3
paer42: calls $3
*** TURN *** [7h Js 6s] [Jh]
kazasm2p: bets $6
paer42: calls $6
*** RIVER *** [7h Js 6s Jh] [4d]
kazasm2p: bets $6
paer42: folds
Uncalled bet ($6) returned to kazasm2p
kazasm2p collected $29.50 from pot
kazasm2p: doesn't show hand
*** SUMMARY ***
Total pot $30 | Rake $0.50
Board [7h Js 6s Jh 4d]
Seat 3: kazasm2p (big blind) collected ($29.50)
Seat 6: paer42 (button) (small blind) folded on the River


PokerStars Hand #163398151663:  Hold'em Limit ($3/$6 USD) - 2016/12/23 11:52:27 ET
Table 'Lina II' 6-max Seat #3 is the button
Seat 3: kazasm2p ($32.84 in chips)
Seat 6: paer42 ($46.77 in chips)
kazasm2p: posts small blind $1
paer42: posts big blind $3
*** HOLE CARDS ***
kazasm2p: calls $2
paer42: raises $3 to $6
kazasm2p: calls $3
*** FLOP *** [4s Qs Jc]
paer42: checks
kazasm2p: bets $3
paer42: calls $3
*** TURN *** [4s Qs Jc] [4h]
paer42: checks
kazasm2p: bets $6
paer42: calls $6
*** RIVER *** [4s Qs Jc 4h] [8d]
paer42: checks
kazasm2p: bets $6
paer42: folds
Uncalled bet ($6) returned to kazasm2p
kazasm2p collected $29.50 from pot
kazasm2p: doesn't show hand
*** SUMMARY ***
Total pot $30 | Rake $0.50
Board [4s Qs Jc 4h 8d]
Seat 3: kazasm2p (button) (small blind) collected ($29.50)
Seat 6: paer42 (big blind) folded on the River


PokerStars Hand #163398136944:  Hold'em Limit ($3/$6 USD) - 2016/12/23 11:52:08 ET
Table 'Lina II' 6-max Seat #6 is the button
Seat 3: kazasm2p ($41.84 in chips)
Seat 6: paer42 ($38.13 in chips)
paer42: posts small blind $1
kazasm2p: posts big blind $3
*** HOLE CARDS ***
paer42: raises $3 to $6
kazasm2p: calls $3
*** FLOP *** [Kc 4d 6s]
kazasm2p: checks
paer42: bets $3
kazasm2p: calls $3
*** TURN *** [Kc 4d 6s] [4c]
kazasm2p: checks
paer42: bets $6
kazasm2p: folds
Uncalled bet ($6) returned to paer42
paer42 collected $17.64 from pot
paer42: doesn't show hand
*** SUMMARY ***
Total pot $18 | Rake $0.36
Board [Kc 4d 6s 4c]
Seat 3: kazasm2p (big blind) folded on the Turn
Seat 6: paer42 (button) (small blind) collected ($17.64)


PokerStars Hand #163398124627:  Hold'em Limit ($3/$6 USD) - 2016/12/23 11:51:52 ET
Table 'Lina II' 6-max Seat #3 is the button
Seat 3: kazasm2p ($50.84 in chips)
Seat 6: paer42 ($29.49 in chips)
kazasm2p: posts small blind $1
paer42: posts big blind $3
*** HOLE CARDS ***
kazasm2p: calls $2
paer42: raises $3 to $6
kazasm2p: calls $3
*** FLOP *** [4h Jc 2d]
paer42: bets $3
kazasm2p: calls $3
*** TURN *** [4h Jc 2d] [9c]
paer42: bets $6
kazasm2p: folds
Uncalled bet ($6) returned to paer42
paer42 collected $17.64 from pot
paer42: doesn't show hand
*** SUMMARY ***
Total pot $18 | Rake $0.36
Board [4h Jc 2d 9c]
Seat 3: kazasm2p (button) (small blind) folded on the Turn
Seat 6: paer42 (big blind) collected ($17.64)


PokerStars Hand #163398166206:  Hold'em Limit ($3/$6 USD) - 2016/12/23 11:52:45 ET
Table 'Lina II' 6-max Seat #6 is the button
Seat 3: kazasm2p ($47.34 in chips)
Seat 6: paer42 ($31.77 in chips)
paer42: posts small blind $1
kazasm2p: posts big blind $3
*** HOLE CARDS ***
paer42: calls $2
kazasm2p: checks
*** FLOP *** [Th 3d 7s]
kazasm2p: checks
paer42: bets $3
kazasm2p: calls $3
*** TURN *** [Th 3d 7s] [Ah]
kazasm2p: checks
paer42: bets $6
kazasm2p: folds
Uncalled bet ($6) returned to paer42
paer42 collected $11.76 from pot
paer42: doesn't show hand
*** SUMMARY ***
Total pot $12 | Rake $0.24
Board [Th 3d 7s Ah]
Seat 3: kazasm2p (big blind) folded on the Turn
Seat 6: paer42 (button) (small blind) collected ($11.76)


PokerStars Hand #163398188320:  Hold'em Limit ($3/$6 USD) - 2016/12/23 11:53:13 ET
Table 'Lina II' 6-max Seat #6 is the button
Seat 3: kazasm2p ($55.84 in chips)
Seat 6: paer42 ($22.53 in chips)
paer42: posts small blind $1
kazasm2p: posts big blind $3
*** HOLE CARDS ***
paer42: calls $2
kazasm2p: raises $3 to $6
paer42: raises $3 to $9
kazasm2p: calls $3
*** FLOP *** [3h 6h 3c]
kazasm2p: checks
paer42: bets $3
kazasm2p: folds
Uncalled bet ($3) returned to paer42
paer42 collected $17.64 from pot
paer42: doesn't show hand
*** SUMMARY ***
Total pot $18 | Rake $0.36
Board [3h 6h 3c]
Seat 3: kazasm2p (big blind) folded on the Flop
Seat 6: paer42 (button) (small blind) collected ($17.64)


PokerStars Hand #163398203734:  Hold'em Limit ($3/$6 USD) - 2016/12/23 11:53:33 ET
Table 'Lina II' 6-max Seat #3 is the button
Seat 3: kazasm2p ($46.84 in chips)
Seat 6: paer42 ($31.17 in chips)
kazasm2p: posts small blind $1
paer42: posts big blind $3
*** HOLE CARDS ***
kazasm2p: calls $2
paer42: raises $3 to $6
kazasm2p: calls $3
*** FLOP *** [Jh Qh Kc]
paer42: bets $3
kazasm2p: calls $3
*** TURN *** [Jh Qh Kc] [As]
paer42: bets $6
kazasm2p: folds
Uncalled bet ($6) returned to paer42
paer42 collected $17.64 from pot
paer42: doesn't show hand
*** SUMMARY ***
Total pot $18 | Rake $0.36
Board [Jh Qh Kc As]
Seat 3: kazasm2p (button) (small blind) folded on the Turn
Seat 6: paer42 (big blind) collected ($17.64)


PokerStars Hand #163398178003:  Hold'em Limit ($3/$6 USD) - 2016/12/23 11:53:00 ET
Table 'Lina II' 6-max Seat #3 is the button
Seat 3: kazasm2p ($41.34 in chips)
Seat 6: paer42 ($37.53 in chips)
kazasm2p: posts small blind $1
paer42: posts big blind $3
*** HOLE CARDS ***
kazasm2p: calls $2
paer42: raises $3 to $6
kazasm2p: calls $3
*** FLOP *** [3h Th Qs]
paer42: bets $3
kazasm2p: calls $3
*** TURN *** [3h Th Qs] [Jh]
paer42: bets $6
kazasm2p: calls $6
*** RIVER *** [3h Th Qs Jh] [6c]
paer42: checks
kazasm2p: checks
*** SHOW DOWN ***
paer42: shows [6h 3s] (two pair, Sixes and Threes)
kazasm2p: shows [3c Td] (two pair, Tens and Threes)
kazasm2p collected $29.50 from pot
*** SUMMARY ***
Total pot $30 | Rake $0.50
Board [3h Th Qs Jh 6c]
Seat 3: kazasm2p (button) (small blind) showed [3c Td] and won ($29.50) with two pair, Tens and Threes
Seat 6: paer42 (big blind) showed [6h 3s] and lost with two pair, Sixes and Threes


PokerStars Hand #163398212578:  Hold'em Limit ($3/$6 USD) - 2016/12/23 11:53:44 ET
Table 'Lina II' 6-max Seat #6 is the button
Seat 3: kazasm2p ($37.84 in chips)
Seat 6: paer42 ($39.81 in chips)
paer42: posts small blind $1
kazasm2p: posts big blind $3
*** HOLE CARDS ***
paer42: calls $2
kazasm2p: checks
*** FLOP *** [2d 6h Qs]
kazasm2p: checks
paer42: bets $3
kazasm2p: calls $3
*** TURN *** [2d 6h Qs] [Qh]
kazasm2p: checks
paer42: bets $6
kazasm2p: calls $6
*** RIVER *** [2d 6h Qs Qh] [Kh]
kazasm2p: checks
paer42: checks
*** SHOW DOWN ***
kazasm2p: shows [2s 7s] (two pair, Queens and Deuces)
paer42: mucks hand
kazasm2p collected $23.52 from pot
*** SUMMARY ***
Total pot $24 | Rake $0.48
Board [2d 6h Qs Qh Kh]
Seat 3: kazasm2p (big blind) showed [2s 7s] and won ($23.52) with two pair, Queens and Deuces
Seat 6: paer42 (button) (small blind) mucked


PokerStars Hand #163398224193:  Hold'em Limit ($3/$6 USD) - 2016/12/23 11:54:00 ET
Table 'Lina II' 6-max Seat #3 is the button
Seat 3: kazasm2p ($49.36 in chips)
Seat 6: paer42 ($27.81 in chips)
kazasm2p: posts small blind $1
paer42: posts big blind $3
*** HOLE CARDS ***
kazasm2p: calls $2
paer42: raises $3 to $6
kazasm2p: calls $3
*** FLOP *** [9s Kc 6h]
paer42: bets $3
kazasm2p: calls $3
*** TURN *** [9s Kc 6h] [Th]
paer42: bets $6
kazasm2p: folds
Uncalled bet ($6) returned to paer42
paer42 collected $17.64 from pot
paer42: doesn't show hand
*** SUMMARY ***
Total pot $18 | Rake $0.36
Board [9s Kc 6h Th]
Seat 3: kazasm2p (button) (small blind) folded on the Turn
Seat 6: paer42 (big blind) collected ($17.64)


PokerStars Hand #163398233898:  Hold'em Limit ($3/$6 USD) - 2016/12/23 11:54:12 ET
Table 'Lina II' 6-max Seat #6 is the button
Seat 3: kazasm2p ($40.36 in chips)
Seat 6: paer42 ($36.45 in chips)
paer42: posts small blind $1
kazasm2p: posts big blind $3
*** HOLE CARDS ***
paer42: calls $2
kazasm2p: checks
*** FLOP *** [4c Qh Ts]
kazasm2p: checks
paer42: bets $3
kazasm2p: calls $3
*** TURN *** [4c Qh Ts] [3s]
kazasm2p: checks
paer42: bets $6
kazasm2p: calls $6
*** RIVER *** [4c Qh Ts 3s] [Th]
kazasm2p: checks
paer42: checks
*** SHOW DOWN ***
kazasm2p: shows [9s Qc] (two pair, Queens and Tens)
paer42: mucks hand
kazasm2p collected $23.52 from pot
*** SUMMARY ***
Total pot $24 | Rake $0.48
Board [4c Qh Ts 3s Th]
Seat 3: kazasm2p (big blind) showed [9s Qc] and won ($23.52) with two pair, Queens and Tens
Seat 6: paer42 (button) (small blind) mucked


PokerStars Hand #163398246307:  Hold'em Limit ($3/$6 USD) - 2016/12/23 11:54:27 ET
Table 'Lina II' 6-max Seat #3 is the button
Seat 3: kazasm2p ($51.88 in chips)
Seat 6: paer42 ($24.45 in chips)
kazasm2p: posts small blind $1
paer42: posts big blind $3
*** HOLE CARDS ***
kazasm2p: calls $2
paer42: raises $3 to $6
kazasm2p: calls $3
*** FLOP *** [3c 2s Jd]
paer42: bets $3
kazasm2p: calls $3
*** TURN *** [3c 2s Jd] [Ts]
paer42: bets $6
kazasm2p: folds
Uncalled bet ($6) returned to paer42
paer42 collected $17.64 from pot
paer42: doesn't show hand
*** SUMMARY ***
Total pot $18 | Rake $0.36
Board [3c 2s Jd Ts]
Seat 3: kazasm2p (button) (small blind) folded on the Turn
Seat 6: paer42 (big blind) collected ($17.64)


PokerStars Hand #163398267946:  Hold'em Limit ($3/$6 USD) - 2016/12/23 11:54:55 ET
Table 'Lina II' 6-max Seat #3 is the button
Seat 3: kazasm2p ($27.88 in chips)
Seat 6: paer42 ($47.59 in chips)
kazasm2p: posts small blind $1
paer42: posts big blind $3
*** HOLE CARDS ***
kazasm2p: calls $2
paer42: checks
*** FLOP *** [3d Jd Qh]
paer42: checks
kazasm2p: bets $3
paer42: calls $3
*** TURN *** [3d Jd Qh] [6h]
paer42: checks
kazasm2p: bets $6
paer42: folds
Uncalled bet ($6) returned to kazasm2p
kazasm2p collected $11.76 from pot
kazasm2p: doesn't show hand
*** SUMMARY ***
Total pot $12 | Rake $0.24
Board [3d Jd Qh 6h]
Seat 3: kazasm2p (button) (small blind) collected ($11.76)
Seat 6: paer42 (big blind) folded on the Turn


PokerStars Hand #163398256570:  Hold'em Limit ($3/$6 USD) - 2016/12/23 11:54:40 ET
Table 'Lina II' 6-max Seat #6 is the button
Seat 3: kazasm2p ($42.88 in chips)
Seat 6: paer42 ($33.09 in chips)
paer42: posts small blind $1
kazasm2p: posts big blind $3
*** HOLE CARDS ***
paer42: raises $3 to $6
kazasm2p: calls $3
*** FLOP *** [As 8h Kd]
kazasm2p: checks
paer42: bets $3
kazasm2p: calls $3
*** TURN *** [As 8h Kd] [3c]
kazasm2p: checks
paer42: bets $6
kazasm2p: calls $6
*** RIVER *** [As 8h Kd 3c] [6h]
kazasm2p: checks
paer42: checks
*** SHOW DOWN ***
kazasm2p: shows [Td 7h] (high card Ace)
paer42: shows [Ac Ks] (two pair, Aces and Kings)
paer42 collected $29.50 from pot
*** SUMMARY ***
Total pot $30 | Rake $0.50
Board [As 8h Kd 3c 6h]
Seat 3: kazasm2p (big blind) showed [Td 7h] and lost with high card Ace
Seat 6: paer42 (button) (small blind) showed [Ac Ks] and won ($29.50) with two pair, Aces and Kings


PokerStars Hand #163398288202:  Hold'em Limit ($3/$6 USD) - 2016/12/23 11:55:22 ET
Table 'Lina II' 6-max Seat #3 is the button
Seat 3: kazasm2p ($42.28 in chips)
Seat 6: paer42 ($32.59 in chips)
kazasm2p: posts small blind $1
paer42: posts big blind $3
*** HOLE CARDS ***
kazasm2p: raises $3 to $6
paer42: calls $3
*** FLOP *** [8s 6s Ad]
paer42: checks
kazasm2p: bets $3
paer42: calls $3
*** TURN *** [8s 6s Ad] [7h]
paer42: checks
kazasm2p: checks
*** RIVER *** [8s 6s Ad 7h] [7d]
paer42: bets $6
kazasm2p: folds
Uncalled bet ($6) returned to paer42
paer42 collected $17.64 from pot
paer42: doesn't show hand
*** SUMMARY ***
Total pot $18 | Rake $0.36
Board [8s 6s Ad 7h 7d]
Seat 3: kazasm2p (button) (small blind) folded on the River
Seat 6: paer42 (big blind) collected ($17.64)


PokerStars Hand #163398278665:  Hold'em Limit ($3/$6 USD) - 2016/12/23 11:55:09 ET
Table 'Lina II' 6-max Seat #6 is the button
Seat 3: kazasm2p ($33.64 in chips)
Seat 6: paer42 ($41.59 in chips)
paer42: posts small blind $1
kazasm2p: posts big blind $3
*** HOLE CARDS ***
paer42: calls $2
kazasm2p: raises $3 to $6
paer42: calls $3
*** FLOP *** [7s Js Ah]
kazasm2p: bets $3
paer42: calls $3
*** TURN *** [7s Js Ah] [5s]
kazasm2p: bets $6
paer42: folds
Uncalled bet ($6) returned to kazasm2p
kazasm2p collected $17.64 from pot
kazasm2p: doesn't show hand
*** SUMMARY ***
Total pot $18 | Rake $0.36
Board [7s Js Ah 5s]
Seat 3: kazasm2p (big blind) collected ($17.64)
Seat 6: paer42 (button) (small blind) folded on the Turn


PokerStars Hand #163398298765:  Hold'em Limit ($3/$6 USD) - 2016/12/23 11:55:38 ET
Table 'Lina II' 6-max Seat #6 is the button
Seat 3: kazasm2p ($33.28 in chips)
Seat 6: paer42 ($41.23 in chips)
paer42: posts small blind $1
kazasm2p: posts big blind $3
*** HOLE CARDS ***
paer42: raises $3 to $6
kazasm2p: calls $3
*** FLOP *** [7d Kh 6h]
kazasm2p: checks
paer42: bets $3
kazasm2p: calls $3
*** TURN *** [7d Kh 6h] [3s]
kazasm2p: checks
paer42: bets $6
kazasm2p: raises $6 to $12
paer42: folds
Uncalled bet ($6) returned to kazasm2p
kazasm2p collected $29.50 from pot
kazasm2p: doesn't show hand
*** SUMMARY ***
Total pot $30 | Rake $0.50
Board [7d Kh 6h 3s]
Seat 3: kazasm2p (big blind) collected ($29.50)
Seat 6: paer42 (button) (small blind) folded on the Turn


PokerStars Hand #163398320526:  Hold'em Limit ($3/$6 USD) - 2016/12/23 11:56:10 ET
Table 'Lina II' 6-max Seat #6 is the button
Seat 3: kazasm2p ($38.78 in chips)
Seat 6: paer42 ($34.87 in chips)
paer42: posts small blind $1
kazasm2p: posts big blind $3
*** HOLE CARDS ***
paer42: raises $3 to $6
kazasm2p: calls $3
*** FLOP *** [As Qs 3c]
kazasm2p: checks
paer42: bets $3
kazasm2p: calls $3
*** TURN *** [As Qs 3c] [Kd]
kazasm2p: checks
paer42: bets $6
kazasm2p: calls $6
*** RIVER *** [As Qs 3c Kd] [8d]
kazasm2p: checks
paer42: checks
*** SHOW DOWN ***
kazasm2p: shows [4h 5h] (high card Ace)
paer42: shows [Td 6c] (high card Ace - King+Queen+Ten kicker)
paer42 collected $29.50 from pot
*** SUMMARY ***
Total pot $30 | Rake $0.50
Board [As Qs 3c Kd 8d]
Seat 3: kazasm2p (big blind) showed [4h 5h] and lost with high card Ace
Seat 6: paer42 (button) (small blind) showed [Td 6c] and won ($29.50) with high card Ace


PokerStars Hand #163398311800:  Hold'em Limit ($3/$6 USD) - 2016/12/23 11:55:57 ET
Table 'Lina II' 6-max Seat #3 is the button
Seat 3: kazasm2p ($47.78 in chips)
Seat 6: paer42 ($26.23 in chips)
kazasm2p: posts small blind $1
paer42: posts big blind $3
*** HOLE CARDS ***
kazasm2p: raises $3 to $6
paer42: calls $3
*** FLOP *** [Kh Ad 5c]
paer42: bets $3
kazasm2p: calls $3
*** TURN *** [Kh Ad 5c] [9s]
paer42: bets $6
kazasm2p: folds
Uncalled bet ($6) returned to paer42
paer42 collected $17.64 from pot
paer42: doesn't show hand
*** SUMMARY ***
Total pot $18 | Rake $0.36
Board [Kh Ad 5c 9s]
Seat 3: kazasm2p (button) (small blind) folded on the Turn
Seat 6: paer42 (big blind) collected ($17.64)


PokerStars Hand #163398343479:  Hold'em Limit ($3/$6 USD) - 2016/12/23 11:56:44 ET
Table 'Lina II' 6-max Seat #3 is the button
Seat 3: kazasm2p ($23.78 in chips)
Seat 6: paer42 ($49.37 in chips)
kazasm2p: posts small blind $1
paer42: posts big blind $3
*** HOLE CARDS ***
kazasm2p: raises $3 to $6
paer42: calls $3
*** FLOP *** [7s 4s 3s]
paer42: checks
kazasm2p: bets $3
paer42: calls $3
*** TURN *** [7s 4s 3s] [Js]
paer42: checks
kazasm2p: bets $6
paer42: folds
Uncalled bet ($6) returned to kazasm2p
kazasm2p collected $17.64 from pot
kazasm2p: doesn't show hand
*** SUMMARY ***
Total pot $18 | Rake $0.36
Board [7s 4s 3s Js]
Seat 3: kazasm2p (button) (small blind) collected ($17.64)
Seat 6: paer42 (big blind) folded on the Turn


PokerStars Hand #163398353346:  Hold'em Limit ($3/$6 USD) - 2016/12/23 11:56:58 ET
Table 'Lina II' 6-max Seat #6 is the button
Seat 3: kazasm2p ($32.42 in chips)
Seat 6: paer42 ($40.37 in chips)
paer42: posts small blind $1
kazasm2p: posts big blind $3
*** HOLE CARDS ***
paer42: raises $3 to $6
kazasm2p: calls $3
*** FLOP *** [4h Th Jh]
kazasm2p: checks
paer42: bets $3
kazasm2p: calls $3
*** TURN *** [4h Th Jh] [5h]
kazasm2p: checks
paer42: bets $6
kazasm2p: calls $6
*** RIVER *** [4h Th Jh 5h] [Tc]
kazasm2p: checks
paer42: bets $6
kazasm2p: calls $6
*** SHOW DOWN ***
paer42: shows [Js 8s] (two pair, Jacks and Tens)
kazasm2p: shows [Td 3h] (a flush, Jack high)
kazasm2p collected $41.50 from pot
*** SUMMARY ***
Total pot $42 | Rake $0.50
Board [4h Th Jh 5h Tc]
Seat 3: kazasm2p (big blind) showed [Td 3h] and won ($41.50) with a flush, Jack high
Seat 6: paer42 (button) (small blind) showed [Js 8s] and lost with two pair, Jacks and Tens


PokerStars Hand #163398374711:  Hold'em Limit ($3/$6 USD) - 2016/12/23 11:57:30 ET
Table 'Lina II' 6-max Seat #3 is the button
Seat 3: kazasm2p ($52.92 in chips)
Seat 6: paer42 ($19.37 in chips)
kazasm2p: posts small blind $1
paer42: posts big blind $3
*** HOLE CARDS ***
kazasm2p: calls $2
paer42: raises $3 to $6
kazasm2p: calls $3
*** FLOP *** [Qs 8h 2d]
paer42: bets $3
kazasm2p: calls $3
*** TURN *** [Qs 8h 2d] [Qd]
paer42: bets $6
kazasm2p: folds
Uncalled bet ($6) returned to paer42
paer42 collected $17.64 from pot
paer42: doesn't show hand
*** SUMMARY ***
Total pot $18 | Rake $0.36
Board [Qs 8h 2d Qd]
Seat 3: kazasm2p (button) (small blind) folded on the Turn
Seat 6: paer42 (big blind) collected ($17.64)


PokerStars Hand #163398382902:  Hold'em Limit ($3/$6 USD) - 2016/12/23 11:57:42 ET
Table 'Lina II' 6-max Seat #6 is the button
Seat 3: kazasm2p ($43.92 in chips)
Seat 6: paer42 ($28.01 in chips)
paer42: posts small blind $1
kazasm2p: posts big blind $3
*** HOLE CARDS ***
paer42: raises $3 to $6
kazasm2p: calls $3
*** FLOP *** [Ac 2d 5h]
kazasm2p: checks
paer42: bets $3
kazasm2p: calls $3
*** TURN *** [Ac 2d 5h] [Th]
kazasm2p: checks
paer42: bets $6
kazasm2p: calls $6
*** RIVER *** [Ac 2d 5h Th] [3c]
kazasm2p: checks
paer42: bets $6
kazasm2p: folds
Uncalled bet ($6) returned to paer42
paer42 collected $29.50 from pot
paer42: doesn't show hand
*** SUMMARY ***
Total pot $30 | Rake $0.50
Board [Ac 2d 5h Th 3c]
Seat 3: kazasm2p (big blind) folded on the River
Seat 6: paer42 (button) (small blind) collected ($29.50)


PokerStars Hand #163398394816:  Hold'em Limit ($3/$6 USD) - 2016/12/23 11:57:59 ET
Table 'Lina II' 6-max Seat #3 is the button
Seat 3: kazasm2p ($28.92 in chips)
Seat 6: paer42 ($42.51 in chips)
kazasm2p: posts small blind $1
paer42: posts big blind $3
*** HOLE CARDS ***
kazasm2p: calls $2
paer42: raises $3 to $6
GoliafUa joins the table at seat #4
kazasm2p: calls $3
*** FLOP *** [5s Kh 8c]
paer42: bets $3
kazasm2p: raises $3 to $6
paer42: folds
Uncalled bet ($3) returned to kazasm2p
kazasm2p collected $17.64 from pot
kazasm2p: doesn't show hand
*** SUMMARY ***
Total pot $18 | Rake $0.36
Board [5s Kh 8c]
Seat 3: kazasm2p (button) (small blind) collected ($17.64)
Seat 6: paer42 (big blind) folded on the Flop


PokerStars Hand #163398450841:  Hold'em Limit ($3/$6 USD) - 2016/12/23 11:59:19 ET
Table 'Lina II' 6-max Seat #6 is the button
Seat 3: kazasm2p ($31.20 in chips)
Seat 6: paer42 ($39.01 in chips)
paer42: posts small blind $1
kazasm2p: posts big blind $3
*** HOLE CARDS ***
paer42: calls $2
kazasm2p: raises $3 to $6
paer42: calls $3
*** FLOP *** [4h 7c Jh]
kazasm2p: bets $3
paer42: calls $3
*** TURN *** [4h 7c Jh] [3d]
kazasm2p: bets $6
paer42: folds
Uncalled bet ($6) returned to kazasm2p
kazasm2p collected $17.64 from pot
kazasm2p: doesn't show hand
*** SUMMARY ***
Total pot $18 | Rake $0.36
Board [4h 7c Jh 3d]
Seat 3: kazasm2p (big blind) collected ($17.64)
Seat 6: paer42 (button) (small blind) folded on the Turn


PokerStars Hand #163398440616:  Hold'em Limit ($3/$6 USD) - 2016/12/23 11:59:04 ET
Table 'Lina II' 6-max Seat #3 is the button
Seat 3: kazasm2p ($22.56 in chips)
Seat 6: paer42 ($48.01 in chips)
kazasm2p: posts small blind $1
paer42: posts big blind $3
*** HOLE CARDS ***
kazasm2p: raises $3 to $6
paer42: calls $3
*** FLOP *** [5h Qh 9d]
paer42: checks
kazasm2p: bets $3
paer42: calls $3
*** TURN *** [5h Qh 9d] [7c]
paer42: checks
kazasm2p: bets $6
paer42: folds
Uncalled bet ($6) returned to kazasm2p
kazasm2p collected $17.64 from pot
kazasm2p: doesn't show hand
*** SUMMARY ***
Total pot $18 | Rake $0.36
Board [5h Qh 9d 7c]
Seat 3: kazasm2p (button) (small blind) collected ($17.64)
Seat 6: paer42 (big blind) folded on the Turn


PokerStars Hand #163398430081:  Hold'em Limit ($3/$6 USD) - 2016/12/23 11:58:49 ET
Table 'Lina II' 6-max Seat #6 is the button
Seat 3: kazasm2p ($37.56 in chips)
Seat 6: paer42 ($33.51 in chips)
paer42: posts small blind $1
kazasm2p: posts big blind $3
*** HOLE CARDS ***
paer42: raises $3 to $6
kazasm2p: calls $3
*** FLOP *** [Ah 4h 5c]
kazasm2p: bets $3
paer42: calls $3
*** TURN *** [Ah 4h 5c] [Qc]
kazasm2p: bets $6
paer42: calls $6
*** RIVER *** [Ah 4h 5c Qc] [Td]
kazasm2p: checks
paer42: checks
*** SHOW DOWN ***
kazasm2p: shows [3c As] (a pair of Aces)
paer42: shows [3s 2d] (a straight, Ace to Five)
paer42 collected $29.50 from pot
*** SUMMARY ***
Total pot $30 | Rake $0.50
Board [Ah 4h 5c Qc Td]
Seat 3: kazasm2p (big blind) showed [3c As] and lost with a pair of Aces
Seat 6: paer42 (button) (small blind) showed [3s 2d] and won ($29.50) with a straight, Ace to Five


PokerStars Hand #163398461242:  Hold'em Limit ($3/$6 USD) - 2016/12/23 11:59:34 ET
Table 'Lina II' 6-max Seat #3 is the button
Seat 3: kazasm2p ($39.84 in chips)
Seat 6: paer42 ($30.01 in chips)
kazasm2p: posts small blind $1
paer42: posts big blind $3
*** HOLE CARDS ***
kazasm2p: raises $3 to $6
paer42: calls $3
*** FLOP *** [Tc 3h Ah]
paer42: bets $3
kazasm2p: raises $3 to $6
paer42: raises $3 to $9
kazasm2p: calls $3
*** TURN *** [Tc 3h Ah] [Ks]
paer42: bets $6
kazasm2p: calls $6
*** RIVER *** [Tc 3h Ah Ks] [5h]
paer42: bets $6
kazasm2p: folds
Uncalled bet ($6) returned to paer42
paer42 collected $41.50 from pot
paer42: doesn't show hand
*** SUMMARY ***
Total pot $42 | Rake $0.50
Board [Tc 3h Ah Ks 5h]
Seat 3: kazasm2p (button) (small blind) folded on the River
Seat 6: paer42 (big blind) collected ($41.50)


PokerStars Hand #163398505149:  Hold'em Limit ($3/$6 USD) - 2016/12/23 12:00:37 ET
Table 'Lina II' 6-max Seat #3 is the button
Seat 3: kazasm2p ($18 in chips)
Seat 6: paer42 ($50.01 in chips)
kazasm2p: posts small blind $1
paer42: posts big blind $3
*** HOLE CARDS ***
kazasm2p: raises $3 to $6
paer42: folds
Uncalled bet ($3) returned to kazasm2p
kazasm2p collected $6 from pot
kazasm2p: doesn't show hand
*** SUMMARY ***
Total pot $6 | Rake $0
Seat 3: kazasm2p (button) (small blind) collected ($6)
Seat 6: paer42 (big blind) folded before Flop


PokerStars Hand #163398493009:  Hold'em Limit ($3/$6 USD) - 2016/12/23 12:00:19 ET
Table 'Lina II' 6-max Seat #6 is the button
Seat 3: kazasm2p ($39 in chips)
Seat 6: paer42 ($29.51 in chips)
paer42: posts small blind $1
kazasm2p: posts big blind $3
*** HOLE CARDS ***
paer42: calls $2
kazasm2p: raises $3 to $6
paer42: calls $3
*** FLOP *** [4s 3h 2h]
kazasm2p: bets $3
paer42: calls $3
*** TURN *** [4s 3h 2h] [Ts]
kazasm2p: bets $6
paer42: calls $6
*** RIVER *** [4s 3h 2h Ts] [7s]
kazasm2p: bets $6
paer42: calls $6
*** SHOW DOWN ***
kazasm2p: shows [9c Kh] (high card King)
paer42: shows [8s 8c] (a pair of Eights)
paer42 collected $41.50 from pot
*** SUMMARY ***
Total pot $42 | Rake $0.50
Board [4s 3h 2h Ts 7s]
Seat 3: kazasm2p (big blind) showed [9c Kh] and lost with high card King
Seat 6: paer42 (button) (small blind) showed [8s 8c] and won ($41.50) with a pair of Eights


PokerStars Hand #163398474203:  Hold'em Limit ($3/$6 USD) - 2016/12/23 11:59:53 ET
Table 'Lina II' 6-max Seat #6 is the button
Seat 3: kazasm2p ($18.84 in chips)
Seat 6: paer42 ($50.51 in chips)
paer42: posts small blind $1
kazasm2p: posts big blind $3
*** HOLE CARDS ***
paer42: raises $3 to $6
kazasm2p: raises $3 to $9
paer42: calls $3
*** FLOP *** [7h 3s 4s]
kazasm2p: bets $3
paer42: calls $3
*** TURN *** [7h 3s 4s] [Kc]
kazasm2p: bets $6
paer42: folds
Uncalled bet ($6) returned to kazasm2p
kazasm2p collected $23.52 from pot
kazasm2p: doesn't show hand
*** SUMMARY ***
Total pot $24 | Rake $0.48
Board [7h 3s 4s Kc]
Seat 3: kazasm2p (big blind) collected ($23.52)
Seat 6: paer42 (button) (small blind) folded on the Turn


PokerStars Hand #163398483814:  Hold'em Limit ($3/$6 USD) - 2016/12/23 12:00:06 ET
Table 'Lina II' 6-max Seat #3 is the button
Seat 3: kazasm2p ($30.36 in chips)
Seat 6: paer42 ($38.51 in chips)
kazasm2p: posts small blind $1
paer42: posts big blind $3
*** HOLE CARDS ***
kazasm2p: raises $3 to $6
paer42: calls $3
*** FLOP *** [4s 3d 3s]
paer42: checks
kazasm2p: bets $3
paer42: calls $3
*** TURN *** [4s 3d 3s] [9c]
paer42: checks
kazasm2p: bets $6
paer42: folds
Uncalled bet ($6) returned to kazasm2p
kazasm2p collected $17.64 from pot
kazasm2p: doesn't show hand
*** SUMMARY ***
Total pot $18 | Rake $0.36
Board [4s 3d 3s 9c]
Seat 3: kazasm2p (button) (small blind) collected ($17.64)
Seat 6: paer42 (big blind) folded on the Turn


PokerStars Hand #163398523862:  Hold'em Limit ($3/$6 USD) - 2016/12/23 12:01:02 ET
Table 'Lina II' 6-max Seat #3 is the button
Seat 3: kazasm2p ($26.76 in chips)
Seat 6: paer42 ($41.01 in chips)
kazasm2p: posts small blind $1
paer42: posts big blind $3
*** HOLE CARDS ***
kazasm2p: raises $3 to $6
paer42: calls $3
*** FLOP *** [3c 8c 6s]
paer42: checks
kazasm2p: bets $3
paer42: calls $3
*** TURN *** [3c 8c 6s] [Tc]
paer42: checks
kazasm2p: bets $6
paer42: folds
Uncalled bet ($6) returned to kazasm2p
kazasm2p collected $17.64 from pot
kazasm2p: doesn't show hand
*** SUMMARY ***
Total pot $18 | Rake $0.36
Board [3c 8c 6s Tc]
Seat 3: kazasm2p (button) (small blind) collected ($17.64)
Seat 6: paer42 (big blind) folded on the Turn


PokerStars Hand #163398509749:  Hold'em Limit ($3/$6 USD) - 2016/12/23 12:00:43 ET
Table 'Lina II' 6-max Seat #6 is the button
Seat 3: kazasm2p ($21 in chips)
Seat 6: paer42 ($47.01 in chips)
paer42: posts small blind $1
kazasm2p: posts big blind $3
*** HOLE CARDS ***
paer42: calls $2
kazasm2p: raises $3 to $6
paer42: calls $3
*** FLOP *** [9s As 8s]
kazasm2p: bets $3
paer42: folds
Uncalled bet ($3) returned to kazasm2p
kazasm2p collected $11.76 from pot
kazasm2p: doesn't show hand
*** SUMMARY ***
Total pot $12 | Rake $0.24
Board [9s As 8s]
Seat 3: kazasm2p (big blind) collected ($11.76)
Seat 6: paer42 (button) (small blind) folded on the Flop


PokerStars Hand #163398577016:  Hold'em Limit ($3/$6 USD) - 2016/12/23 12:02:10 ET
Table 'Lina II' 6-max Seat #6 is the button
Seat 3: kazasm2p ($14.40 in chips)
Seat 6: paer42 ($52.51 in chips)
paer42: posts small blind $1
kazasm2p: posts big blind $3
*** HOLE CARDS ***
paer42: raises $3 to $6
kazasm2p: raises $3 to $9
paer42: folds
Uncalled bet ($3) returned to kazasm2p
kazasm2p collected $12 from pot
kazasm2p: doesn't show hand
*** SUMMARY ***
Total pot $12 | Rake $0
Seat 3: kazasm2p (big blind) collected ($12)
Seat 6: paer42 (button) (small blind) folded before Flop


PokerStars Hand #163398566318:  Hold'em Limit ($3/$6 USD) - 2016/12/23 12:01:57 ET
Table 'Lina II' 6-max Seat #3 is the button
Seat 3: kazasm2p ($11.40 in chips)
Seat 6: paer42 ($55.51 in chips)
kazasm2p: posts small blind $1
paer42: posts big blind $3
*** HOLE CARDS ***
kazasm2p: raises $3 to $6
paer42: folds
Uncalled bet ($3) returned to kazasm2p
kazasm2p collected $6 from pot
kazasm2p: doesn't show hand
*** SUMMARY ***
Total pot $6 | Rake $0
Seat 3: kazasm2p (button) (small blind) collected ($6)
Seat 6: paer42 (big blind) folded before Flop


PokerStars Hand #163398537081:  Hold'em Limit ($3/$6 USD) - 2016/12/23 12:01:19 ET
Table 'Lina II' 6-max Seat #6 is the button
Seat 3: kazasm2p ($35.40 in chips)
Seat 6: paer42 ($32.01 in chips)
paer42: posts small blind $1
kazasm2p: posts big blind $3
*** HOLE CARDS ***
paer42: calls $2
kazasm2p: raises $3 to $6
paer42: raises $3 to $9
kazasm2p: calls $3
*** FLOP *** [7d 4c 2h]
kazasm2p: checks
paer42: bets $3
kazasm2p: calls $3
*** TURN *** [7d 4c 2h] [Td]
kazasm2p: bets $6
paer42: calls $6
*** RIVER *** [7d 4c 2h Td] [3d]
kazasm2p: bets $6
paer42: calls $6
*** SHOW DOWN ***
kazasm2p: shows [Ac Ks] (high card Ace)
paer42: shows [7c 3c] (two pair, Sevens and Threes)
paer42 collected $47.50 from pot
*** SUMMARY ***
Total pot $48 | Rake $0.50
Board [7d 4c 2h Td 3d]
Seat 3: kazasm2p (big blind) showed [Ac Ks] and lost with high card Ace
Seat 6: paer42 (button) (small blind) showed [7c 3c] and won ($47.50) with two pair, Sevens and Threes


PokerStars Hand #163398585452:  Hold'em Limit ($3/$6 USD) - 2016/12/23 12:02:21 ET
Table 'Lina II' 6-max Seat #3 is the button
Seat 3: kazasm2p ($20.40 in chips)
Seat 6: paer42 ($46.51 in chips)
kazasm2p: posts small blind $1
paer42: posts big blind $3
*** HOLE CARDS ***
kazasm2p: raises $3 to $6
paer42: calls $3
*** FLOP *** [5c Ad Jh]
paer42: checks
kazasm2p: bets $3
paer42: folds
Uncalled bet ($3) returned to kazasm2p
kazasm2p collected $11.76 from pot
kazasm2p: doesn't show hand
*** SUMMARY ***
Total pot $12 | Rake $0.24
Board [5c Ad Jh]
Seat 3: kazasm2p (button) (small blind) collected ($11.76)
Seat 6: paer42 (big blind) folded on the Flop


PokerStars Hand #163398600789:  Hold'em Limit ($3/$6 USD) - 2016/12/23 12:02:40 ET
Table 'Lina II' 6-max Seat #6 is the button
Seat 3: kazasm2p ($26.16 in chips)
Seat 6: paer42 ($40.51 in chips)
paer42: posts small blind $1
kazasm2p: posts big blind $3
*** HOLE CARDS ***
paer42: calls $2
kazasm2p: raises $3 to $6
paer42: calls $3
*** FLOP *** [Qc 7d 2d]
kazasm2p: bets $3
paer42: folds
Uncalled bet ($3) returned to kazasm2p
kazasm2p collected $11.76 from pot
kazasm2p: doesn't show hand
*** SUMMARY ***
Total pot $12 | Rake $0.24
Board [Qc 7d 2d]
Seat 3: kazasm2p (big blind) collected ($11.76)
Seat 6: paer42 (button) (small blind) folded on the Flop


PokerStars Hand #163398612028:  Hold'em Limit ($3/$6 USD) - 2016/12/23 12:02:54 ET
Table 'Lina II' 6-max Seat #3 is the button
Seat 3: kazasm2p ($31.92 in chips)
Seat 6: paer42 ($34.51 in chips)
kazasm2p: posts small blind $1
paer42: posts big blind $3
*** HOLE CARDS ***
kazasm2p: raises $3 to $6
paer42: raises $3 to $9
kazasm2p: calls $3
*** FLOP *** [8c 7d As]
paer42: checks
kazasm2p: bets $3
paer42: calls $3
*** TURN *** [8c 7d As] [6d]
paer42: checks
kazasm2p: bets $6
paer42: folds
Uncalled bet ($6) returned to kazasm2p
kazasm2p collected $23.52 from pot
kazasm2p: doesn't show hand
*** SUMMARY ***
Total pot $24 | Rake $0.48
Board [8c 7d As 6d]
Seat 3: kazasm2p (button) (small blind) collected ($23.52)
Seat 6: paer42 (big blind) folded on the Turn


PokerStars Hand #163398635653:  Hold'em Limit ($3/$6 USD) - 2016/12/23 12:03:23 ET
Table 'Lina II' 6-max Seat #6 is the button
Seat 3: kazasm2p ($43.44 in chips)
Seat 6: paer42 ($22.51 in chips)
paer42: posts small blind $1
kazasm2p: posts big blind $3
*** HOLE CARDS ***
paer42: calls $2
kazasm2p: raises $3 to $6
paer42: calls $3
*** FLOP *** [As Kd 8c]
kazasm2p: bets $3
paer42: folds
Uncalled bet ($3) returned to kazasm2p
kazasm2p collected $11.76 from pot
kazasm2p: doesn't show hand
*** SUMMARY ***
Total pot $12 | Rake $0.24
Board [As Kd 8c]
Seat 3: kazasm2p (big blind) collected ($11.76)
Seat 6: paer42 (button) (small blind) folded on the Flop


PokerStars Hand #163398644996:  Hold'em Limit ($3/$6 USD) - 2016/12/23 12:03:34 ET
Table 'Lina II' 6-max Seat #3 is the button
Seat 3: kazasm2p ($49.20 in chips)
Seat 6: paer42 ($16.51 in chips)
RockKillerTY joins the table at seat #1
kazasm2p: posts small blind $1
paer42: posts big blind $3
*** HOLE CARDS ***
kazasm2p: raises $3 to $6
paer42: raises $3 to $9
kazasm2p: calls $3
*** FLOP *** [Th 3d 4d]
paer42: bets $3
kazasm2p: calls $3
*** TURN *** [Th 3d 4d] [9d]
paer42: bets $4.51 and is all-in
kazasm2p: folds
Uncalled bet ($4.51) returned to paer42
paer42 collected $23.52 from pot
paer42: doesn't show hand
*** SUMMARY ***
Total pot $24 | Rake $0.48
Board [Th 3d 4d 9d]
Seat 3: kazasm2p (button) (small blind) folded on the Turn
Seat 6: paer42 (big blind) collected ($23.52)


