PokerStars Hand #148593218220:  Hold'em Limit ($3/$6 USD) - 2016/02/10 20:07:06 ET
Table 'Lina' 2-max Seat #1 is the button
Seat 1: Looosersulze ($121 in chips)
Seat 2: ChrisTuff ($120 in chips)
Looosersulze: posts small blind $1
ChrisTuff: posts big blind $3
*** HOLE CARDS ***
Looosersulze: folds
Uncalled bet ($2) returned to ChrisTuff
ChrisTuff collected $2 from pot
*** SUMMARY ***
Total pot $2 | Rake $0
Seat 1: Looosersulze (button) (small blind) folded before Flop
Seat 2: ChrisTuff (big blind) collected ($2)


PokerStars Hand #148593244228:  Hold'em Limit ($3/$6 USD) - 2016/02/10 20:07:51 ET
Table 'Lina' 2-max Seat #1 is the button
Seat 1: Looosersulze ($141.26 in chips)
Seat 2: ChrisTuff ($120 in chips)
Looosersulze: posts small blind $1
ChrisTuff: posts big blind $3
*** HOLE CARDS ***
Looosersulze: raises $3 to $6
ChrisTuff: calls $3
*** FLOP *** [2s Qh 7s]
ChrisTuff: checks
Looosersulze: bets $3
ChrisTuff: calls $3
*** TURN *** [2s Qh 7s] [4s]
ChrisTuff: checks
Looosersulze: bets $6
ChrisTuff: raises $6 to $12
Looosersulze: calls $6
*** RIVER *** [2s Qh 7s 4s] [3c]
ChrisTuff: bets $6
Looosersulze: calls $6
*** SHOW DOWN ***
ChrisTuff: shows [Qs 9h] (a pair of Queens)
Looosersulze: mucks hand
ChrisTuff collected $53.50 from pot
*** SUMMARY ***
Total pot $54 | Rake $0.50
Board [2s Qh 7s 4s 3c]
Seat 1: Looosersulze (button) (small blind) mucked
Seat 2: ChrisTuff (big blind) showed [Qs 9h] and won ($53.50) with a pair of Queens


PokerStars Hand #148593241517:  Hold'em Limit ($3/$6 USD) - 2016/02/10 20:07:47 ET
Table 'Lina' 2-max Seat #2 is the button
Seat 1: Looosersulze ($140.26 in chips)
Seat 2: ChrisTuff ($120 in chips)
ChrisTuff: posts small blind $1
Looosersulze: posts big blind $3
*** HOLE CARDS ***
ChrisTuff: folds
Uncalled bet ($2) returned to Looosersulze
Looosersulze collected $2 from pot
Looosersulze: doesn't show hand
*** SUMMARY ***
Total pot $2 | Rake $0
Seat 1: Looosersulze (big blind) collected ($2)
Seat 2: ChrisTuff (button) (small blind) folded before Flop


PokerStars Hand #148593235632:  Hold'em Limit ($3/$6 USD) - 2016/02/10 20:07:37 ET
Table 'Lina' 2-max Seat #1 is the button
Seat 1: Looosersulze ($134.50 in chips)
Seat 2: ChrisTuff ($120 in chips)
Looosersulze: posts small blind $1
ChrisTuff: posts big blind $3
*** HOLE CARDS ***
Looosersulze: raises $3 to $6
ChrisTuff: calls $3
*** FLOP *** [As Ts 6h]
ChrisTuff: checks
Looosersulze: bets $3
ChrisTuff: folds
Uncalled bet ($3) returned to Looosersulze
Looosersulze collected $11.76 from pot
Looosersulze: doesn't show hand
*** SUMMARY ***
Total pot $12 | Rake $0.24
Board [As Ts 6h]
Seat 1: Looosersulze (button) (small blind) collected ($11.76)
Seat 2: ChrisTuff (big blind) folded on the Flop


PokerStars Hand #148593221893:  Hold'em Limit ($3/$6 USD) - 2016/02/10 20:07:13 ET
Table 'Lina' 2-max Seat #2 is the button
Seat 1: Looosersulze ($120 in chips)
Seat 2: ChrisTuff ($121 in chips)
ChrisTuff: posts small blind $1
Looosersulze: posts big blind $3
*** HOLE CARDS ***
ChrisTuff: raises $3 to $6
Looosersulze: calls $3
*** FLOP *** [Kh 7s 4s]
Looosersulze: bets $3
ChrisTuff: calls $3
*** TURN *** [Kh 7s 4s] [9c]
Looosersulze: bets $6
ChrisTuff: calls $6
*** RIVER *** [Kh 7s 4s 9c] [4h]
Looosersulze: bets $6
ChrisTuff: folds
Uncalled bet ($6) returned to Looosersulze
Looosersulze collected $29.50 from pot
Looosersulze: doesn't show hand
*** SUMMARY ***
Total pot $30 | Rake $0.50
Board [Kh 7s 4s 9c 4h]
Seat 1: Looosersulze (big blind) collected ($29.50)
Seat 2: ChrisTuff (button) (small blind) folded on the River


PokerStars Hand #148593271243:  Hold'em Limit ($3/$6 USD) - 2016/02/10 20:08:39 ET
Table 'Lina' 2-max Seat #1 is the button
Seat 1: Looosersulze ($128.76 in chips)
Seat 2: ChrisTuff ($131.50 in chips)
Looosersulze: posts small blind $1
ChrisTuff: posts big blind $3
*** HOLE CARDS ***
Looosersulze: raises $3 to $6
ChrisTuff: calls $3
*** FLOP *** [9d Th Jc]
ChrisTuff: checks
Looosersulze: bets $3
ChrisTuff: raises $3 to $6
Looosersulze: calls $3
*** TURN *** [9d Th Jc] [7h]
ChrisTuff: bets $6
Looosersulze: calls $6
*** RIVER *** [9d Th Jc 7h] [8h]
ChrisTuff: checks
Looosersulze: bets $6
ChrisTuff: calls $6
*** SHOW DOWN ***
Looosersulze: shows [9h Kd] (a straight, Seven to Jack)
ChrisTuff: shows [8s Tc] (a straight, Seven to Jack)
ChrisTuff collected $23.75 from pot
Looosersulze collected $23.75 from pot
*** SUMMARY ***
Total pot $48 | Rake $0.50
Board [9d Th Jc 7h 8h]
Seat 1: Looosersulze (button) (small blind) showed [9h Kd] and won ($23.75) with a straight, Seven to Jack
Seat 2: ChrisTuff (big blind) showed [8s Tc] and won ($23.75) with a straight, Seven to Jack


PokerStars Hand #148593260410:  Hold'em Limit ($3/$6 USD) - 2016/02/10 20:08:20 ET
Table 'Lina' 2-max Seat #2 is the button
Seat 1: Looosersulze ($114.26 in chips)
Seat 2: ChrisTuff ($146.50 in chips)
ChrisTuff: posts small blind $1
Looosersulze: posts big blind $3
*** HOLE CARDS ***
ChrisTuff: raises $3 to $6
Looosersulze: calls $3
*** FLOP *** [9c 5s 6h]
Looosersulze: checks
ChrisTuff: bets $3
Looosersulze: calls $3
*** TURN *** [9c 5s 6h] [7h]
Looosersulze: checks
ChrisTuff: bets $6
Looosersulze: calls $6
*** RIVER *** [9c 5s 6h 7h] [3h]
Looosersulze: checks
ChrisTuff: checks
*** SHOW DOWN ***
Looosersulze: shows [Kh 5d] (a pair of Fives)
ChrisTuff: mucks hand
Looosersulze collected $29.50 from pot
*** SUMMARY ***
Total pot $30 | Rake $0.50
Board [9c 5s 6h 7h 3h]
Seat 1: Looosersulze (big blind) showed [Kh 5d] and won ($29.50) with a pair of Fives
Seat 2: ChrisTuff (button) (small blind) mucked


PokerStars Hand #148593322051:  Hold'em Limit ($3/$6 USD) - 2016/02/10 20:10:08 ET
Table 'Lina' 2-max Seat #2 is the button
Seat 1: Looosersulze ($70.51 in chips)
Seat 2: ChrisTuff ($187.75 in chips)
ChrisTuff: posts small blind $1
Looosersulze: posts big blind $3
*** HOLE CARDS ***
ChrisTuff: raises $3 to $6
Looosersulze: calls $3
*** FLOP *** [5s 6s 8c]
Looosersulze: bets $3
ChrisTuff: calls $3
*** TURN *** [5s 6s 8c] [Jc]
Looosersulze: bets $6
ChrisTuff: folds
Uncalled bet ($6) returned to Looosersulze
Looosersulze collected $17.64 from pot
Looosersulze: doesn't show hand
*** SUMMARY ***
Total pot $18 | Rake $0.36
Board [5s 6s 8c Jc]
Seat 1: Looosersulze (big blind) collected ($17.64)
Seat 2: ChrisTuff (button) (small blind) folded on the Turn


PokerStars Hand #148593318269:  Hold'em Limit ($3/$6 USD) - 2016/02/10 20:10:02 ET
Table 'Lina' 2-max Seat #1 is the button
Seat 1: Looosersulze ($71.51 in chips)
Seat 2: ChrisTuff ($186.75 in chips)
Looosersulze: posts small blind $1
ChrisTuff: posts big blind $3
*** HOLE CARDS ***
Looosersulze: folds
Uncalled bet ($2) returned to ChrisTuff
ChrisTuff collected $2 from pot
ChrisTuff: doesn't show hand
*** SUMMARY ***
Total pot $2 | Rake $0
Seat 1: Looosersulze (button) (small blind) folded before Flop
Seat 2: ChrisTuff (big blind) collected ($2)


PokerStars Hand #148593309262:  Hold'em Limit ($3/$6 USD) - 2016/02/10 20:09:46 ET
Table 'Lina' 2-max Seat #2 is the button
Seat 1: Looosersulze ($86.51 in chips)
Seat 2: ChrisTuff ($172.25 in chips)
ChrisTuff: posts small blind $1
Looosersulze: posts big blind $3
*** HOLE CARDS ***
ChrisTuff: raises $3 to $6
Looosersulze: calls $3
*** FLOP *** [2s Jh Qs]
Looosersulze: checks
ChrisTuff: bets $3
Looosersulze: calls $3
*** TURN *** [2s Jh Qs] [Qh]
Looosersulze: checks
ChrisTuff: bets $6
Looosersulze: calls $6
*** RIVER *** [2s Jh Qs Qh] [3d]
Looosersulze: checks
ChrisTuff: checks
*** SHOW DOWN ***
Looosersulze: shows [2h 6s] (two pair, Queens and Deuces)
ChrisTuff: shows [Kc 2d] (two pair, Queens and Deuces - King kicker)
ChrisTuff collected $29.50 from pot
*** SUMMARY ***
Total pot $30 | Rake $0.50
Board [2s Jh Qs Qh 3d]
Seat 1: Looosersulze (big blind) showed [2h 6s] and lost with two pair, Queens and Deuces
Seat 2: ChrisTuff (button) (small blind) showed [Kc 2d] and won ($29.50) with two pair, Queens and Deuces


PokerStars Hand #148593299659:  Hold'em Limit ($3/$6 USD) - 2016/02/10 20:09:29 ET
Table 'Lina' 2-max Seat #1 is the button
Seat 1: Looosersulze ($113.51 in chips)
Seat 2: ChrisTuff ($145.75 in chips)
Looosersulze: posts small blind $1
ChrisTuff: posts big blind $3
*** HOLE CARDS ***
Looosersulze: raises $3 to $6
ChrisTuff: calls $3
*** FLOP *** [5s 3d 9c]
ChrisTuff: checks
Looosersulze: bets $3
ChrisTuff: calls $3
*** TURN *** [5s 3d 9c] [7d]
ChrisTuff: checks
Looosersulze: bets $6
ChrisTuff: calls $6
*** RIVER *** [5s 3d 9c 7d] [Js]
ChrisTuff: checks
Looosersulze: bets $6
ChrisTuff: raises $6 to $12
Looosersulze: calls $6
*** SHOW DOWN ***
ChrisTuff: shows [Jd 3s] (two pair, Jacks and Threes)
Looosersulze: mucks hand
ChrisTuff collected $53.50 from pot
*** SUMMARY ***
Total pot $54 | Rake $0.50
Board [5s 3d 9c 7d Js]
Seat 1: Looosersulze (button) (small blind) mucked
Seat 2: ChrisTuff (big blind) showed [Jd 3s] and won ($53.50) with two pair, Jacks and Threes


PokerStars Hand #148593288066:  Hold'em Limit ($3/$6 USD) - 2016/02/10 20:09:09 ET
Table 'Lina' 2-max Seat #2 is the button
Seat 1: Looosersulze ($128.51 in chips)
Seat 2: ChrisTuff ($131.25 in chips)
ChrisTuff: posts small blind $1
Looosersulze: posts big blind $3
*** HOLE CARDS ***
ChrisTuff: raises $3 to $6
Looosersulze: calls $3
*** FLOP *** [5h Ad 6c]
Looosersulze: checks
ChrisTuff: bets $3
Looosersulze: calls $3
*** TURN *** [5h Ad 6c] [Tc]
Looosersulze: checks
ChrisTuff: bets $6
Looosersulze: calls $6
*** RIVER *** [5h Ad 6c Tc] [2d]
Looosersulze: checks
ChrisTuff: bets $6
Looosersulze: folds
Uncalled bet ($6) returned to ChrisTuff
ChrisTuff collected $29.50 from pot
ChrisTuff: doesn't show hand
*** SUMMARY ***
Total pot $30 | Rake $0.50
Board [5h Ad 6c Tc 2d]
Seat 1: Looosersulze (big blind) folded on the River
Seat 2: ChrisTuff (button) (small blind) collected ($29.50)


PokerStars Hand #148593359106:  Hold'em Limit ($3/$6 USD) - 2016/02/10 20:11:14 ET
Table 'Lina' 2-max Seat #1 is the button
Seat 1: Looosersulze ($66.65 in chips)
Seat 2: ChrisTuff ($190.25 in chips)
Looosersulze: posts small blind $1
ChrisTuff: posts big blind $3
*** HOLE CARDS ***
Looosersulze: raises $3 to $6
ChrisTuff: calls $3
*** FLOP *** [7s 2s As]
ChrisTuff: checks
Looosersulze: bets $3
ChrisTuff: folds
Uncalled bet ($3) returned to Looosersulze
Looosersulze collected $11.76 from pot
Looosersulze: doesn't show hand
*** SUMMARY ***
Total pot $12 | Rake $0.24
Board [7s 2s As]
Seat 1: Looosersulze (button) (small blind) collected ($11.76)
Seat 2: ChrisTuff (big blind) folded on the Flop


PokerStars Hand #148593343084:  Hold'em Limit ($3/$6 USD) - 2016/02/10 20:10:45 ET
Table 'Lina' 2-max Seat #2 is the button
Seat 1: Looosersulze ($52.15 in chips)
Seat 2: ChrisTuff ($205.25 in chips)
ChrisTuff: posts small blind $1
Looosersulze: posts big blind $3
*** HOLE CARDS ***
ChrisTuff: raises $3 to $6
Looosersulze: calls $3
*** FLOP *** [Ac 4c 5d]
Looosersulze: checks
ChrisTuff: bets $3
Looosersulze: calls $3
*** TURN *** [Ac 4c 5d] [Ah]
Looosersulze: checks
ChrisTuff: bets $6
Looosersulze: calls $6
*** RIVER *** [Ac 4c 5d Ah] [Kc]
Looosersulze: bets $6
ChrisTuff: folds
Uncalled bet ($6) returned to Looosersulze
Looosersulze collected $29.50 from pot
Looosersulze: doesn't show hand
*** SUMMARY ***
Total pot $30 | Rake $0.50
Board [Ac 4c 5d Ah Kc]
Seat 1: Looosersulze (big blind) collected ($29.50)
Seat 2: ChrisTuff (button) (small blind) folded on the River


PokerStars Hand #148593328546:  Hold'em Limit ($3/$6 USD) - 2016/02/10 20:10:20 ET
Table 'Lina' 2-max Seat #1 is the button
Seat 1: Looosersulze ($79.15 in chips)
Seat 2: ChrisTuff ($178.75 in chips)
Looosersulze: posts small blind $1
ChrisTuff: posts big blind $3
*** HOLE CARDS ***
Looosersulze: raises $3 to $6
ChrisTuff: calls $3
*** FLOP *** [Jc 8d Qh]
ChrisTuff: checks
Looosersulze: bets $3
ChrisTuff: calls $3
*** TURN *** [Jc 8d Qh] [9s]
ChrisTuff: checks
Looosersulze: bets $6
ChrisTuff: raises $6 to $12
Looosersulze: calls $6
*** RIVER *** [Jc 8d Qh 9s] [As]
ChrisTuff: bets $6
Looosersulze: calls $6
*** SHOW DOWN ***
ChrisTuff: shows [6c Td] (a straight, Eight to Queen)
Looosersulze: mucks hand
ChrisTuff collected $53.50 from pot
*** SUMMARY ***
Total pot $54 | Rake $0.50
Board [Jc 8d Qh 9s As]
Seat 1: Looosersulze (button) (small blind) mucked
Seat 2: ChrisTuff (big blind) showed [6c Td] and won ($53.50) with a straight, Eight to Queen


PokerStars Hand #148593391042:  Hold'em Limit ($3/$6 USD) - 2016/02/10 20:12:11 ET
Table 'Lina' 2-max Seat #1 is the button
Seat 1: Looosersulze ($18.41 in chips)
Seat 2: ChrisTuff ($237.01 in chips)
Looosersulze: posts small blind $1
ChrisTuff: posts big blind $3
*** HOLE CARDS ***
Looosersulze: raises $3 to $6
ChrisTuff: raises $3 to $9
Looosersulze: calls $3
*** FLOP *** [Ah Jc 9s]
ChrisTuff: bets $3
Looosersulze: calls $3
*** TURN *** [Ah Jc 9s] [Tc]
ChrisTuff: bets $6
Looosersulze: calls $6
*** RIVER *** [Ah Jc 9s Tc] [9d]
ChrisTuff: bets $6
Looosersulze: calls $0.41 and is all-in
Uncalled bet ($5.59) returned to ChrisTuff
*** SHOW DOWN ***
ChrisTuff: shows [Js Jd] (a full house, Jacks full of Nines)
Looosersulze: shows [8h Jh] (two pair, Jacks and Nines)
ChrisTuff collected $36.32 from pot
*** SUMMARY ***
Total pot $36.82 | Rake $0.50
Board [Ah Jc 9s Tc 9d]
Seat 1: Looosersulze (button) (small blind) showed [8h Jh] and lost with two pair, Jacks and Nines
Seat 2: ChrisTuff (big blind) showed [Js Jd] and won ($36.32) with a full house, Jacks full of Nines


PokerStars Hand #148593384349:  Hold'em Limit ($3/$6 USD) - 2016/02/10 20:11:59 ET
Table 'Lina' 2-max Seat #2 is the button
Seat 1: Looosersulze ($24.41 in chips)
Seat 2: ChrisTuff ($231.25 in chips)
ChrisTuff: posts small blind $1
Looosersulze: posts big blind $3
*** HOLE CARDS ***
ChrisTuff: raises $3 to $6
Looosersulze: calls $3
*** FLOP *** [5h Qc Qh]
Looosersulze: checks
ChrisTuff: bets $3
Looosersulze: folds
Uncalled bet ($3) returned to ChrisTuff
ChrisTuff collected $11.76 from pot
ChrisTuff: doesn't show hand
*** SUMMARY ***
Total pot $12 | Rake $0.24
Board [5h Qc Qh]
Seat 1: Looosersulze (big blind) folded on the Flop
Seat 2: ChrisTuff (button) (small blind) collected ($11.76)


PokerStars Hand #148593373980:  Hold'em Limit ($3/$6 USD) - 2016/02/10 20:11:40 ET
Table 'Lina' 2-max Seat #1 is the button
Seat 1: Looosersulze ($48.41 in chips)
Seat 2: ChrisTuff ($207.75 in chips)
Looosersulze: posts small blind $1
ChrisTuff: posts big blind $3
*** HOLE CARDS ***
Looosersulze: raises $3 to $6
ChrisTuff: raises $3 to $9
Looosersulze: calls $3
*** FLOP *** [Js 3h Jd]
ChrisTuff: bets $3
Looosersulze: calls $3
*** TURN *** [Js 3h Jd] [9c]
ChrisTuff: bets $6
Looosersulze: calls $6
*** RIVER *** [Js 3h Jd 9c] [4d]
ChrisTuff: bets $6
Looosersulze: calls $6
*** SHOW DOWN ***
ChrisTuff: shows [8h 8d] (two pair, Jacks and Eights)
Looosersulze: mucks hand
ChrisTuff collected $47.50 from pot
*** SUMMARY ***
Total pot $48 | Rake $0.50
Board [Js 3h Jd 9c 4d]
Seat 1: Looosersulze (button) (small blind) mucked
Seat 2: ChrisTuff (big blind) showed [8h 8d] and won ($47.50) with two pair, Jacks and Eights


PokerStars Hand #148593364246:  Hold'em Limit ($3/$6 USD) - 2016/02/10 20:11:23 ET
Table 'Lina' 2-max Seat #2 is the button
Seat 1: Looosersulze ($72.41 in chips)
Seat 2: ChrisTuff ($184.25 in chips)
ChrisTuff: posts small blind $1
Looosersulze: posts big blind $3
*** HOLE CARDS ***
ChrisTuff: raises $3 to $6
Looosersulze: raises $3 to $9
ChrisTuff: calls $3
*** FLOP *** [5h 2s Ad]
Looosersulze: bets $3
ChrisTuff: calls $3
*** TURN *** [5h 2s Ad] [2h]
Looosersulze: bets $6
ChrisTuff: calls $6
*** RIVER *** [5h 2s Ad 2h] [Kh]
Looosersulze: bets $6
ChrisTuff: raises $6 to $12
Looosersulze: folds
Uncalled bet ($6) returned to ChrisTuff
ChrisTuff collected $47.50 from pot
ChrisTuff: doesn't show hand
*** SUMMARY ***
Total pot $48 | Rake $0.50
Board [5h 2s Ad 2h Kh]
Seat 1: Looosersulze (big blind) folded on the River
Seat 2: ChrisTuff (button) (small blind) collected ($47.50)


