PokerStars Hand #149855814099:  Hold'em Limit ($3/$6 USD) - 2016/03/04 22:21:17 ET
Table 'Lina' 6-max Seat #6 is the button
Seat 3: LifeisagameX ($60 in chips)
Seat 6: anetkaapro ($72 in chips)
anetkaapro: posts small blind $1
LifeisagameX: posts big blind $3
*** HOLE CARDS ***
anetkaapro: raises $3 to $6
LifeisagameX: calls $3
*** FLOP *** [Jh 4c 6h]
LifeisagameX: checks
anetkaapro: checks
*** TURN *** [Jh 4c 6h] [3c]
LifeisagameX: bets $6
anetkaapro: calls $6
*** RIVER *** [Jh 4c 6h 3c] [6s]
LifeisagameX: bets $6
anetkaapro: calls $6
*** SHOW DOWN ***
LifeisagameX: shows [5d Tc] (a pair of Sixes)
anetkaapro: shows [Ah 3s] (two pair, Sixes and Threes)
anetkaapro collected $35.50 from pot
*** SUMMARY ***
Total pot $36 | Rake $0.50
Board [Jh 4c 6h 3c 6s]
Seat 3: LifeisagameX (big blind) showed [5d Tc] and lost with a pair of Sixes
Seat 6: anetkaapro (button) (small blind) showed [Ah 3s] and won ($35.50) with two pair, Sixes and Threes


PokerStars Hand #149855830758:  Hold'em Limit ($3/$6 USD) - 2016/03/04 22:22:00 ET
Table 'Lina' 6-max Seat #3 is the button
Seat 3: LifeisagameX ($42 in chips)
Seat 6: anetkaapro ($89.50 in chips)
LifeisagameX: posts small blind $1
anetkaapro: posts big blind $3
*** HOLE CARDS ***
LifeisagameX: folds
Uncalled bet ($2) returned to anetkaapro
anetkaapro collected $2 from pot
anetkaapro: doesn't show hand
*** SUMMARY ***
Total pot $2 | Rake $0
Seat 3: LifeisagameX (button) (small blind) folded before Flop
Seat 6: anetkaapro (big blind) collected ($2)


PokerStars Hand #149855833030:  Hold'em Limit ($3/$6 USD) - 2016/03/04 22:22:05 ET
Table 'Lina' 6-max Seat #6 is the button
Seat 3: LifeisagameX ($41 in chips)
Seat 6: anetkaapro ($90.50 in chips)
anetkaapro: posts small blind $1
LifeisagameX: posts big blind $3
*** HOLE CARDS ***
anetkaapro: raises $3 to $6
LifeisagameX: raises $3 to $9
anetkaapro: calls $3
*** FLOP *** [Qh 3h Qd]
LifeisagameX: bets $3
anetkaapro: folds
Uncalled bet ($3) returned to LifeisagameX
LifeisagameX collected $17.64 from pot
LifeisagameX: doesn't show hand
*** SUMMARY ***
Total pot $18 | Rake $0.36
Board [Qh 3h Qd]
Seat 3: LifeisagameX (big blind) collected ($17.64)
Seat 6: anetkaapro (button) (small blind) folded on the Flop


