PokerStars Hand #148499487302:  Hold'em Limit ($3/$6 USD) - 2016/02/09 8:42:05 ET
Table 'Lina II' 6-max Seat #4 is the button
Seat 3: LilBrown268 ($38.33 in chips)
Seat 4: Agrotait ($69 in chips)
Agrotait: posts small blind $1
LilBrown268: posts big blind $3
*** HOLE CARDS ***
Agrotait: raises $3 to $6
LilBrown268: folds
Uncalled bet ($3) returned to Agrotait
Agrotait collected $6 from pot
Agrotait: doesn't show hand
*** SUMMARY ***
Total pot $6 | Rake $0
Seat 3: LilBrown268 (big blind) folded before Flop
Seat 4: Agrotait (button) (small blind) collected ($6)


PokerStars Hand #148499496757:  Hold'em Limit ($3/$6 USD) - 2016/02/09 8:42:19 ET
Table 'Lina II' 6-max Seat #4 is the button
Seat 3: LilBrown268 ($34.33 in chips)
Seat 4: Agrotait ($73 in chips)
Agrotait: posts small blind $1
LilBrown268: posts big blind $3
*** HOLE CARDS ***
Agrotait: raises $3 to $6
LilBrown268: calls $3
*** FLOP *** [9s Qc 5d]
LilBrown268: checks
Agrotait: bets $3
LilBrown268: calls $3
*** TURN *** [9s Qc 5d] [Jh]
LilBrown268: bets $6
Agrotait: calls $6
*** RIVER *** [9s Qc 5d Jh] [3c]
LilBrown268: bets $6
Agrotait: calls $6
*** SHOW DOWN ***
LilBrown268: shows [Td 9c] (a pair of Nines)
Agrotait: shows [Ac Jc] (a pair of Jacks)
Agrotait collected $41.50 from pot
*** SUMMARY ***
Total pot $42 | Rake $0.50
Board [9s Qc 5d Jh 3c]
Seat 3: LilBrown268 (big blind) showed [Td 9c] and lost with a pair of Nines
Seat 4: Agrotait (button) (small blind) showed [Ac Jc] and won ($41.50) with a pair of Jacks


PokerStars Hand #148499520601:  Hold'em Limit ($3/$6 USD) - 2016/02/09 8:42:53 ET
Table 'Lina II' 6-max Seat #3 is the button
Seat 3: LilBrown268 ($13.33 in chips)
Seat 4: Agrotait ($93.50 in chips)
LilBrown268: posts small blind $1
Agrotait: posts big blind $3
*** HOLE CARDS ***
LilBrown268: raises $3 to $6
Agrotait: folds
Uncalled bet ($3) returned to LilBrown268
LilBrown268 collected $6 from pot
*** SUMMARY ***
Total pot $6 | Rake $0
Seat 3: LilBrown268 (button) (small blind) collected ($6)
Seat 4: Agrotait (big blind) folded before Flop


PokerStars Hand #148499491883:  Hold'em Limit ($3/$6 USD) - 2016/02/09 8:42:12 ET
Table 'Lina II' 6-max Seat #3 is the button
Seat 3: LilBrown268 ($35.33 in chips)
Seat 4: Agrotait ($72 in chips)
LilBrown268: posts small blind $1
Agrotait: posts big blind $3
*** HOLE CARDS ***
LilBrown268: folds
Uncalled bet ($2) returned to Agrotait
Agrotait collected $2 from pot
Agrotait: doesn't show hand
*** SUMMARY ***
Total pot $2 | Rake $0
Seat 3: LilBrown268 (button) (small blind) folded before Flop
Seat 4: Agrotait (big blind) collected ($2)


PokerStars Hand #148499526390:  Hold'em Limit ($3/$6 USD) - 2016/02/09 8:43:01 ET
Table 'Lina II' 6-max Seat #4 is the button
Seat 3: LilBrown268 ($16.33 in chips)
Seat 4: Agrotait ($90.50 in chips)
Agrotait: posts small blind $1
LilBrown268: posts big blind $3
*** HOLE CARDS ***
Agrotait: folds
Uncalled bet ($2) returned to LilBrown268
LilBrown268 collected $2 from pot
*** SUMMARY ***
Total pot $2 | Rake $0
Seat 3: LilBrown268 (big blind) collected ($2)
Seat 4: Agrotait (button) (small blind) folded before Flop


PokerStars Hand #148499531685:  Hold'em Limit ($3/$6 USD) - 2016/02/09 8:43:08 ET
Table 'Lina II' 6-max Seat #3 is the button
Seat 3: LilBrown268 ($17.33 in chips)
Seat 4: Agrotait ($89.50 in chips)
LilBrown268: posts small blind $1
Agrotait: posts big blind $3
*** HOLE CARDS ***
LilBrown268: raises $3 to $6
Agrotait: raises $3 to $9
LilBrown268: raises $3 to $12
Betting is capped
Agrotait: calls $3
*** FLOP *** [6s Td 4c]
grabaz joins the table at seat #5
Agrotait: checks
LilBrown268: bets $3
Agrotait: raises $3 to $6
LilBrown268: calls $2.33 and is all-in
Uncalled bet ($0.67) returned to Agrotait
*** TURN *** [6s Td 4c] [8d]
*** RIVER *** [6s Td 4c 8d] [8h]
*** SHOW DOWN ***
Agrotait: shows [Kc Tc] (two pair, Tens and Eights)
LilBrown268: shows [Js 9s] (a pair of Eights)
Agrotait collected $34.16 from pot
*** SUMMARY ***
Total pot $34.66 | Rake $0.50
Board [6s Td 4c 8d 8h]
Seat 3: LilBrown268 (button) (small blind) showed [Js 9s] and lost with a pair of Eights
Seat 4: Agrotait (big blind) showed [Kc Tc] and won ($34.16) with two pair, Tens and Eights


