PokerStars Hand #159803758029:  Hold'em Limit ($3/$6 USD) - 2016/10/11 17:46:53 ET
Table 'Lina' 6-max Seat #3 is the button
Seat 3: xcgxcg2005 ($105.76 in chips)
Seat 4: Actionni13 ($169.52 in chips)
xcgxcg2005: posts small blind $1
Actionni13: posts big blind $3
*** HOLE CARDS ***
xcgxcg2005: folds
Uncalled bet ($2) returned to Actionni13
Actionni13 collected $2 from pot
Actionni13: doesn't show hand
*** SUMMARY ***
Total pot $2 | Rake $0
Seat 3: xcgxcg2005 (button) (small blind) folded before Flop
Seat 4: Actionni13 (big blind) collected ($2)


PokerStars Hand #159803753830:  Hold'em Limit ($3/$6 USD) - 2016/10/11 17:46:48 ET
Table 'Lina' 6-max Seat #4 is the button
Seat 3: xcgxcg2005 ($108.76 in chips)
Seat 4: Actionni13 ($166.52 in chips)
Actionni13: posts small blind $1
xcgxcg2005: posts big blind $3
*** HOLE CARDS ***
Actionni13: raises $3 to $6
xcgxcg2005: folds
Uncalled bet ($3) returned to Actionni13
Actionni13 collected $6 from pot
Actionni13: doesn't show hand
*** SUMMARY ***
Total pot $6 | Rake $0
Seat 3: xcgxcg2005 (big blind) folded before Flop
Seat 4: Actionni13 (button) (small blind) collected ($6)


PokerStars Hand #159803750043:  Hold'em Limit ($3/$6 USD) - 2016/10/11 17:46:43 ET
Table 'Lina' 6-max Seat #3 is the button
Seat 3: xcgxcg2005 ($109.76 in chips)
Seat 4: Actionni13 ($165.52 in chips)
xcgxcg2005: posts small blind $1
Actionni13: posts big blind $3
*** HOLE CARDS ***
xcgxcg2005: folds
Uncalled bet ($2) returned to Actionni13
Actionni13 collected $2 from pot
Actionni13: doesn't show hand
*** SUMMARY ***
Total pot $2 | Rake $0
Seat 3: xcgxcg2005 (button) (small blind) folded before Flop
Seat 4: Actionni13 (big blind) collected ($2)


PokerStars Hand #159803746209:  Hold'em Limit ($3/$6 USD) - 2016/10/11 17:46:38 ET
Table 'Lina' 6-max Seat #4 is the button
Seat 3: xcgxcg2005 ($108.76 in chips)
Seat 4: Actionni13 ($166.52 in chips)
Actionni13: posts small blind $1
xcgxcg2005: posts big blind $3
*** HOLE CARDS ***
Actionni13: folds
Uncalled bet ($2) returned to xcgxcg2005
xcgxcg2005 collected $2 from pot
xcgxcg2005: doesn't show hand
*** SUMMARY ***
Total pot $2 | Rake $0
Seat 3: xcgxcg2005 (big blind) collected ($2)
Seat 4: Actionni13 (button) (small blind) folded before Flop


PokerStars Hand #159803742607:  Hold'em Limit ($3/$6 USD) - 2016/10/11 17:46:33 ET
Table 'Lina' 6-max Seat #3 is the button
Seat 3: xcgxcg2005 ($109.76 in chips)
Seat 4: Actionni13 ($165.52 in chips)
xcgxcg2005: posts small blind $1
Actionni13: posts big blind $3
*** HOLE CARDS ***
xcgxcg2005: folds
Uncalled bet ($2) returned to Actionni13
Actionni13 collected $2 from pot
Actionni13: doesn't show hand
*** SUMMARY ***
Total pot $2 | Rake $0
Seat 3: xcgxcg2005 (button) (small blind) folded before Flop
Seat 4: Actionni13 (big blind) collected ($2)


PokerStars Hand #159803727807:  Hold'em Limit ($3/$6 USD) - 2016/10/11 17:46:14 ET
Table 'Lina' 6-max Seat #4 is the button
Seat 3: xcgxcg2005 ($121.76 in chips)
Seat 4: Actionni13 ($154 in chips)
Actionni13: posts small blind $1
xcgxcg2005: posts big blind $3
*** HOLE CARDS ***
Actionni13: raises $3 to $6
xcgxcg2005: raises $3 to $9
Actionni13: calls $3
*** FLOP *** [Kd 7s Jd]
xcgxcg2005: bets $3
Actionni13: calls $3
*** TURN *** [Kd 7s Jd] [2d]
xcgxcg2005: checks
Actionni13: bets $6
xcgxcg2005: folds
Uncalled bet ($6) returned to Actionni13
Actionni13 collected $23.52 from pot
Actionni13: doesn't show hand
*** SUMMARY ***
Total pot $24 | Rake $0.48
Board [Kd 7s Jd 2d]
Seat 3: xcgxcg2005 (big blind) folded on the Turn
Seat 4: Actionni13 (button) (small blind) collected ($23.52)


PokerStars Hand #159803724286:  Hold'em Limit ($3/$6 USD) - 2016/10/11 17:46:10 ET
Table 'Lina' 6-max Seat #3 is the button
Seat 3: xcgxcg2005 ($122.76 in chips)
Seat 4: Actionni13 ($153 in chips)
xcgxcg2005: posts small blind $1
Actionni13: posts big blind $3
*** HOLE CARDS ***
xcgxcg2005: folds
Uncalled bet ($2) returned to Actionni13
Actionni13 collected $2 from pot
Actionni13: doesn't show hand
*** SUMMARY ***
Total pot $2 | Rake $0
Seat 3: xcgxcg2005 (button) (small blind) folded before Flop
Seat 4: Actionni13 (big blind) collected ($2)


PokerStars Hand #159803720205:  Hold'em Limit ($3/$6 USD) - 2016/10/11 17:46:05 ET
Table 'Lina' 6-max Seat #4 is the button
Seat 3: xcgxcg2005 ($125.76 in chips)
Seat 4: Actionni13 ($150 in chips)
Actionni13: posts small blind $1
xcgxcg2005: posts big blind $3
*** HOLE CARDS ***
Actionni13: raises $3 to $6
xcgxcg2005: folds
Uncalled bet ($3) returned to Actionni13
Actionni13 collected $6 from pot
Actionni13: doesn't show hand
*** SUMMARY ***
Total pot $6 | Rake $0
Seat 3: xcgxcg2005 (big blind) folded before Flop
Seat 4: Actionni13 (button) (small blind) collected ($6)


PokerStars Hand #159803686490:  Hold'em Limit ($3/$6 USD) - 2016/10/11 17:45:21 ET
Table 'Lina' 6-max Seat #3 is the button
Seat 3: xcgxcg2005 ($120 in chips)
Seat 4: Actionni13 ($150 in chips)
xcgxcg2005: posts small blind $1
Actionni13: posts big blind $3
*** HOLE CARDS ***
xcgxcg2005: raises $3 to $6
Actionni13: calls $3
*** FLOP *** [Js 4c 7d]
Actionni13: checks
xcgxcg2005: checks
*** TURN *** [Js 4c 7d] [Qd]
Actionni13: checks
xcgxcg2005: checks
*** RIVER *** [Js 4c 7d Qd] [Ac]
Actionni13: checks
xcgxcg2005: bets $6
Actionni13: folds
Uncalled bet ($6) returned to xcgxcg2005
xcgxcg2005 collected $11.76 from pot
xcgxcg2005: doesn't show hand
*** SUMMARY ***
Total pot $12 | Rake $0.24
Board [Js 4c 7d Qd Ac]
Seat 3: xcgxcg2005 (button) (small blind) collected ($11.76)
Seat 4: Actionni13 (big blind) folded on the River


PokerStars Hand #159803803900:  Hold'em Limit ($3/$6 USD) - 2016/10/11 17:47:53 ET
Table 'Lina' 6-max Seat #3 is the button
Seat 3: xcgxcg2005 ($89.40 in chips)
Seat 4: Actionni13 ($185.02 in chips)
xcgxcg2005: posts small blind $1
Actionni13: posts big blind $3
*** HOLE CARDS ***
xcgxcg2005: folds
Uncalled bet ($2) returned to Actionni13
Actionni13 collected $2 from pot
Actionni13: doesn't show hand
*** SUMMARY ***
Total pot $2 | Rake $0
Seat 3: xcgxcg2005 (button) (small blind) folded before Flop
Seat 4: Actionni13 (big blind) collected ($2)


PokerStars Hand #159803800058:  Hold'em Limit ($3/$6 USD) - 2016/10/11 17:47:48 ET
Table 'Lina' 6-max Seat #4 is the button
Seat 3: xcgxcg2005 ($88.40 in chips)
Seat 4: Actionni13 ($186.02 in chips)
Actionni13: posts small blind $1
xcgxcg2005: posts big blind $3
*** HOLE CARDS ***
Actionni13: folds
Uncalled bet ($2) returned to xcgxcg2005
xcgxcg2005 collected $2 from pot
xcgxcg2005: doesn't show hand
*** SUMMARY ***
Total pot $2 | Rake $0
Seat 3: xcgxcg2005 (big blind) collected ($2)
Seat 4: Actionni13 (button) (small blind) folded before Flop


PokerStars Hand #159803779141:  Hold'em Limit ($3/$6 USD) - 2016/10/11 17:47:21 ET
Table 'Lina' 6-max Seat #3 is the button
Seat 3: xcgxcg2005 ($109.40 in chips)
Seat 4: Actionni13 ($165.52 in chips)
xcgxcg2005: posts small blind $1
Actionni13: posts big blind $3
*** HOLE CARDS ***
xcgxcg2005: raises $3 to $6
Actionni13: calls $3
*** FLOP *** [7h Ts 7c]
Actionni13: checks
xcgxcg2005: bets $3
Actionni13: calls $3
*** TURN *** [7h Ts 7c] [As]
Actionni13: bets $6
xcgxcg2005: raises $6 to $12
Actionni13: calls $6
*** RIVER *** [7h Ts 7c As] [6h]
Actionni13: checks
xcgxcg2005: checks
*** SHOW DOWN ***
Actionni13: shows [Jd Ad] (two pair, Aces and Sevens)
xcgxcg2005: mucks hand
Actionni13 collected $41.50 from pot
*** SUMMARY ***
Total pot $42 | Rake $0.50
Board [7h Ts 7c As 6h]
Seat 3: xcgxcg2005 (button) (small blind) mucked
Seat 4: Actionni13 (big blind) showed [Jd Ad] and won ($41.50) with two pair, Aces and Sevens


PokerStars Hand #159803769278:  Hold'em Limit ($3/$6 USD) - 2016/10/11 17:47:08 ET
Table 'Lina' 6-max Seat #4 is the button
Seat 3: xcgxcg2005 ($100.76 in chips)
Seat 4: Actionni13 ($174.52 in chips)
Actionni13: posts small blind $1
xcgxcg2005: posts big blind $3
*** HOLE CARDS ***
Actionni13: raises $3 to $6
xcgxcg2005: raises $3 to $9
Actionni13: calls $3
*** FLOP *** [Kh 4s 6h]
xcgxcg2005: bets $3
Actionni13: folds
Uncalled bet ($3) returned to xcgxcg2005
xcgxcg2005 collected $17.64 from pot
xcgxcg2005: doesn't show hand
*** SUMMARY ***
Total pot $18 | Rake $0.36
Board [Kh 4s 6h]
Seat 3: xcgxcg2005 (big blind) collected ($17.64)
Seat 4: Actionni13 (button) (small blind) folded on the Flop


PokerStars Hand #159803765670:  Hold'em Limit ($3/$6 USD) - 2016/10/11 17:47:03 ET
Table 'Lina' 6-max Seat #3 is the button
Seat 3: xcgxcg2005 ($101.76 in chips)
Seat 4: Actionni13 ($173.52 in chips)
xcgxcg2005: posts small blind $1
Actionni13: posts big blind $3
*** HOLE CARDS ***
xcgxcg2005: folds
Uncalled bet ($2) returned to Actionni13
Actionni13 collected $2 from pot
Actionni13: doesn't show hand
*** SUMMARY ***
Total pot $2 | Rake $0
Seat 3: xcgxcg2005 (button) (small blind) folded before Flop
Seat 4: Actionni13 (big blind) collected ($2)


PokerStars Hand #159803761523:  Hold'em Limit ($3/$6 USD) - 2016/10/11 17:46:58 ET
Table 'Lina' 6-max Seat #4 is the button
Seat 3: xcgxcg2005 ($104.76 in chips)
Seat 4: Actionni13 ($170.52 in chips)
Actionni13: posts small blind $1
xcgxcg2005: posts big blind $3
*** HOLE CARDS ***
Actionni13: raises $3 to $6
xcgxcg2005: folds
Uncalled bet ($3) returned to Actionni13
Actionni13 collected $6 from pot
Actionni13: doesn't show hand
*** SUMMARY ***
Total pot $6 | Rake $0
Seat 3: xcgxcg2005 (big blind) folded before Flop
Seat 4: Actionni13 (button) (small blind) collected ($6)


PokerStars Hand #159803838391:  Hold'em Limit ($3/$6 USD) - 2016/10/11 17:48:37 ET
Table 'Lina' 6-max Seat #4 is the button
Seat 3: xcgxcg2005 ($98.04 in chips)
Seat 4: Actionni13 ($176.02 in chips)
Actionni13: posts small blind $1
xcgxcg2005: posts big blind $3
*** HOLE CARDS ***
Actionni13: raises $3 to $6
xcgxcg2005: raises $3 to $9
Actionni13: calls $3
*** FLOP *** [9h 6d 5c]
xcgxcg2005: checks
Actionni13: bets $3
xcgxcg2005: calls $3
*** TURN *** [9h 6d 5c] [Qh]
xcgxcg2005: checks
Actionni13: bets $6
xcgxcg2005: calls $6
*** RIVER *** [9h 6d 5c Qh] [Qc]
xcgxcg2005: checks
Actionni13: bets $6
xcgxcg2005: calls $6
*** SHOW DOWN ***
Actionni13: shows [8h 3h] (a pair of Queens)
xcgxcg2005: shows [Jd Kh] (a pair of Queens - King kicker)
xcgxcg2005 collected $47.50 from pot
*** SUMMARY ***
Total pot $48 | Rake $0.50
Board [9h 6d 5c Qh Qc]
Seat 3: xcgxcg2005 (big blind) showed [Jd Kh] and won ($47.50) with a pair of Queens
Seat 4: Actionni13 (button) (small blind) showed [8h 3h] and lost with a pair of Queens


PokerStars Hand #159803815109:  Hold'em Limit ($3/$6 USD) - 2016/10/11 17:48:07 ET
Table 'Lina' 6-max Seat #3 is the button
Seat 3: xcgxcg2005 ($89.40 in chips)
Seat 4: Actionni13 ($185.02 in chips)
xcgxcg2005: posts small blind $1
Actionni13: posts big blind $3
*** HOLE CARDS ***
xcgxcg2005: raises $3 to $6
Actionni13: calls $3
*** FLOP *** [3c 9d 2c]
Actionni13: checks
xcgxcg2005: bets $3
Actionni13: calls $3
*** TURN *** [3c 9d 2c] [3s]
Actionni13: checks
xcgxcg2005: bets $6
Actionni13: folds
Uncalled bet ($6) returned to xcgxcg2005
xcgxcg2005 collected $17.64 from pot
xcgxcg2005: doesn't show hand
*** SUMMARY ***
Total pot $18 | Rake $0.36
Board [3c 9d 2c 3s]
Seat 3: xcgxcg2005 (button) (small blind) collected ($17.64)
Seat 4: Actionni13 (big blind) folded on the Turn


PokerStars Hand #159803807408:  Hold'em Limit ($3/$6 USD) - 2016/10/11 17:47:57 ET
Table 'Lina' 6-max Seat #4 is the button
Seat 3: xcgxcg2005 ($88.40 in chips)
Seat 4: Actionni13 ($186.02 in chips)
Actionni13: posts small blind $1
xcgxcg2005: posts big blind $3
*** HOLE CARDS ***
Actionni13: folds
Uncalled bet ($2) returned to xcgxcg2005
xcgxcg2005 collected $2 from pot
xcgxcg2005: doesn't show hand
*** SUMMARY ***
Total pot $2 | Rake $0
Seat 3: xcgxcg2005 (big blind) collected ($2)
Seat 4: Actionni13 (button) (small blind) folded before Flop


PokerStars Hand #159803884153:  Hold'em Limit ($3/$6 USD) - 2016/10/11 17:49:37 ET
Table 'Lina' 6-max Seat #3 is the button
Seat 3: xcgxcg2005 ($132.06 in chips)
Seat 4: Actionni13 ($153 in chips)
xcgxcg2005: posts small blind $1
Actionni13: posts big blind $3
*** HOLE CARDS ***
xcgxcg2005: raises $3 to $6
Actionni13: calls $3
*** FLOP *** [Js Ks 3s]
Actionni13: checks
xcgxcg2005: bets $3
Actionni13: raises $3 to $6
xcgxcg2005: calls $3
*** TURN *** [Js Ks 3s] [3h]
Actionni13: bets $6
xcgxcg2005: calls $6
*** RIVER *** [Js Ks 3s 3h] [6c]
Actionni13: bets $6
xcgxcg2005: calls $6
*** SHOW DOWN ***
Actionni13: shows [Jd Qh] (two pair, Jacks and Threes)
xcgxcg2005: mucks hand
Actionni13 collected $47.50 from pot
*** SUMMARY ***
Total pot $48 | Rake $0.50
Board [Js Ks 3s 3h 6c]
Seat 3: xcgxcg2005 (button) (small blind) mucked
Seat 4: Actionni13 (big blind) showed [Jd Qh] and won ($47.50) with two pair, Jacks and Threes


PokerStars Hand #159803880109:  Hold'em Limit ($3/$6 USD) - 2016/10/11 17:49:32 ET
Table 'Lina' 6-max Seat #4 is the button
Seat 3: xcgxcg2005 ($135.06 in chips)
Seat 4: Actionni13 ($150 in chips)
Actionni13: posts small blind $1
xcgxcg2005: posts big blind $3
*** HOLE CARDS ***
Actionni13: raises $3 to $6
xcgxcg2005: folds
Uncalled bet ($3) returned to Actionni13
Actionni13 collected $6 from pot
Actionni13: doesn't show hand
*** SUMMARY ***
Total pot $6 | Rake $0
Seat 3: xcgxcg2005 (big blind) folded before Flop
Seat 4: Actionni13 (button) (small blind) collected ($6)


PokerStars Hand #159803873297:  Hold'em Limit ($3/$6 USD) - 2016/10/11 17:49:23 ET
Table 'Lina' 6-max Seat #3 is the button
Seat 3: xcgxcg2005 ($132.06 in chips)
Seat 4: Actionni13 ($150 in chips)
xcgxcg2005: posts small blind $1
Actionni13: posts big blind $3
*** HOLE CARDS ***
xcgxcg2005: raises $3 to $6
Actionni13: folds
Uncalled bet ($3) returned to xcgxcg2005
xcgxcg2005 collected $6 from pot
xcgxcg2005: doesn't show hand
*** SUMMARY ***
Total pot $6 | Rake $0
Seat 3: xcgxcg2005 (button) (small blind) collected ($6)
Seat 4: Actionni13 (big blind) folded before Flop


PokerStars Hand #159803861501:  Hold'em Limit ($3/$6 USD) - 2016/10/11 17:49:07 ET
Table 'Lina' 6-max Seat #4 is the button
Seat 3: xcgxcg2005 ($120.54 in chips)
Seat 4: Actionni13 ($153.02 in chips)
Actionni13: posts small blind $1
xcgxcg2005: posts big blind $3
*** HOLE CARDS ***
Actionni13: raises $3 to $6
xcgxcg2005: raises $3 to $9
Actionni13: calls $3
*** FLOP *** [5h Ah As]
xcgxcg2005: bets $3
Actionni13: calls $3
*** TURN *** [5h Ah As] [2h]
xcgxcg2005: bets $6
Actionni13: folds
Uncalled bet ($6) returned to xcgxcg2005
xcgxcg2005 collected $23.52 from pot
xcgxcg2005: doesn't show hand
*** SUMMARY ***
Total pot $24 | Rake $0.48
Board [5h Ah As 2h]
Seat 3: xcgxcg2005 (big blind) collected ($23.52)
Seat 4: Actionni13 (button) (small blind) folded on the Turn


PokerStars Hand #159803857075:  Hold'em Limit ($3/$6 USD) - 2016/10/11 17:49:02 ET
Table 'Lina' 6-max Seat #3 is the button
Seat 3: xcgxcg2005 ($121.54 in chips)
Seat 4: Actionni13 ($152.02 in chips)
xcgxcg2005: posts small blind $1
Actionni13: posts big blind $3
*** HOLE CARDS ***
xcgxcg2005: folds
Uncalled bet ($2) returned to Actionni13
Actionni13 collected $2 from pot
Actionni13: doesn't show hand
*** SUMMARY ***
Total pot $2 | Rake $0
Seat 3: xcgxcg2005 (button) (small blind) folded before Flop
Seat 4: Actionni13 (big blind) collected ($2)


PokerStars Hand #159803917549:  Hold'em Limit ($3/$6 USD) - 2016/10/11 17:50:20 ET
Table 'Lina' 6-max Seat #4 is the button
Seat 3: xcgxcg2005 ($77.06 in chips)
Seat 4: Actionni13 ($207 in chips)
Actionni13: posts small blind $1
xcgxcg2005: posts big blind $3
*** HOLE CARDS ***
Actionni13: raises $3 to $6
xcgxcg2005: folds
Uncalled bet ($3) returned to Actionni13
Actionni13 collected $6 from pot
Actionni13: doesn't show hand
*** SUMMARY ***
Total pot $6 | Rake $0
Seat 3: xcgxcg2005 (big blind) folded before Flop
Seat 4: Actionni13 (button) (small blind) collected ($6)


PokerStars Hand #159803914134:  Hold'em Limit ($3/$6 USD) - 2016/10/11 17:50:16 ET
Table 'Lina' 6-max Seat #3 is the button
Seat 3: xcgxcg2005 ($78.06 in chips)
Seat 4: Actionni13 ($206 in chips)
xcgxcg2005: posts small blind $1
Actionni13: posts big blind $3
*** HOLE CARDS ***
xcgxcg2005: folds
Uncalled bet ($2) returned to Actionni13
Actionni13 collected $2 from pot
*** SUMMARY ***
Total pot $2 | Rake $0
Seat 3: xcgxcg2005 (button) (small blind) folded before Flop
Seat 4: Actionni13 (big blind) collected ($2)


PokerStars Hand #159803898061:  Hold'em Limit ($3/$6 USD) - 2016/10/11 17:49:55 ET
Table 'Lina' 6-max Seat #4 is the button
Seat 3: xcgxcg2005 ($108.06 in chips)
Seat 4: Actionni13 ($176.50 in chips)
Actionni13: posts small blind $1
xcgxcg2005: posts big blind $3
*** HOLE CARDS ***
Actionni13: raises $3 to $6
xcgxcg2005: raises $3 to $9
Actionni13: calls $3
*** FLOP *** [9d 5d 4c]
xcgxcg2005: bets $3
Actionni13: calls $3
*** TURN *** [9d 5d 4c] [5c]
xcgxcg2005: bets $6
Actionni13: raises $6 to $12
xcgxcg2005: calls $6
*** RIVER *** [9d 5d 4c 5c] [Td]
xcgxcg2005: checks
Actionni13: bets $6
xcgxcg2005: calls $6
*** SHOW DOWN ***
Actionni13: shows [5h Tc] (a full house, Fives full of Tens)
xcgxcg2005: mucks hand
Actionni13 collected $59.50 from pot
*** SUMMARY ***
Total pot $60 | Rake $0.50
Board [9d 5d 4c 5c Td]
Seat 3: xcgxcg2005 (big blind) mucked
Seat 4: Actionni13 (button) (small blind) showed [5h Tc] and won ($59.50) with a full house, Fives full of Tens


PokerStars Hand #159803981469:  Hold'em Limit ($3/$6 USD) - 2016/10/11 17:51:44 ET
Table 'Lina' 6-max Seat #3 is the button
Seat 3: xcgxcg2005 ($73.56 in chips)
Seat 4: Actionni13 ($209.50 in chips)
xcgxcg2005: posts small blind $1
Actionni13: posts big blind $3
*** HOLE CARDS ***
xcgxcg2005: raises $3 to $6
Actionni13: calls $3
*** FLOP *** [Tc Qh 6c]
Actionni13: checks
xcgxcg2005: bets $3
Actionni13: folds
Uncalled bet ($3) returned to xcgxcg2005
xcgxcg2005 collected $11.76 from pot
xcgxcg2005: doesn't show hand
*** SUMMARY ***
Total pot $12 | Rake $0.24
Board [Tc Qh 6c]
Seat 3: xcgxcg2005 (button) (small blind) collected ($11.76)
Seat 4: Actionni13 (big blind) folded on the Flop


PokerStars Hand #159803958585:  Hold'em Limit ($3/$6 USD) - 2016/10/11 17:51:14 ET
Table 'Lina' 6-max Seat #4 is the button
Seat 3: xcgxcg2005 ($94.56 in chips)
Seat 4: Actionni13 ($189 in chips)
Actionni13: posts small blind $1
xcgxcg2005: posts big blind $3
*** HOLE CARDS ***
Actionni13: raises $3 to $6
xcgxcg2005: calls $3
*** FLOP *** [Kc 6c Ah]
xcgxcg2005: checks
Actionni13: bets $3
xcgxcg2005: calls $3
*** TURN *** [Kc 6c Ah] [Ts]
xcgxcg2005: checks
Actionni13: bets $6
xcgxcg2005: calls $6
*** RIVER *** [Kc 6c Ah Ts] [2h]
xcgxcg2005: checks
Actionni13: bets $6
xcgxcg2005: calls $6
*** SHOW DOWN ***
Actionni13: shows [Ac 5d] (a pair of Aces)
xcgxcg2005: mucks hand
Actionni13 collected $41.50 from pot
*** SUMMARY ***
Total pot $42 | Rake $0.50
Board [Kc 6c Ah Ts 2h]
Seat 3: xcgxcg2005 (big blind) mucked
Seat 4: Actionni13 (button) (small blind) showed [Ac 5d] and won ($41.50) with a pair of Aces


PokerStars Hand #159803922912:  Hold'em Limit ($3/$6 USD) - 2016/10/11 17:50:28 ET
Table 'Lina' 6-max Seat #3 is the button
Seat 3: xcgxcg2005 ($74.06 in chips)
Seat 4: Actionni13 ($210 in chips)
xcgxcg2005: posts small blind $1
Actionni13: posts big blind $3
*** HOLE CARDS ***
xcgxcg2005: raises $3 to $6
Actionni13: calls $3
*** FLOP *** [8h 2c 2s]
Actionni13: checks
xcgxcg2005: bets $3
Actionni13: calls $3
*** TURN *** [8h 2c 2s] [7c]
Actionni13: checks
xcgxcg2005: bets $6
Actionni13: calls $6
*** RIVER *** [8h 2c 2s 7c] [3h]
Actionni13: checks
xcgxcg2005: bets $6
Actionni13: calls $6
*** SHOW DOWN ***
xcgxcg2005: shows [8s 7s] (two pair, Eights and Sevens)
Actionni13: mucks hand
xcgxcg2005 collected $41.50 from pot
*** SUMMARY ***
Total pot $42 | Rake $0.50
Board [8h 2c 2s 7c 3h]
Seat 3: xcgxcg2005 (button) (small blind) showed [8s 7s] and won ($41.50) with two pair, Eights and Sevens
Seat 4: Actionni13 (big blind) mucked


PokerStars Hand #159804021796:  Hold'em Limit ($3/$6 USD) - 2016/10/11 17:52:34 ET
Table 'Lina' 6-max Seat #3 is the button
Seat 3: xcgxcg2005 ($96.82 in chips)
Seat 4: Actionni13 ($185.50 in chips)
xcgxcg2005: posts small blind $1
Actionni13: posts big blind $3
*** HOLE CARDS ***
xcgxcg2005: raises $3 to $6
Actionni13: calls $3
*** FLOP *** [Kc Ks 5d]
Actionni13: checks
xcgxcg2005: bets $3
Actionni13: calls $3
*** TURN *** [Kc Ks 5d] [4d]
Actionni13: checks
xcgxcg2005: bets $6
Actionni13: calls $6
*** RIVER *** [Kc Ks 5d 4d] [5c]
Actionni13: checks
xcgxcg2005: bets $6
Actionni13: calls $6
*** SHOW DOWN ***
xcgxcg2005: shows [Th Td] (two pair, Kings and Tens)
Actionni13: mucks hand
xcgxcg2005 collected $41.50 from pot
*** SUMMARY ***
Total pot $42 | Rake $0.50
Board [Kc Ks 5d 4d 5c]
Seat 3: xcgxcg2005 (button) (small blind) showed [Th Td] and won ($41.50) with two pair, Kings and Tens
Seat 4: Actionni13 (big blind) mucked


PokerStars Hand #159803993035:  Hold'em Limit ($3/$6 USD) - 2016/10/11 17:51:58 ET
Table 'Lina' 6-max Seat #4 is the button
Seat 3: xcgxcg2005 ($79.32 in chips)
Seat 4: Actionni13 ($203.50 in chips)
Actionni13: posts small blind $1
xcgxcg2005: posts big blind $3
*** HOLE CARDS ***
Actionni13: raises $3 to $6
xcgxcg2005: raises $3 to $9
Actionni13: calls $3
*** FLOP *** [Jd 4d 8d]
xcgxcg2005: bets $3
Actionni13: calls $3
*** TURN *** [Jd 4d 8d] [Ac]
xcgxcg2005: bets $6
Actionni13: calls $6
*** RIVER *** [Jd 4d 8d Ac] [Jc]
xcgxcg2005: bets $6
Actionni13: folds
Uncalled bet ($6) returned to xcgxcg2005
xcgxcg2005 collected $35.50 from pot
xcgxcg2005: doesn't show hand
*** SUMMARY ***
Total pot $36 | Rake $0.50
Board [Jd 4d 8d Ac Jc]
Seat 3: xcgxcg2005 (big blind) collected ($35.50)
Seat 4: Actionni13 (button) (small blind) folded on the River


PokerStars Hand #159804086538:  Hold'em Limit ($3/$6 USD) - 2016/10/11 17:53:52 ET
Table 'Lina' 6-max Seat #3 is the button
Seat 3: xcgxcg2005 ($103.96 in chips)
Seat 4: Actionni13 ($176.64 in chips)
xcgxcg2005: posts small blind $1
Actionni13: posts big blind $3
*** HOLE CARDS ***
xcgxcg2005: folds
Uncalled bet ($2) returned to Actionni13
Actionni13 collected $2 from pot
Actionni13: doesn't show hand
*** SUMMARY ***
Total pot $2 | Rake $0
Seat 3: xcgxcg2005 (button) (small blind) folded before Flop
Seat 4: Actionni13 (big blind) collected ($2)


PokerStars Hand #159804081873:  Hold'em Limit ($3/$6 USD) - 2016/10/11 17:53:46 ET
Table 'Lina' 6-max Seat #4 is the button
Seat 3: xcgxcg2005 ($102.96 in chips)
Seat 4: Actionni13 ($177.64 in chips)
Actionni13: posts small blind $1
xcgxcg2005: posts big blind $3
*** HOLE CARDS ***
Actionni13: folds
Uncalled bet ($2) returned to xcgxcg2005
xcgxcg2005 collected $2 from pot
xcgxcg2005: doesn't show hand
*** SUMMARY ***
Total pot $2 | Rake $0
Seat 3: xcgxcg2005 (big blind) collected ($2)
Seat 4: Actionni13 (button) (small blind) folded before Flop


PokerStars Hand #159804068042:  Hold'em Limit ($3/$6 USD) - 2016/10/11 17:53:30 ET
Table 'Lina' 6-max Seat #3 is the button
Seat 3: xcgxcg2005 ($117.96 in chips)
Seat 4: Actionni13 ($163.14 in chips)
xcgxcg2005: posts small blind $1
Actionni13: posts big blind $3
*** HOLE CARDS ***
xcgxcg2005: raises $3 to $6
Actionni13: calls $3
*** FLOP *** [7s Qd As]
Actionni13: checks
xcgxcg2005: bets $3
Actionni13: raises $3 to $6
xcgxcg2005: raises $3 to $9
Actionni13: raises $3 to $12
Betting is capped
xcgxcg2005: folds
Uncalled bet ($3) returned to Actionni13
Actionni13 collected $29.50 from pot
Actionni13: doesn't show hand
*** SUMMARY ***
Total pot $30 | Rake $0.50
Board [7s Qd As]
Seat 3: xcgxcg2005 (button) (small blind) folded on the Flop
Seat 4: Actionni13 (big blind) collected ($29.50)


PokerStars Hand #159804064057:  Hold'em Limit ($3/$6 USD) - 2016/10/11 17:53:25 ET
Table 'Lina' 6-max Seat #4 is the button
Seat 3: xcgxcg2005 ($116.96 in chips)
Seat 4: Actionni13 ($164.14 in chips)
Actionni13: posts small blind $1
xcgxcg2005: posts big blind $3
*** HOLE CARDS ***
Actionni13: folds
Uncalled bet ($2) returned to xcgxcg2005
xcgxcg2005 collected $2 from pot
xcgxcg2005: doesn't show hand
*** SUMMARY ***
Total pot $2 | Rake $0
Seat 3: xcgxcg2005 (big blind) collected ($2)
Seat 4: Actionni13 (button) (small blind) folded before Flop


PokerStars Hand #159804052899:  Hold'em Limit ($3/$6 USD) - 2016/10/11 17:53:12 ET
Table 'Lina' 6-max Seat #3 is the button
Seat 3: xcgxcg2005 ($125.96 in chips)
Seat 4: Actionni13 ($155.50 in chips)
xcgxcg2005: posts small blind $1
Actionni13: posts big blind $3
*** HOLE CARDS ***
xcgxcg2005: raises $3 to $6
Actionni13: calls $3
*** FLOP *** [Qd Jd 2s]
Actionni13: checks
xcgxcg2005: bets $3
Actionni13: raises $3 to $6
xcgxcg2005: folds
Uncalled bet ($3) returned to Actionni13
Actionni13 collected $17.64 from pot
Actionni13: doesn't show hand
*** SUMMARY ***
Total pot $18 | Rake $0.36
Board [Qd Jd 2s]
Seat 3: xcgxcg2005 (button) (small blind) folded on the Flop
Seat 4: Actionni13 (big blind) collected ($17.64)


PokerStars Hand #159804044782:  Hold'em Limit ($3/$6 USD) - 2016/10/11 17:53:02 ET
Table 'Lina' 6-max Seat #4 is the button
Seat 3: xcgxcg2005 ($117.32 in chips)
Seat 4: Actionni13 ($164.50 in chips)
Actionni13: posts small blind $1
xcgxcg2005: posts big blind $3
*** HOLE CARDS ***
Actionni13: raises $3 to $6
xcgxcg2005: raises $3 to $9
Actionni13: calls $3
*** FLOP *** [Ac 2h Ks]
xcgxcg2005: bets $3
Actionni13: folds
Uncalled bet ($3) returned to xcgxcg2005
xcgxcg2005 collected $17.64 from pot
xcgxcg2005: doesn't show hand
*** SUMMARY ***
Total pot $18 | Rake $0.36
Board [Ac 2h Ks]
Seat 3: xcgxcg2005 (big blind) collected ($17.64)
Seat 4: Actionni13 (button) (small blind) folded on the Flop


PokerStars Hand #159804133518:  Hold'em Limit ($3/$6 USD) - 2016/10/11 17:54:48 ET
Table 'Lina' 6-max Seat #4 is the button
Seat 3: xcgxcg2005 ($92.72 in chips)
Seat 4: Actionni13 ($187.16 in chips)
Actionni13: posts small blind $1
xcgxcg2005: posts big blind $3
*** HOLE CARDS ***
Actionni13: raises $3 to $6
xcgxcg2005: raises $3 to $9
Actionni13: calls $3
*** FLOP *** [Kc 3s Jd]
xcgxcg2005: bets $3
Actionni13: folds
Uncalled bet ($3) returned to xcgxcg2005
xcgxcg2005 collected $17.64 from pot
xcgxcg2005: doesn't show hand
*** SUMMARY ***
Total pot $18 | Rake $0.36
Board [Kc 3s Jd]
Seat 3: xcgxcg2005 (big blind) collected ($17.64)
Seat 4: Actionni13 (button) (small blind) folded on the Flop


PokerStars Hand #159804129678:  Hold'em Limit ($3/$6 USD) - 2016/10/11 17:54:44 ET
Table 'Lina' 6-max Seat #3 is the button
Seat 3: xcgxcg2005 ($93.72 in chips)
Seat 4: Actionni13 ($186.16 in chips)
xcgxcg2005: posts small blind $1
Actionni13: posts big blind $3
*** HOLE CARDS ***
xcgxcg2005: folds
Uncalled bet ($2) returned to Actionni13
Actionni13 collected $2 from pot
Actionni13: doesn't show hand
*** SUMMARY ***
Total pot $2 | Rake $0
Seat 3: xcgxcg2005 (button) (small blind) folded before Flop
Seat 4: Actionni13 (big blind) collected ($2)


PokerStars Hand #159804123834:  Hold'em Limit ($3/$6 USD) - 2016/10/11 17:54:37 ET
Table 'Lina' 6-max Seat #4 is the button
Seat 3: xcgxcg2005 ($96.72 in chips)
Seat 4: Actionni13 ($183.16 in chips)
Actionni13: posts small blind $1
xcgxcg2005: posts big blind $3
*** HOLE CARDS ***
Actionni13: raises $3 to $6
xcgxcg2005: folds
Uncalled bet ($3) returned to Actionni13
Actionni13 collected $6 from pot
Actionni13: doesn't show hand
*** SUMMARY ***
Total pot $6 | Rake $0
Seat 3: xcgxcg2005 (big blind) folded before Flop
Seat 4: Actionni13 (button) (small blind) collected ($6)


PokerStars Hand #159804119892:  Hold'em Limit ($3/$6 USD) - 2016/10/11 17:54:32 ET
Table 'Lina' 6-max Seat #3 is the button
Seat 3: xcgxcg2005 ($97.72 in chips)
Seat 4: Actionni13 ($182.16 in chips)
xcgxcg2005: posts small blind $1
Actionni13: posts big blind $3
*** HOLE CARDS ***
xcgxcg2005: folds
Uncalled bet ($2) returned to Actionni13
Actionni13 collected $2 from pot
Actionni13: doesn't show hand
*** SUMMARY ***
Total pot $2 | Rake $0
Seat 3: xcgxcg2005 (button) (small blind) folded before Flop
Seat 4: Actionni13 (big blind) collected ($2)


PokerStars Hand #159804116218:  Hold'em Limit ($3/$6 USD) - 2016/10/11 17:54:28 ET
Table 'Lina' 6-max Seat #4 is the button
Seat 3: xcgxcg2005 ($96.72 in chips)
Seat 4: Actionni13 ($183.16 in chips)
Actionni13: posts small blind $1
xcgxcg2005: posts big blind $3
*** HOLE CARDS ***
Actionni13: folds
Uncalled bet ($2) returned to xcgxcg2005
xcgxcg2005 collected $2 from pot
xcgxcg2005: doesn't show hand
*** SUMMARY ***
Total pot $2 | Rake $0
Seat 3: xcgxcg2005 (big blind) collected ($2)
Seat 4: Actionni13 (button) (small blind) folded before Flop


PokerStars Hand #159804107333:  Hold'em Limit ($3/$6 USD) - 2016/10/11 17:54:17 ET
Table 'Lina' 6-max Seat #3 is the button
Seat 3: xcgxcg2005 ($90.96 in chips)
Seat 4: Actionni13 ($189.16 in chips)
xcgxcg2005: posts small blind $1
Actionni13: posts big blind $3
*** HOLE CARDS ***
xcgxcg2005: raises $3 to $6
Actionni13: calls $3
*** FLOP *** [Th 8h 6h]
Actionni13: checks
xcgxcg2005: bets $3
Actionni13: folds
Uncalled bet ($3) returned to xcgxcg2005
xcgxcg2005 collected $11.76 from pot
xcgxcg2005: doesn't show hand
*** SUMMARY ***
Total pot $12 | Rake $0.24
Board [Th 8h 6h]
Seat 3: xcgxcg2005 (button) (small blind) collected ($11.76)
Seat 4: Actionni13 (big blind) folded on the Flop


PokerStars Hand #159804090470:  Hold'em Limit ($3/$6 USD) - 2016/10/11 17:53:57 ET
Table 'Lina' 6-max Seat #4 is the button
Seat 3: xcgxcg2005 ($102.96 in chips)
Seat 4: Actionni13 ($177.64 in chips)
Actionni13: posts small blind $1
xcgxcg2005: posts big blind $3
*** HOLE CARDS ***
Actionni13: raises $3 to $6
xcgxcg2005: raises $3 to $9
Actionni13: calls $3
*** FLOP *** [Qd Kc 7s]
xcgxcg2005: bets $3
Actionni13: calls $3
*** TURN *** [Qd Kc 7s] [8d]
xcgxcg2005: checks
Actionni13: checks
*** RIVER *** [Qd Kc 7s 8d] [4d]
xcgxcg2005: checks
Actionni13: bets $6
xcgxcg2005: folds
Uncalled bet ($6) returned to Actionni13
Actionni13 collected $23.52 from pot
Actionni13: doesn't show hand
*** SUMMARY ***
Total pot $24 | Rake $0.48
Board [Qd Kc 7s 8d 4d]
Seat 3: xcgxcg2005 (big blind) folded on the River
Seat 4: Actionni13 (button) (small blind) collected ($23.52)


PokerStars Hand #159804173693:  Hold'em Limit ($3/$6 USD) - 2016/10/11 17:55:48 ET
Table 'Lina' 6-max Seat #3 is the button
Seat 3: xcgxcg2005 ($82.36 in chips)
Seat 4: Actionni13 ($196.66 in chips)
xcgxcg2005: posts small blind $1
Actionni13: posts big blind $3
*** HOLE CARDS ***
xcgxcg2005: folds
Uncalled bet ($2) returned to Actionni13
Actionni13 collected $2 from pot
Actionni13: doesn't show hand
*** SUMMARY ***
Total pot $2 | Rake $0
Seat 3: xcgxcg2005 (button) (small blind) folded before Flop
Seat 4: Actionni13 (big blind) collected ($2)


PokerStars Hand #159804170480:  Hold'em Limit ($3/$6 USD) - 2016/10/11 17:55:43 ET
Table 'Lina' 6-max Seat #4 is the button
Seat 3: xcgxcg2005 ($85.36 in chips)
Seat 4: Actionni13 ($193.66 in chips)
Actionni13: posts small blind $1
xcgxcg2005: posts big blind $3
*** HOLE CARDS ***
Actionni13: raises $3 to $6
xcgxcg2005: folds
Uncalled bet ($3) returned to Actionni13
Actionni13 collected $6 from pot
Actionni13: doesn't show hand
*** SUMMARY ***
Total pot $6 | Rake $0
Seat 3: xcgxcg2005 (big blind) folded before Flop
Seat 4: Actionni13 (button) (small blind) collected ($6)


PokerStars Hand #159804167509:  Hold'em Limit ($3/$6 USD) - 2016/10/11 17:55:38 ET
Table 'Lina' 6-max Seat #3 is the button
Seat 3: xcgxcg2005 ($86.36 in chips)
Seat 4: Actionni13 ($192.66 in chips)
xcgxcg2005: posts small blind $1
Actionni13: posts big blind $3
*** HOLE CARDS ***
xcgxcg2005: folds
Uncalled bet ($2) returned to Actionni13
Actionni13 collected $2 from pot
Actionni13: doesn't show hand
*** SUMMARY ***
Total pot $2 | Rake $0
Seat 3: xcgxcg2005 (button) (small blind) folded before Flop
Seat 4: Actionni13 (big blind) collected ($2)


PokerStars Hand #159804164466:  Hold'em Limit ($3/$6 USD) - 2016/10/11 17:55:33 ET
Table 'Lina' 6-max Seat #4 is the button
Seat 3: xcgxcg2005 ($85.36 in chips)
Seat 4: Actionni13 ($193.66 in chips)
Actionni13: posts small blind $1
xcgxcg2005: posts big blind $3
*** HOLE CARDS ***
Actionni13: folds
Uncalled bet ($2) returned to xcgxcg2005
xcgxcg2005 collected $2 from pot
xcgxcg2005: doesn't show hand
*** SUMMARY ***
Total pot $2 | Rake $0
Seat 3: xcgxcg2005 (big blind) collected ($2)
Seat 4: Actionni13 (button) (small blind) folded before Flop


PokerStars Hand #159804161444:  Hold'em Limit ($3/$6 USD) - 2016/10/11 17:55:28 ET
Table 'Lina' 6-max Seat #3 is the button
Seat 3: xcgxcg2005 ($86.36 in chips)
Seat 4: Actionni13 ($192.66 in chips)
xcgxcg2005: posts small blind $1
Actionni13: posts big blind $3
*** HOLE CARDS ***
xcgxcg2005: folds
Uncalled bet ($2) returned to Actionni13
Actionni13 collected $2 from pot
Actionni13: doesn't show hand
*** SUMMARY ***
Total pot $2 | Rake $0
Seat 3: xcgxcg2005 (button) (small blind) folded before Flop
Seat 4: Actionni13 (big blind) collected ($2)


PokerStars Hand #159804148371:  Hold'em Limit ($3/$6 USD) - 2016/10/11 17:55:07 ET
Table 'Lina' 6-max Seat #4 is the button
Seat 3: xcgxcg2005 ($104.36 in chips)
Seat 4: Actionni13 ($175.16 in chips)
Actionni13: posts small blind $1
xcgxcg2005: posts big blind $3
*** HOLE CARDS ***
Actionni13: raises $3 to $6
xcgxcg2005: raises $3 to $9
Actionni13: calls $3
*** FLOP *** [Js 4c Ah]
xcgxcg2005: bets $3
Actionni13: calls $3
*** TURN *** [Js 4c Ah] [7h]
xcgxcg2005: checks
Actionni13: checks
*** RIVER *** [Js 4c Ah 7h] [6c]
xcgxcg2005: bets $6
Actionni13: calls $6
*** SHOW DOWN ***
xcgxcg2005: shows [6d Kd] (a pair of Sixes)
Actionni13: shows [Jh 5s] (a pair of Jacks)
Actionni13 collected $35.50 from pot
*** SUMMARY ***
Total pot $36 | Rake $0.50
Board [Js 4c Ah 7h 6c]
Seat 3: xcgxcg2005 (big blind) showed [6d Kd] and lost with a pair of Sixes
Seat 4: Actionni13 (button) (small blind) showed [Jh 5s] and won ($35.50) with a pair of Jacks


PokerStars Hand #159804142900:  Hold'em Limit ($3/$6 USD) - 2016/10/11 17:55:00 ET
Table 'Lina' 6-max Seat #3 is the button
Seat 3: xcgxcg2005 ($101.36 in chips)
Seat 4: Actionni13 ($178.16 in chips)
xcgxcg2005: posts small blind $1
Actionni13: posts big blind $3
*** HOLE CARDS ***
xcgxcg2005: raises $3 to $6
Actionni13: folds
Uncalled bet ($3) returned to xcgxcg2005
xcgxcg2005 collected $6 from pot
xcgxcg2005: doesn't show hand
*** SUMMARY ***
Total pot $6 | Rake $0
Seat 3: xcgxcg2005 (button) (small blind) collected ($6)
Seat 4: Actionni13 (big blind) folded before Flop


PokerStars Hand #159804195520:  Hold'em Limit ($3/$6 USD) - 2016/10/11 17:56:23 ET
Table 'Lina' 6-max Seat #4 is the button
Seat 3: xcgxcg2005 ($81.12 in chips)
Seat 4: Actionni13 ($197.42 in chips)
Actionni13: posts small blind $1
xcgxcg2005: posts big blind $3
*** HOLE CARDS ***
Actionni13: raises $3 to $6
xcgxcg2005: raises $3 to $9
Actionni13: calls $3
*** FLOP *** [2h 6c Js]
xcgxcg2005: bets $3
Actionni13: calls $3
*** TURN *** [2h 6c Js] [Jh]
xcgxcg2005: bets $6
Actionni13: folds
Uncalled bet ($6) returned to xcgxcg2005
xcgxcg2005 collected $23.52 from pot
xcgxcg2005: doesn't show hand
*** SUMMARY ***
Total pot $24 | Rake $0.48
Board [2h 6c Js Jh]
Seat 3: xcgxcg2005 (big blind) collected ($23.52)
Seat 4: Actionni13 (button) (small blind) folded on the Turn


PokerStars Hand #159804184584:  Hold'em Limit ($3/$6 USD) - 2016/10/11 17:56:05 ET
Table 'Lina' 6-max Seat #3 is the button
Seat 3: xcgxcg2005 ($75.36 in chips)
Seat 4: Actionni13 ($203.42 in chips)
xcgxcg2005: posts small blind $1
Actionni13: posts big blind $3
*** HOLE CARDS ***
xcgxcg2005: raises $3 to $6
Actionni13: calls $3
*** FLOP *** [Ah 2d 5d]
Actionni13: checks
xcgxcg2005: checks
*** TURN *** [Ah 2d 5d] [4c]
Actionni13: checks
xcgxcg2005: checks
*** RIVER *** [Ah 2d 5d 4c] [4s]
Actionni13: checks
xcgxcg2005: checks
*** SHOW DOWN ***
Actionni13: shows [7h Th] (a pair of Fours)
xcgxcg2005: shows [Qs Js] (a pair of Fours - Ace+Queen kicker)
xcgxcg2005 collected $11.76 from pot
*** SUMMARY ***
Total pot $12 | Rake $0.24
Board [Ah 2d 5d 4c 4s]
Seat 3: xcgxcg2005 (button) (small blind) showed [Qs Js] and won ($11.76) with a pair of Fours
Seat 4: Actionni13 (big blind) showed [7h Th] and lost with a pair of Fours


PokerStars Hand #159804176511:  Hold'em Limit ($3/$6 USD) - 2016/10/11 17:55:52 ET
Table 'Lina' 6-max Seat #4 is the button
Seat 3: xcgxcg2005 ($81.36 in chips)
Seat 4: Actionni13 ($197.66 in chips)
Actionni13: posts small blind $1
xcgxcg2005: posts big blind $3
*** HOLE CARDS ***
Actionni13: raises $3 to $6
xcgxcg2005: calls $3
*** FLOP *** [Js Tc Jd]
xcgxcg2005: checks
Actionni13: bets $3
xcgxcg2005: folds
Uncalled bet ($3) returned to Actionni13
Actionni13 collected $11.76 from pot
Actionni13: doesn't show hand
*** SUMMARY ***
Total pot $12 | Rake $0.24
Board [Js Tc Jd]
Seat 3: xcgxcg2005 (big blind) folded on the Flop
Seat 4: Actionni13 (button) (small blind) collected ($11.76)


PokerStars Hand #159804246386:  Hold'em Limit ($3/$6 USD) - 2016/10/11 17:57:43 ET
Table 'Lina' 6-max Seat #3 is the button
Seat 3: xcgxcg2005 ($126.78 in chips)
Seat 4: Actionni13 ($154 in chips)
xcgxcg2005: posts small blind $1
Actionni13: posts big blind $3
*** HOLE CARDS ***
xcgxcg2005: folds
Uncalled bet ($2) returned to Actionni13
xcgxcg2005 leaves the table
Actionni13 collected $2 from pot
Actionni13: doesn't show hand
*** SUMMARY ***
Total pot $2 | Rake $0
Seat 3: xcgxcg2005 (button) (small blind) folded before Flop
Seat 4: Actionni13 (big blind) collected ($2)


PokerStars Hand #159804242437:  Hold'em Limit ($3/$6 USD) - 2016/10/11 17:57:37 ET
Table 'Lina' 6-max Seat #4 is the button
Seat 3: xcgxcg2005 ($129.78 in chips)
Seat 4: Actionni13 ($151 in chips)
Actionni13: posts small blind $1
xcgxcg2005: posts big blind $3
*** HOLE CARDS ***
Actionni13: raises $3 to $6
xcgxcg2005: folds
Uncalled bet ($3) returned to Actionni13
Actionni13 collected $6 from pot
Actionni13: doesn't show hand
*** SUMMARY ***
Total pot $6 | Rake $0
Seat 3: xcgxcg2005 (big blind) folded before Flop
Seat 4: Actionni13 (button) (small blind) collected ($6)


PokerStars Hand #159804239362:  Hold'em Limit ($3/$6 USD) - 2016/10/11 17:57:32 ET
Table 'Lina' 6-max Seat #3 is the button
Seat 3: xcgxcg2005 ($130.78 in chips)
Seat 4: Actionni13 ($150 in chips)
xcgxcg2005: posts small blind $1
Actionni13: posts big blind $3
*** HOLE CARDS ***
xcgxcg2005: folds
Uncalled bet ($2) returned to Actionni13
Actionni13 collected $2 from pot
Actionni13: doesn't show hand
*** SUMMARY ***
Total pot $2 | Rake $0
Seat 3: xcgxcg2005 (button) (small blind) folded before Flop
Seat 4: Actionni13 (big blind) collected ($2)


PokerStars Hand #159804222436:  Hold'em Limit ($3/$6 USD) - 2016/10/11 17:57:06 ET
Table 'Lina' 6-max Seat #4 is the button
Seat 3: xcgxcg2005 ($101.28 in chips)
Seat 4: Actionni13 ($176.42 in chips)
Actionni13: posts small blind $1
xcgxcg2005: posts big blind $3
*** HOLE CARDS ***
Actionni13: raises $3 to $6
xcgxcg2005: raises $3 to $9
Actionni13: calls $3
*** FLOP *** [6d Kd 4h]
xcgxcg2005: bets $3
Actionni13: calls $3
*** TURN *** [6d Kd 4h] [Td]
xcgxcg2005: checks
Actionni13: bets $6
xcgxcg2005: raises $6 to $12
Actionni13: calls $6
*** RIVER *** [6d Kd 4h Td] [Ts]
xcgxcg2005: bets $6
Actionni13: calls $6
*** SHOW DOWN ***
xcgxcg2005: shows [Jd 3d] (a flush, King high)
Actionni13: mucks hand
xcgxcg2005 collected $59.50 from pot
*** SUMMARY ***
Total pot $60 | Rake $0.50
Board [6d Kd 4h Td Ts]
Seat 3: xcgxcg2005 (big blind) showed [Jd 3d] and won ($59.50) with a flush, King high
Seat 4: Actionni13 (button) (small blind) mucked


PokerStars Hand #159804211219:  Hold'em Limit ($3/$6 USD) - 2016/10/11 17:56:48 ET
Table 'Lina' 6-max Seat #3 is the button
Seat 3: xcgxcg2005 ($92.64 in chips)
Seat 4: Actionni13 ($185.42 in chips)
xcgxcg2005: posts small blind $1
Actionni13: posts big blind $3
*** HOLE CARDS ***
xcgxcg2005: raises $3 to $6
Actionni13: calls $3
*** FLOP *** [9s 9h 2s]
Actionni13: checks
xcgxcg2005: bets $3
Actionni13: calls $3
*** TURN *** [9s 9h 2s] [7h]
Actionni13: checks
xcgxcg2005: bets $6
Actionni13: folds
Uncalled bet ($6) returned to xcgxcg2005
xcgxcg2005 collected $17.64 from pot
xcgxcg2005: doesn't show hand
*** SUMMARY ***
Total pot $18 | Rake $0.36
Board [9s 9h 2s 7h]
Seat 3: xcgxcg2005 (button) (small blind) collected ($17.64)
Seat 4: Actionni13 (big blind) folded on the Turn


