PokerStars Hand #175061458390:  Hold'em Limit ($3/$6 USD) - 2017/09/01 9:12:15 ET
Table 'Lina II' 10-max Seat #1 is the button
Seat 1: nordschrott ($81.24 in chips)
Seat 7: VolkovDmitri ($120 in chips)
nordschrott: posts small blind $1
VolkovDmitri: posts big blind $3
*** HOLE CARDS ***
nordschrott: calls $2
VolkovDmitri: checks
*** FLOP *** [7s 7c As]
VolkovDmitri: bets $3
nordschrott: calls $3
*** TURN *** [7s 7c As] [9c]
VolkovDmitri: checks
nordschrott: checks
*** RIVER *** [7s 7c As 9c] [Qs]
VolkovDmitri: bets $6
nordschrott: folds
Uncalled bet ($6) returned to VolkovDmitri
VolkovDmitri collected $11.76 from pot
VolkovDmitri: doesn't show hand
*** SUMMARY ***
Total pot $12 | Rake $0.24
Board [7s 7c As 9c Qs]
Seat 1: nordschrott (button) (small blind) folded on the River
Seat 7: VolkovDmitri (big blind) collected ($11.76)


PokerStars Hand #175061450392:  Hold'em Limit ($3/$6 USD) - 2017/09/01 9:11:59 ET
Table 'Lina II' 10-max Seat #7 is the button
Seat 1: nordschrott ($72.60 in chips)
Seat 7: VolkovDmitri ($125.76 in chips)
VolkovDmitri: posts small blind $1
nordschrott: posts big blind $3
*** HOLE CARDS ***
VolkovDmitri: raises $3 to $6
nordschrott: raises $3 to $9
VolkovDmitri: calls $3
*** FLOP *** [3d Qs 9d]
nordschrott: bets $3
VolkovDmitri: folds
Uncalled bet ($3) returned to nordschrott
nordschrott collected $17.64 from pot
nordschrott: shows [4h Js] (high card Queen)
*** SUMMARY ***
Total pot $18 | Rake $0.36
Board [3d Qs 9d]
Seat 1: nordschrott (big blind) collected ($17.64)
Seat 7: VolkovDmitri (button) (small blind) folded on the Flop


PokerStars Hand #175061434494:  Hold'em Limit ($3/$6 USD) - 2017/09/01 9:11:27 ET
Table 'Lina II' 10-max Seat #1 is the button
Seat 1: nordschrott ($78.60 in chips)
Seat 7: VolkovDmitri ($120 in chips)
nordschrott: posts small blind $1
VolkovDmitri: posts big blind $3
*** HOLE CARDS ***
nordschrott: calls $2
VolkovDmitri: checks
*** FLOP *** [3c 3d 7d]
VolkovDmitri: bets $3
nordschrott: calls $3
*** TURN *** [3c 3d 7d] [Kh]
VolkovDmitri: checks
nordschrott: checks
*** RIVER *** [3c 3d 7d Kh] [4c]
VolkovDmitri: checks
nordschrott: checks
*** SHOW DOWN ***
VolkovDmitri: shows [2h As] (a pair of Threes)
nordschrott: mucks hand
VolkovDmitri collected $11.76 from pot
*** SUMMARY ***
Total pot $12 | Rake $0.24
Board [3c 3d 7d Kh 4c]
Seat 1: nordschrott (button) (small blind) mucked
Seat 7: VolkovDmitri (big blind) showed [2h As] and won ($11.76) with a pair of Threes


PokerStars Hand #175061493390:  Hold'em Limit ($3/$6 USD) - 2017/09/01 9:13:25 ET
Table 'Lina II' 10-max Seat #7 is the button
Seat 1: nordschrott ($51.24 in chips)
Seat 7: VolkovDmitri ($149.02 in chips)
VolkovDmitri: posts small blind $1
nordschrott: posts big blind $3
*** HOLE CARDS ***
VolkovDmitri: raises $3 to $6
nordschrott: raises $3 to $9
VolkovDmitri: calls $3
*** FLOP *** [2c Th 3c]
nordschrott: bets $3
VolkovDmitri: calls $3
*** TURN *** [2c Th 3c] [2s]
nordschrott: bets $6
VolkovDmitri: calls $6
*** RIVER *** [2c Th 3c 2s] [9d]
nordschrott: bets $6
VolkovDmitri: calls $6
*** SHOW DOWN ***
nordschrott: shows [Ks As] (a pair of Deuces)
VolkovDmitri: shows [3h 6h] (two pair, Threes and Deuces)
VolkovDmitri collected $47.50 from pot
*** SUMMARY ***
Total pot $48 | Rake $0.50
Board [2c Th 3c 2s 9d]
Seat 1: nordschrott (big blind) showed [Ks As] and lost with a pair of Deuces
Seat 7: VolkovDmitri (button) (small blind) showed [3h 6h] and won ($47.50) with two pair, Threes and Deuces


PokerStars Hand #175061488104:  Hold'em Limit ($3/$6 USD) - 2017/09/01 9:13:15 ET
Table 'Lina II' 10-max Seat #1 is the button
Seat 1: nordschrott ($57.24 in chips)
Seat 7: VolkovDmitri ($143.26 in chips)
nordschrott: posts small blind $1
VolkovDmitri: posts big blind $3
*** HOLE CARDS ***
nordschrott: calls $2
VolkovDmitri: raises $3 to $6
nordschrott: calls $3
*** FLOP *** [9h Th Qd]
VolkovDmitri: bets $3
nordschrott: folds
Uncalled bet ($3) returned to VolkovDmitri
VolkovDmitri collected $11.76 from pot
VolkovDmitri: doesn't show hand
*** SUMMARY ***
Total pot $12 | Rake $0.24
Board [9h Th Qd]
Seat 1: nordschrott (button) (small blind) folded on the Flop
Seat 7: VolkovDmitri (big blind) collected ($11.76)


PokerStars Hand #175061470072:  Hold'em Limit ($3/$6 USD) - 2017/09/01 9:12:38 ET
Table 'Lina II' 10-max Seat #7 is the button
Seat 1: nordschrott ($75.24 in chips)
Seat 7: VolkovDmitri ($125.76 in chips)
VolkovDmitri: posts small blind $1
nordschrott: posts big blind $3
*** HOLE CARDS ***
VolkovDmitri: raises $3 to $6
nordschrott: calls $3
*** FLOP *** [Kh 4s 5s]
nordschrott: checks
VolkovDmitri: bets $3
nordschrott: raises $3 to $6
VolkovDmitri: calls $3
*** TURN *** [Kh 4s 5s] [As]
nordschrott: bets $6
VolkovDmitri: calls $6
*** RIVER *** [Kh 4s 5s As] [Qc]
nordschrott: checks
VolkovDmitri: bets $6
nordschrott: folds
Uncalled bet ($6) returned to VolkovDmitri
VolkovDmitri collected $35.50 from pot
VolkovDmitri: doesn't show hand
*** SUMMARY ***
Total pot $36 | Rake $0.50
Board [Kh 4s 5s As Qc]
Seat 1: nordschrott (big blind) folded on the River
Seat 7: VolkovDmitri (button) (small blind) collected ($35.50)


PokerStars Hand #175061505645:  Hold'em Limit ($3/$6 USD) - 2017/09/01 9:13:50 ET
Table 'Lina II' 10-max Seat #7 is the button
Seat 1: nordschrott ($30.24 in chips)
Seat 7: VolkovDmitri ($169.52 in chips)
VolkovDmitri: posts small blind $1
nordschrott: posts big blind $3
*** HOLE CARDS ***
VolkovDmitri: raises $3 to $6
nordschrott: calls $3
*** FLOP *** [6s 3s 8c]
nordschrott: checks
VolkovDmitri: bets $3
nordschrott: calls $3
*** TURN *** [6s 3s 8c] [Th]
nordschrott: checks
VolkovDmitri: bets $6
nordschrott: folds
Uncalled bet ($6) returned to VolkovDmitri
VolkovDmitri collected $17.64 from pot
VolkovDmitri: doesn't show hand
*** SUMMARY ***
Total pot $18 | Rake $0.36
Board [6s 3s 8c Th]
Seat 1: nordschrott (big blind) folded on the Turn
Seat 7: VolkovDmitri (button) (small blind) collected ($17.64)


PokerStars Hand #175061502578:  Hold'em Limit ($3/$6 USD) - 2017/09/01 9:13:44 ET
Table 'Lina II' 10-max Seat #1 is the button
Seat 1: nordschrott ($27.24 in chips)
Seat 7: VolkovDmitri ($172.52 in chips)
nordschrott: posts small blind $1
VolkovDmitri: posts big blind $3
*** HOLE CARDS ***
nordschrott: raises $3 to $6
VolkovDmitri: folds
Uncalled bet ($3) returned to nordschrott
nordschrott collected $6 from pot
*** SUMMARY ***
Total pot $6 | Rake $0
Seat 1: nordschrott (button) (small blind) collected ($6)
Seat 7: VolkovDmitri (big blind) folded before Flop


PokerStars Hand #175061551472:  Hold'em Limit ($3/$6 USD) - 2017/09/01 9:15:21 ET
Table 'Lina II' 10-max Seat #1 is the button
Seat 1: nordschrott ($23.28 in chips)
Seat 7: VolkovDmitri ($174.66 in chips)
nordschrott: posts small blind $1
VolkovDmitri: posts big blind $3
*** HOLE CARDS ***
nordschrott: calls $2
VolkovDmitri: raises $3 to $6
nordschrott: calls $3
*** FLOP *** [8s 7h Jc]
VolkovDmitri: bets $3
nordschrott: calls $3
*** TURN *** [8s 7h Jc] [2h]
VolkovDmitri: checks
nordschrott: checks
*** RIVER *** [8s 7h Jc 2h] [6c]
VolkovDmitri: checks
nordschrott: checks
*** SHOW DOWN ***
VolkovDmitri: shows [5c Ad] (high card Ace)
nordschrott: mucks hand
VolkovDmitri collected $17.64 from pot
*** SUMMARY ***
Total pot $18 | Rake $0.36
Board [8s 7h Jc 2h 6c]
Seat 1: nordschrott (button) (small blind) mucked
Seat 7: VolkovDmitri (big blind) showed [5c Ad] and won ($17.64) with high card Ace


PokerStars Hand #175061543954:  Hold'em Limit ($3/$6 USD) - 2017/09/01 9:15:06 ET
Table 'Lina II' 10-max Seat #7 is the button
Seat 1: nordschrott ($11.88 in chips)
Seat 7: VolkovDmitri ($186.54 in chips)
VolkovDmitri: posts small blind $1
nordschrott: posts big blind $3
*** HOLE CARDS ***
VolkovDmitri: raises $3 to $6
nordschrott: raises $3 to $9
VolkovDmitri: raises $3 to $12
Betting is capped
nordschrott: calls $2.88 and is all-in
Uncalled bet ($0.12) returned to VolkovDmitri
*** FLOP *** [3s Qd 4s]
*** TURN *** [3s Qd 4s] [9d]
*** RIVER *** [3s Qd 4s 9d] [6s]
*** SHOW DOWN ***
nordschrott: shows [8s 9s] (a flush, Nine high)
VolkovDmitri: shows [8h Kc] (high card King)
nordschrott collected $23.28 from pot
*** SUMMARY ***
Total pot $23.76 | Rake $0.48
Board [3s Qd 4s 9d 6s]
Seat 1: nordschrott (big blind) showed [8s 9s] and won ($23.28) with a flush, Nine high
Seat 7: VolkovDmitri (button) (small blind) showed [8h Kc] and lost with high card King


PokerStars Hand #175061537595:  Hold'em Limit ($3/$6 USD) - 2017/09/01 9:14:53 ET
Table 'Lina II' 10-max Seat #1 is the button
Seat 1: nordschrott ($14.88 in chips)
Seat 7: VolkovDmitri ($183.66 in chips)
nordschrott: posts small blind $1
VolkovDmitri: posts big blind $3
*** HOLE CARDS ***
nordschrott: calls $2
VolkovDmitri: checks
*** FLOP *** [4c Js Ad]
VolkovDmitri: bets $3
nordschrott: folds
Uncalled bet ($3) returned to VolkovDmitri
VolkovDmitri collected $5.88 from pot
VolkovDmitri: doesn't show hand
*** SUMMARY ***
Total pot $6 | Rake $0.12
Board [4c Js Ad]
Seat 1: nordschrott (button) (small blind) folded on the Flop
Seat 7: VolkovDmitri (big blind) collected ($5.88)


PokerStars Hand #175061526420:  Hold'em Limit ($3/$6 USD) - 2017/09/01 9:14:31 ET
Table 'Lina II' 10-max Seat #7 is the button
Seat 1: nordschrott ($29.88 in chips)
Seat 7: VolkovDmitri ($169.16 in chips)
VolkovDmitri: posts small blind $1
nordschrott: posts big blind $3
*** HOLE CARDS ***
VolkovDmitri: raises $3 to $6
nordschrott: calls $3
*** FLOP *** [5c 3h Kd]
nordschrott: checks
VolkovDmitri: bets $3
nordschrott: calls $3
*** TURN *** [5c 3h Kd] [Td]
nordschrott: checks
VolkovDmitri: checks
*** RIVER *** [5c 3h Kd Td] [9h]
nordschrott: bets $6
VolkovDmitri: calls $6
*** SHOW DOWN ***
nordschrott: shows [2c Jc] (high card King)
VolkovDmitri: shows [Jd Ac] (high card Ace)
VolkovDmitri collected $29.50 from pot
*** SUMMARY ***
Total pot $30 | Rake $0.50
Board [5c 3h Kd Td 9h]
Seat 1: nordschrott (big blind) showed [2c Jc] and lost with high card King
Seat 7: VolkovDmitri (button) (small blind) showed [Jd Ac] and won ($29.50) with high card Ace


PokerStars Hand #175061519917:  Hold'em Limit ($3/$6 USD) - 2017/09/01 9:14:18 ET
Table 'Lina II' 10-max Seat #1 is the button
Seat 1: nordschrott ($21.24 in chips)
Seat 7: VolkovDmitri ($178.16 in chips)
nordschrott: posts small blind $1
VolkovDmitri: posts big blind $3
*** HOLE CARDS ***
nordschrott: calls $2
VolkovDmitri: raises $3 to $6
nordschrott: calls $3
*** FLOP *** [8c 9s Js]
VolkovDmitri: bets $3
nordschrott: raises $3 to $6
VolkovDmitri: folds
Uncalled bet ($3) returned to nordschrott
nordschrott collected $17.64 from pot
*** SUMMARY ***
Total pot $18 | Rake $0.36
Board [8c 9s Js]
Seat 1: nordschrott (button) (small blind) collected ($17.64)
Seat 7: VolkovDmitri (big blind) folded on the Flop


PokerStars Hand #175061563116:  Hold'em Limit ($3/$6 USD) - 2017/09/01 9:15:44 ET
Table 'Lina II' 10-max Seat #7 is the button
Seat 1: nordschrott ($14.28 in chips)
Seat 7: VolkovDmitri ($183.30 in chips)
VolkovDmitri: posts small blind $1
nordschrott: posts big blind $3
*** HOLE CARDS ***
VolkovDmitri: raises $3 to $6
nordschrott: calls $3
*** FLOP *** [2s 3c 7h]
nordschrott: checks
VolkovDmitri: bets $3
nordschrott: raises $3 to $6
VolkovDmitri: raises $3 to $9
nordschrott: calls $2.28 and is all-in
Uncalled bet ($0.72) returned to VolkovDmitri
*** TURN *** [2s 3c 7h] [Js]
*** RIVER *** [2s 3c 7h Js] [As]
*** SHOW DOWN ***
nordschrott: shows [7s Qc] (a pair of Sevens)
VolkovDmitri: shows [Ac 4d] (a pair of Aces)
VolkovDmitri collected $28.06 from pot
*** SUMMARY ***
Total pot $28.56 | Rake $0.50
Board [2s 3c 7h Js As]
Seat 1: nordschrott (big blind) showed [7s Qc] and lost with a pair of Sevens
Seat 7: VolkovDmitri (button) (small blind) showed [Ac 4d] and won ($28.06) with a pair of Aces


