PokerStars Hand #161973475059:  Hold'em Limit ($3/$6 USD) - 2016/11/26 2:02:10 ET
Table 'Linzia' 6-max Seat #4 is the button
Seat 1: yhtac1977 ($94.62 in chips)
Seat 4: Agrotait ($72 in chips)
Agrotait: posts small blind $1
yhtac1977: posts big blind $3
*** HOLE CARDS ***
Agrotait: raises $3 to $6
yhtac1977: calls $3
*** FLOP *** [2h 7c Qc]
yhtac1977: bets $3
Agrotait: folds
Uncalled bet ($3) returned to yhtac1977
yhtac1977 collected $11.76 from pot
yhtac1977: doesn't show hand
*** SUMMARY ***
Total pot $12 | Rake $0.24
Board [2h 7c Qc]
Seat 1: yhtac1977 (big blind) collected ($11.76)
Seat 4: Agrotait (button) (small blind) folded on the Flop


PokerStars Hand #161973456923:  Hold'em Limit ($3/$6 USD) - 2016/11/26 2:01:04 ET
Table 'Linzia' 6-max Seat #1 is the button
Seat 1: yhtac1977 ($74.12 in chips)
Seat 4: Agrotait ($72 in chips)
yhtac1977: posts small blind $1
Velbor107 joins the table at seat #2
Agrotait: posts big blind $3
*** HOLE CARDS ***
yhtac1977: raises $3 to $6
Agrotait: calls $3
*** FLOP *** [3h 2h 9d]
Agrotait: checks
yhtac1977: bets $3
Agrotait: calls $3
*** TURN *** [3h 2h 9d] [Ah]
Agrotait: checks
yhtac1977: bets $6
Agrotait: calls $6
*** RIVER *** [3h 2h 9d Ah] [5d]
Agrotait: checks
yhtac1977: bets $6
Agrotait: calls $6
*** SHOW DOWN ***
yhtac1977: shows [Kc 9h] (a pair of Nines)
Agrotait: mucks hand
yhtac1977 collected $41.50 from pot
*** SUMMARY ***
Total pot $42 | Rake $0.50
Board [3h 2h 9d Ah 5d]
Seat 1: yhtac1977 (button) (small blind) showed [Kc 9h] and won ($41.50) with a pair of Nines
Seat 4: Agrotait (big blind) mucked


PokerStars Hand #161973483986:  Hold'em Limit ($3/$6 USD) - 2016/11/26 2:02:41 ET
Table 'Linzia' 6-max Seat #2 is the button
Seat 2: Velbor107 ($305.64 in chips)
Seat 4: Agrotait ($66 in chips)
Velbor107: posts small blind $1
Agrotait: posts big blind $3
*** HOLE CARDS ***
Velbor107: raises $3 to $6
Agrotait: folds
Uncalled bet ($3) returned to Velbor107
Velbor107 collected $6 from pot
*** SUMMARY ***
Total pot $6 | Rake $0
Seat 2: Velbor107 (button) (small blind) collected ($6)
Seat 4: Agrotait (big blind) folded before Flop


