PokerStars Hand #145612694287:  Hold'em Limit ($3/$6 USD) - 2015/12/19 20:19:18 ET
Table 'Linzia' 2-max Seat #2 is the button
Seat 1: LotsaBalls12 ($38.92 in chips)
Seat 2: NIGHTyxa ($72 in chips)
NIGHTyxa: posts small blind $1
LotsaBalls12: posts big blind $3
*** HOLE CARDS ***
NIGHTyxa: raises $3 to $6
LotsaBalls12: calls $3
*** FLOP *** [9d 3s 6c]
LotsaBalls12: checks
NIGHTyxa: bets $3
LotsaBalls12: calls $3
*** TURN *** [9d 3s 6c] [9s]
LotsaBalls12: checks
NIGHTyxa: bets $6
LotsaBalls12: calls $6
*** RIVER *** [9d 3s 6c 9s] [Qd]
LotsaBalls12: checks
NIGHTyxa: checks
*** SHOW DOWN ***
LotsaBalls12: shows [8h 6s] (two pair, Nines and Sixes)
NIGHTyxa: mucks hand
LotsaBalls12 collected $29.50 from pot
*** SUMMARY ***
Total pot $30 | Rake $0.50
Board [9d 3s 6c 9s Qd]
Seat 1: LotsaBalls12 (big blind) showed [8h 6s] and won ($29.50) with two pair, Nines and Sixes
Seat 2: NIGHTyxa (button) (small blind) mucked


PokerStars Hand #145612707237:  Hold'em Limit ($3/$6 USD) - 2015/12/19 20:19:41 ET
Table 'Linzia' 2-max Seat #1 is the button
Seat 1: LotsaBalls12 ($53.42 in chips)
Seat 2: NIGHTyxa ($72 in chips)
LotsaBalls12: posts small blind $1
NIGHTyxa: posts big blind $3
*** HOLE CARDS ***
LotsaBalls12: raises $3 to $6
NIGHTyxa: folds
Uncalled bet ($3) returned to LotsaBalls12
LotsaBalls12 collected $6 from pot
LotsaBalls12: doesn't show hand
*** SUMMARY ***
Total pot $6 | Rake $0
Seat 1: LotsaBalls12 (button) (small blind) collected ($6)
Seat 2: NIGHTyxa (big blind) folded before Flop


PokerStars Hand #145612710892:  Hold'em Limit ($3/$6 USD) - 2015/12/19 20:19:47 ET
Table 'Linzia' 2-max Seat #2 is the button
Seat 1: LotsaBalls12 ($56.42 in chips)
Seat 2: NIGHTyxa ($72 in chips)
NIGHTyxa: posts small blind $1
LotsaBalls12: posts big blind $3
*** HOLE CARDS ***
NIGHTyxa: raises $3 to $6
LotsaBalls12: calls $3
*** FLOP *** [9d 6c Kd]
LotsaBalls12: checks
NIGHTyxa: bets $3
LotsaBalls12: calls $3
*** TURN *** [9d 6c Kd] [5c]
LotsaBalls12: checks
NIGHTyxa: checks
*** RIVER *** [9d 6c Kd 5c] [Qh]
LotsaBalls12: bets $6
NIGHTyxa: folds
Uncalled bet ($6) returned to LotsaBalls12
LotsaBalls12 collected $17.64 from pot
*** SUMMARY ***
Total pot $18 | Rake $0.36
Board [9d 6c Kd 5c Qh]
Seat 1: LotsaBalls12 (big blind) collected ($17.64)
Seat 2: NIGHTyxa (button) (small blind) folded on the River


PokerStars Hand #145612719856:  Hold'em Limit ($3/$6 USD) - 2015/12/19 20:20:03 ET
Table 'Linzia' 2-max Seat #1 is the button
Seat 1: LotsaBalls12 ($65.06 in chips)
Seat 2: NIGHTyxa ($72 in chips)
LotsaBalls12: posts small blind $1
NIGHTyxa: posts big blind $3
*** HOLE CARDS ***
LotsaBalls12: raises $3 to $6
NIGHTyxa: calls $3
*** FLOP *** [7s Qs Ac]
NIGHTyxa: checks
LotsaBalls12: bets $3
NIGHTyxa: raises $3 to $6
LotsaBalls12: calls $3
*** TURN *** [7s Qs Ac] [7c]
NIGHTyxa: bets $6
LotsaBalls12: folds
Uncalled bet ($6) returned to NIGHTyxa
NIGHTyxa collected $23.52 from pot
NIGHTyxa: doesn't show hand
*** SUMMARY ***
Total pot $24 | Rake $0.48
Board [7s Qs Ac 7c]
Seat 1: LotsaBalls12 (button) (small blind) folded on the Turn
Seat 2: NIGHTyxa (big blind) collected ($23.52)


PokerStars Hand #145612737028:  Hold'em Limit ($3/$6 USD) - 2015/12/19 20:20:34 ET
Table 'Linzia' 2-max Seat #1 is the button
Seat 1: LotsaBalls12 ($38.06 in chips)
Seat 2: NIGHTyxa ($98.02 in chips)
LotsaBalls12: posts small blind $1
NIGHTyxa: posts big blind $3
*** HOLE CARDS ***
LotsaBalls12: folds
Uncalled bet ($2) returned to NIGHTyxa
NIGHTyxa collected $2 from pot
NIGHTyxa: doesn't show hand
*** SUMMARY ***
Total pot $2 | Rake $0
Seat 1: LotsaBalls12 (button) (small blind) folded before Flop
Seat 2: NIGHTyxa (big blind) collected ($2)


PokerStars Hand #145612728024:  Hold'em Limit ($3/$6 USD) - 2015/12/19 20:20:18 ET
Table 'Linzia' 2-max Seat #2 is the button
Seat 1: LotsaBalls12 ($53.06 in chips)
Seat 2: NIGHTyxa ($83.52 in chips)
NIGHTyxa: posts small blind $1
LotsaBalls12: posts big blind $3
*** HOLE CARDS ***
NIGHTyxa: raises $3 to $6
LotsaBalls12: calls $3
*** FLOP *** [9d Ad Jd]
LotsaBalls12: checks
NIGHTyxa: bets $3
LotsaBalls12: calls $3
*** TURN *** [9d Ad Jd] [6h]
LotsaBalls12: checks
NIGHTyxa: bets $6
LotsaBalls12: calls $6
*** RIVER *** [9d Ad Jd 6h] [Ac]
LotsaBalls12: checks
NIGHTyxa: checks
*** SHOW DOWN ***
LotsaBalls12: shows [6d Tc] (two pair, Aces and Sixes)
NIGHTyxa: shows [Qs 9h] (two pair, Aces and Nines)
NIGHTyxa collected $29.50 from pot
*** SUMMARY ***
Total pot $30 | Rake $0.50
Board [9d Ad Jd 6h Ac]
Seat 1: LotsaBalls12 (big blind) showed [6d Tc] and lost with two pair, Aces and Sixes
Seat 2: NIGHTyxa (button) (small blind) showed [Qs 9h] and won ($29.50) with two pair, Aces and Nines


PokerStars Hand #145612739884:  Hold'em Limit ($3/$6 USD) - 2015/12/19 20:20:39 ET
Table 'Linzia' 2-max Seat #2 is the button
Seat 1: LotsaBalls12 ($37.06 in chips)
Seat 2: NIGHTyxa ($99.02 in chips)
NIGHTyxa: posts small blind $1
LotsaBalls12: posts big blind $3
*** HOLE CARDS ***
NIGHTyxa: raises $3 to $6
LotsaBalls12: calls $3
*** FLOP *** [Td 3d Kd]
LotsaBalls12: checks
NIGHTyxa: bets $3
LotsaBalls12: calls $3
*** TURN *** [Td 3d Kd] [9h]
LotsaBalls12: checks
NIGHTyxa: checks
*** RIVER *** [Td 3d Kd 9h] [Ah]
LotsaBalls12: checks
NIGHTyxa: checks
*** SHOW DOWN ***
LotsaBalls12: shows [Ks 2s] (a pair of Kings)
NIGHTyxa: mucks hand
LotsaBalls12 collected $17.64 from pot
*** SUMMARY ***
Total pot $18 | Rake $0.36
Board [Td 3d Kd 9h Ah]
Seat 1: LotsaBalls12 (big blind) showed [Ks 2s] and won ($17.64) with a pair of Kings
Seat 2: NIGHTyxa (button) (small blind) mucked


PokerStars Hand #145612750296:  Hold'em Limit ($3/$6 USD) - 2015/12/19 20:20:58 ET
Table 'Linzia' 2-max Seat #1 is the button
Seat 1: LotsaBalls12 ($45.70 in chips)
Seat 2: NIGHTyxa ($90.02 in chips)
LotsaBalls12: posts small blind $1
NIGHTyxa: posts big blind $3
*** HOLE CARDS ***
LotsaBalls12: calls $2
NIGHTyxa: raises $3 to $6
LotsaBalls12: calls $3
*** FLOP *** [3d 4c 3h]
NIGHTyxa: bets $3
LotsaBalls12: calls $3
*** TURN *** [3d 4c 3h] [8s]
NIGHTyxa: bets $6
LotsaBalls12: raises $6 to $12
NIGHTyxa: folds
Uncalled bet ($6) returned to LotsaBalls12
LotsaBalls12 collected $29.50 from pot
LotsaBalls12: doesn't show hand
*** SUMMARY ***
Total pot $30 | Rake $0.50
Board [3d 4c 3h 8s]
Seat 1: LotsaBalls12 (button) (small blind) collected ($29.50)
Seat 2: NIGHTyxa (big blind) folded on the Turn


PokerStars Hand #145612758307:  Hold'em Limit ($3/$6 USD) - 2015/12/19 20:21:12 ET
Table 'Linzia' 2-max Seat #2 is the button
Seat 1: LotsaBalls12 ($60.20 in chips)
Seat 2: NIGHTyxa ($75.02 in chips)
NIGHTyxa: posts small blind $1
LotsaBalls12: posts big blind $3
*** HOLE CARDS ***
NIGHTyxa: raises $3 to $6
LotsaBalls12: calls $3
*** FLOP *** [5s Ad 4c]
LotsaBalls12: checks
NIGHTyxa: bets $3
LotsaBalls12: calls $3
*** TURN *** [5s Ad 4c] [5c]
LotsaBalls12: checks
NIGHTyxa: bets $6
LotsaBalls12: calls $6
*** RIVER *** [5s Ad 4c 5c] [6h]
LotsaBalls12: checks
NIGHTyxa: checks
*** SHOW DOWN ***
LotsaBalls12: shows [Jc 2d] (a pair of Fives)
NIGHTyxa: shows [Qc 4d] (two pair, Fives and Fours)
NIGHTyxa collected $29.50 from pot
*** SUMMARY ***
Total pot $30 | Rake $0.50
Board [5s Ad 4c 5c 6h]
Seat 1: LotsaBalls12 (big blind) showed [Jc 2d] and lost with a pair of Fives
Seat 2: NIGHTyxa (button) (small blind) showed [Qc 4d] and won ($29.50) with two pair, Fives and Fours


PokerStars Hand #145612768636:  Hold'em Limit ($3/$6 USD) - 2015/12/19 20:21:31 ET
Table 'Linzia' 2-max Seat #1 is the button
Seat 1: LotsaBalls12 ($45.20 in chips)
Seat 2: NIGHTyxa ($89.52 in chips)
LotsaBalls12: posts small blind $1
NIGHTyxa: posts big blind $3
*** HOLE CARDS ***
LotsaBalls12: raises $3 to $6
NIGHTyxa: folds
Uncalled bet ($3) returned to LotsaBalls12
LotsaBalls12 collected $6 from pot
LotsaBalls12: doesn't show hand
*** SUMMARY ***
Total pot $6 | Rake $0
Seat 1: LotsaBalls12 (button) (small blind) collected ($6)
Seat 2: NIGHTyxa (big blind) folded before Flop


PokerStars Hand #145612782913:  Hold'em Limit ($3/$6 USD) - 2015/12/19 20:21:57 ET
Table 'Linzia' 2-max Seat #1 is the button
Seat 1: LotsaBalls12 ($33.20 in chips)
Seat 2: NIGHTyxa ($101.02 in chips)
LotsaBalls12: posts small blind $1
NIGHTyxa: posts big blind $3
*** HOLE CARDS ***
LotsaBalls12: folds
Uncalled bet ($2) returned to NIGHTyxa
NIGHTyxa collected $2 from pot
NIGHTyxa: doesn't show hand
*** SUMMARY ***
Total pot $2 | Rake $0
Seat 1: LotsaBalls12 (button) (small blind) folded before Flop
Seat 2: NIGHTyxa (big blind) collected ($2)


PokerStars Hand #145612772014:  Hold'em Limit ($3/$6 USD) - 2015/12/19 20:21:37 ET
Table 'Linzia' 2-max Seat #2 is the button
Seat 1: LotsaBalls12 ($48.20 in chips)
Seat 2: NIGHTyxa ($86.52 in chips)
NIGHTyxa: posts small blind $1
LotsaBalls12: posts big blind $3
*** HOLE CARDS ***
NIGHTyxa: raises $3 to $6
LotsaBalls12: calls $3
*** FLOP *** [Kd 5d 2h]
LotsaBalls12: checks
NIGHTyxa: bets $3
LotsaBalls12: calls $3
*** TURN *** [Kd 5d 2h] [4s]
LotsaBalls12: checks
NIGHTyxa: checks
*** RIVER *** [Kd 5d 2h 4s] [Qc]
LotsaBalls12: checks
NIGHTyxa: bets $6
LotsaBalls12: calls $6
*** SHOW DOWN ***
NIGHTyxa: shows [4c Qs] (two pair, Queens and Fours)
LotsaBalls12: mucks hand
NIGHTyxa collected $29.50 from pot
*** SUMMARY ***
Total pot $30 | Rake $0.50
Board [Kd 5d 2h 4s Qc]
Seat 1: LotsaBalls12 (big blind) mucked
Seat 2: NIGHTyxa (button) (small blind) showed [4c Qs] and won ($29.50) with two pair, Queens and Fours


PokerStars Hand #145612803806:  Hold'em Limit ($3/$6 USD) - 2015/12/19 20:22:34 ET
Table 'Linzia' 2-max Seat #2 is the button
Seat 1: LotsaBalls12 ($14.20 in chips)
Seat 2: NIGHTyxa ($119.30 in chips)
NIGHTyxa: posts small blind $1
LotsaBalls12: posts big blind $3
*** HOLE CARDS ***
NIGHTyxa: folds
Uncalled bet ($2) returned to LotsaBalls12
LotsaBalls12 collected $2 from pot
LotsaBalls12: doesn't show hand
*** SUMMARY ***
Total pot $2 | Rake $0
Seat 1: LotsaBalls12 (big blind) collected ($2)
Seat 2: NIGHTyxa (button) (small blind) folded before Flop


PokerStars Hand #145612796078:  Hold'em Limit ($3/$6 USD) - 2015/12/19 20:22:20 ET
Table 'Linzia' 2-max Seat #1 is the button
Seat 1: LotsaBalls12 ($23.20 in chips)
Seat 2: NIGHTyxa ($110.66 in chips)
LotsaBalls12: posts small blind $1
NIGHTyxa: posts big blind $3
*** HOLE CARDS ***
LotsaBalls12: raises $3 to $6
NIGHTyxa: calls $3
*** FLOP *** [7h 9s 2s]
NIGHTyxa: checks
LotsaBalls12: bets $3
NIGHTyxa: calls $3
*** TURN *** [7h 9s 2s] [5s]
NIGHTyxa: checks
LotsaBalls12: checks
*** RIVER *** [7h 9s 2s 5s] [Kd]
NIGHTyxa: checks
LotsaBalls12: checks
*** SHOW DOWN ***
NIGHTyxa: shows [Ks Tc] (a pair of Kings)
LotsaBalls12: mucks hand
NIGHTyxa collected $17.64 from pot
*** SUMMARY ***
Total pot $18 | Rake $0.36
Board [7h 9s 2s 5s Kd]
Seat 1: LotsaBalls12 (button) (small blind) mucked
Seat 2: NIGHTyxa (big blind) showed [Ks Tc] and won ($17.64) with a pair of Kings


PokerStars Hand #145612806638:  Hold'em Limit ($3/$6 USD) - 2015/12/19 20:22:40 ET
Table 'Linzia' 2-max Seat #1 is the button
Seat 1: LotsaBalls12 ($15.20 in chips)
Seat 2: NIGHTyxa ($118.30 in chips)
LotsaBalls12: posts small blind $1
NIGHTyxa: posts big blind $3
*** HOLE CARDS ***
LotsaBalls12: raises $3 to $6
NIGHTyxa: raises $3 to $9
LotsaBalls12: raises $3 to $12
Betting is capped
NIGHTyxa: calls $3
*** FLOP *** [6s 2c 6c]
NIGHTyxa: bets $3
LotsaBalls12: raises $0.20 to $3.20 and is all-in
NIGHTyxa: calls $0.20
*** TURN *** [6s 2c 6c] [Ah]
*** RIVER *** [6s 2c 6c Ah] [2h]
*** SHOW DOWN ***
NIGHTyxa: shows [Ac Kd] (two pair, Aces and Sixes)
LotsaBalls12: shows [Ts Jc] (two pair, Sixes and Deuces)
NIGHTyxa collected $29.90 from pot
*** SUMMARY ***
Total pot $30.40 | Rake $0.50
Board [6s 2c 6c Ah 2h]
Seat 1: LotsaBalls12 (button) (small blind) showed [Ts Jc] and lost with two pair, Sixes and Deuces
Seat 2: NIGHTyxa (big blind) showed [Ac Kd] and won ($29.90) with two pair, Aces and Sixes


