PokerStars Hand #163518580193:  Hold'em Limit ($3/$6 USD) - 2016/12/25 17:41:58 ET
Table 'Linzia' 6-max Seat #1 is the button
Seat 1: gioba20 ($321.37 in chips)
Seat 5: GoliafUa ($112 in chips)
gioba20: posts small blind $1
GoliafUa: posts big blind $3
*** HOLE CARDS ***
gioba20: raises $3 to $6
GoliafUa: folds
Uncalled bet ($3) returned to gioba20
gioba20 collected $6 from pot
gioba20: doesn't show hand
*** SUMMARY ***
Total pot $6 | Rake $0
Seat 1: gioba20 (button) (small blind) collected ($6)
Seat 5: GoliafUa (big blind) folded before Flop


PokerStars Hand #163518563714:  Hold'em Limit ($3/$6 USD) - 2016/12/25 17:41:41 ET
Table 'Linzia' 6-max Seat #5 is the button
Seat 1: gioba20 ($312.73 in chips)
Seat 5: GoliafUa ($121 in chips)
GoliafUa: posts small blind $1
gioba20: posts big blind $3
*** HOLE CARDS ***
GoliafUa: raises $3 to $6
gioba20: calls $3
*** FLOP *** [Ks 9d As]
gioba20: checks
GoliafUa: bets $3
gioba20: calls $3
*** TURN *** [Ks 9d As] [5s]
gioba20: checks
GoliafUa: checks
*** RIVER *** [Ks 9d As 5s] [7d]
gioba20: bets $6
GoliafUa: folds
Uncalled bet ($6) returned to gioba20
gioba20 collected $17.64 from pot
gioba20: doesn't show hand
*** SUMMARY ***
Total pot $18 | Rake $0.36
Board [Ks 9d As 5s 7d]
Seat 1: gioba20 (big blind) collected ($17.64)
Seat 5: GoliafUa (button) (small blind) folded on the River


PokerStars Hand #163518610073:  Hold'em Limit ($3/$6 USD) - 2016/12/25 17:42:29 ET
Table 'Linzia' 6-max Seat #1 is the button
Seat 1: gioba20 ($333.01 in chips)
Seat 5: GoliafUa ($100 in chips)
gioba20: posts small blind $1
GoliafUa: posts big blind $3
*** HOLE CARDS ***
gioba20: calls $2
GoliafUa: raises $3 to $6
gioba20: calls $3
*** FLOP *** [Kh 2h Qs]
GoliafUa: bets $3
gioba20: folds
Uncalled bet ($3) returned to GoliafUa
GoliafUa collected $11.76 from pot
GoliafUa: doesn't show hand
*** SUMMARY ***
Total pot $12 | Rake $0.24
Board [Kh 2h Qs]
Seat 1: gioba20 (button) (small blind) folded on the Flop
Seat 5: GoliafUa (big blind) collected ($11.76)


PokerStars Hand #163518597860:  Hold'em Limit ($3/$6 USD) - 2016/12/25 17:42:16 ET
Table 'Linzia' 6-max Seat #5 is the button
Seat 1: gioba20 ($324.37 in chips)
Seat 5: GoliafUa ($109 in chips)
GoliafUa: posts small blind $1
gioba20: posts big blind $3
*** HOLE CARDS ***
GoliafUa: raises $3 to $6
gioba20: calls $3
*** FLOP *** [9c 7s 6d]
gioba20: checks
GoliafUa: bets $3
gioba20: calls $3
*** TURN *** [9c 7s 6d] [5h]
gioba20: checks
GoliafUa: checks
*** RIVER *** [9c 7s 6d 5h] [7h]
gioba20: checks
GoliafUa: checks
*** SHOW DOWN ***
gioba20: shows [Kc Jd] (a pair of Sevens)
GoliafUa: mucks hand
gioba20 collected $17.64 from pot
*** SUMMARY ***
Total pot $18 | Rake $0.36
Board [9c 7s 6d 5h 7h]
Seat 1: gioba20 (big blind) showed [Kc Jd] and won ($17.64) with a pair of Sevens
Seat 5: GoliafUa (button) (small blind) mucked


PokerStars Hand #163518592491:  Hold'em Limit ($3/$6 USD) - 2016/12/25 17:42:10 ET
Table 'Linzia' 6-max Seat #1 is the button
Seat 1: gioba20 ($325.37 in chips)
Seat 5: GoliafUa ($108 in chips)
gioba20: posts small blind $1
GoliafUa: posts big blind $3
*** HOLE CARDS ***
gioba20: folds
Uncalled bet ($2) returned to GoliafUa
GoliafUa collected $2 from pot
GoliafUa: doesn't show hand
*** SUMMARY ***
Total pot $2 | Rake $0
Seat 1: gioba20 (button) (small blind) folded before Flop
Seat 5: GoliafUa (big blind) collected ($2)


PokerStars Hand #163518587213:  Hold'em Limit ($3/$6 USD) - 2016/12/25 17:42:05 ET
Table 'Linzia' 6-max Seat #5 is the button
Seat 1: gioba20 ($324.37 in chips)
Seat 5: GoliafUa ($109 in chips)
GoliafUa: posts small blind $1
gioba20: posts big blind $3
*** HOLE CARDS ***
GoliafUa: folds
Uncalled bet ($2) returned to gioba20
gioba20 collected $2 from pot
gioba20: doesn't show hand
*** SUMMARY ***
Total pot $2 | Rake $0
Seat 1: gioba20 (big blind) collected ($2)
Seat 5: GoliafUa (button) (small blind) folded before Flop


PokerStars Hand #163518620251:  Hold'em Limit ($3/$6 USD) - 2016/12/25 17:42:41 ET
Table 'Linzia' 6-max Seat #5 is the button
Seat 1: gioba20 ($327.01 in chips)
Seat 5: GoliafUa ($105.76 in chips)
GoliafUa: posts small blind $1
gioba20: posts big blind $3
*** HOLE CARDS ***
GoliafUa: raises $3 to $6
gioba20: calls $3
*** FLOP *** [6c 8s Th]
gioba20: checks
GoliafUa: bets $3
gioba20: calls $3
*** TURN *** [6c 8s Th] [8d]
gioba20: checks
GoliafUa: bets $6
gioba20: folds
Uncalled bet ($6) returned to GoliafUa
GoliafUa collected $17.64 from pot
GoliafUa: doesn't show hand
*** SUMMARY ***
Total pot $18 | Rake $0.36
Board [6c 8s Th 8d]
Seat 1: gioba20 (big blind) folded on the Turn
Seat 5: GoliafUa (button) (small blind) collected ($17.64)


