PokerStars Hand #170820326884:  Hold'em Limit ($3/$6 USD) - 2017/05/23 15:00:56 ET
Table 'Linzia' 6-max Seat #2 is the button
Seat 1: Zubasa07 ($305.76 in chips)
Seat 2: Z435A791B ($95.39 in chips)
Z435A791B: posts small blind $1
Zubasa07: posts big blind $3
*** HOLE CARDS ***
Z435A791B: folds
Uncalled bet ($2) returned to Zubasa07
Zubasa07 collected $2 from pot
Zubasa07: doesn't show hand
*** SUMMARY ***
Total pot $2 | Rake $0
Seat 1: Zubasa07 (big blind) collected ($2)
Seat 2: Z435A791B (button) (small blind) folded before Flop


PokerStars Hand #170820305500:  Hold'em Limit ($3/$6 USD) - 2017/05/23 15:00:25 ET
Table 'Linzia' 6-max Seat #1 is the button
Seat 1: Zubasa07 ($300 in chips)
Seat 2: Z435A791B ($101.39 in chips)
Zubasa07: posts small blind $1
Z435A791B: posts big blind $3
*** HOLE CARDS ***
Zubasa07: raises $3 to $6
Z435A791B: calls $3
*** FLOP *** [5d 5h Jc]
Z435A791B: checks
GoliafUa joins the table at seat #3
Zubasa07: bets $3
Z435A791B: folds
Uncalled bet ($3) returned to Zubasa07
Zubasa07 collected $11.76 from pot
Zubasa07: doesn't show hand
*** SUMMARY ***
Total pot $12 | Rake $0.24
Board [5d 5h Jc]
Seat 1: Zubasa07 (button) (small blind) collected ($11.76)
Seat 2: Z435A791B (big blind) folded on the Flop


PokerStars Hand #170820351365:  Hold'em Limit ($3/$6 USD) - 2017/05/23 15:01:28 ET
Table 'Linzia' 6-max Seat #2 is the button
Seat 1: Zubasa07 ($294.76 in chips)
Seat 2: Z435A791B ($105.91 in chips)
Z435A791B: posts small blind $1
Zubasa07: posts big blind $3
*** HOLE CARDS ***
Z435A791B: calls $2
Zubasa07: checks
*** FLOP *** [6h 7s Js]
Zubasa07: bets $3
Z435A791B: calls $3
*** TURN *** [6h 7s Js] [3s]
Zubasa07: bets $6
Z435A791B: folds
Uncalled bet ($6) returned to Zubasa07
Zubasa07 collected $11.76 from pot
Zubasa07: doesn't show hand
*** SUMMARY ***
Total pot $12 | Rake $0.24
Board [6h 7s Js 3s]
Seat 1: Zubasa07 (big blind) collected ($11.76)
Seat 2: Z435A791B (button) (small blind) folded on the Turn


PokerStars Hand #170820330763:  Hold'em Limit ($3/$6 USD) - 2017/05/23 15:01:01 ET
Table 'Linzia' 6-max Seat #1 is the button
Seat 1: Zubasa07 ($306.76 in chips)
Seat 2: Z435A791B ($94.39 in chips)
Zubasa07: posts small blind $1
Z435A791B: posts big blind $3
*** HOLE CARDS ***
Zubasa07: raises $3 to $6
Z435A791B: raises $3 to $9
Zubasa07: calls $3
*** FLOP *** [2h 8s 4s]
Z435A791B: bets $3
Zubasa07: calls $3
*** TURN *** [2h 8s 4s] [Qs]
Z435A791B: bets $6
Zubasa07: folds
Uncalled bet ($6) returned to Z435A791B
Z435A791B collected $23.52 from pot
Z435A791B: doesn't show hand
*** SUMMARY ***
Total pot $24 | Rake $0.48
Board [2h 8s 4s Qs]
Seat 1: Zubasa07 (button) (small blind) folded on the Turn
Seat 2: Z435A791B (big blind) collected ($23.52)


PokerStars Hand #170820406821:  Hold'em Limit ($3/$6 USD) - 2017/05/23 15:02:37 ET
Table 'Linzia' 6-max Seat #2 is the button
Seat 1: Zubasa07 ($306.28 in chips)
Seat 2: Z435A791B ($93.91 in chips)
Z435A791B: posts small blind $1
Zubasa07: posts big blind $3
*** HOLE CARDS ***
Z435A791B: calls $2
Zubasa07: checks
*** FLOP *** [3d 9d As]
Zubasa07: checks
Z435A791B: bets $3
Zubasa07: folds
Uncalled bet ($3) returned to Z435A791B
Z435A791B collected $5.88 from pot
Z435A791B: doesn't show hand
*** SUMMARY ***
Total pot $6 | Rake $0.12
Board [3d 9d As]
Seat 1: Zubasa07 (big blind) folded on the Flop
Seat 2: Z435A791B (button) (small blind) collected ($5.88)


PokerStars Hand #170820384493:  Hold'em Limit ($3/$6 USD) - 2017/05/23 15:02:09 ET
Table 'Linzia' 6-max Seat #1 is the button
Seat 1: Zubasa07 ($300.52 in chips)
Seat 2: Z435A791B ($99.91 in chips)
Zubasa07: posts small blind $1
Z435A791B: posts big blind $3
*** HOLE CARDS ***
Zubasa07: raises $3 to $6
Z435A791B: calls $3
*** FLOP *** [7d Ac 5h]
Z435A791B: checks
Zubasa07: bets $3
Z435A791B: folds
Uncalled bet ($3) returned to Zubasa07
Zubasa07 collected $11.76 from pot
Zubasa07: doesn't show hand
*** SUMMARY ***
Total pot $12 | Rake $0.24
Board [7d Ac 5h]
Seat 1: Zubasa07 (button) (small blind) collected ($11.76)
Seat 2: Z435A791B (big blind) folded on the Flop


PokerStars Hand #170820472634:  Hold'em Limit ($3/$6 USD) - 2017/05/23 15:03:54 ET
Table 'Linzia' 6-max Seat #2 is the button
Seat 1: Zubasa07 ($332.78 in chips)
Seat 2: Z435A791B ($66.79 in chips)
Z435A791B: posts small blind $1
Zubasa07: posts big blind $3
*** HOLE CARDS ***
Z435A791B: folds
Uncalled bet ($2) returned to Zubasa07
Zubasa07 collected $2 from pot
Zubasa07: doesn't show hand
*** SUMMARY ***
Total pot $2 | Rake $0
Seat 1: Zubasa07 (big blind) collected ($2)
Seat 2: Z435A791B (button) (small blind) folded before Flop


PokerStars Hand #170820433910:  Hold'em Limit ($3/$6 USD) - 2017/05/23 15:03:09 ET
Table 'Linzia' 6-max Seat #1 is the button
Seat 1: Zubasa07 ($303.28 in chips)
Seat 2: Z435A791B ($96.79 in chips)
Zubasa07: posts small blind $1
Z435A791B: posts big blind $3
*** HOLE CARDS ***
Zubasa07: raises $3 to $6
Z435A791B: raises $3 to $9
Zubasa07: calls $3
*** FLOP *** [5d 2s 5h]
Z435A791B: bets $3
Zubasa07: calls $3
*** TURN *** [5d 2s 5h] [8s]
Z435A791B: bets $6
Zubasa07: raises $6 to $12
Z435A791B: calls $6
*** RIVER *** [5d 2s 5h 8s] [4s]
Z435A791B: checks
Zubasa07: bets $6
Z435A791B: calls $6
*** SHOW DOWN ***
Zubasa07: shows [Qc 5c] (three of a kind, Fives)
Z435A791B: mucks hand
Zubasa07 collected $59.50 from pot
*** SUMMARY ***
Total pot $60 | Rake $0.50
Board [5d 2s 5h 8s 4s]
Seat 1: Zubasa07 (button) (small blind) showed [Qc 5c] and won ($59.50) with three of a kind, Fives
Seat 2: Z435A791B (big blind) mucked


