PokerStars Hand #163435486569:  Hold'em Limit ($3/$6 USD) - 2016/12/24 4:36:24 ET
Table 'Linzia' 10-max Seat #5 is the button
Seat 5: simper11 ($120 in chips)
Seat 6: heaththejoke ($120 in chips)
simper11: posts small blind $1
heaththejoke: posts big blind $3
*** HOLE CARDS ***
simper11: raises $3 to $6
heaththejoke: calls $3
*** FLOP *** [Qd 9h Js]
heaththejoke: checks
simper11: bets $3
heaththejoke: calls $3
*** TURN *** [Qd 9h Js] [2s]
heaththejoke: checks
simper11: bets $6
heaththejoke: folds
Uncalled bet ($6) returned to simper11
simper11 collected $17.64 from pot
simper11: doesn't show hand
*** SUMMARY ***
Total pot $18 | Rake $0.36
Board [Qd 9h Js 2s]
Seat 5: simper11 (button) (small blind) collected ($17.64)
Seat 6: heaththejoke (big blind) folded on the Turn


PokerStars Hand #163435495596:  Hold'em Limit ($3/$6 USD) - 2016/12/24 4:36:47 ET
Table 'Linzia' 10-max Seat #6 is the button
Seat 5: simper11 ($128.64 in chips)
Seat 6: heaththejoke ($111 in chips)
heaththejoke: posts small blind $1
simper11: posts big blind $3
*** HOLE CARDS ***
heaththejoke: calls $2
simper11: checks
*** FLOP *** [Ac Kh 2d]
simper11: checks
heaththejoke: checks
*** TURN *** [Ac Kh 2d] [Qs]
simper11: checks
heaththejoke: checks
*** RIVER *** [Ac Kh 2d Qs] [3s]
simper11: bets $6
Jigorek1989 joins the table at seat #7
heaththejoke: folds
Uncalled bet ($6) returned to simper11
simper11 collected $5.88 from pot
simper11: doesn't show hand
*** SUMMARY ***
Total pot $6 | Rake $0.12
Board [Ac Kh 2d Qs 3s]
Seat 5: simper11 (big blind) collected ($5.88)
Seat 6: heaththejoke (button) (small blind) folded on the River


PokerStars Hand #163435504106:  Hold'em Limit ($3/$6 USD) - 2016/12/24 4:37:08 ET
Table 'Linzia' 10-max Seat #5 is the button
Seat 5: simper11 ($131.52 in chips)
Seat 6: heaththejoke ($108 in chips)
simper11: posts small blind $1
heaththejoke: posts big blind $3
*** HOLE CARDS ***
simper11: raises $3 to $6
heaththejoke: calls $3
*** FLOP *** [7d 4h Kh]
heaththejoke: checks
simper11: bets $3
heaththejoke: calls $3
*** TURN *** [7d 4h Kh] [6h]
heaththejoke: checks
simper11: checks
*** RIVER *** [7d 4h Kh 6h] [Js]
heaththejoke: bets $6
simper11: folds
Uncalled bet ($6) returned to heaththejoke
heaththejoke collected $17.64 from pot
heaththejoke: doesn't show hand
*** SUMMARY ***
Total pot $18 | Rake $0.36
Board [7d 4h Kh 6h Js]
Seat 5: simper11 (button) (small blind) folded on the River
Seat 6: heaththejoke (big blind) collected ($17.64)


PokerStars Hand #163435854473:  Hold'em Limit ($3/$6 USD) - 2016/12/24 4:51:25 ET
Table 'Linzia' 10-max Seat #5 is the button
Seat 3: afghan_321 ($190.47 in chips)
Seat 5: simper11 ($120 in chips)
simper11: posts small blind $1
afghan_321: posts big blind $3
*** HOLE CARDS ***
simper11: raises $3 to $6
afghan_321: calls $3
*** FLOP *** [8s 2c Jh]
afghan_321: checks
simper11: bets $3
afghan_321: calls $3
*** TURN *** [8s 2c Jh] [Js]
afghan_321: checks
simper11: bets $6
afghan_321: folds
Uncalled bet ($6) returned to simper11
simper11 collected $17.64 from pot
simper11: doesn't show hand
*** SUMMARY ***
Total pot $18 | Rake $0.36
Board [8s 2c Jh Js]
Seat 3: afghan_321 (big blind) folded on the Turn
Seat 5: simper11 (button) (small blind) collected ($17.64)


PokerStars Hand #163435864141:  Hold'em Limit ($3/$6 USD) - 2016/12/24 4:51:48 ET
Table 'Linzia' 10-max Seat #5 is the button
Seat 3: afghan_321 ($187.23 in chips)
Seat 5: simper11 ($122.64 in chips)
simper11: posts small blind $1
afghan_321: posts big blind $3
*** HOLE CARDS ***
simper11: folds
Uncalled bet ($2) returned to afghan_321
afghan_321 collected $2 from pot
*** SUMMARY ***
Total pot $2 | Rake $0
Seat 3: afghan_321 (big blind) collected ($2)
Seat 5: simper11 (button) (small blind) folded before Flop


PokerStars Hand #163435866089:  Hold'em Limit ($3/$6 USD) - 2016/12/24 4:51:53 ET
Table 'Linzia' 10-max Seat #3 is the button
Seat 3: afghan_321 ($188.23 in chips)
Seat 5: simper11 ($121.64 in chips)
afghan_321: posts small blind $1
simper11: posts big blind $3
*** HOLE CARDS ***
afghan_321: raises $3 to $6
simper11: calls $3
*** FLOP *** [3d Ad 2d]
simper11: checks
afghan_321: checks
*** TURN *** [3d Ad 2d] [3s]
simper11: bets $6
afghan_321: calls $6
*** RIVER *** [3d Ad 2d 3s] [Th]
simper11: bets $6
afghan_321: raises $6 to $12
simper11: calls $6
*** SHOW DOWN ***
afghan_321: shows [Jd 8d] (a flush, Ace high)
simper11: mucks hand
afghan_321 collected $47.50 from pot
*** SUMMARY ***
Total pot $48 | Rake $0.50
Board [3d Ad 2d 3s Th]
Seat 3: afghan_321 (button) (small blind) showed [Jd 8d] and won ($47.50) with a flush, Ace high
Seat 5: simper11 (big blind) mucked


PokerStars Hand #163435859998:  Hold'em Limit ($3/$6 USD) - 2016/12/24 4:51:39 ET
Table 'Linzia' 10-max Seat #3 is the button
Seat 3: afghan_321 ($181.47 in chips)
Seat 5: simper11 ($128.64 in chips)
afghan_321: posts small blind $1
simper11: posts big blind $3
*** HOLE CARDS ***
afghan_321: raises $3 to $6
simper11: calls $3
*** FLOP *** [6s 9h 3s]
simper11: checks
afghan_321: bets $3
simper11: folds
Uncalled bet ($3) returned to afghan_321
afghan_321 collected $11.76 from pot
*** SUMMARY ***
Total pot $12 | Rake $0.24
Board [6s 9h 3s]
Seat 3: afghan_321 (button) (small blind) collected ($11.76)
Seat 5: simper11 (big blind) folded on the Flop


PokerStars Hand #163435894086:  Hold'em Limit ($3/$6 USD) - 2016/12/24 4:52:59 ET
Table 'Linzia' 10-max Seat #5 is the button
Seat 3: afghan_321 ($195.23 in chips)
Seat 5: simper11 ($153.50 in chips)
simper11: posts small blind $1
afghan_321: posts big blind $3
*** HOLE CARDS ***
sim5sim5 joins the table at seat #6
simper11: folds
Uncalled bet ($2) returned to afghan_321
afghan_321 collected $2 from pot
*** SUMMARY ***
Total pot $2 | Rake $0
Seat 3: afghan_321 (big blind) collected ($2)
Seat 5: simper11 (button) (small blind) folded before Flop


PokerStars Hand #163435896349:  Hold'em Limit ($3/$6 USD) - 2016/12/24 4:53:05 ET
Table 'Linzia' 10-max Seat #3 is the button
Seat 3: afghan_321 ($196.23 in chips)
Seat 5: simper11 ($152.50 in chips)
afghan_321: posts small blind $1
simper11: posts big blind $3
*** HOLE CARDS ***
afghan_321: raises $3 to $6
simper11: calls $3
*** FLOP *** [6d Ts 7c]
simper11: checks
afghan_321: bets $3
simper11: raises $3 to $6
afghan_321: raises $3 to $9
simper11: raises $3 to $12
Betting is capped
afghan_321: calls $3
*** TURN *** [6d Ts 7c] [5d]
simper11: bets $6
afghan_321: calls $6
*** RIVER *** [6d Ts 7c 5d] [3h]
simper11: bets $6
afghan_321: calls $6
*** SHOW DOWN ***
simper11: shows [Td 7h] (two pair, Tens and Sevens)
afghan_321: mucks hand
simper11 collected $59.50 from pot
*** SUMMARY ***
Total pot $60 | Rake $0.50
Board [6d Ts 7c 5d 3h]
Seat 3: afghan_321 (button) (small blind) mucked
Seat 5: simper11 (big blind) showed [Td 7h] and won ($59.50) with two pair, Tens and Sevens


PokerStars Hand #163435881678:  Hold'em Limit ($3/$6 USD) - 2016/12/24 4:52:30 ET
Table 'Linzia' 10-max Seat #3 is the button
Seat 3: afghan_321 ($229.23 in chips)
Seat 5: simper11 ($120 in chips)
afghan_321: posts small blind $1
simper11: posts big blind $3
*** HOLE CARDS ***
afghan_321: raises $3 to $6
simper11: calls $3
*** FLOP *** [3d 5d Kh]
simper11: checks
afghan_321: bets $3
simper11: raises $3 to $6
afghan_321: raises $3 to $9
simper11: raises $3 to $12
Betting is capped
afghan_321: calls $3
*** TURN *** [3d 5d Kh] [Qc]
simper11: bets $6
afghan_321: calls $6
*** RIVER *** [3d 5d Kh Qc] [Js]
simper11: bets $6
afghan_321: calls $6
*** SHOW DOWN ***
simper11: shows [3s Ks] (two pair, Kings and Threes)
afghan_321: mucks hand
simper11 collected $59.50 from pot
*** SUMMARY ***
Total pot $60 | Rake $0.50
Board [3d 5d Kh Qc Js]
Seat 3: afghan_321 (button) (small blind) mucked
Seat 5: simper11 (big blind) showed [3s Ks] and won ($59.50) with two pair, Kings and Threes


PokerStars Hand #163435891684:  Hold'em Limit ($3/$6 USD) - 2016/12/24 4:52:54 ET
Table 'Linzia' 10-max Seat #3 is the button
Seat 3: afghan_321 ($196.23 in chips)
Seat 5: simper11 ($152.50 in chips)
afghan_321: posts small blind $1
simper11: posts big blind $3
*** HOLE CARDS ***
afghan_321: folds
Uncalled bet ($2) returned to simper11
simper11 collected $2 from pot
simper11: doesn't show hand
*** SUMMARY ***
Total pot $2 | Rake $0
Seat 3: afghan_321 (button) (small blind) folded before Flop
Seat 5: simper11 (big blind) collected ($2)


PokerStars Hand #163435889285:  Hold'em Limit ($3/$6 USD) - 2016/12/24 4:52:48 ET
Table 'Linzia' 10-max Seat #5 is the button
Seat 3: afghan_321 ($199.23 in chips)
Seat 5: simper11 ($149.50 in chips)
simper11: posts small blind $1
afghan_321: posts big blind $3
*** HOLE CARDS ***
simper11: raises $3 to $6
afghan_321: folds
Uncalled bet ($3) returned to simper11
simper11 collected $6 from pot
simper11: doesn't show hand
*** SUMMARY ***
Total pot $6 | Rake $0
Seat 3: afghan_321 (big blind) folded before Flop
Seat 5: simper11 (button) (small blind) collected ($6)


PokerStars Hand #163435874345:  Hold'em Limit ($3/$6 USD) - 2016/12/24 4:52:12 ET
Table 'Linzia' 10-max Seat #5 is the button
Seat 3: afghan_321 ($211.73 in chips)
Seat 5: simper11 ($120 in chips)
simper11: posts small blind $1
afghan_321: posts big blind $3
*** HOLE CARDS ***
simper11: raises $3 to $6
afghan_321: calls $3
*** FLOP *** [2h 7c 3h]
afghan_321: checks
simper11: bets $3
afghan_321: raises $3 to $6
simper11: calls $3
*** TURN *** [2h 7c 3h] [Kc]
afghan_321: bets $6
simper11: calls $6
*** RIVER *** [2h 7c 3h Kc] [9h]
afghan_321: checks
simper11: checks
*** SHOW DOWN ***
afghan_321: shows [8d 7h] (a pair of Sevens)
simper11: mucks hand
afghan_321 collected $35.50 from pot
*** SUMMARY ***
Total pot $36 | Rake $0.50
Board [2h 7c 3h Kc 9h]
Seat 3: afghan_321 (big blind) showed [8d 7h] and won ($35.50) with a pair of Sevens
Seat 5: simper11 (button) (small blind) mucked


PokerStars Hand #163435929091:  Hold'em Limit ($3/$6 USD) - 2016/12/24 4:54:23 ET
Table 'Linzia' 10-max Seat #5 is the button
Seat 3: afghan_321 ($171.76 in chips)
Seat 5: simper11 ($154 in chips)
simper11: posts small blind $1
afghan_321: posts big blind $3
*** HOLE CARDS ***
simper11: raises $3 to $6
afghan_321: raises $3 to $9
simper11: calls $3
*** FLOP *** [Ah As 5s]
afghan_321: checks
simper11: checks
*** TURN *** [Ah As 5s] [Qc]
afghan_321: bets $6
simper11: calls $6
*** RIVER *** [Ah As 5s Qc] [4s]
afghan_321: checks
simper11: checks
*** SHOW DOWN ***
afghan_321: shows [8d Js] (a pair of Aces)
simper11: shows [3h Qh] (two pair, Aces and Queens)
simper11 collected $29.50 from pot
*** SUMMARY ***
Total pot $30 | Rake $0.50
Board [Ah As 5s Qc 4s]
Seat 3: afghan_321 (big blind) showed [8d Js] and lost with a pair of Aces
Seat 5: simper11 (button) (small blind) showed [3h Qh] and won ($29.50) with two pair, Aces and Queens


PokerStars Hand #163435948815:  Hold'em Limit ($3/$6 USD) - 2016/12/24 4:55:10 ET
Table 'Linzia' 10-max Seat #3 is the button
Seat 3: afghan_321 ($131.76 in chips)
Seat 5: simper11 ($193 in chips)
afghan_321: posts small blind $1
simper11: posts big blind $3
*** HOLE CARDS ***
afghan_321: folds
Uncalled bet ($2) returned to simper11
simper11 collected $2 from pot
simper11: doesn't show hand
*** SUMMARY ***
Total pot $2 | Rake $0
Seat 3: afghan_321 (button) (small blind) folded before Flop
Seat 5: simper11 (big blind) collected ($2)


PokerStars Hand #163435935679:  Hold'em Limit ($3/$6 USD) - 2016/12/24 4:54:38 ET
Table 'Linzia' 10-max Seat #3 is the button
Seat 3: afghan_321 ($156.76 in chips)
Seat 5: simper11 ($168.50 in chips)
afghan_321: posts small blind $1
simper11: posts big blind $3
*** HOLE CARDS ***
afghan_321: folds
Uncalled bet ($2) returned to simper11
simper11 collected $2 from pot
simper11: doesn't show hand
*** SUMMARY ***
Total pot $2 | Rake $0
Seat 3: afghan_321 (button) (small blind) folded before Flop
Seat 5: simper11 (big blind) collected ($2)


PokerStars Hand #163435937770:  Hold'em Limit ($3/$6 USD) - 2016/12/24 4:54:43 ET
Table 'Linzia' 10-max Seat #5 is the button
Seat 3: afghan_321 ($155.76 in chips)
Seat 5: simper11 ($169.50 in chips)
simper11: posts small blind $1
afghan_321: posts big blind $3
*** HOLE CARDS ***
simper11: raises $3 to $6
afghan_321: calls $3
*** FLOP *** [As 3s 8c]
afghan_321: checks
simper11: checks
*** TURN *** [As 3s 8c] [6d]
afghan_321: bets $6
simper11: raises $6 to $12
afghan_321: calls $6
*** RIVER *** [As 3s 8c 6d] [Ks]
afghan_321: checks
simper11: bets $6
afghan_321: calls $6
*** SHOW DOWN ***
simper11: shows [8s 9c] (a pair of Eights)
afghan_321: mucks hand
simper11 collected $47.50 from pot
*** SUMMARY ***
Total pot $48 | Rake $0.50
Board [As 3s 8c 6d Ks]
Seat 3: afghan_321 (big blind) mucked
Seat 5: simper11 (button) (small blind) showed [8s 9c] and won ($47.50) with a pair of Eights


PokerStars Hand #163435960258:  Hold'em Limit ($3/$6 USD) - 2016/12/24 4:55:40 ET
Table 'Linzia' 10-max Seat #5 is the button
Seat 3: afghan_321 ($102.76 in chips)
Seat 5: simper11 ($221.50 in chips)
simper11: posts small blind $1
afghan_321: posts big blind $3
*** HOLE CARDS ***
simper11: raises $3 to $6
afghan_321: raises $3 to $9
simper11: calls $3
*** FLOP *** [7c 6s Kd]
afghan_321: bets $3
simper11: folds
Uncalled bet ($3) returned to afghan_321
afghan_321 collected $17.64 from pot
*** SUMMARY ***
Total pot $18 | Rake $0.36
Board [7c 6s Kd]
Seat 3: afghan_321 (big blind) collected ($17.64)
Seat 5: simper11 (button) (small blind) folded on the Flop


PokerStars Hand #163435958390:  Hold'em Limit ($3/$6 USD) - 2016/12/24 4:55:35 ET
Table 'Linzia' 10-max Seat #3 is the button
Seat 3: afghan_321 ($103.76 in chips)
Seat 5: simper11 ($220.50 in chips)
afghan_321: posts small blind $1
simper11: posts big blind $3
*** HOLE CARDS ***
afghan_321: folds
Uncalled bet ($2) returned to simper11
simper11 collected $2 from pot
simper11: doesn't show hand
*** SUMMARY ***
Total pot $2 | Rake $0
Seat 3: afghan_321 (button) (small blind) folded before Flop
Seat 5: simper11 (big blind) collected ($2)


PokerStars Hand #163435950772:  Hold'em Limit ($3/$6 USD) - 2016/12/24 4:55:15 ET
Table 'Linzia' 10-max Seat #5 is the button
Seat 3: afghan_321 ($130.76 in chips)
Seat 5: simper11 ($194 in chips)
simper11: posts small blind $1
afghan_321: posts big blind $3
*** HOLE CARDS ***
simper11: raises $3 to $6
afghan_321: raises $3 to $9
simper11: raises $3 to $12
Betting is capped
afghan_321: calls $3
*** FLOP *** [Jh Jd Ah]
afghan_321: checks
simper11: bets $3
afghan_321: calls $3
*** TURN *** [Jh Jd Ah] [Ks]
afghan_321: checks
simper11: bets $6
afghan_321: calls $6
*** RIVER *** [Jh Jd Ah Ks] [6s]
afghan_321: checks
simper11: bets $6
afghan_321: calls $6
*** SHOW DOWN ***
simper11: shows [Ac Ad] (a full house, Aces full of Jacks)
afghan_321: mucks hand
simper11 collected $53.50 from pot
*** SUMMARY ***
Total pot $54 | Rake $0.50
Board [Jh Jd Ah Ks 6s]
Seat 3: afghan_321 (big blind) mucked
Seat 5: simper11 (button) (small blind) showed [Ac Ad] and won ($53.50) with a full house, Aces full of Jacks


PokerStars Hand #163435972072:  Hold'em Limit ($3/$6 USD) - 2016/12/24 4:56:11 ET
Table 'Linzia' 10-max Seat #5 is the button
Seat 3: afghan_321 ($87.40 in chips)
Seat 5: simper11 ($236 in chips)
simper11: posts small blind $1
afghan_321: posts big blind $3
*** HOLE CARDS ***
simper11: raises $3 to $6
afghan_321: folds
Uncalled bet ($3) returned to simper11
simper11 collected $6 from pot
simper11: doesn't show hand
*** SUMMARY ***
Total pot $6 | Rake $0
Seat 3: afghan_321 (big blind) folded before Flop
Seat 5: simper11 (button) (small blind) collected ($6)


PokerStars Hand #163435965124:  Hold'em Limit ($3/$6 USD) - 2016/12/24 4:55:53 ET
Table 'Linzia' 10-max Seat #3 is the button
Seat 3: afghan_321 ($111.40 in chips)
Seat 5: simper11 ($212.50 in chips)
afghan_321: posts small blind $1
simper11: posts big blind $3
*** HOLE CARDS ***
afghan_321: raises $3 to $6
simper11: calls $3
*** FLOP *** [Jd 7c 8c]
simper11: checks
afghan_321: bets $3
simper11: raises $3 to $6
afghan_321: calls $3
*** TURN *** [Jd 7c 8c] [6d]
simper11: bets $6
afghan_321: calls $6
*** RIVER *** [Jd 7c 8c 6d] [3c]
simper11: bets $6
afghan_321: calls $6
*** SHOW DOWN ***
simper11: shows [Jc Td] (a pair of Jacks)
afghan_321: mucks hand
simper11 collected $47.50 from pot
*** SUMMARY ***
Total pot $48 | Rake $0.50
Board [Jd 7c 8c 6d 3c]
Seat 3: afghan_321 (button) (small blind) mucked
Seat 5: simper11 (big blind) showed [Jc Td] and won ($47.50) with a pair of Jacks


