PokerStars Hand #167984191206:  Hold'em Limit ($3/$6 USD) - 2017/03/23 4:20:26 ET
Table 'Lioba' 6-max Seat #1 is the button
Seat 1: ChaseMeIfUC ($60 in chips)
Seat 4: MTails ($120 in chips)
ChaseMeIfUC: posts small blind $1
MTails: posts big blind $3
*** HOLE CARDS ***
ChaseMeIfUC: raises $3 to $6
MTails: calls $3
*** FLOP *** [Ks Jh 3s]
MTails: checks
ChaseMeIfUC: bets $3
MTails: folds
Uncalled bet ($3) returned to ChaseMeIfUC
ChaseMeIfUC collected $11.76 from pot
*** SUMMARY ***
Total pot $12 | Rake $0.24
Board [Ks Jh 3s]
Seat 1: ChaseMeIfUC (button) (small blind) collected ($11.76)
Seat 4: MTails (big blind) folded on the Flop


PokerStars Hand #167984198041:  Hold'em Limit ($3/$6 USD) - 2017/03/23 4:20:50 ET
Table 'Lioba' 6-max Seat #1 is the button
Seat 1: ChaseMeIfUC ($62.76 in chips)
Seat 4: MTails ($117 in chips)
ChaseMeIfUC: posts small blind $1
MTails: posts big blind $3
*** HOLE CARDS ***
ChaseMeIfUC: folds
Uncalled bet ($2) returned to MTails
MTails collected $2 from pot
MTails: doesn't show hand
*** SUMMARY ***
Total pot $2 | Rake $0
Seat 1: ChaseMeIfUC (button) (small blind) folded before Flop
Seat 4: MTails (big blind) collected ($2)


PokerStars Hand #167984195895:  Hold'em Limit ($3/$6 USD) - 2017/03/23 4:20:42 ET
Table 'Lioba' 6-max Seat #4 is the button
Seat 1: ChaseMeIfUC ($65.76 in chips)
Seat 4: MTails ($114 in chips)
MTails: posts small blind $1
ChaseMeIfUC: posts big blind $3
*** HOLE CARDS ***
MTails: raises $3 to $6
ChaseMeIfUC: folds
Uncalled bet ($3) returned to MTails
MTails collected $6 from pot
*** SUMMARY ***
Total pot $6 | Rake $0
Seat 1: ChaseMeIfUC (big blind) folded before Flop
Seat 4: MTails (button) (small blind) collected ($6)


PokerStars Hand #167984199750:  Hold'em Limit ($3/$6 USD) - 2017/03/23 4:20:55 ET
Table 'Lioba' 6-max Seat #4 is the button
Seat 1: ChaseMeIfUC ($61.76 in chips)
Seat 4: MTails ($118 in chips)
MTails: posts small blind $1
ChaseMeIfUC: posts big blind $3
*** HOLE CARDS ***
MTails: folds
Uncalled bet ($2) returned to ChaseMeIfUC
ChaseMeIfUC collected $2 from pot
*** SUMMARY ***
Total pot $2 | Rake $0
Seat 1: ChaseMeIfUC (big blind) collected ($2)
Seat 4: MTails (button) (small blind) folded before Flop


PokerStars Hand #167984201487:  Hold'em Limit ($3/$6 USD) - 2017/03/23 4:21:01 ET
Table 'Lioba' 6-max Seat #1 is the button
Seat 1: ChaseMeIfUC ($62.76 in chips)
Seat 4: MTails ($117 in chips)
ChaseMeIfUC: posts small blind $1
MTails: posts big blind $3
*** HOLE CARDS ***
ChaseMeIfUC: raises $3 to $6
MTails: raises $3 to $9
ChaseMeIfUC: calls $3
*** FLOP *** [Ts Jh Kc]
MTails: bets $3
ChaseMeIfUC: folds
Uncalled bet ($3) returned to MTails
MTails collected $17.64 from pot
*** SUMMARY ***
Total pot $18 | Rake $0.36
Board [Ts Jh Kc]
Seat 1: ChaseMeIfUC (button) (small blind) folded on the Flop
Seat 4: MTails (big blind) collected ($17.64)


PokerStars Hand #167984211160:  Hold'em Limit ($3/$6 USD) - 2017/03/23 4:21:34 ET
Table 'Lioba' 6-max Seat #4 is the button
Seat 1: ChaseMeIfUC ($50.76 in chips)
Seat 4: MTails ($128.40 in chips)
MTails: posts small blind $1
ChaseMeIfUC: posts big blind $3
*** HOLE CARDS ***
MTails: raises $3 to $6
ChaseMeIfUC: folds
Uncalled bet ($3) returned to MTails
MTails collected $6 from pot
*** SUMMARY ***
Total pot $6 | Rake $0
Seat 1: ChaseMeIfUC (big blind) folded before Flop
Seat 4: MTails (button) (small blind) collected ($6)


PokerStars Hand #167984205263:  Hold'em Limit ($3/$6 USD) - 2017/03/23 4:21:14 ET
Table 'Lioba' 6-max Seat #4 is the button
Seat 1: ChaseMeIfUC ($53.76 in chips)
Seat 4: MTails ($125.64 in chips)
MTails: posts small blind $1
ChaseMeIfUC: posts big blind $3
*** HOLE CARDS ***
MTails: raises $3 to $6
ChaseMeIfUC: calls $3
*** FLOP *** [Js 8h Qc]
ChaseMeIfUC: checks
MTails: bets $3
ChaseMeIfUC: folds
Uncalled bet ($3) returned to MTails
MTails collected $11.76 from pot
*** SUMMARY ***
Total pot $12 | Rake $0.24
Board [Js 8h Qc]
Seat 1: ChaseMeIfUC (big blind) folded on the Flop
Seat 4: MTails (button) (small blind) collected ($11.76)


PokerStars Hand #167984208847:  Hold'em Limit ($3/$6 USD) - 2017/03/23 4:21:27 ET
Table 'Lioba' 6-max Seat #1 is the button
Seat 1: ChaseMeIfUC ($47.76 in chips)
Seat 4: MTails ($131.40 in chips)
ChaseMeIfUC: posts small blind $1
MTails: posts big blind $3
*** HOLE CARDS ***
ChaseMeIfUC: raises $3 to $6
MTails: folds
Uncalled bet ($3) returned to ChaseMeIfUC
ChaseMeIfUC collected $6 from pot
*** SUMMARY ***
Total pot $6 | Rake $0
Seat 1: ChaseMeIfUC (button) (small blind) collected ($6)
Seat 4: MTails (big blind) folded before Flop


PokerStars Hand #167984222310:  Hold'em Limit ($3/$6 USD) - 2017/03/23 4:22:13 ET
Table 'Lioba' 6-max Seat #1 is the button
Seat 1: ChaseMeIfUC ($47.76 in chips)
Seat 4: MTails ($131.40 in chips)
ChaseMeIfUC: posts small blind $1
MTails: posts big blind $3
*** HOLE CARDS ***
ChaseMeIfUC: raises $3 to $6
MTails: calls $3
*** FLOP *** [6h Jh 8s]
MTails: checks
ChaseMeIfUC: bets $3
MTails: raises $3 to $6
ChaseMeIfUC: calls $3
*** TURN *** [6h Jh 8s] [2h]
MTails: bets $6
ChaseMeIfUC: calls $6
*** RIVER *** [6h Jh 8s 2h] [2s]
MTails: bets $6
ChaseMeIfUC: calls $6
*** SHOW DOWN ***
MTails: shows [5h Jc] (two pair, Jacks and Deuces)
ChaseMeIfUC: mucks hand
MTails collected $47.50 from pot
*** SUMMARY ***
Total pot $48 | Rake $0.50
Board [6h Jh 8s 2h 2s]
Seat 1: ChaseMeIfUC (button) (small blind) mucked
Seat 4: MTails (big blind) showed [5h Jc] and won ($47.50) with two pair, Jacks and Deuces


PokerStars Hand #167984229974:  Hold'em Limit ($3/$6 USD) - 2017/03/23 4:22:39 ET
Table 'Lioba' 6-max Seat #4 is the button
Seat 1: ChaseMeIfUC ($23.76 in chips)
Seat 4: MTails ($154.90 in chips)
MTails: posts small blind $1
ChaseMeIfUC: posts big blind $3
*** HOLE CARDS ***
MTails: raises $3 to $6
ChaseMeIfUC: calls $3
*** FLOP *** [9s 3c 6c]
ChaseMeIfUC: checks
MTails: bets $3
ChaseMeIfUC: raises $3 to $6
MTails: calls $3
*** TURN *** [9s 3c 6c] [5c]
ChaseMeIfUC: bets $6
MTails: calls $6
*** RIVER *** [9s 3c 6c 5c] [5d]
ChaseMeIfUC: bets $5.76 and is all-in
MTails: folds
Uncalled bet ($5.76) returned to ChaseMeIfUC
ChaseMeIfUC collected $35.50 from pot
*** SUMMARY ***
Total pot $36 | Rake $0.50
Board [9s 3c 6c 5c 5d]
Seat 1: ChaseMeIfUC (big blind) collected ($35.50)
Seat 4: MTails (button) (small blind) folded on the River


PokerStars Hand #167984234821:  Hold'em Limit ($3/$6 USD) - 2017/03/23 4:22:55 ET
Table 'Lioba' 6-max Seat #1 is the button
Seat 1: ChaseMeIfUC ($41.26 in chips)
Seat 4: MTails ($136.90 in chips)
ChaseMeIfUC: posts small blind $1
MTails: posts big blind $3
*** HOLE CARDS ***
ChaseMeIfUC: raises $3 to $6
Scheubi88 joins the table at seat #5
MTails: calls $3
*** FLOP *** [Qc Js 5h]
MTails: checks
ChaseMeIfUC: bets $3
MTails: raises $3 to $6
ChaseMeIfUC: calls $3
*** TURN *** [Qc Js 5h] [2c]
MTails: bets $6
ChaseMeIfUC: calls $6
*** RIVER *** [Qc Js 5h 2c] [8s]
MTails: bets $6
ChaseMeIfUC: calls $6
*** SHOW DOWN ***
MTails: shows [Jd 3c] (a pair of Jacks)
ChaseMeIfUC: mucks hand
MTails collected $47.50 from pot
*** SUMMARY ***
Total pot $48 | Rake $0.50
Board [Qc Js 5h 2c 8s]
Seat 1: ChaseMeIfUC (button) (small blind) mucked
Seat 4: MTails (big blind) showed [Jd 3c] and won ($47.50) with a pair of Jacks


PokerStars Hand #167984286821:  Hold'em Limit ($3/$6 USD) - 2017/03/23 4:25:49 ET
Table 'Lioba' 6-max Seat #4 is the button
Seat 4: MTails ($176.24 in chips)
Seat 5: Scheubi88 ($113.64 in chips)
MTails: posts small blind $1
Scheubi88: posts big blind $3
*** HOLE CARDS ***
MTails: raises $3 to $6
Scheubi88: calls $3
*** FLOP *** [6s 3d 8d]
Scheubi88: checks
MTails: bets $3
Scheubi88: raises $3 to $6
MTails: calls $3
*** TURN *** [6s 3d 8d] [2s]
Scheubi88: checks
ChaseMeIfUC leaves the table
MTails: bets $6
Scheubi88: calls $6
*** RIVER *** [6s 3d 8d 2s] [Ad]
Scheubi88: checks
MTails: bets $6
Scheubi88: calls $6
*** SHOW DOWN ***
MTails: shows [8c As] (two pair, Aces and Eights)
Scheubi88: mucks hand
MTails collected $47.50 from pot
*** SUMMARY ***
Total pot $48 | Rake $0.50
Board [6s 3d 8d 2s Ad]
Seat 4: MTails (button) (small blind) showed [8c As] and won ($47.50) with two pair, Aces and Eights
Seat 5: Scheubi88 (big blind) mucked


PokerStars Hand #167984322773:  Hold'em Limit ($3/$6 USD) - 2017/03/23 4:27:51 ET
Table 'Lioba' 6-max Seat #5 is the button
Seat 4: MTails ($193.78 in chips)
Seat 5: Scheubi88 ($125.73 in chips)
Scheubi88: posts small blind $1
ChaseMeIfUC: is sitting out
MTails: posts big blind $3
*** HOLE CARDS ***
Scheubi88: raises $3 to $6
MTails: calls $3
*** FLOP *** [Js 7h Qd]
MTails: checks
Scheubi88: checks
*** TURN *** [Js 7h Qd] [9h]
MTails: bets $6
Scheubi88: calls $6
*** RIVER *** [Js 7h Qd 9h] [3h]
MTails: bets $6
Scheubi88: calls $6
*** SHOW DOWN ***
MTails: shows [7d 9d] (two pair, Nines and Sevens)
Scheubi88: mucks hand
MTails collected $35.50 from pot
*** SUMMARY ***
Total pot $36 | Rake $0.50
Board [Js 7h Qd 9h 3h]
Seat 4: MTails (big blind) showed [7d 9d] and won ($35.50) with two pair, Nines and Sevens
Seat 5: Scheubi88 (button) (small blind) mucked


PokerStars Hand #167984326870:  Hold'em Limit ($3/$6 USD) - 2017/03/23 4:28:05 ET
Table 'Lioba' 6-max Seat #4 is the button
Seat 4: MTails ($211.28 in chips)
Seat 5: Scheubi88 ($107.73 in chips)
MTails: posts small blind $1
Scheubi88: posts big blind $3
*** HOLE CARDS ***
MTails: raises $3 to $6
Scheubi88: calls $3
*** FLOP *** [Ks 9c 4s]
Scheubi88: checks
MTails: bets $3
Scheubi88: calls $3
*** TURN *** [Ks 9c 4s] [Qd]
Scheubi88: checks
MTails: bets $6
Scheubi88: raises $6 to $12
MTails: folds
Uncalled bet ($6) returned to Scheubi88
Scheubi88 collected $29.50 from pot
Scheubi88: doesn't show hand
*** SUMMARY ***
Total pot $30 | Rake $0.50
Board [Ks 9c 4s Qd]
Seat 4: MTails (button) (small blind) folded on the Turn
Seat 5: Scheubi88 (big blind) collected ($29.50)


PokerStars Hand #167984335076:  Hold'em Limit ($3/$6 USD) - 2017/03/23 4:28:33 ET
Table 'Lioba' 6-max Seat #5 is the button
Seat 5: Scheubi88 ($122.23 in chips)
Seat 6: ChaseMeIfUC ($86 in chips)
Scheubi88: posts small blind $1
ChaseMeIfUC: posts big blind $3
*** HOLE CARDS ***
Scheubi88: raises $3 to $6
ChaseMeIfUC: folds
Uncalled bet ($3) returned to Scheubi88
Scheubi88 collected $6 from pot
Scheubi88: doesn't show hand
*** SUMMARY ***
Total pot $6 | Rake $0
Seat 5: Scheubi88 (button) (small blind) collected ($6)
Seat 6: ChaseMeIfUC (big blind) folded before Flop


PokerStars Hand #167984336894:  Hold'em Limit ($3/$6 USD) - 2017/03/23 4:28:39 ET
Table 'Lioba' 6-max Seat #6 is the button
Seat 5: Scheubi88 ($125.23 in chips)
Seat 6: ChaseMeIfUC ($83 in chips)
ChaseMeIfUC: posts small blind $1
Scheubi88: posts big blind $3
*** HOLE CARDS ***
ChaseMeIfUC: raises $3 to $6
Scheubi88: raises $3 to $9
ChaseMeIfUC: calls $3
*** FLOP *** [Kc 9c 3s]
Scheubi88: bets $3
ChaseMeIfUC: folds
Uncalled bet ($3) returned to Scheubi88
Scheubi88 collected $17.64 from pot
Scheubi88: doesn't show hand
*** SUMMARY ***
Total pot $18 | Rake $0.36
Board [Kc 9c 3s]
Seat 5: Scheubi88 (big blind) collected ($17.64)
Seat 6: ChaseMeIfUC (button) (small blind) folded on the Flop


PokerStars Hand #167984339942:  Hold'em Limit ($3/$6 USD) - 2017/03/23 4:28:50 ET
Table 'Lioba' 6-max Seat #5 is the button
Seat 5: Scheubi88 ($133.87 in chips)
Seat 6: ChaseMeIfUC ($74 in chips)
Scheubi88: posts small blind $1
ChaseMeIfUC: posts big blind $3
*** HOLE CARDS ***
Scheubi88: raises $3 to $6
ChaseMeIfUC: calls $3
*** FLOP *** [8c 8h Ad]
ChaseMeIfUC: checks
Scheubi88: bets $3
ChaseMeIfUC: folds
Uncalled bet ($3) returned to Scheubi88
Scheubi88 collected $11.76 from pot
Scheubi88: doesn't show hand
*** SUMMARY ***
Total pot $12 | Rake $0.24
Board [8c 8h Ad]
Seat 5: Scheubi88 (button) (small blind) collected ($11.76)
Seat 6: ChaseMeIfUC (big blind) folded on the Flop


