PokerStars Hand #171186585697:  Hold'em Limit ($3/$6 USD) - 2017/06/01 0:16:06 ET
Table 'Lioba' 6-max Seat #2 is the button
Seat 2: Kjelly89 ($138.91 in chips)
Seat 3: VolkovDmitri ($120 in chips)
Kjelly89: posts small blind $1
VolkovDmitri: posts big blind $3
*** HOLE CARDS ***
Jay_Smith_07 joins the table at seat #5
Kjelly89: raises $3 to $6
VolkovDmitri: folds
Uncalled bet ($3) returned to Kjelly89
Kjelly89 collected $6 from pot
Kjelly89: doesn't show hand
*** SUMMARY ***
Total pot $6 | Rake $0
Seat 2: Kjelly89 (button) (small blind) collected ($6)
Seat 3: VolkovDmitri (big blind) folded before Flop


PokerStars Hand #171186572626:  Hold'em Limit ($3/$6 USD) - 2017/06/01 0:15:18 ET
Table 'Lioba' 6-max Seat #3 is the button
Seat 2: Kjelly89 ($103.41 in chips)
Seat 3: VolkovDmitri ($121 in chips)
VolkovDmitri: posts small blind $1
B_loJkl: is sitting out
Kjelly89: posts big blind $3
*** HOLE CARDS ***
VolkovDmitri: raises $3 to $6
Kjelly89: calls $3
*** FLOP *** [3h 5s 4d]
Kjelly89: checks
VolkovDmitri: bets $3
Kjelly89: raises $3 to $6
VolkovDmitri: calls $3
*** TURN *** [3h 5s 4d] [4h]
Kjelly89: bets $6
VolkovDmitri: raises $6 to $12
Kjelly89: raises $6 to $18
VolkovDmitri: calls $6
*** RIVER *** [3h 5s 4d 4h] [9h]
Kjelly89: bets $6
VolkovDmitri: calls $6
*** SHOW DOWN ***
Kjelly89: shows [7s 6h] (a straight, Three to Seven)
VolkovDmitri: mucks hand
Kjelly89 collected $71.50 from pot
*** SUMMARY ***
Total pot $72 | Rake $0.50
Board [3h 5s 4d 4h 9h]
Seat 2: Kjelly89 (big blind) showed [7s 6h] and won ($71.50) with a straight, Three to Seven
Seat 3: VolkovDmitri (button) (small blind) mucked


