PokerStars Hand #161798744859:  Hold'em Limit ($3/$6 USD) - 2016/11/22 13:26:15 ET
Table 'Lioba II' 6-max Seat #1 is the button
Seat 1: LifeisagameX ($84 in chips)
Seat 3: liamOS ($120 in chips)
LifeisagameX: posts small blind $1
liamOS: posts big blind $3
*** HOLE CARDS ***
LifeisagameX: raises $3 to $6
liamOS: calls $3
*** FLOP *** [Qc 3h As]
liamOS: checks
LifeisagameX said, "on perd tout les deux"
LifeisagameX: bets $3
B_loJkl joins the table at seat #4
liamOS: calls $3
*** TURN *** [Qc 3h As] [2d]
liamOS: checks
LifeisagameX: bets $6
liamOS: calls $6
*** RIVER *** [Qc 3h As 2d] [Ks]
liamOS: checks
LifeisagameX: bets $6
liamOS: calls $6
*** SHOW DOWN ***
LifeisagameX: shows [Qd 9c] (a pair of Queens)
liamOS: mucks hand
LifeisagameX collected $41.50 from pot
*** SUMMARY ***
Total pot $42 | Rake $0.50
Board [Qc 3h As 2d Ks]
Seat 1: LifeisagameX (button) (small blind) showed [Qd 9c] and won ($41.50) with a pair of Queens
Seat 3: liamOS (big blind) mucked


PokerStars Hand #161802317021:  Hold'em Limit ($3/$6 USD) - 2016/11/22 14:34:17 ET
Table 'Lioba II' 6-max Seat #4 is the button
Seat 1: wobetting ($41.64 in chips)
Seat 4: vovojc ($323.21 in chips)
vovojc: posts small blind $1
vestimokrec: is sitting out
wobetting: posts big blind $3
*** HOLE CARDS ***
vovojc: raises $3 to $6
wobetting: calls $3
*** FLOP *** [Ts 9d 5c]
wobetting: checks
vovojc: checks
*** TURN *** [Ts 9d 5c] [Qs]
wobetting: bets $6
vovojc: folds
Uncalled bet ($6) returned to wobetting
wobetting collected $11.76 from pot
wobetting: doesn't show hand
*** SUMMARY ***
Total pot $12 | Rake $0.24
Board [Ts 9d 5c Qs]
Seat 1: wobetting (big blind) collected ($11.76)
Seat 4: vovojc (button) (small blind) folded on the Turn


PokerStars Hand #161802286392:  Hold'em Limit ($3/$6 USD) - 2016/11/22 14:33:43 ET
Table 'Lioba II' 6-max Seat #5 is the button
Seat 1: wobetting ($50.64 in chips)
Seat 5: vestimokrec ($190.66 in chips)
vovojc will be allowed to play after the button
vestimokrec: posts small blind $1
xxRGx leaves the table
sim5sim5: is sitting out
wobetting: posts big blind $3
*** HOLE CARDS ***
vestimokrec: raises $3 to $6
wobetting: folds
Uncalled bet ($3) returned to vestimokrec
vestimokrec collected $6 from pot
vestimokrec: doesn't show hand
*** SUMMARY ***
Total pot $6 | Rake $0
Seat 1: wobetting (big blind) folded before Flop
Seat 5: vestimokrec (button) (small blind) collected ($6)


