PokerStars Hand #163481953856:  Hold'em Limit ($3/$6 USD) - 2016/12/25 3:35:18 ET
Table 'Lipperta' 6-max Seat #2 is the button
Seat 2: sim5sim5 ($72 in chips)
Seat 3: gioba20 ($246.88 in chips)
sim5sim5: posts small blind $1
gioba20: posts big blind $3
*** HOLE CARDS ***
sim5sim5: folds
Uncalled bet ($2) returned to gioba20
gioba20 collected $2 from pot
gioba20: doesn't show hand
*** SUMMARY ***
Total pot $2 | Rake $0
Seat 2: sim5sim5 (button) (small blind) folded before Flop
Seat 3: gioba20 (big blind) collected ($2)


PokerStars Hand #163481948045:  Hold'em Limit ($3/$6 USD) - 2016/12/25 3:35:01 ET
Table 'Lipperta' 6-max Seat #3 is the button
Seat 2: sim5sim5 ($72 in chips)
Seat 3: gioba20 ($244 in chips)
gioba20: posts small blind $1
sim5sim5: posts big blind $3
*** HOLE CARDS ***
gioba20: calls $2
sim5sim5: checks
*** FLOP *** [Ks Ac 3d]
sim5sim5: checks
gioba20: checks
*** TURN *** [Ks Ac 3d] [Td]
sim5sim5: checks
gioba20: bets $6
sim5sim5: folds
Uncalled bet ($6) returned to gioba20
gioba20 collected $5.88 from pot
gioba20: doesn't show hand
*** SUMMARY ***
Total pot $6 | Rake $0.12
Board [Ks Ac 3d Td]
Seat 2: sim5sim5 (big blind) folded on the Turn
Seat 3: gioba20 (button) (small blind) collected ($5.88)


PokerStars Hand #163481941364:  Hold'em Limit ($3/$6 USD) - 2016/12/25 3:34:40 ET
Table 'Lipperta' 6-max Seat #2 is the button
Seat 2: sim5sim5 ($73 in chips)
Seat 3: gioba20 ($229.50 in chips)
sim5sim5: posts small blind $1
gioba20: posts big blind $3
*** HOLE CARDS ***
sim5sim5: raises $3 to $6
gioba20: calls $3
*** FLOP *** [2d Kd Kh]
gioba20: checks
sim5sim5: bets $3
gioba20: calls $3
*** TURN *** [2d Kd Kh] [5s]
gioba20: checks
sim5sim5: bets $6
gioba20: calls $6
*** RIVER *** [2d Kd Kh 5s] [Jc]
gioba20: checks
sim5sim5: checks
*** SHOW DOWN ***
gioba20: shows [4h Ah] (a pair of Kings)
sim5sim5: mucks hand
gioba20 collected $29.50 from pot
*** SUMMARY ***
Total pot $30 | Rake $0.50
Board [2d Kd Kh 5s Jc]
Seat 2: sim5sim5 (button) (small blind) mucked
Seat 3: gioba20 (big blind) showed [4h Ah] and won ($29.50) with a pair of Kings


PokerStars Hand #163481939258:  Hold'em Limit ($3/$6 USD) - 2016/12/25 3:34:33 ET
Table 'Lipperta' 6-max Seat #3 is the button
Seat 2: sim5sim5 ($72 in chips)
Seat 3: gioba20 ($230.50 in chips)
gioba20: posts small blind $1
sim5sim5: posts big blind $3
*** HOLE CARDS ***
gioba20: folds
Uncalled bet ($2) returned to sim5sim5
sim5sim5 collected $2 from pot
sim5sim5: doesn't show hand
*** SUMMARY ***
Total pot $2 | Rake $0
Seat 2: sim5sim5 (big blind) collected ($2)
Seat 3: gioba20 (button) (small blind) folded before Flop


PokerStars Hand #163481955451:  Hold'em Limit ($3/$6 USD) - 2016/12/25 3:35:23 ET
Table 'Lipperta' 6-max Seat #3 is the button
Seat 2: sim5sim5 ($72 in chips)
Seat 3: gioba20 ($247.88 in chips)
gioba20: posts small blind $1
sim5sim5: posts big blind $3
*** HOLE CARDS ***
gioba20: raises $3 to $6
sim5sim5: calls $3
*** FLOP *** [5h Kc As]
sim5sim5: checks
gioba20: bets $3
sim5sim5: calls $3
*** TURN *** [5h Kc As] [5c]
sim5sim5: checks
gioba20: bets $6
sim5sim5: raises $6 to $12
gioba20: calls $6
*** RIVER *** [5h Kc As 5c] [Jc]
sim5sim5: bets $6
gioba20: calls $6
*** SHOW DOWN ***
sim5sim5: shows [5d Jh] (a full house, Fives full of Jacks)
gioba20: mucks hand
sim5sim5 collected $53.50 from pot
*** SUMMARY ***
Total pot $54 | Rake $0.50
Board [5h Kc As 5c Jc]
Seat 2: sim5sim5 (big blind) showed [5d Jh] and won ($53.50) with a full house, Fives full of Jacks
Seat 3: gioba20 (button) (small blind) mucked


PokerStars Hand #163481965097:  Hold'em Limit ($3/$6 USD) - 2016/12/25 3:35:53 ET
Table 'Lipperta' 6-max Seat #3 is the button
Seat 2: sim5sim5 ($97.50 in chips)
Seat 3: gioba20 ($221.88 in chips)
gioba20: posts small blind $1
sim5sim5: posts big blind $3
*** HOLE CARDS ***
gioba20: calls $2
sim5sim5: checks
*** FLOP *** [6s 5c Js]
sim5sim5: checks
gioba20: checks
*** TURN *** [6s 5c Js] [Qd]
sim5sim5: bets $6
gioba20: folds
Uncalled bet ($6) returned to sim5sim5
sim5sim5 collected $5.88 from pot
sim5sim5: doesn't show hand
*** SUMMARY ***
Total pot $6 | Rake $0.12
Board [6s 5c Js Qd]
Seat 2: sim5sim5 (big blind) collected ($5.88)
Seat 3: gioba20 (button) (small blind) folded on the Turn


PokerStars Hand #163481963148:  Hold'em Limit ($3/$6 USD) - 2016/12/25 3:35:47 ET
Table 'Lipperta' 6-max Seat #2 is the button
Seat 2: sim5sim5 ($98.50 in chips)
Seat 3: gioba20 ($220.88 in chips)
sim5sim5: posts small blind $1
gioba20: posts big blind $3
*** HOLE CARDS ***
sim5sim5: folds
Uncalled bet ($2) returned to gioba20
gioba20 collected $2 from pot
gioba20: doesn't show hand
*** SUMMARY ***
Total pot $2 | Rake $0
Seat 2: sim5sim5 (button) (small blind) folded before Flop
Seat 3: gioba20 (big blind) collected ($2)


PokerStars Hand #163481976490:  Hold'em Limit ($3/$6 USD) - 2016/12/25 3:36:28 ET
Table 'Lipperta' 6-max Seat #3 is the button
Seat 2: sim5sim5 ($100.20 in chips)
Seat 3: gioba20 ($218.70 in chips)
gioba20: posts small blind $1
sim5sim5: posts big blind $3
*** HOLE CARDS ***
gioba20: folds
Uncalled bet ($2) returned to sim5sim5
sim5sim5 collected $2 from pot
sim5sim5: doesn't show hand
*** SUMMARY ***
Total pot $2 | Rake $0
Seat 2: sim5sim5 (big blind) collected ($2)
Seat 3: gioba20 (button) (small blind) folded before Flop


PokerStars Hand #163481971069:  Hold'em Limit ($3/$6 USD) - 2016/12/25 3:36:11 ET
Table 'Lipperta' 6-max Seat #2 is the button
Seat 2: sim5sim5 ($100.38 in chips)
Seat 3: gioba20 ($218.88 in chips)
sim5sim5: posts small blind $1
gioba20: posts big blind $3
*** HOLE CARDS ***
sim5sim5: raises $3 to $6
gioba20: calls $3
*** FLOP *** [5d Ah Jh]
gioba20: checks
sim5sim5: bets $3
gioba20: calls $3
*** TURN *** [5d Ah Jh] [5c]
gioba20: checks
sim5sim5: checks
*** RIVER *** [5d Ah Jh 5c] [Jd]
gioba20: checks
sim5sim5: checks
*** SHOW DOWN ***
gioba20: shows [7s Th] (two pair, Jacks and Fives)
sim5sim5: shows [Kh 9h] (two pair, Jacks and Fives)
gioba20 collected $8.82 from pot
sim5sim5 collected $8.82 from pot
*** SUMMARY ***
Total pot $18 | Rake $0.36
Board [5d Ah Jh 5c Jd]
Seat 2: sim5sim5 (button) (small blind) showed [Kh 9h] and won ($8.82) with two pair, Jacks and Fives
Seat 3: gioba20 (big blind) showed [7s Th] and won ($8.82) with two pair, Jacks and Fives


PokerStars Hand #163481978321:  Hold'em Limit ($3/$6 USD) - 2016/12/25 3:36:34 ET
Table 'Lipperta' 6-max Seat #2 is the button
Seat 2: sim5sim5 ($101.20 in chips)
Seat 3: gioba20 ($217.70 in chips)
sim5sim5: posts small blind $1
gioba20: posts big blind $3
*** HOLE CARDS ***
sim5sim5: raises $3 to $6
gioba20: calls $3
*** FLOP *** [Ad 4h 6c]
gioba20: bets $3
Krazy90 joins the table at seat #4
sim5sim5: folds
Uncalled bet ($3) returned to gioba20
gioba20 collected $11.76 from pot
gioba20: doesn't show hand
*** SUMMARY ***
Total pot $12 | Rake $0.24
Board [Ad 4h 6c]
Seat 2: sim5sim5 (button) (small blind) folded on the Flop
Seat 3: gioba20 (big blind) collected ($11.76)


PokerStars Hand #163482002389:  Hold'em Limit ($3/$6 USD) - 2016/12/25 3:37:48 ET
Table 'Lipperta' 6-max Seat #4 is the button
Seat 3: gioba20 ($184.46 in chips)
Seat 4: Krazy90 ($157.42 in chips)
Krazy90: posts small blind $1
gioba20: posts big blind $3
*** HOLE CARDS ***
Krazy90: raises $3 to $6
gioba20: raises $3 to $9
Krazy90: calls $3
*** FLOP *** [3h 9c 9d]
gioba20: bets $3
AA_ILI joins the table at seat #2
Krazy90: calls $3
*** TURN *** [3h 9c 9d] [6d]
gioba20: checks
Krazy90: bets $6
gioba20: calls $6
*** RIVER *** [3h 9c 9d 6d] [5c]
gioba20: checks
Krazy90: bets $6
gioba20: folds
Uncalled bet ($6) returned to Krazy90
Krazy90 collected $35.50 from pot
Krazy90: doesn't show hand
*** SUMMARY ***
Total pot $36 | Rake $0.50
Board [3h 9c 9d 6d 5c]
Seat 3: gioba20 (big blind) folded on the River
Seat 4: Krazy90 (button) (small blind) collected ($35.50)


PokerStars Hand #163482000373:  Hold'em Limit ($3/$6 USD) - 2016/12/25 3:37:41 ET
Table 'Lipperta' 6-max Seat #3 is the button
Seat 3: gioba20 ($181.46 in chips)
Seat 4: Krazy90 ($160.42 in chips)
gioba20: posts small blind $1
Krazy90: posts big blind $3
*** HOLE CARDS ***
gioba20: raises $3 to $6
Krazy90: folds
Uncalled bet ($3) returned to gioba20
gioba20 collected $6 from pot
gioba20: doesn't show hand
*** SUMMARY ***
Total pot $6 | Rake $0
Seat 3: gioba20 (button) (small blind) collected ($6)
Seat 4: Krazy90 (big blind) folded before Flop


PokerStars Hand #163481992963:  Hold'em Limit ($3/$6 USD) - 2016/12/25 3:37:18 ET
Table 'Lipperta' 6-max Seat #4 is the button
Seat 3: gioba20 ($205.46 in chips)
Seat 4: Krazy90 ($136.92 in chips)
Krazy90: posts small blind $1
sim5sim5: is sitting out
gioba20: posts big blind $3
*** HOLE CARDS ***
Krazy90: raises $3 to $6
gioba20: raises $3 to $9
Krazy90: calls $3
*** FLOP *** [9d 4h 3d]
gioba20: bets $3
Krazy90: raises $3 to $6
gioba20: raises $3 to $9
Krazy90: calls $3
*** TURN *** [9d 4h 3d] [3h]
gioba20: bets $6
Krazy90: calls $6
*** RIVER *** [9d 4h 3d 3h] [Tc]
sim5sim5 leaves the table
gioba20: checks
Krazy90: bets $6
gioba20: folds
Uncalled bet ($6) returned to Krazy90
Krazy90 collected $47.50 from pot
Krazy90: doesn't show hand
*** SUMMARY ***
Total pot $48 | Rake $0.50
Board [9d 4h 3d 3h Tc]
Seat 3: gioba20 (big blind) folded on the River
Seat 4: Krazy90 (button) (small blind) collected ($47.50)


PokerStars Hand #163482007482:  Hold'em Limit ($3/$6 USD) - 2016/12/25 3:38:04 ET
Table 'Lipperta' 6-max Seat #3 is the button
Seat 3: gioba20 ($166.46 in chips)
Seat 4: Krazy90 ($174.92 in chips)
gioba20: posts small blind $1
Krazy90: posts big blind $3
*** HOLE CARDS ***
gioba20: raises $3 to $6
Krazy90: calls $3
*** FLOP *** [4d 6d 9d]
Krazy90: checks
gioba20: checks
*** TURN *** [4d 6d 9d] [Jc]
Krazy90: bets $6
gioba20: folds
Uncalled bet ($6) returned to Krazy90
Krazy90 collected $11.76 from pot
Krazy90: doesn't show hand
*** SUMMARY ***
Total pot $12 | Rake $0.24
Board [4d 6d 9d Jc]
Seat 3: gioba20 (button) (small blind) folded on the Turn
Seat 4: Krazy90 (big blind) collected ($11.76)


PokerStars Hand #163482089163:  Hold'em Limit ($3/$6 USD) - 2016/12/25 3:42:11 ET
Table 'Lipperta' 6-max Seat #3 is the button
Seat 2: AA_ILI ($224.27 in chips)
Seat 3: gioba20 ($93.08 in chips)
gioba20: posts small blind $1
AA_ILI: posts big blind $3
*** HOLE CARDS ***
gioba20: calls $2
AA_ILI: checks
*** FLOP *** [6h Tc Qs]
AA_ILI: checks
gioba20: checks
*** TURN *** [6h Tc Qs] [Qc]
AA_ILI: bets $6
gioba20: folds
Uncalled bet ($6) returned to AA_ILI
AA_ILI collected $5.88 from pot
AA_ILI: doesn't show hand
*** SUMMARY ***
Total pot $6 | Rake $0.12
Board [6h Tc Qs Qc]
Seat 2: AA_ILI (big blind) collected ($5.88)
Seat 3: gioba20 (button) (small blind) folded on the Turn


PokerStars Hand #163482092790:  Hold'em Limit ($3/$6 USD) - 2016/12/25 3:42:22 ET
Table 'Lipperta' 6-max Seat #2 is the button
Seat 2: AA_ILI ($227.15 in chips)
Seat 3: gioba20 ($90.08 in chips)
AA_ILI: posts small blind $1
gioba20: posts big blind $3
*** HOLE CARDS ***
AA_ILI: calls $2
gioba20: raises $3 to $6
AA_ILI: calls $3
*** FLOP *** [2h 6c 9d]
gioba20: checks
AA_ILI: checks
*** TURN *** [2h 6c 9d] [9h]
gioba20: checks
AA_ILI: checks
*** RIVER *** [2h 6c 9d 9h] [Qc]
gioba20: bets $6
AA_ILI: folds
Uncalled bet ($6) returned to gioba20
gioba20 collected $11.76 from pot
gioba20: doesn't show hand
*** SUMMARY ***
Total pot $12 | Rake $0.24
Board [2h 6c 9d 9h Qc]
Seat 2: AA_ILI (button) (small blind) folded on the River
Seat 3: gioba20 (big blind) collected ($11.76)


PokerStars Hand #163482108147:  Hold'em Limit ($3/$6 USD) - 2016/12/25 3:43:08 ET
Table 'Lipperta' 6-max Seat #3 is the button
Seat 2: AA_ILI ($226.65 in chips)
Seat 3: gioba20 ($89.34 in chips)
gioba20: posts small blind $1
AA_ILI: posts big blind $3
*** HOLE CARDS ***
gioba20: calls $2
AA_ILI: checks
*** FLOP *** [6d 7s Tc]
AA_ILI: checks
gioba20: bets $3
AA_ILI: calls $3
*** TURN *** [6d 7s Tc] [Ad]
AA_ILI: checks
gioba20: checks
*** RIVER *** [6d 7s Tc Ad] [2s]
AA_ILI: checks
gioba20: bets $6
AA_ILI: folds
Uncalled bet ($6) returned to gioba20
gioba20 collected $11.76 from pot
gioba20: doesn't show hand
*** SUMMARY ***
Total pot $12 | Rake $0.24
Board [6d 7s Tc Ad 2s]
Seat 2: AA_ILI (big blind) folded on the River
Seat 3: gioba20 (button) (small blind) collected ($11.76)


PokerStars Hand #163482103189:  Hold'em Limit ($3/$6 USD) - 2016/12/25 3:42:53 ET
Table 'Lipperta' 6-max Seat #2 is the button
Seat 2: AA_ILI ($206.15 in chips)
Seat 3: gioba20 ($110.34 in chips)
AA_ILI: posts small blind $1
gioba20: posts big blind $3
*** HOLE CARDS ***
AA_ILI: calls $2
gioba20: raises $3 to $6
AA_ILI: calls $3
*** FLOP *** [6s 5c 9d]
gioba20: checks
AA_ILI: bets $3
gioba20: calls $3
*** TURN *** [6s 5c 9d] [Kh]
gioba20: checks
AA_ILI: bets $6
gioba20: calls $6
*** RIVER *** [6s 5c 9d Kh] [7h]
gioba20: checks
AA_ILI: bets $6
gioba20: calls $6
*** SHOW DOWN ***
AA_ILI: shows [6h 9c] (two pair, Nines and Sixes)
gioba20: mucks hand
AA_ILI collected $41.50 from pot
*** SUMMARY ***
Total pot $42 | Rake $0.50
Board [6s 5c 9d Kh 7h]
Seat 2: AA_ILI (button) (small blind) showed [6h 9c] and won ($41.50) with two pair, Nines and Sixes
Seat 3: gioba20 (big blind) mucked


PokerStars Hand #163482097896:  Hold'em Limit ($3/$6 USD) - 2016/12/25 3:42:37 ET
Table 'Lipperta' 6-max Seat #3 is the button
Seat 2: AA_ILI ($221.15 in chips)
Seat 3: gioba20 ($95.84 in chips)
gioba20: posts small blind $1
AA_ILI: posts big blind $3
*** HOLE CARDS ***
gioba20: raises $3 to $6
AA_ILI: calls $3
*** FLOP *** [8s 9c Qd]
AA_ILI: bets $3
gioba20: calls $3
*** TURN *** [8s 9c Qd] [7h]
AA_ILI: bets $6
gioba20: calls $6
*** RIVER *** [8s 9c Qd 7h] [4c]
AA_ILI: checks
gioba20: bets $6
AA_ILI: folds
Uncalled bet ($6) returned to gioba20
gioba20 collected $29.50 from pot
gioba20: doesn't show hand
*** SUMMARY ***
Total pot $30 | Rake $0.50
Board [8s 9c Qd 7h 4c]
Seat 2: AA_ILI (big blind) folded on the River
Seat 3: gioba20 (button) (small blind) collected ($29.50)


PokerStars Hand #163482132431:  Hold'em Limit ($3/$6 USD) - 2016/12/25 3:44:21 ET
Table 'Lipperta' 6-max Seat #2 is the button
Seat 2: AA_ILI ($215.29 in chips)
Seat 3: gioba20 ($99.62 in chips)
AA_ILI: posts small blind $1
gioba20: posts big blind $3
*** HOLE CARDS ***
AA_ILI: folds
Uncalled bet ($2) returned to gioba20
gioba20 collected $2 from pot
gioba20: doesn't show hand
*** SUMMARY ***
Total pot $2 | Rake $0
Seat 2: AA_ILI (button) (small blind) folded before Flop
Seat 3: gioba20 (big blind) collected ($2)


PokerStars Hand #163482127370:  Hold'em Limit ($3/$6 USD) - 2016/12/25 3:44:06 ET
Table 'Lipperta' 6-max Seat #2 is the button
Seat 2: AA_ILI ($222.29 in chips)
Seat 3: gioba20 ($92.86 in chips)
AA_ILI: posts small blind $1
gioba20: posts big blind $3
*** HOLE CARDS ***
AA_ILI: folds
Uncalled bet ($2) returned to gioba20
gioba20 collected $2 from pot
gioba20: doesn't show hand
*** SUMMARY ***
Total pot $2 | Rake $0
Seat 2: AA_ILI (button) (small blind) folded before Flop
Seat 3: gioba20 (big blind) collected ($2)


PokerStars Hand #163482115006:  Hold'em Limit ($3/$6 USD) - 2016/12/25 3:43:29 ET
Table 'Lipperta' 6-max Seat #3 is the button
Seat 2: AA_ILI ($219.65 in chips)
Seat 3: gioba20 ($96.10 in chips)
gioba20: posts small blind $1
AA_ILI: posts big blind $3
*** HOLE CARDS ***
gioba20: raises $3 to $6
AA_ILI: calls $3
*** FLOP *** [5d Ks 6s]
AA_ILI: checks
gioba20: checks
*** TURN *** [5d Ks 6s] [5c]
AA_ILI: bets $6
gioba20: folds
Uncalled bet ($6) returned to AA_ILI
AA_ILI collected $11.76 from pot
AA_ILI: doesn't show hand
*** SUMMARY ***
Total pot $12 | Rake $0.24
Board [5d Ks 6s 5c]
Seat 2: AA_ILI (big blind) collected ($11.76)
Seat 3: gioba20 (button) (small blind) folded on the Turn


PokerStars Hand #163482113536:  Hold'em Limit ($3/$6 USD) - 2016/12/25 3:43:24 ET
Table 'Lipperta' 6-max Seat #2 is the button
Seat 2: AA_ILI ($220.65 in chips)
Seat 3: gioba20 ($95.10 in chips)
AA_ILI: posts small blind $1
gioba20: posts big blind $3
*** HOLE CARDS ***
AA_ILI: folds
Uncalled bet ($2) returned to gioba20
gioba20 collected $2 from pot
gioba20: doesn't show hand
*** SUMMARY ***
Total pot $2 | Rake $0
Seat 2: AA_ILI (button) (small blind) folded before Flop
Seat 3: gioba20 (big blind) collected ($2)


PokerStars Hand #163482123071:  Hold'em Limit ($3/$6 USD) - 2016/12/25 3:43:53 ET
Table 'Lipperta' 6-max Seat #3 is the button
Seat 2: AA_ILI ($219.41 in chips)
Seat 3: gioba20 ($95.86 in chips)
gioba20: posts small blind $1
AA_ILI: posts big blind $3
*** HOLE CARDS ***
gioba20: calls $2
AA_ILI: checks
*** FLOP *** [9c 2h Qc]
AA_ILI: checks
gioba20: checks
*** TURN *** [9c 2h Qc] [Qd]
AA_ILI: checks
gioba20: checks
*** RIVER *** [9c 2h Qc Qd] [3s]
AA_ILI: checks
gioba20: checks
*** SHOW DOWN ***
AA_ILI: shows [5s 3c] (two pair, Queens and Threes)
gioba20: mucks hand
AA_ILI collected $5.88 from pot
*** SUMMARY ***
Total pot $6 | Rake $0.12
Board [9c 2h Qc Qd 3s]
Seat 2: AA_ILI (big blind) showed [5s 3c] and won ($5.88) with two pair, Queens and Threes
Seat 3: gioba20 (button) (small blind) mucked


PokerStars Hand #163482118614:  Hold'em Limit ($3/$6 USD) - 2016/12/25 3:43:40 ET
Table 'Lipperta' 6-max Seat #2 is the button
Seat 2: AA_ILI ($225.41 in chips)
Seat 3: gioba20 ($90.10 in chips)
AA_ILI: posts small blind $1
gioba20: posts big blind $3
*** HOLE CARDS ***
AA_ILI: calls $2
gioba20: checks
*** FLOP *** [9s 8c Kd]
gioba20: checks
AA_ILI: bets $3
gioba20: calls $3
*** TURN *** [9s 8c Kd] [Qc]
gioba20: checks
AA_ILI: checks
*** RIVER *** [9s 8c Kd Qc] [Js]
gioba20: bets $6
AA_ILI: folds
Uncalled bet ($6) returned to gioba20
gioba20 collected $11.76 from pot
gioba20: doesn't show hand
*** SUMMARY ***
Total pot $12 | Rake $0.24
Board [9s 8c Kd Qc Js]
Seat 2: AA_ILI (button) (small blind) folded on the River
Seat 3: gioba20 (big blind) collected ($11.76)


PokerStars Hand #163482144661:  Hold'em Limit ($3/$6 USD) - 2016/12/25 3:44:58 ET
Table 'Lipperta' 6-max Seat #2 is the button
Seat 2: AA_ILI ($225.79 in chips)
Seat 3: gioba20 ($88.38 in chips)
AA_ILI: posts small blind $1
gioba20: posts big blind $3
*** HOLE CARDS ***
AA_ILI: calls $2
gioba20: raises $3 to $6
AA_ILI: calls $3
*** FLOP *** [3c 2c Kd]
gioba20: bets $3
AA_ILI: folds
Uncalled bet ($3) returned to gioba20
gioba20 collected $11.76 from pot
gioba20: doesn't show hand
*** SUMMARY ***
Total pot $12 | Rake $0.24
Board [3c 2c Kd]
Seat 2: AA_ILI (button) (small blind) folded on the Flop
Seat 3: gioba20 (big blind) collected ($11.76)


PokerStars Hand #163482147861:  Hold'em Limit ($3/$6 USD) - 2016/12/25 3:45:07 ET
Table 'Lipperta' 6-max Seat #3 is the button
Seat 2: AA_ILI ($219.79 in chips)
Seat 3: gioba20 ($94.14 in chips)
gioba20: posts small blind $1
AA_ILI: posts big blind $3
*** HOLE CARDS ***
gioba20: folds
Uncalled bet ($2) returned to AA_ILI
AA_ILI collected $2 from pot
AA_ILI: doesn't show hand
*** SUMMARY ***
Total pot $2 | Rake $0
Seat 2: AA_ILI (big blind) collected ($2)
Seat 3: gioba20 (button) (small blind) folded before Flop


PokerStars Hand #163482141858:  Hold'em Limit ($3/$6 USD) - 2016/12/25 3:44:50 ET
Table 'Lipperta' 6-max Seat #3 is the button
Seat 2: AA_ILI ($228.79 in chips)
Seat 3: gioba20 ($85.38 in chips)
gioba20: posts small blind $1
AA_ILI: posts big blind $3
*** HOLE CARDS ***
gioba20: raises $3 to $6
AA_ILI: folds
Uncalled bet ($3) returned to gioba20
gioba20 collected $6 from pot
gioba20: doesn't show hand
*** SUMMARY ***
Total pot $6 | Rake $0
Seat 2: AA_ILI (big blind) folded before Flop
Seat 3: gioba20 (button) (small blind) collected ($6)


PokerStars Hand #163482136927:  Hold'em Limit ($3/$6 USD) - 2016/12/25 3:44:35 ET
Table 'Lipperta' 6-max Seat #2 is the button
Seat 2: AA_ILI ($208.29 in chips)
Seat 3: gioba20 ($106.38 in chips)
AA_ILI: posts small blind $1
gioba20: posts big blind $3
*** HOLE CARDS ***
AA_ILI: raises $3 to $6
gioba20: calls $3
*** FLOP *** [Jd 6h 5h]
gioba20: checks
AA_ILI: bets $3
gioba20: calls $3
*** TURN *** [Jd 6h 5h] [6c]
gioba20: checks
AA_ILI: bets $6
gioba20: calls $6
*** RIVER *** [Jd 6h 5h 6c] [7h]
gioba20: checks
AA_ILI: bets $6
gioba20: calls $6
*** SHOW DOWN ***
AA_ILI: shows [6s 3d] (three of a kind, Sixes)
gioba20: mucks hand
AA_ILI collected $41.50 from pot
*** SUMMARY ***
Total pot $42 | Rake $0.50
Board [Jd 6h 5h 6c 7h]
Seat 2: AA_ILI (button) (small blind) showed [6s 3d] and won ($41.50) with three of a kind, Sixes
Seat 3: gioba20 (big blind) mucked


PokerStars Hand #163482133916:  Hold'em Limit ($3/$6 USD) - 2016/12/25 3:44:25 ET
Table 'Lipperta' 6-max Seat #3 is the button
Seat 2: AA_ILI ($214.29 in chips)
Seat 3: gioba20 ($100.62 in chips)
gioba20: posts small blind $1
AA_ILI: posts big blind $3
*** HOLE CARDS ***
gioba20: raises $3 to $6
AA_ILI: calls $3
*** FLOP *** [Tc 9s 3h]
AA_ILI: checks
gioba20: bets $3
AA_ILI: folds
Uncalled bet ($3) returned to gioba20
gioba20 collected $11.76 from pot
gioba20: doesn't show hand
*** SUMMARY ***
Total pot $12 | Rake $0.24
Board [Tc 9s 3h]
Seat 2: AA_ILI (big blind) folded on the Flop
Seat 3: gioba20 (button) (small blind) collected ($11.76)


PokerStars Hand #163482160188:  Hold'em Limit ($3/$6 USD) - 2016/12/25 3:45:44 ET
Table 'Lipperta' 6-max Seat #3 is the button
Seat 2: AA_ILI ($245.05 in chips)
Seat 3: gioba20 ($68.14 in chips)
gioba20: posts small blind $1
AA_ILI: posts big blind $3
*** HOLE CARDS ***
gioba20: folds
Uncalled bet ($2) returned to AA_ILI
AA_ILI collected $2 from pot
AA_ILI: doesn't show hand
*** SUMMARY ***
Total pot $2 | Rake $0
Seat 2: AA_ILI (big blind) collected ($2)
Seat 3: gioba20 (button) (small blind) folded before Flop


PokerStars Hand #163482165785:  Hold'em Limit ($3/$6 USD) - 2016/12/25 3:46:01 ET
Table 'Lipperta' 6-max Seat #3 is the button
Seat 2: AA_ILI ($254.69 in chips)
Seat 3: gioba20 ($58.14 in chips)
gioba20: posts small blind $1
AA_ILI: posts big blind $3
*** HOLE CARDS ***
gioba20: raises $3 to $6
AA_ILI: calls $3
*** FLOP *** [6d 7d Qd]
AA_ILI: checks
gioba20: checks
*** TURN *** [6d 7d Qd] [8c]
AA_ILI: checks
gioba20: checks
*** RIVER *** [6d 7d Qd 8c] [Qs]
AA_ILI: checks
gioba20: checks
*** SHOW DOWN ***
AA_ILI: shows [Js 3s] (a pair of Queens)
gioba20: shows [As 3d] (a pair of Queens - Ace kicker)
gioba20 collected $11.76 from pot
*** SUMMARY ***
Total pot $12 | Rake $0.24
Board [6d 7d Qd 8c Qs]
Seat 2: AA_ILI (big blind) showed [Js 3s] and lost with a pair of Queens
Seat 3: gioba20 (button) (small blind) showed [As 3d] and won ($11.76) with a pair of Queens


PokerStars Hand #163482161906:  Hold'em Limit ($3/$6 USD) - 2016/12/25 3:45:49 ET
Table 'Lipperta' 6-max Seat #2 is the button
Seat 2: AA_ILI ($246.05 in chips)
Seat 3: gioba20 ($67.14 in chips)
AA_ILI: posts small blind $1
gioba20: posts big blind $3
*** HOLE CARDS ***
AA_ILI: raises $3 to $6
gioba20: calls $3
*** FLOP *** [3d Ac Jc]
gioba20: checks
AA_ILI: bets $3
gioba20: calls $3
*** TURN *** [3d Ac Jc] [Th]
gioba20: checks
AA_ILI: bets $6
gioba20: folds
Uncalled bet ($6) returned to AA_ILI
AA_ILI collected $17.64 from pot
AA_ILI: doesn't show hand
*** SUMMARY ***
Total pot $18 | Rake $0.36
Board [3d Ac Jc Th]
Seat 2: AA_ILI (button) (small blind) collected ($17.64)
Seat 3: gioba20 (big blind) folded on the Turn


PokerStars Hand #163482170230:  Hold'em Limit ($3/$6 USD) - 2016/12/25 3:46:14 ET
Table 'Lipperta' 6-max Seat #2 is the button
Seat 2: AA_ILI ($248.69 in chips)
Seat 3: gioba20 ($63.90 in chips)
AA_ILI: posts small blind $1
gioba20: posts big blind $3
*** HOLE CARDS ***
AA_ILI: raises $3 to $6
gioba20: calls $3
*** FLOP *** [8h 4d 8s]
gioba20: checks
AA_ILI: bets $3
gioba20: folds
Uncalled bet ($3) returned to AA_ILI
AA_ILI collected $11.76 from pot
AA_ILI: doesn't show hand
*** SUMMARY ***
Total pot $12 | Rake $0.24
Board [8h 4d 8s]
Seat 2: AA_ILI (button) (small blind) collected ($11.76)
Seat 3: gioba20 (big blind) folded on the Flop


PokerStars Hand #163482155649:  Hold'em Limit ($3/$6 USD) - 2016/12/25 3:45:30 ET
Table 'Lipperta' 6-max Seat #3 is the button
Seat 2: AA_ILI ($238.29 in chips)
Seat 3: gioba20 ($75.14 in chips)
gioba20: posts small blind $1
AA_ILI: posts big blind $3
*** HOLE CARDS ***
gioba20: folds
Uncalled bet ($2) returned to AA_ILI
AA_ILI collected $2 from pot
AA_ILI: doesn't show hand
*** SUMMARY ***
Total pot $2 | Rake $0
Seat 2: AA_ILI (big blind) collected ($2)
Seat 3: gioba20 (button) (small blind) folded before Flop


PokerStars Hand #163482149471:  Hold'em Limit ($3/$6 USD) - 2016/12/25 3:45:12 ET
Table 'Lipperta' 6-max Seat #2 is the button
Seat 2: AA_ILI ($220.79 in chips)
Seat 3: gioba20 ($93.14 in chips)
AA_ILI: posts small blind $1
gioba20: posts big blind $3
*** HOLE CARDS ***
AA_ILI: calls $2
gioba20: raises $3 to $6
AA_ILI: calls $3
*** FLOP *** [4h Ks Jd]
gioba20: bets $3
AA_ILI: raises $3 to $6
gioba20: calls $3
*** TURN *** [4h Ks Jd] [5h]
gioba20: checks
AA_ILI: bets $6
gioba20: calls $6
*** RIVER *** [4h Ks Jd 5h] [Jc]
gioba20: checks
AA_ILI: bets $6
gioba20: folds
Uncalled bet ($6) returned to AA_ILI
AA_ILI collected $35.50 from pot
AA_ILI: doesn't show hand
*** SUMMARY ***
Total pot $36 | Rake $0.50
Board [4h Ks Jd 5h Jc]
Seat 2: AA_ILI (button) (small blind) collected ($35.50)
Seat 3: gioba20 (big blind) folded on the River


PokerStars Hand #163482157284:  Hold'em Limit ($3/$6 USD) - 2016/12/25 3:45:35 ET
Table 'Lipperta' 6-max Seat #2 is the button
Seat 2: AA_ILI ($239.29 in chips)
Seat 3: gioba20 ($74.14 in chips)
AA_ILI: posts small blind $1
gioba20: posts big blind $3
*** HOLE CARDS ***
AA_ILI: raises $3 to $6
gioba20: calls $3
*** FLOP *** [4d 9s Kc]
gioba20: checks
AA_ILI: bets $3
gioba20: folds
Uncalled bet ($3) returned to AA_ILI
AA_ILI collected $11.76 from pot
AA_ILI: doesn't show hand
*** SUMMARY ***
Total pot $12 | Rake $0.24
Board [4d 9s Kc]
Seat 2: AA_ILI (button) (small blind) collected ($11.76)
Seat 3: gioba20 (big blind) folded on the Flop


PokerStars Hand #163482191868:  Hold'em Limit ($3/$6 USD) - 2016/12/25 3:47:20 ET
Table 'Lipperta' 6-max Seat #2 is the button
Seat 2: AA_ILI ($269.95 in chips)
Seat 3: gioba20 ($41.54 in chips)
AA_ILI: posts small blind $1
gioba20: posts big blind $3
*** HOLE CARDS ***
AA_ILI: folds
Uncalled bet ($2) returned to gioba20
gioba20 collected $2 from pot
gioba20: doesn't show hand
*** SUMMARY ***
Total pot $2 | Rake $0
Seat 2: AA_ILI (button) (small blind) folded before Flop
Seat 3: gioba20 (big blind) collected ($2)


PokerStars Hand #163482190086:  Hold'em Limit ($3/$6 USD) - 2016/12/25 3:47:14 ET
Table 'Lipperta' 6-max Seat #3 is the button
Seat 2: AA_ILI ($268.95 in chips)
Seat 3: gioba20 ($42.54 in chips)
gioba20: posts small blind $1
AA_ILI: posts big blind $3
*** HOLE CARDS ***
gioba20: folds
Uncalled bet ($2) returned to AA_ILI
AA_ILI collected $2 from pot
AA_ILI: doesn't show hand
*** SUMMARY ***
Total pot $2 | Rake $0
Seat 2: AA_ILI (big blind) collected ($2)
Seat 3: gioba20 (button) (small blind) folded before Flop


PokerStars Hand #163482183307:  Hold'em Limit ($3/$6 USD) - 2016/12/25 3:46:54 ET
Table 'Lipperta' 6-max Seat #3 is the button
Seat 2: AA_ILI ($276.95 in chips)
Seat 3: gioba20 ($34.90 in chips)
gioba20: posts small blind $1
AA_ILI: posts big blind $3
*** HOLE CARDS ***
gioba20: folds
Uncalled bet ($2) returned to AA_ILI
AA_ILI collected $2 from pot
AA_ILI: doesn't show hand
*** SUMMARY ***
Total pot $2 | Rake $0
Seat 2: AA_ILI (big blind) collected ($2)
Seat 3: gioba20 (button) (small blind) folded before Flop


PokerStars Hand #163482181368:  Hold'em Limit ($3/$6 USD) - 2016/12/25 3:46:48 ET
Table 'Lipperta' 6-max Seat #2 is the button
Seat 2: AA_ILI ($273.95 in chips)
Seat 3: gioba20 ($37.90 in chips)
AA_ILI: posts small blind $1
gioba20: posts big blind $3
*** HOLE CARDS ***
AA_ILI: raises $3 to $6
gioba20: folds
Uncalled bet ($3) returned to AA_ILI
AA_ILI collected $6 from pot
AA_ILI: doesn't show hand
*** SUMMARY ***
Total pot $6 | Rake $0
Seat 2: AA_ILI (button) (small blind) collected ($6)
Seat 3: gioba20 (big blind) folded before Flop


PokerStars Hand #163482184976:  Hold'em Limit ($3/$6 USD) - 2016/12/25 3:46:59 ET
Table 'Lipperta' 6-max Seat #2 is the button
Seat 2: AA_ILI ($277.95 in chips)
Seat 3: gioba20 ($33.90 in chips)
AA_ILI: posts small blind $1
gioba20: posts big blind $3
*** HOLE CARDS ***
AA_ILI: raises $3 to $6
gioba20: calls $3
*** FLOP *** [2s 7d Kh]
gioba20: checks
AA_ILI: bets $3
gioba20: calls $3
*** TURN *** [2s 7d Kh] [Kd]
gioba20: checks
AA_ILI: checks
*** RIVER *** [2s 7d Kh Kd] [Ks]
gioba20: bets $6
AA_ILI: folds
Uncalled bet ($6) returned to gioba20
gioba20 collected $17.64 from pot
gioba20: doesn't show hand
*** SUMMARY ***
Total pot $18 | Rake $0.36
Board [2s 7d Kh Kd Ks]
Seat 2: AA_ILI (button) (small blind) folded on the River
Seat 3: gioba20 (big blind) collected ($17.64)


PokerStars Hand #163482176717:  Hold'em Limit ($3/$6 USD) - 2016/12/25 3:46:34 ET
Table 'Lipperta' 6-max Seat #3 is the button
Seat 2: AA_ILI ($250.45 in chips)
Seat 3: gioba20 ($61.90 in chips)
gioba20: posts small blind $1
AA_ILI: posts big blind $3
*** HOLE CARDS ***
gioba20: raises $3 to $6
AA_ILI: raises $3 to $9
gioba20: calls $3
*** FLOP *** [8s 8c 2h]
AA_ILI: bets $3
gioba20: calls $3
*** TURN *** [8s 8c 2h] [8d]
AA_ILI: bets $6
gioba20: calls $6
*** RIVER *** [8s 8c 2h 8d] [3h]
AA_ILI: bets $6
gioba20: calls $6
*** SHOW DOWN ***
AA_ILI: shows [Kd Kh] (a full house, Eights full of Kings)
gioba20: mucks hand
AA_ILI collected $47.50 from pot
*** SUMMARY ***
Total pot $48 | Rake $0.50
Board [8s 8c 2h 8d 3h]
Seat 2: AA_ILI (big blind) showed [Kd Kh] and won ($47.50) with a full house, Eights full of Kings
Seat 3: gioba20 (button) (small blind) mucked


PokerStars Hand #163482175187:  Hold'em Limit ($3/$6 USD) - 2016/12/25 3:46:29 ET
Table 'Lipperta' 6-max Seat #2 is the button
Seat 2: AA_ILI ($251.45 in chips)
Seat 3: gioba20 ($60.90 in chips)
AA_ILI: posts small blind $1
gioba20: posts big blind $3
*** HOLE CARDS ***
AA_ILI: folds
Uncalled bet ($2) returned to gioba20
gioba20 collected $2 from pot
gioba20: doesn't show hand
*** SUMMARY ***
Total pot $2 | Rake $0
Seat 2: AA_ILI (button) (small blind) folded before Flop
Seat 3: gioba20 (big blind) collected ($2)


PokerStars Hand #163482173390:  Hold'em Limit ($3/$6 USD) - 2016/12/25 3:46:24 ET
Table 'Lipperta' 6-max Seat #3 is the button
Seat 2: AA_ILI ($254.45 in chips)
Seat 3: gioba20 ($57.90 in chips)
gioba20: posts small blind $1
AA_ILI: posts big blind $3
*** HOLE CARDS ***
gioba20: raises $3 to $6
AA_ILI: folds
Uncalled bet ($3) returned to gioba20
gioba20 collected $6 from pot
gioba20: doesn't show hand
*** SUMMARY ***
Total pot $6 | Rake $0
Seat 2: AA_ILI (big blind) folded before Flop
Seat 3: gioba20 (button) (small blind) collected ($6)


PokerStars Hand #163482205549:  Hold'em Limit ($3/$6 USD) - 2016/12/25 3:48:01 ET
Table 'Lipperta' 6-max Seat #2 is the button
Seat 2: AA_ILI ($251.83 in chips)
Seat 3: gioba20 ($58.92 in chips)
AA_ILI: posts small blind $1
gioba20: posts big blind $3
*** HOLE CARDS ***
AA_ILI: folds
Uncalled bet ($2) returned to gioba20
gioba20 collected $2 from pot
gioba20: doesn't show hand
*** SUMMARY ***
Total pot $2 | Rake $0
Seat 2: AA_ILI (button) (small blind) folded before Flop
Seat 3: gioba20 (big blind) collected ($2)


PokerStars Hand #163482203766:  Hold'em Limit ($3/$6 USD) - 2016/12/25 3:47:55 ET
Table 'Lipperta' 6-max Seat #3 is the button
Seat 2: AA_ILI ($250.83 in chips)
Seat 3: gioba20 ($59.92 in chips)
gioba20: posts small blind $1
AA_ILI: posts big blind $3
*** HOLE CARDS ***
gioba20: folds
Uncalled bet ($2) returned to AA_ILI
AA_ILI collected $2 from pot
AA_ILI: doesn't show hand
*** SUMMARY ***
Total pot $2 | Rake $0
Seat 2: AA_ILI (big blind) collected ($2)
Seat 3: gioba20 (button) (small blind) folded before Flop


PokerStars Hand #163482198697:  Hold'em Limit ($3/$6 USD) - 2016/12/25 3:47:40 ET
Table 'Lipperta' 6-max Seat #2 is the button
Seat 2: AA_ILI ($250.95 in chips)
Seat 3: gioba20 ($60.04 in chips)
AA_ILI: posts small blind $1
gioba20: posts big blind $3
*** HOLE CARDS ***
AA_ILI: calls $2
gioba20: raises $3 to $6
AA_ILI: calls $3
*** FLOP *** [4d 7d 4c]
gioba20: checks
AA_ILI: checks
*** TURN *** [4d 7d 4c] [Ks]
gioba20: checks
AA_ILI: checks
*** RIVER *** [4d 7d 4c Ks] [7c]
gioba20: checks
AA_ILI: checks
*** SHOW DOWN ***
gioba20: shows [8s Ts] (two pair, Sevens and Fours)
AA_ILI: shows [9h 6h] (two pair, Sevens and Fours)
gioba20 collected $5.88 from pot
AA_ILI collected $5.88 from pot
*** SUMMARY ***
Total pot $12 | Rake $0.24
Board [4d 7d 4c Ks 7c]
Seat 2: AA_ILI (button) (small blind) showed [9h 6h] and won ($5.88) with two pair, Sevens and Fours
Seat 3: gioba20 (big blind) showed [8s Ts] and won ($5.88) with two pair, Sevens and Fours


PokerStars Hand #163482211713:  Hold'em Limit ($3/$6 USD) - 2016/12/25 3:48:19 ET
Table 'Lipperta' 6-max Seat #2 is the button
Seat 2: AA_ILI ($259.47 in chips)
Seat 3: gioba20 ($50.92 in chips)
AA_ILI: posts small blind $1
gioba20: posts big blind $3
*** HOLE CARDS ***
AA_ILI: folds
Uncalled bet ($2) returned to gioba20
gioba20 collected $2 from pot
gioba20: doesn't show hand
*** SUMMARY ***
Total pot $2 | Rake $0
Seat 2: AA_ILI (button) (small blind) folded before Flop
Seat 3: gioba20 (big blind) collected ($2)


PokerStars Hand #163482207029:  Hold'em Limit ($3/$6 USD) - 2016/12/25 3:48:05 ET
Table 'Lipperta' 6-max Seat #3 is the button
Seat 2: AA_ILI ($250.83 in chips)
Seat 3: gioba20 ($59.92 in chips)
gioba20: posts small blind $1
AA_ILI: posts big blind $3
*** HOLE CARDS ***
gioba20: raises $3 to $6
AA_ILI: calls $3
*** FLOP *** [6d 4d 2c]
AA_ILI: checks
gioba20: bets $3
AA_ILI: calls $3
*** TURN *** [6d 4d 2c] [Kh]
AA_ILI: checks
gioba20: checks
*** RIVER *** [6d 4d 2c Kh] [3s]
AA_ILI: bets $6
gioba20: folds
Uncalled bet ($6) returned to AA_ILI
AA_ILI collected $17.64 from pot
AA_ILI: doesn't show hand
*** SUMMARY ***
Total pot $18 | Rake $0.36
Board [6d 4d 2c Kh 3s]
Seat 2: AA_ILI (big blind) collected ($17.64)
Seat 3: gioba20 (button) (small blind) folded on the River


PokerStars Hand #163482193374:  Hold'em Limit ($3/$6 USD) - 2016/12/25 3:47:24 ET
Table 'Lipperta' 6-max Seat #3 is the button
Seat 2: AA_ILI ($268.95 in chips)
Seat 3: gioba20 ($42.54 in chips)
gioba20: posts small blind $1
AA_ILI: posts big blind $3
*** HOLE CARDS ***
gioba20: raises $3 to $6
AA_ILI: calls $3
*** FLOP *** [Qd Qs 9d]
AA_ILI: checks
gioba20: checks
*** TURN *** [Qd Qs 9d] [4s]
AA_ILI: bets $6
gioba20: calls $6
*** RIVER *** [Qd Qs 9d 4s] [Th]
AA_ILI: bets $6
gioba20: calls $6
*** SHOW DOWN ***
AA_ILI: shows [Kh 2c] (a pair of Queens)
gioba20: shows [Jh 8d] (a straight, Eight to Queen)
gioba20 collected $35.50 from pot
*** SUMMARY ***
Total pot $36 | Rake $0.50
Board [Qd Qs 9d 4s Th]
Seat 2: AA_ILI (big blind) showed [Kh 2c] and lost with a pair of Queens
Seat 3: gioba20 (button) (small blind) showed [Jh 8d] and won ($35.50) with a straight, Eight to Queen


PokerStars Hand #163482216721:  Hold'em Limit ($3/$6 USD) - 2016/12/25 3:48:34 ET
Table 'Lipperta' 6-max Seat #2 is the button
Seat 2: AA_ILI ($252.47 in chips)
Seat 3: gioba20 ($57.68 in chips)
AA_ILI: posts small blind $1
gioba20: posts big blind $3
*** HOLE CARDS ***
AA_ILI: calls $2
gioba20: checks
*** FLOP *** [5h 2s 3h]
gioba20: checks
AA_ILI: checks
*** TURN *** [5h 2s 3h] [8s]
gioba20: checks
AA_ILI: checks
*** RIVER *** [5h 2s 3h 8s] [7h]
gioba20: checks
AA_ILI: checks
*** SHOW DOWN ***
gioba20: shows [3d Qh] (a pair of Threes)
AA_ILI: mucks hand
gioba20 collected $5.88 from pot
*** SUMMARY ***
Total pot $6 | Rake $0.12
Board [5h 2s 3h 8s 7h]
Seat 2: AA_ILI (button) (small blind) mucked
Seat 3: gioba20 (big blind) showed [3d Qh] and won ($5.88) with a pair of Threes


PokerStars Hand #163482222757:  Hold'em Limit ($3/$6 USD) - 2016/12/25 3:48:52 ET
Table 'Lipperta' 6-max Seat #2 is the button
Seat 2: AA_ILI ($250.47 in chips)
Seat 3: gioba20 ($59.56 in chips)
AA_ILI: posts small blind $1
gioba20: posts big blind $3
*** HOLE CARDS ***
AA_ILI: calls $2
gioba20: checks
*** FLOP *** [4d 5c 6d]
gioba20: checks
AA_ILI: bets $3
gioba20: calls $3
*** TURN *** [4d 5c 6d] [Ts]
gioba20: checks
AA_ILI: checks
*** RIVER *** [4d 5c 6d Ts] [3h]
gioba20: bets $6
AA_ILI: raises $6 to $12
gioba20: raises $6 to $18
AA_ILI: raises $6 to $24
Betting is capped
gioba20: calls $6
*** SHOW DOWN ***
AA_ILI: shows [7d Qs] (a straight, Three to Seven)
gioba20: shows [Js 7h] (a straight, Three to Seven)
gioba20 collected $29.75 from pot
AA_ILI collected $29.75 from pot
*** SUMMARY ***
Total pot $60 | Rake $0.50
Board [4d 5c 6d Ts 3h]
Seat 2: AA_ILI (button) (small blind) showed [7d Qs] and won ($29.75) with a straight, Three to Seven
Seat 3: gioba20 (big blind) showed [Js 7h] and won ($29.75) with a straight, Three to Seven


PokerStars Hand #163482220884:  Hold'em Limit ($3/$6 USD) - 2016/12/25 3:48:46 ET
Table 'Lipperta' 6-max Seat #3 is the button
Seat 2: AA_ILI ($249.47 in chips)
Seat 3: gioba20 ($60.56 in chips)
gioba20: posts small blind $1
AA_ILI: posts big blind $3
*** HOLE CARDS ***
gioba20: folds
Uncalled bet ($2) returned to AA_ILI
AA_ILI collected $2 from pot
AA_ILI: doesn't show hand
*** SUMMARY ***
Total pot $2 | Rake $0
Seat 2: AA_ILI (big blind) collected ($2)
Seat 3: gioba20 (button) (small blind) folded before Flop


PokerStars Hand #163482213270:  Hold'em Limit ($3/$6 USD) - 2016/12/25 3:48:24 ET
Table 'Lipperta' 6-max Seat #3 is the button
Seat 2: AA_ILI ($258.47 in chips)
Seat 3: gioba20 ($51.92 in chips)
gioba20: posts small blind $1
AA_ILI: posts big blind $3
*** HOLE CARDS ***
gioba20: raises $3 to $6
AA_ILI: calls $3
*** FLOP *** [As 5h Jd]
AA_ILI: checks
gioba20: bets $3
AA_ILI: folds
Uncalled bet ($3) returned to gioba20
gioba20 collected $11.76 from pot
gioba20: doesn't show hand
*** SUMMARY ***
Total pot $12 | Rake $0.24
Board [As 5h Jd]
Seat 2: AA_ILI (big blind) folded on the Flop
Seat 3: gioba20 (button) (small blind) collected ($11.76)


PokerStars Hand #163482233281:  Hold'em Limit ($3/$6 USD) - 2016/12/25 3:49:23 ET
Table 'Lipperta' 6-max Seat #2 is the button
Seat 2: AA_ILI ($241.22 in chips)
Seat 3: gioba20 ($67.95 in chips)
AA_ILI: posts small blind $1
gioba20: posts big blind $3
*** HOLE CARDS ***
AA_ILI: folds
Uncalled bet ($2) returned to gioba20
gioba20 collected $2 from pot
gioba20: doesn't show hand
*** SUMMARY ***
Total pot $2 | Rake $0
Seat 2: AA_ILI (button) (small blind) folded before Flop
Seat 3: gioba20 (big blind) collected ($2)


PokerStars Hand #163482228664:  Hold'em Limit ($3/$6 USD) - 2016/12/25 3:49:10 ET
Table 'Lipperta' 6-max Seat #3 is the button
Seat 2: AA_ILI ($250.22 in chips)
Seat 3: gioba20 ($59.31 in chips)
gioba20: posts small blind $1
AA_ILI: posts big blind $3
*** HOLE CARDS ***
gioba20: raises $3 to $6
AA_ILI: calls $3
*** FLOP *** [7d Qs Jd]
AA_ILI: checks
gioba20: bets $3
AA_ILI: calls $3
*** TURN *** [7d Qs Jd] [6s]
AA_ILI: checks
gioba20: checks
*** RIVER *** [7d Qs Jd 6s] [Ks]
AA_ILI: checks
gioba20: checks
*** SHOW DOWN ***
AA_ILI: shows [2s 2h] (a pair of Deuces)
gioba20: shows [Td Ad] (a straight, Ten to Ace)
gioba20 collected $17.64 from pot
*** SUMMARY ***
Total pot $18 | Rake $0.36
Board [7d Qs Jd 6s Ks]
Seat 2: AA_ILI (big blind) showed [2s 2h] and lost with a pair of Deuces
Seat 3: gioba20 (button) (small blind) showed [Td Ad] and won ($17.64) with a straight, Ten to Ace


