PokerStars Hand #163189890996:  Hold'em Limit ($3/$6 USD) - 2016/12/19 10:14:33 ET
Table 'Lipperta' 6-max Seat #6 is the button
Seat 1: craaa ($125.76 in chips)
Seat 6: HAOYUN88888 ($114 in chips)
HAOYUN88888: posts small blind $1
craaa: posts big blind $3
*** HOLE CARDS ***
HAOYUN88888: raises $3 to $6
craaa: calls $3
*** FLOP *** [Ah Qs Ad]
craaa: checks
HAOYUN88888: bets $3
craaa: folds
Uncalled bet ($3) returned to HAOYUN88888
HAOYUN88888 collected $11.76 from pot
O>_Fu_<O joins the table at seat #3
HAOYUN88888: doesn't show hand
*** SUMMARY ***
Total pot $12 | Rake $0.24
Board [Ah Qs Ad]
Seat 1: craaa (big blind) folded on the Flop
Seat 6: HAOYUN88888 (button) (small blind) collected ($11.76)


PokerStars Hand #163195201277:  Hold'em Limit ($3/$6 USD) - 2016/12/19 12:11:33 ET
Table 'Lipperta' 6-max Seat #2 is the button
Seat 2: craaa ($158.83 in chips)
Seat 6: denn69 ($70.47 in chips)
craaa: posts small blind $1
kolaz03: is sitting out
denn69: posts big blind $3
*** HOLE CARDS ***
kolaz03 leaves the table
craaa: raises $3 to $6
denn69: folds
Uncalled bet ($3) returned to craaa
craaa collected $6 from pot
craaa: doesn't show hand
*** SUMMARY ***
Total pot $6 | Rake $0
Seat 2: craaa (button) (small blind) collected ($6)
Seat 6: denn69 (big blind) folded before Flop


PokerStars Hand #163195216686:  Hold'em Limit ($3/$6 USD) - 2016/12/19 12:11:52 ET
Table 'Lipperta' 6-max Seat #6 is the button
Seat 2: craaa ($161.83 in chips)
Seat 6: denn69 ($67.47 in chips)
denn69: posts small blind $1
craaa: posts big blind $3
*** HOLE CARDS ***
denn69: calls $2
craaa: raises $3 to $6
denn69: calls $3
*** FLOP *** [6h Ts 4s]
craaa: bets $3
denn69: calls $3
*** TURN *** [6h Ts 4s] [Qc]
craaa: bets $6
denn69: calls $6
*** RIVER *** [6h Ts 4s Qc] [5h]
craaa: bets $6
denn69: raises $6 to $12
craaa: folds
Uncalled bet ($6) returned to denn69
denn69 collected $41.50 from pot
denn69: doesn't show hand
*** SUMMARY ***
Total pot $42 | Rake $0.50
Board [6h Ts 4s Qc 5h]
Seat 2: craaa (big blind) folded on the River
Seat 6: denn69 (button) (small blind) collected ($41.50)


PokerStars Hand #163195244113:  Hold'em Limit ($3/$6 USD) - 2016/12/19 12:12:25 ET
Table 'Lipperta' 6-max Seat #2 is the button
Seat 2: craaa ($140.83 in chips)
Seat 6: denn69 ($87.97 in chips)
craaa: posts small blind $1
denn69: posts big blind $3
*** HOLE CARDS ***
craaa: raises $3 to $6
denn69: raises $3 to $9
craaa: calls $3
*** FLOP *** [4c 9s 3d]
denn69: bets $3
craaa: calls $3
*** TURN *** [4c 9s 3d] [As]
denn69: bets $6
craaa: folds
Uncalled bet ($6) returned to denn69
denn69 collected $23.52 from pot
denn69: doesn't show hand
*** SUMMARY ***
Total pot $24 | Rake $0.48
Board [4c 9s 3d As]
Seat 2: craaa (button) (small blind) folded on the Turn
Seat 6: denn69 (big blind) collected ($23.52)


PokerStars Hand #163195297339:  Hold'em Limit ($3/$6 USD) - 2016/12/19 12:13:29 ET
Table 'Lipperta' 6-max Seat #6 is the button
Seat 1: @92gara42@ ($63.61 in chips)
Seat 6: denn69 ($99.49 in chips)
denn69: posts small blind $1
@92gara42@: posts big blind $3
*** HOLE CARDS ***
denn69: raises $3 to $6
@92gara42@: calls $3
*** FLOP *** [7h 9s 3s]
@92gara42@: checks
denn69: bets $3
@92gara42@: calls $3
*** TURN *** [7h 9s 3s] [8s]
@92gara42@: checks
denn69: checks
*** RIVER *** [7h 9s 3s 8s] [8d]
@92gara42@: bets $6
denn69: calls $6
*** SHOW DOWN ***
@92gara42@: shows [8c Jd] (three of a kind, Eights)
denn69: mucks hand
@92gara42@ collected $29.50 from pot
*** SUMMARY ***
Total pot $30 | Rake $0.50
Board [7h 9s 3s 8s 8d]
Seat 1: @92gara42@ (big blind) showed [8c Jd] and won ($29.50) with three of a kind, Eights
Seat 6: denn69 (button) (small blind) mucked


PokerStars Hand #163195293461:  Hold'em Limit ($3/$6 USD) - 2016/12/19 12:13:24 ET
Table 'Lipperta' 6-max Seat #1 is the button
Seat 1: @92gara42@ ($64.61 in chips)
Seat 6: denn69 ($98.49 in chips)
@92gara42@: posts small blind $1
craaa: is sitting out
denn69: posts big blind $3
*** HOLE CARDS ***
@92gara42@: folds
Uncalled bet ($2) returned to denn69
denn69 collected $2 from pot
kolaz03 joins the table at seat #3
denn69: doesn't show hand
*** SUMMARY ***
Total pot $2 | Rake $0
Seat 1: @92gara42@ (button) (small blind) folded before Flop
Seat 6: denn69 (big blind) collected ($2)


PokerStars Hand #163198513337:  Hold'em Limit ($3/$6 USD) - 2016/12/19 13:15:27 ET
Table 'Lipperta' 6-max Seat #6 is the button
Seat 4: sokol-max-PS ($158.52 in chips)
Seat 6: allexso ($78 in chips)
allexso: posts small blind $1
AzureCaper: is sitting out
sokol-max-PS: posts big blind $3
*** HOLE CARDS ***
allexso: folds
Uncalled bet ($2) returned to sokol-max-PS
AzureCaper leaves the table
sokol-max-PS collected $2 from pot
*** SUMMARY ***
Total pot $2 | Rake $0
Seat 4: sokol-max-PS (big blind) collected ($2)
Seat 6: allexso (button) (small blind) folded before Flop


PokerStars Hand #163198578551:  Hold'em Limit ($3/$6 USD) - 2016/12/19 13:16:37 ET
Table 'Lipperta' 6-max Seat #4 is the button
Seat 4: sokol-max-PS ($186.02 in chips)
Seat 6: allexso ($49.88 in chips)
sokol-max-PS: posts small blind $1
allexso: posts big blind $3
*** HOLE CARDS ***
sokol-max-PS: raises $3 to $6
allexso: calls $3
*** FLOP *** [5s 7d Ac]
allexso: checks
sokol-max-PS: bets $3
allexso: calls $3
*** TURN *** [5s 7d Ac] [9s]
allexso: checks
sokol-max-PS: bets $6
allexso: folds
Uncalled bet ($6) returned to sokol-max-PS
sokol-max-PS collected $17.64 from pot
sokol-max-PS: doesn't show hand
*** SUMMARY ***
Total pot $18 | Rake $0.36
Board [5s 7d Ac 9s]
Seat 4: sokol-max-PS (button) (small blind) collected ($17.64)
Seat 6: allexso (big blind) folded on the Turn


PokerStars Hand #163198561138:  Hold'em Limit ($3/$6 USD) - 2016/12/19 13:16:18 ET
Table 'Lipperta' 6-max Seat #6 is the button
Seat 4: sokol-max-PS ($189.02 in chips)
Seat 6: allexso ($47 in chips)
allexso: posts small blind $1
sokol-max-PS: posts big blind $3
*** HOLE CARDS ***
allexso: calls $2
sokol-max-PS: checks
*** FLOP *** [Kd 3h Th]
sokol-max-PS: checks
allexso: bets $3
sokol-max-PS: folds
Uncalled bet ($3) returned to allexso
allexso collected $5.88 from pot
*** SUMMARY ***
Total pot $6 | Rake $0.12
Board [Kd 3h Th]
Seat 4: sokol-max-PS (big blind) folded on the Flop
Seat 6: allexso (button) (small blind) collected ($5.88)


PokerStars Hand #163198519027:  Hold'em Limit ($3/$6 USD) - 2016/12/19 13:15:33 ET
Table 'Lipperta' 6-max Seat #4 is the button
Seat 4: sokol-max-PS ($159.52 in chips)
Seat 6: allexso ($77 in chips)
sokol-max-PS: posts small blind $1
allexso: posts big blind $3
*** HOLE CARDS ***
sokol-max-PS: raises $3 to $6
allexso: calls $3
*** FLOP *** [Js Qs 2d]
allexso: checks
sokol-max-PS: bets $3
allexso: raises $3 to $6
sokol-max-PS: calls $3
*** TURN *** [Js Qs 2d] [9h]
allexso: checks
sokol-max-PS: bets $6
allexso: calls $6
*** RIVER *** [Js Qs 2d 9h] [4c]
allexso: bets $6
sokol-max-PS: raises $6 to $12
allexso: calls $6
*** SHOW DOWN ***
sokol-max-PS: shows [9d 9c] (three of a kind, Nines)
allexso: mucks hand
sokol-max-PS collected $59.50 from pot
*** SUMMARY ***
Total pot $60 | Rake $0.50
Board [Js Qs 2d 9h 4c]
Seat 4: sokol-max-PS (button) (small blind) showed [9d 9c] and won ($59.50) with three of a kind, Nines
Seat 6: allexso (big blind) mucked


PokerStars Hand #163198599431:  Hold'em Limit ($3/$6 USD) - 2016/12/19 13:16:59 ET
Table 'Lipperta' 6-max Seat #6 is the button
Seat 4: sokol-max-PS ($194.66 in chips)
Seat 6: allexso ($40.88 in chips)
allexso: posts small blind $1
sokol-max-PS: posts big blind $3
*** HOLE CARDS ***
allexso: folds
Uncalled bet ($2) returned to sokol-max-PS
sokol-max-PS collected $2 from pot
*** SUMMARY ***
Total pot $2 | Rake $0
Seat 4: sokol-max-PS (big blind) collected ($2)
Seat 6: allexso (button) (small blind) folded before Flop


PokerStars Hand #163198619185:  Hold'em Limit ($3/$6 USD) - 2016/12/19 13:17:21 ET
Table 'Lipperta' 6-max Seat #4 is the button
Seat 4: sokol-max-PS ($195.66 in chips)
Seat 6: allexso ($39.88 in chips)
sokol-max-PS: posts small blind $1
allexso: posts big blind $3
*** HOLE CARDS ***
sokol-max-PS: raises $3 to $6
allexso: calls $3
*** FLOP *** [5c Kh 2s]
allexso: checks
sokol-max-PS: bets $3
allexso: folds
Uncalled bet ($3) returned to sokol-max-PS
sokol-max-PS collected $11.76 from pot
sokol-max-PS: doesn't show hand
*** SUMMARY ***
Total pot $12 | Rake $0.24
Board [5c Kh 2s]
Seat 4: sokol-max-PS (button) (small blind) collected ($11.76)
Seat 6: allexso (big blind) folded on the Flop


PokerStars Hand #163198641892:  Hold'em Limit ($3/$6 USD) - 2016/12/19 13:17:45 ET
Table 'Lipperta' 6-max Seat #6 is the button
Seat 4: sokol-max-PS ($201.42 in chips)
Seat 6: allexso ($33.88 in chips)
allexso: posts small blind $1
sokol-max-PS: posts big blind $3
*** HOLE CARDS ***
allexso: raises $3 to $6
sokol-max-PS: raises $3 to $9
allexso: calls $3
*** FLOP *** [8d 5h Td]
sokol-max-PS: checks
allexso: checks
*** TURN *** [8d 5h Td] [Qc]
sokol-max-PS: checks
allexso: bets $6
sokol-max-PS: calls $6
*** RIVER *** [8d 5h Td Qc] [4c]
sokol-max-PS: checks
allexso: bets $6
sokol-max-PS: calls $6
*** SHOW DOWN ***
allexso: shows [Qh Jc] (a pair of Queens)
sokol-max-PS: mucks hand
allexso collected $41.50 from pot
*** SUMMARY ***
Total pot $42 | Rake $0.50
Board [8d 5h Td Qc 4c]
Seat 4: sokol-max-PS (big blind) mucked
Seat 6: allexso (button) (small blind) showed [Qh Jc] and won ($41.50) with a pair of Queens


PokerStars Hand #163198681184:  Hold'em Limit ($3/$6 USD) - 2016/12/19 13:18:28 ET
Table 'Lipperta' 6-max Seat #4 is the button
Seat 4: sokol-max-PS ($180.42 in chips)
Seat 6: allexso ($54.38 in chips)
sokol-max-PS: posts small blind $1
allexso: posts big blind $3
*** HOLE CARDS ***
sokol-max-PS: raises $3 to $6
allexso: raises $3 to $9
sokol-max-PS: calls $3
*** FLOP *** [3h 9h Kh]
allexso: checks
sokol-max-PS: checks
*** TURN *** [3h 9h Kh] [Ks]
Drik89 joins the table at seat #2
allexso: bets $6
sokol-max-PS: folds
Uncalled bet ($6) returned to allexso
allexso collected $17.64 from pot
*** SUMMARY ***
Total pot $18 | Rake $0.36
Board [3h 9h Kh Ks]
Seat 4: sokol-max-PS (button) (small blind) folded on the Turn
Seat 6: allexso (big blind) collected ($17.64)


PokerStars Hand #163199207308:  Hold'em Limit ($3/$6 USD) - 2016/12/19 13:27:45 ET
Table 'Lipperta' 6-max Seat #2 is the button
Seat 2: Drik89 ($124.19 in chips)
Seat 4: sokol-max-PS ($176.43 in chips)
Drik89: posts small blind $1
sokol-max-PS: posts big blind $3
*** HOLE CARDS ***
Drik89: folds
Uncalled bet ($2) returned to sokol-max-PS
sokol-max-PS collected $2 from pot
*** SUMMARY ***
Total pot $2 | Rake $0
Seat 2: Drik89 (button) (small blind) folded before Flop
Seat 4: sokol-max-PS (big blind) collected ($2)


