PokerStars Hand #145073256466:  Hold'em Limit ($3/$6 USD) - 2015/12/09 10:25:02 ET
Table 'Lipperta' 2-max Seat #1 is the button
Seat 1: TinaTurner72 ($94.52 in chips)
Seat 2: RAFAELO_440 ($78.48 in chips)
TinaTurner72: posts small blind $1
RAFAELO_440: posts big blind $3
*** HOLE CARDS ***
TinaTurner72: raises $3 to $6
RAFAELO_440: calls $3
*** FLOP *** [Tc 7h 8d]
RAFAELO_440: checks
TinaTurner72: bets $3
RAFAELO_440: calls $3
*** TURN *** [Tc 7h 8d] [6s]
RAFAELO_440: checks
TinaTurner72: checks
*** RIVER *** [Tc 7h 8d 6s] [Th]
RAFAELO_440: bets $6
TinaTurner72: folds
Uncalled bet ($6) returned to RAFAELO_440
RAFAELO_440 collected $17.64 from pot
RAFAELO_440: doesn't show hand
*** SUMMARY ***
Total pot $18 | Rake $0.36
Board [Tc 7h 8d 6s Th]
Seat 1: TinaTurner72 (button) (small blind) folded on the River
Seat 2: RAFAELO_440 (big blind) collected ($17.64)


PokerStars Hand #145073287584:  Hold'em Limit ($3/$6 USD) - 2015/12/09 10:25:45 ET
Table 'Lipperta' 2-max Seat #2 is the button
Seat 1: TinaTurner72 ($85.52 in chips)
Seat 2: RAFAELO_440 ($87.12 in chips)
RAFAELO_440: posts small blind $1
TinaTurner72: posts big blind $3
*** HOLE CARDS ***
RAFAELO_440: raises $3 to $6
TinaTurner72: raises $3 to $9
RAFAELO_440: calls $3
*** FLOP *** [3s 3d 4d]
TinaTurner72: bets $3
RAFAELO_440: calls $3
*** TURN *** [3s 3d 4d] [3h]
TinaTurner72: bets $6
RAFAELO_440: calls $6
*** RIVER *** [3s 3d 4d 3h] [6d]
TinaTurner72: bets $6
RAFAELO_440: calls $6
*** SHOW DOWN ***
TinaTurner72: shows [Ac Ad] (a full house, Threes full of Aces)
RAFAELO_440: mucks hand
TinaTurner72 collected $47.50 from pot
*** SUMMARY ***
Total pot $48 | Rake $0.50
Board [3s 3d 4d 3h 6d]
Seat 1: TinaTurner72 (big blind) showed [Ac Ad] and won ($47.50) with a full house, Threes full of Aces
Seat 2: RAFAELO_440 (button) (small blind) mucked


PokerStars Hand #145073305792:  Hold'em Limit ($3/$6 USD) - 2015/12/09 10:26:10 ET
Table 'Lipperta' 2-max Seat #1 is the button
Seat 1: TinaTurner72 ($109.02 in chips)
Seat 2: RAFAELO_440 ($63.12 in chips)
TinaTurner72: posts small blind $1
RAFAELO_440: posts big blind $3
*** HOLE CARDS ***
TinaTurner72: raises $3 to $6
RAFAELO_440: calls $3
*** FLOP *** [Ah Kh 4d]
RAFAELO_440: checks
TinaTurner72: bets $3
RAFAELO_440: folds
Uncalled bet ($3) returned to TinaTurner72
TinaTurner72 collected $11.76 from pot
TinaTurner72: doesn't show hand
*** SUMMARY ***
Total pot $12 | Rake $0.24
Board [Ah Kh 4d]
Seat 1: TinaTurner72 (button) (small blind) collected ($11.76)
Seat 2: RAFAELO_440 (big blind) folded on the Flop


PokerStars Hand #145073314617:  Hold'em Limit ($3/$6 USD) - 2015/12/09 10:26:22 ET
Table 'Lipperta' 2-max Seat #2 is the button
Seat 1: TinaTurner72 ($114.78 in chips)
Seat 2: RAFAELO_440 ($57.12 in chips)
RAFAELO_440: posts small blind $1
TinaTurner72: posts big blind $3
*** HOLE CARDS ***
RAFAELO_440 said, " "
RAFAELO_440: raises $3 to $6
TinaTurner72: calls $3
*** FLOP *** [2s 6h 9s]
TinaTurner72: checks
RAFAELO_440: bets $3
TinaTurner72: folds
Uncalled bet ($3) returned to RAFAELO_440
RAFAELO_440 collected $11.76 from pot
RAFAELO_440: doesn't show hand
*** SUMMARY ***
Total pot $12 | Rake $0.24
Board [2s 6h 9s]
Seat 1: TinaTurner72 (big blind) folded on the Flop
Seat 2: RAFAELO_440 (button) (small blind) collected ($11.76)


PokerStars Hand #145073323274:  Hold'em Limit ($3/$6 USD) - 2015/12/09 10:26:34 ET
Table 'Lipperta' 2-max Seat #1 is the button
Seat 1: TinaTurner72 ($108.78 in chips)
Seat 2: RAFAELO_440 ($62.88 in chips)
TinaTurner72: posts small blind $1
RAFAELO_440: posts big blind $3
*** HOLE CARDS ***
TinaTurner72: raises $3 to $6
RAFAELO_440: calls $3
*** FLOP *** [Tc Qs 3d]
RAFAELO_440: checks
TinaTurner72: bets $3
RAFAELO_440: folds
Uncalled bet ($3) returned to TinaTurner72
TinaTurner72 collected $11.76 from pot
TinaTurner72: doesn't show hand
*** SUMMARY ***
Total pot $12 | Rake $0.24
Board [Tc Qs 3d]
Seat 1: TinaTurner72 (button) (small blind) collected ($11.76)
Seat 2: RAFAELO_440 (big blind) folded on the Flop


PokerStars Hand #145073329442:  Hold'em Limit ($3/$6 USD) - 2015/12/09 10:26:43 ET
Table 'Lipperta' 2-max Seat #2 is the button
Seat 1: TinaTurner72 ($114.54 in chips)
Seat 2: RAFAELO_440 ($56.88 in chips)
RAFAELO_440: posts small blind $1
TinaTurner72: posts big blind $3
*** HOLE CARDS ***
RAFAELO_440: raises $3 to $6
TinaTurner72: calls $3
*** FLOP *** [9d Ts Jc]
TinaTurner72: checks
RAFAELO_440: bets $3
TinaTurner72: raises $3 to $6
RAFAELO_440: calls $3
*** TURN *** [9d Ts Jc] [Qs]
TinaTurner72: checks
RAFAELO_440: bets $6
TinaTurner72: calls $6
*** RIVER *** [9d Ts Jc Qs] [8d]
TinaTurner72: checks
RAFAELO_440: checks
*** SHOW DOWN ***
TinaTurner72: shows [Js Qd] (a straight, Eight to Queen)
RAFAELO_440: shows [As Ah] (a straight, Eight to Queen)
TinaTurner72 collected $17.75 from pot
RAFAELO_440 collected $17.75 from pot
*** SUMMARY ***
Total pot $36 | Rake $0.50
Board [9d Ts Jc Qs 8d]
Seat 1: TinaTurner72 (big blind) showed [Js Qd] and won ($17.75) with a straight, Eight to Queen
Seat 2: RAFAELO_440 (button) (small blind) showed [As Ah] and won ($17.75) with a straight, Eight to Queen


PokerStars Hand #145073344247:  Hold'em Limit ($3/$6 USD) - 2015/12/09 10:27:04 ET
Table 'Lipperta' 2-max Seat #1 is the button
Seat 1: TinaTurner72 ($114.29 in chips)
Seat 2: RAFAELO_440 ($56.63 in chips)
TinaTurner72: posts small blind $1
RAFAELO_440: posts big blind $3
*** HOLE CARDS ***
TinaTurner72: raises $3 to $6
RAFAELO_440: calls $3
*** FLOP *** [6h 7d 8d]
RAFAELO_440: checks
TinaTurner72: checks
*** TURN *** [6h 7d 8d] [Tc]
RAFAELO_440: bets $6
TinaTurner72: folds
Uncalled bet ($6) returned to RAFAELO_440
RAFAELO_440 collected $11.76 from pot
RAFAELO_440: doesn't show hand
*** SUMMARY ***
Total pot $12 | Rake $0.24
Board [6h 7d 8d Tc]
Seat 1: TinaTurner72 (button) (small blind) folded on the Turn
Seat 2: RAFAELO_440 (big blind) collected ($11.76)


PokerStars Hand #145073365763:  Hold'em Limit ($3/$6 USD) - 2015/12/09 10:27:34 ET
Table 'Lipperta' 2-max Seat #2 is the button
Seat 1: TinaTurner72 ($108.29 in chips)
Seat 2: RAFAELO_440 ($62.39 in chips)
RAFAELO_440: posts small blind $1
TinaTurner72: posts big blind $3
*** HOLE CARDS ***
RAFAELO_440: raises $3 to $6
TinaTurner72: raises $3 to $9
RAFAELO_440: calls $3
*** FLOP *** [Ac Qd Kh]
TinaTurner72: bets $3
RAFAELO_440: calls $3
*** TURN *** [Ac Qd Kh] [4d]
TinaTurner72: checks
RAFAELO_440: bets $6
TinaTurner72: folds
Uncalled bet ($6) returned to RAFAELO_440
RAFAELO_440 collected $23.52 from pot
RAFAELO_440: doesn't show hand
*** SUMMARY ***
Total pot $24 | Rake $0.48
Board [Ac Qd Kh 4d]
Seat 1: TinaTurner72 (big blind) folded on the Turn
Seat 2: RAFAELO_440 (button) (small blind) collected ($23.52)


PokerStars Hand #145073389425:  Hold'em Limit ($3/$6 USD) - 2015/12/09 10:28:07 ET
Table 'Lipperta' 2-max Seat #1 is the button
Seat 1: TinaTurner72 ($96.29 in chips)
Seat 2: RAFAELO_440 ($73.91 in chips)
TinaTurner72: posts small blind $1
RAFAELO_440: posts big blind $3
*** HOLE CARDS ***
TinaTurner72: raises $3 to $6
RAFAELO_440: calls $3
*** FLOP *** [Ts 7h Kc]
RAFAELO_440: checks
RAFAELO_440 said, "faster"
TinaTurner72: bets $3
RAFAELO_440: folds
Uncalled bet ($3) returned to TinaTurner72
TinaTurner72 collected $11.76 from pot
TinaTurner72: doesn't show hand
*** SUMMARY ***
Total pot $12 | Rake $0.24
Board [Ts 7h Kc]
Seat 1: TinaTurner72 (button) (small blind) collected ($11.76)
Seat 2: RAFAELO_440 (big blind) folded on the Flop


PokerStars Hand #145073420665:  Hold'em Limit ($3/$6 USD) - 2015/12/09 10:28:50 ET
Table 'Lipperta' 2-max Seat #1 is the button
Seat 1: TinaTurner72 ($125.55 in chips)
Seat 2: RAFAELO_440 ($43.91 in chips)
TinaTurner72: posts small blind $1
RAFAELO_440: posts big blind $3
*** HOLE CARDS ***
TinaTurner72: folds
Uncalled bet ($2) returned to RAFAELO_440
RAFAELO_440 collected $2 from pot
RAFAELO_440: doesn't show hand
*** SUMMARY ***
Total pot $2 | Rake $0
Seat 1: TinaTurner72 (button) (small blind) folded before Flop
Seat 2: RAFAELO_440 (big blind) collected ($2)


PokerStars Hand #145073409405:  Hold'em Limit ($3/$6 USD) - 2015/12/09 10:28:34 ET
Table 'Lipperta' 2-max Seat #2 is the button
Seat 1: TinaTurner72 ($102.05 in chips)
Seat 2: RAFAELO_440 ($67.91 in chips)
RAFAELO_440: posts small blind $1
TinaTurner72: posts big blind $3
*** HOLE CARDS ***
RAFAELO_440: raises $3 to $6
TinaTurner72: calls $3
*** FLOP *** [8d Kd Ah]
TinaTurner72: checks
RAFAELO_440: bets $3
TinaTurner72: raises $3 to $6
RAFAELO_440: calls $3
*** TURN *** [8d Kd Ah] [9s]
TinaTurner72: bets $6
RAFAELO_440: calls $6
*** RIVER *** [8d Kd Ah 9s] [Jh]
TinaTurner72: bets $6
RAFAELO_440: calls $6
*** SHOW DOWN ***
TinaTurner72: shows [Ad 2s] (a pair of Aces)
RAFAELO_440: mucks hand
TinaTurner72 collected $47.50 from pot
*** SUMMARY ***
Total pot $48 | Rake $0.50
Board [8d Kd Ah 9s Jh]
Seat 1: TinaTurner72 (big blind) showed [Ad 2s] and won ($47.50) with a pair of Aces
Seat 2: RAFAELO_440 (button) (small blind) mucked


PokerStars Hand #145073424414:  Hold'em Limit ($3/$6 USD) - 2015/12/09 10:28:55 ET
Table 'Lipperta' 2-max Seat #2 is the button
Seat 1: TinaTurner72 ($124.55 in chips)
Seat 2: RAFAELO_440 ($44.91 in chips)
RAFAELO_440: posts small blind $1
TinaTurner72: posts big blind $3
*** HOLE CARDS ***
RAFAELO_440: raises $3 to $6
TinaTurner72: folds
Uncalled bet ($3) returned to RAFAELO_440
RAFAELO_440 collected $6 from pot
RAFAELO_440: doesn't show hand
*** SUMMARY ***
Total pot $6 | Rake $0
Seat 1: TinaTurner72 (big blind) folded before Flop
Seat 2: RAFAELO_440 (button) (small blind) collected ($6)


PokerStars Hand #145073454896:  Hold'em Limit ($3/$6 USD) - 2015/12/09 10:29:37 ET
Table 'Lipperta' 2-max Seat #2 is the button
Seat 1: TinaTurner72 ($91.55 in chips)
Seat 2: RAFAELO_440 ($77.41 in chips)
RAFAELO_440: posts small blind $1
TinaTurner72: posts big blind $3
*** HOLE CARDS ***
RAFAELO_440: folds
Uncalled bet ($2) returned to TinaTurner72
TinaTurner72 collected $2 from pot
TinaTurner72: doesn't show hand
*** SUMMARY ***
Total pot $2 | Rake $0
Seat 1: TinaTurner72 (big blind) collected ($2)
Seat 2: RAFAELO_440 (button) (small blind) folded before Flop


PokerStars Hand #145073429249:  Hold'em Limit ($3/$6 USD) - 2015/12/09 10:29:01 ET
Table 'Lipperta' 2-max Seat #1 is the button
Seat 1: TinaTurner72 ($121.55 in chips)
Seat 2: RAFAELO_440 ($47.91 in chips)
TinaTurner72: posts small blind $1
RAFAELO_440: posts big blind $3
*** HOLE CARDS ***
TinaTurner72: raises $3 to $6
RAFAELO_440: raises $3 to $9
TinaTurner72: calls $3
*** FLOP *** [3c 6d Kd]
RAFAELO_440: bets $3
TinaTurner72: calls $3
*** TURN *** [3c 6d Kd] [9h]
RAFAELO_440: checks
TinaTurner72: bets $6
RAFAELO_440: raises $6 to $12
TinaTurner72: calls $6
*** RIVER *** [3c 6d Kd 9h] [Qs]
RAFAELO_440: bets $6
TinaTurner72: calls $6
*** SHOW DOWN ***
RAFAELO_440: shows [Jc Kh] (a pair of Kings)
TinaTurner72: mucks hand
RAFAELO_440 collected $59.50 from pot
*** SUMMARY ***
Total pot $60 | Rake $0.50
Board [3c 6d Kd 9h Qs]
Seat 1: TinaTurner72 (button) (small blind) mucked
Seat 2: RAFAELO_440 (big blind) showed [Jc Kh] and won ($59.50) with a pair of Kings


PokerStars Hand #145073494245:  Hold'em Limit ($3/$6 USD) - 2015/12/09 10:30:31 ET
Table 'Lipperta' 2-max Seat #2 is the button
Seat 1: TinaTurner72 ($64.55 in chips)
Seat 2: RAFAELO_440 ($103.43 in chips)
RAFAELO_440: posts small blind $1
TinaTurner72: posts big blind $3
*** HOLE CARDS ***
RAFAELO_440: raises $3 to $6
TinaTurner72: folds
Uncalled bet ($3) returned to RAFAELO_440
RAFAELO_440 collected $6 from pot
RAFAELO_440: doesn't show hand
*** SUMMARY ***
Total pot $6 | Rake $0
Seat 1: TinaTurner72 (big blind) folded before Flop
Seat 2: RAFAELO_440 (button) (small blind) collected ($6)


PokerStars Hand #145073490523:  Hold'em Limit ($3/$6 USD) - 2015/12/09 10:30:26 ET
Table 'Lipperta' 2-max Seat #1 is the button
Seat 1: TinaTurner72 ($65.55 in chips)
Seat 2: RAFAELO_440 ($102.43 in chips)
TinaTurner72: posts small blind $1
RAFAELO_440: posts big blind $3
*** HOLE CARDS ***
TinaTurner72: folds
Uncalled bet ($2) returned to RAFAELO_440
RAFAELO_440 collected $2 from pot
RAFAELO_440: doesn't show hand
*** SUMMARY ***
Total pot $2 | Rake $0
Seat 1: TinaTurner72 (button) (small blind) folded before Flop
Seat 2: RAFAELO_440 (big blind) collected ($2)


PokerStars Hand #145073469388:  Hold'em Limit ($3/$6 USD) - 2015/12/09 10:29:58 ET
Table 'Lipperta' 2-max Seat #2 is the button
Seat 1: TinaTurner72 ($77.55 in chips)
Seat 2: RAFAELO_440 ($90.91 in chips)
RAFAELO_440: posts small blind $1
TinaTurner72: posts big blind $3
*** HOLE CARDS ***
RAFAELO_440: raises $3 to $6
TinaTurner72: calls $3
*** FLOP *** [8c 6c 8d]
TinaTurner72: checks
RAFAELO_440: checks
*** TURN *** [8c 6c 8d] [6h]
TinaTurner72: checks
RAFAELO_440: bets $6
TinaTurner72: calls $6
*** RIVER *** [8c 6c 8d 6h] [Qs]
TinaTurner72: checks
RAFAELO_440: checks
*** SHOW DOWN ***
TinaTurner72: shows [Kh 9h] (two pair, Eights and Sixes)
RAFAELO_440: shows [Jc As] (two pair, Eights and Sixes - Ace kicker)
RAFAELO_440 collected $23.52 from pot
*** SUMMARY ***
Total pot $24 | Rake $0.48
Board [8c 6c 8d 6h Qs]
Seat 1: TinaTurner72 (big blind) showed [Kh 9h] and lost with two pair, Eights and Sixes
Seat 2: RAFAELO_440 (button) (small blind) showed [Jc As] and won ($23.52) with two pair, Eights and Sixes


PokerStars Hand #145073458357:  Hold'em Limit ($3/$6 USD) - 2015/12/09 10:29:42 ET
Table 'Lipperta' 2-max Seat #1 is the button
Seat 1: TinaTurner72 ($92.55 in chips)
Seat 2: RAFAELO_440 ($76.41 in chips)
TinaTurner72: posts small blind $1
RAFAELO_440: posts big blind $3
*** HOLE CARDS ***
TinaTurner72: raises $3 to $6
RAFAELO_440: calls $3
*** FLOP *** [2d 3d 6c]
RAFAELO_440: checks
TinaTurner72: bets $3
RAFAELO_440: calls $3
*** TURN *** [2d 3d 6c] [5s]
RAFAELO_440: checks
TinaTurner72: checks
*** RIVER *** [2d 3d 6c 5s] [Ts]
RAFAELO_440: bets $6
TinaTurner72: calls $6
*** SHOW DOWN ***
RAFAELO_440: shows [9c 5c] (a pair of Fives)
TinaTurner72: mucks hand
RAFAELO_440 collected $29.50 from pot
*** SUMMARY ***
Total pot $30 | Rake $0.50
Board [2d 3d 6c 5s Ts]
Seat 1: TinaTurner72 (button) (small blind) mucked
Seat 2: RAFAELO_440 (big blind) showed [9c 5c] and won ($29.50) with a pair of Fives


PokerStars Hand #145073541510:  Hold'em Limit ($3/$6 USD) - 2015/12/09 10:31:37 ET
Table 'Lipperta' 2-max Seat #1 is the button
Seat 1: TinaTurner72 ($28.31 in chips)
Seat 2: RAFAELO_440 ($138.33 in chips)
TinaTurner72: posts small blind $1
RAFAELO_440: posts big blind $3
*** HOLE CARDS ***
TinaTurner72: folds
Uncalled bet ($2) returned to RAFAELO_440
RAFAELO_440 collected $2 from pot
RAFAELO_440: doesn't show hand
*** SUMMARY ***
Total pot $2 | Rake $0
Seat 1: TinaTurner72 (button) (small blind) folded before Flop
Seat 2: RAFAELO_440 (big blind) collected ($2)


PokerStars Hand #145073529001:  Hold'em Limit ($3/$6 USD) - 2015/12/09 10:31:19 ET
Table 'Lipperta' 2-max Seat #2 is the button
Seat 1: TinaTurner72 ($52.31 in chips)
Seat 2: RAFAELO_440 ($114.83 in chips)
RAFAELO_440: posts small blind $1
TinaTurner72: posts big blind $3
*** HOLE CARDS ***
RAFAELO_440: raises $3 to $6
TinaTurner72: calls $3
*** FLOP *** [Qh 3h 5h]
TinaTurner72: checks
RAFAELO_440: checks
*** TURN *** [Qh 3h 5h] [2s]
TinaTurner72: checks
RAFAELO_440: bets $6
TinaTurner72: raises $6 to $12
RAFAELO_440: calls $6
*** RIVER *** [Qh 3h 5h 2s] [3s]
TinaTurner72: bets $6
RAFAELO_440: calls $6
*** SHOW DOWN ***
TinaTurner72: shows [Qs 4d] (two pair, Queens and Threes)
RAFAELO_440: shows [Qc Ks] (two pair, Queens and Threes - King kicker)
RAFAELO_440 collected $47.50 from pot
*** SUMMARY ***
Total pot $48 | Rake $0.50
Board [Qh 3h 5h 2s 3s]
Seat 1: TinaTurner72 (big blind) showed [Qs 4d] and lost with two pair, Queens and Threes
Seat 2: RAFAELO_440 (button) (small blind) showed [Qc Ks] and won ($47.50) with two pair, Queens and Threes


PokerStars Hand #145073521416:  Hold'em Limit ($3/$6 USD) - 2015/12/09 10:31:09 ET
Table 'Lipperta' 2-max Seat #1 is the button
Seat 1: TinaTurner72 ($46.55 in chips)
Seat 2: RAFAELO_440 ($120.83 in chips)
TinaTurner72: posts small blind $1
RAFAELO_440: posts big blind $3
*** HOLE CARDS ***
TinaTurner72: raises $3 to $6
RAFAELO_440: calls $3
*** FLOP *** [Td Jc Qh]
RAFAELO_440: checks
TinaTurner72: bets $3
RAFAELO_440: folds
Uncalled bet ($3) returned to TinaTurner72
TinaTurner72 collected $11.76 from pot
TinaTurner72: doesn't show hand
*** SUMMARY ***
Total pot $12 | Rake $0.24
Board [Td Jc Qh]
Seat 1: TinaTurner72 (button) (small blind) collected ($11.76)
Seat 2: RAFAELO_440 (big blind) folded on the Flop


PokerStars Hand #145073512104:  Hold'em Limit ($3/$6 USD) - 2015/12/09 10:30:56 ET
Table 'Lipperta' 2-max Seat #2 is the button
Seat 1: TinaTurner72 ($52.55 in chips)
Seat 2: RAFAELO_440 ($115.07 in chips)
RAFAELO_440: posts small blind $1
TinaTurner72: posts big blind $3
*** HOLE CARDS ***
RAFAELO_440: raises $3 to $6
TinaTurner72: calls $3
*** FLOP *** [2d 6h Th]
TinaTurner72: checks
RAFAELO_440: bets $3
TinaTurner72: folds
Uncalled bet ($3) returned to RAFAELO_440
RAFAELO_440 collected $11.76 from pot
RAFAELO_440: doesn't show hand
*** SUMMARY ***
Total pot $12 | Rake $0.24
Board [2d 6h Th]
Seat 1: TinaTurner72 (big blind) folded on the Flop
Seat 2: RAFAELO_440 (button) (small blind) collected ($11.76)


PokerStars Hand #145073499394:  Hold'em Limit ($3/$6 USD) - 2015/12/09 10:30:39 ET
Table 'Lipperta' 2-max Seat #1 is the button
Seat 1: TinaTurner72 ($61.55 in chips)
Seat 2: RAFAELO_440 ($106.43 in chips)
TinaTurner72: posts small blind $1
RAFAELO_440: posts big blind $3
*** HOLE CARDS ***
TinaTurner72: raises $3 to $6
RAFAELO_440: calls $3
*** FLOP *** [7c 8s Qd]
RAFAELO_440: checks
TinaTurner72: bets $3
RAFAELO_440: calls $3
*** TURN *** [7c 8s Qd] [9c]
RAFAELO_440: checks
TinaTurner72: checks
*** RIVER *** [7c 8s Qd 9c] [4c]
RAFAELO_440: bets $6
TinaTurner72: folds
Uncalled bet ($6) returned to RAFAELO_440
RAFAELO_440 collected $17.64 from pot
RAFAELO_440: doesn't show hand
*** SUMMARY ***
Total pot $18 | Rake $0.36
Board [7c 8s Qd 9c 4c]
Seat 1: TinaTurner72 (button) (small blind) folded on the River
Seat 2: RAFAELO_440 (big blind) collected ($17.64)


PokerStars Hand #145073572205:  Hold'em Limit ($3/$6 USD) - 2015/12/09 10:32:19 ET
Table 'Lipperta' 2-max Seat #2 is the button
Seat 1: TinaTurner72 ($87.07 in chips)
Seat 2: RAFAELO_440 ($139.09 in chips)
RAFAELO_440: posts small blind $1
TinaTurner72: posts big blind $3
*** HOLE CARDS ***
RAFAELO_440: raises $3 to $6
TinaTurner72: calls $3
*** FLOP *** [7h 5s Jd]
TinaTurner72: checks
RAFAELO_440: checks
*** TURN *** [7h 5s Jd] [9d]
TinaTurner72: checks
RAFAELO_440: bets $6
TinaTurner72: raises $6 to $12
RAFAELO_440: calls $6
*** RIVER *** [7h 5s Jd 9d] [3s]
TinaTurner72: bets $6
RAFAELO_440: calls $6
*** SHOW DOWN ***
TinaTurner72: shows [Ah Js] (a pair of Jacks)
RAFAELO_440: mucks hand
TinaTurner72 collected $47.50 from pot
*** SUMMARY ***
Total pot $48 | Rake $0.50
Board [7h 5s Jd 9d 3s]
Seat 1: TinaTurner72 (big blind) showed [Ah Js] and won ($47.50) with a pair of Jacks
Seat 2: RAFAELO_440 (button) (small blind) mucked


PokerStars Hand #145073562794:  Hold'em Limit ($3/$6 USD) - 2015/12/09 10:32:06 ET
Table 'Lipperta' 2-max Seat #1 is the button
Seat 1: TinaTurner72 ($81.31 in chips)
Seat 2: RAFAELO_440 ($145.09 in chips)
TinaTurner72: posts small blind $1
RAFAELO_440: posts big blind $3
*** HOLE CARDS ***
TinaTurner72: raises $3 to $6
RAFAELO_440: calls $3
*** FLOP *** [2d Jh 9c]
RAFAELO_440: checks
TinaTurner72: bets $3
RAFAELO_440: folds
Uncalled bet ($3) returned to TinaTurner72
TinaTurner72 collected $11.76 from pot
TinaTurner72: doesn't show hand
*** SUMMARY ***
Total pot $12 | Rake $0.24
Board [2d Jh 9c]
Seat 1: TinaTurner72 (button) (small blind) collected ($11.76)
Seat 2: RAFAELO_440 (big blind) folded on the Flop


PokerStars Hand #145073545432:  Hold'em Limit ($3/$6 USD) - 2015/12/09 10:31:42 ET
Table 'Lipperta' 2-max Seat #2 is the button
Seat 1: TinaTurner72 ($27.31 in chips)
Seat 2: RAFAELO_440 ($139.33 in chips)
RAFAELO_440: posts small blind $1
TinaTurner72: posts big blind $3
*** HOLE CARDS ***
RAFAELO_440: raises $3 to $6
TinaTurner72: calls $3
*** FLOP *** [5h 5s Qc]
TinaTurner72: checks
RAFAELO_440: checks
*** TURN *** [5h 5s Qc] [Th]
TinaTurner72: checks
RAFAELO_440: checks
*** RIVER *** [5h 5s Qc Th] [7d]
TinaTurner72: checks
RAFAELO_440: bets $6
TinaTurner72: folds
Uncalled bet ($6) returned to RAFAELO_440
RAFAELO_440 collected $11.76 from pot
RAFAELO_440: doesn't show hand
*** SUMMARY ***
Total pot $12 | Rake $0.24
Board [5h 5s Qc Th 7d]
Seat 1: TinaTurner72 (big blind) folded on the River
Seat 2: RAFAELO_440 (button) (small blind) collected ($11.76)


PokerStars Hand #145073627756:  Hold'em Limit ($3/$6 USD) - 2015/12/09 10:33:35 ET
Table 'Lipperta' 2-max Seat #2 is the button
Seat 1: TinaTurner72 ($105.57 in chips)
Seat 2: RAFAELO_440 ($119.61 in chips)
RAFAELO_440: posts small blind $1
TinaTurner72: posts big blind $3
*** HOLE CARDS ***
RAFAELO_440: raises $3 to $6
TinaTurner72: folds
Uncalled bet ($3) returned to RAFAELO_440
RAFAELO_440 collected $6 from pot
RAFAELO_440: doesn't show hand
*** SUMMARY ***
Total pot $6 | Rake $0
Seat 1: TinaTurner72 (big blind) folded before Flop
Seat 2: RAFAELO_440 (button) (small blind) collected ($6)


PokerStars Hand #145073622377:  Hold'em Limit ($3/$6 USD) - 2015/12/09 10:33:28 ET
Table 'Lipperta' 2-max Seat #1 is the button
Seat 1: TinaTurner72 ($102.57 in chips)
Seat 2: RAFAELO_440 ($122.61 in chips)
TinaTurner72: posts small blind $1
RAFAELO_440: posts big blind $3
*** HOLE CARDS ***
TinaTurner72: raises $3 to $6
RAFAELO_440: folds
Uncalled bet ($3) returned to TinaTurner72
TinaTurner72 collected $6 from pot
TinaTurner72: doesn't show hand
*** SUMMARY ***
Total pot $6 | Rake $0
Seat 1: TinaTurner72 (button) (small blind) collected ($6)
Seat 2: RAFAELO_440 (big blind) folded before Flop


PokerStars Hand #145073612480:  Hold'em Limit ($3/$6 USD) - 2015/12/09 10:33:14 ET
Table 'Lipperta' 2-max Seat #2 is the button
Seat 1: TinaTurner72 ($101.57 in chips)
Seat 2: RAFAELO_440 ($123.61 in chips)
RAFAELO_440: posts small blind $1
TinaTurner72: posts big blind $3
*** HOLE CARDS ***
RAFAELO_440: folds
Uncalled bet ($2) returned to TinaTurner72
TinaTurner72 collected $2 from pot
TinaTurner72: doesn't show hand
*** SUMMARY ***
Total pot $2 | Rake $0
Seat 1: TinaTurner72 (big blind) collected ($2)
Seat 2: RAFAELO_440 (button) (small blind) folded before Flop


PokerStars Hand #145073606786:  Hold'em Limit ($3/$6 USD) - 2015/12/09 10:33:06 ET
Table 'Lipperta' 2-max Seat #1 is the button
Seat 1: TinaTurner72 ($98.57 in chips)
Seat 2: RAFAELO_440 ($126.61 in chips)
TinaTurner72: posts small blind $1
RAFAELO_440: posts big blind $3
*** HOLE CARDS ***
TinaTurner72: raises $3 to $6
RAFAELO_440: folds
Uncalled bet ($3) returned to TinaTurner72
TinaTurner72 collected $6 from pot
TinaTurner72: doesn't show hand
*** SUMMARY ***
Total pot $6 | Rake $0
Seat 1: TinaTurner72 (button) (small blind) collected ($6)
Seat 2: RAFAELO_440 (big blind) folded before Flop


PokerStars Hand #145073596442:  Hold'em Limit ($3/$6 USD) - 2015/12/09 10:32:52 ET
Table 'Lipperta' 2-max Seat #2 is the button
Seat 1: TinaTurner72 ($104.57 in chips)
Seat 2: RAFAELO_440 ($120.85 in chips)
RAFAELO_440: posts small blind $1
TinaTurner72: posts big blind $3
*** HOLE CARDS ***
RAFAELO_440: raises $3 to $6
TinaTurner72: calls $3
*** FLOP *** [4c Ts 7c]
TinaTurner72: checks
RAFAELO_440: bets $3
TinaTurner72: folds
Uncalled bet ($3) returned to RAFAELO_440
RAFAELO_440 collected $11.76 from pot
RAFAELO_440: doesn't show hand
*** SUMMARY ***
Total pot $12 | Rake $0.24
Board [4c Ts 7c]
Seat 1: TinaTurner72 (big blind) folded on the Flop
Seat 2: RAFAELO_440 (button) (small blind) collected ($11.76)


PokerStars Hand #145073586076:  Hold'em Limit ($3/$6 USD) - 2015/12/09 10:32:38 ET
Table 'Lipperta' 2-max Seat #1 is the button
Seat 1: TinaTurner72 ($110.57 in chips)
Seat 2: RAFAELO_440 ($115.09 in chips)
TinaTurner72: posts small blind $1
RAFAELO_440: posts big blind $3
*** HOLE CARDS ***
TinaTurner72: raises $3 to $6
RAFAELO_440: calls $3
*** FLOP *** [2s 7d 4h]
RAFAELO_440: checks
TinaTurner72: checks
*** TURN *** [2s 7d 4h] [8s]
RAFAELO_440: bets $6
TinaTurner72: folds
Uncalled bet ($6) returned to RAFAELO_440
RAFAELO_440 collected $11.76 from pot
RAFAELO_440: doesn't show hand
*** SUMMARY ***
Total pot $12 | Rake $0.24
Board [2s 7d 4h 8s]
Seat 1: TinaTurner72 (button) (small blind) folded on the Turn
Seat 2: RAFAELO_440 (big blind) collected ($11.76)


