PokerStars Hand #174895212666:  Hold'em Limit ($3/$6 USD) - 2017/08/28 8:34:25 ET
Table 'Lipperta' 6-max Seat #3 is the button
Seat 3: Cowgirlgea ($30 in chips)
Seat 4: VolkovDmitri ($120 in chips)
Cowgirlgea: posts small blind $1
VolkovDmitri: posts big blind $3
*** HOLE CARDS ***
Cowgirlgea: folds
Uncalled bet ($2) returned to VolkovDmitri
VolkovDmitri collected $2 from pot
VolkovDmitri: doesn't show hand
*** SUMMARY ***
Total pot $2 | Rake $0
Seat 3: Cowgirlgea (button) (small blind) folded before Flop
Seat 4: VolkovDmitri (big blind) collected ($2)


PokerStars Hand #174895220632:  Hold'em Limit ($3/$6 USD) - 2017/08/28 8:34:42 ET
Table 'Lipperta' 6-max Seat #4 is the button
Seat 3: Cowgirlgea ($29 in chips)
Seat 4: VolkovDmitri ($121 in chips)
VolkovDmitri: posts small blind $1
Cowgirlgea: posts big blind $3
*** HOLE CARDS ***
VolkovDmitri: raises $3 to $6
Cowgirlgea: calls $3
*** FLOP *** [6d Tc 4c]
Cowgirlgea: checks
VolkovDmitri: bets $3
Cowgirlgea: folds
Uncalled bet ($3) returned to VolkovDmitri
VolkovDmitri collected $11.76 from pot
VolkovDmitri: doesn't show hand
*** SUMMARY ***
Total pot $12 | Rake $0.24
Board [6d Tc 4c]
Seat 3: Cowgirlgea (big blind) folded on the Flop
Seat 4: VolkovDmitri (button) (small blind) collected ($11.76)


PokerStars Hand #174895241338:  Hold'em Limit ($3/$6 USD) - 2017/08/28 8:35:27 ET
Table 'Lipperta' 6-max Seat #4 is the button
Seat 3: Cowgirlgea ($13 in chips)
Seat 4: VolkovDmitri ($136.52 in chips)
VolkovDmitri: posts small blind $1
Cowgirlgea: posts big blind $3
*** HOLE CARDS ***
VolkovDmitri: raises $3 to $6
Cowgirlgea: folds
Uncalled bet ($3) returned to VolkovDmitri
VolkovDmitri collected $6 from pot
VolkovDmitri: doesn't show hand
*** SUMMARY ***
Total pot $6 | Rake $0
Seat 3: Cowgirlgea (big blind) folded before Flop
Seat 4: VolkovDmitri (button) (small blind) collected ($6)


PokerStars Hand #174895239035:  Hold'em Limit ($3/$6 USD) - 2017/08/28 8:35:22 ET
Table 'Lipperta' 6-max Seat #3 is the button
Seat 3: Cowgirlgea ($14 in chips)
Seat 4: VolkovDmitri ($135.52 in chips)
Cowgirlgea: posts small blind $1
VolkovDmitri: posts big blind $3
*** HOLE CARDS ***
Cowgirlgea: folds
Uncalled bet ($2) returned to VolkovDmitri
VolkovDmitri collected $2 from pot
VolkovDmitri: doesn't show hand
*** SUMMARY ***
Total pot $2 | Rake $0
Seat 3: Cowgirlgea (button) (small blind) folded before Flop
Seat 4: VolkovDmitri (big blind) collected ($2)


PokerStars Hand #174895244241:  Hold'em Limit ($3/$6 USD) - 2017/08/28 8:35:34 ET
Table 'Lipperta' 6-max Seat #3 is the button
Seat 3: Cowgirlgea ($10 in chips)
Seat 4: VolkovDmitri ($139.52 in chips)
Cowgirlgea: posts small blind $1
VolkovDmitri: posts big blind $3
*** HOLE CARDS ***
Cowgirlgea: raises $3 to $6
VolkovDmitri: calls $3
*** FLOP *** [Td Kd Qd]
VolkovDmitri: checks
Cowgirlgea: bets $3
VolkovDmitri: raises $3 to $6
Cowgirlgea: calls $1 and is all-in
Uncalled bet ($2) returned to VolkovDmitri
*** TURN *** [Td Kd Qd] [5h]
*** RIVER *** [Td Kd Qd 5h] [3d]
*** SHOW DOWN ***
VolkovDmitri: shows [6d 9c] (a flush, King high)
Cowgirlgea: shows [Kc 6s] (a pair of Kings)
VolkovDmitri collected $19.60 from pot
*** SUMMARY ***
Total pot $20 | Rake $0.40
Board [Td Kd Qd 5h 3d]
Seat 3: Cowgirlgea (button) (small blind) showed [Kc 6s] and lost with a pair of Kings
Seat 4: VolkovDmitri (big blind) showed [6d 9c] and won ($19.60) with a flush, King high


PokerStars Hand #174895235333:  Hold'em Limit ($3/$6 USD) - 2017/08/28 8:35:14 ET
Table 'Lipperta' 6-max Seat #4 is the button
Seat 3: Cowgirlgea ($17 in chips)
Seat 4: VolkovDmitri ($132.52 in chips)
VolkovDmitri: posts small blind $1
Cowgirlgea: posts big blind $3
*** HOLE CARDS ***
VolkovDmitri: raises $3 to $6
Cowgirlgea: folds
Uncalled bet ($3) returned to VolkovDmitri
VolkovDmitri collected $6 from pot
VolkovDmitri: doesn't show hand
*** SUMMARY ***
Total pot $6 | Rake $0
Seat 3: Cowgirlgea (big blind) folded before Flop
Seat 4: VolkovDmitri (button) (small blind) collected ($6)


PokerStars Hand #174895229792:  Hold'em Limit ($3/$6 USD) - 2017/08/28 8:35:02 ET
Table 'Lipperta' 6-max Seat #3 is the button
Seat 3: Cowgirlgea ($23 in chips)
Seat 4: VolkovDmitri ($126.76 in chips)
Cowgirlgea: posts small blind $1
VolkovDmitri: posts big blind $3
*** HOLE CARDS ***
Cowgirlgea: calls $2
VolkovDmitri: raises $3 to $6
Cowgirlgea: calls $3
*** FLOP *** [4d Ah 9h]
VolkovDmitri: bets $3
Cowgirlgea: folds
Uncalled bet ($3) returned to VolkovDmitri
VolkovDmitri collected $11.76 from pot
VolkovDmitri: doesn't show hand
*** SUMMARY ***
Total pot $12 | Rake $0.24
Board [4d Ah 9h]
Seat 3: Cowgirlgea (button) (small blind) folded on the Flop
Seat 4: VolkovDmitri (big blind) collected ($11.76)


PokerStars Hand #174895259688:  Hold'em Limit ($3/$6 USD) - 2017/08/28 8:36:07 ET
Table 'Lipperta' 6-max Seat #4 is the button
Seat 3: Cowgirlgea ($30 in chips)
Seat 4: VolkovDmitri ($149.12 in chips)
VolkovDmitri: posts small blind $1
Cowgirlgea: posts big blind $3
*** HOLE CARDS ***
VolkovDmitri: raises $3 to $6
Cowgirlgea: calls $3
*** FLOP *** [4d Ad 5s]
Cowgirlgea: checks
VolkovDmitri: bets $3
Cowgirlgea: calls $3
*** TURN *** [4d Ad 5s] [Ah]
Cowgirlgea: checks
VolkovDmitri: checks
*** RIVER *** [4d Ad 5s Ah] [6d]
Cowgirlgea: checks
VolkovDmitri: checks
*** SHOW DOWN ***
Cowgirlgea: shows [Kc Qs] (a pair of Aces)
VolkovDmitri: mucks hand
Cowgirlgea collected $17.64 from pot
*** SUMMARY ***
Total pot $18 | Rake $0.36
Board [4d Ad 5s Ah 6d]
Seat 3: Cowgirlgea (big blind) showed [Kc Qs] and won ($17.64) with a pair of Aces
Seat 4: VolkovDmitri (button) (small blind) mucked


PokerStars Hand #174895297509:  Hold'em Limit ($3/$6 USD) - 2017/08/28 8:37:30 ET
Table 'Lipperta' 6-max Seat #4 is the button
Seat 3: Cowgirlgea ($11.64 in chips)
Seat 4: VolkovDmitri ($166.62 in chips)
VolkovDmitri: posts small blind $1
Cowgirlgea: posts big blind $3
*** HOLE CARDS ***
VolkovDmitri: raises $3 to $6
Cowgirlgea: calls $3
*** FLOP *** [5d 3c Ad]
Cowgirlgea: checks
VolkovDmitri: bets $3
Cowgirlgea: folds
Uncalled bet ($3) returned to VolkovDmitri
VolkovDmitri collected $11.76 from pot
VolkovDmitri: doesn't show hand
*** SUMMARY ***
Total pot $12 | Rake $0.24
Board [5d 3c Ad]
Seat 3: Cowgirlgea (big blind) folded on the Flop
Seat 4: VolkovDmitri (button) (small blind) collected ($11.76)


PokerStars Hand #174895276480:  Hold'em Limit ($3/$6 USD) - 2017/08/28 8:36:44 ET
Table 'Lipperta' 6-max Seat #3 is the button
Seat 3: Cowgirlgea ($38.64 in chips)
Seat 4: VolkovDmitri ($140.12 in chips)
Cowgirlgea: posts small blind $1
VolkovDmitri: posts big blind $3
*** HOLE CARDS ***
Cowgirlgea: raises $3 to $6
VolkovDmitri: calls $3
*** FLOP *** [4d 5h 4s]
VolkovDmitri: checks
Cowgirlgea: bets $3
VolkovDmitri: calls $3
*** TURN *** [4d 5h 4s] [Qs]
VolkovDmitri: checks
Cowgirlgea: bets $6
VolkovDmitri: raises $6 to $12
Cowgirlgea: calls $6
*** RIVER *** [4d 5h 4s Qs] [9c]
VolkovDmitri: bets $6
Cowgirlgea: calls $6
*** SHOW DOWN ***
VolkovDmitri: shows [Qc 6c] (two pair, Queens and Fours)
Cowgirlgea: mucks hand
VolkovDmitri collected $53.50 from pot
*** SUMMARY ***
Total pot $54 | Rake $0.50
Board [4d 5h 4s Qs 9c]
Seat 3: Cowgirlgea (button) (small blind) mucked
Seat 4: VolkovDmitri (big blind) showed [Qc 6c] and won ($53.50) with two pair, Queens and Fours


PokerStars Hand #174895312049:  Hold'em Limit ($3/$6 USD) - 2017/08/28 8:38:01 ET
Table 'Lipperta' 6-max Seat #3 is the button
Seat 3: Cowgirlgea ($53.46 in chips)
Seat 4: VolkovDmitri ($172.38 in chips)
Cowgirlgea: posts small blind $1
VolkovDmitri: posts big blind $3
*** HOLE CARDS ***
Cowgirlgea: calls $2
VolkovDmitri: raises $3 to $6
Cowgirlgea: calls $3
*** FLOP *** [Ad 9d 8c]
VolkovDmitri: bets $3
Cowgirlgea: calls $3
*** TURN *** [Ad 9d 8c] [Kc]
VolkovDmitri: bets $6
Cowgirlgea: raises $6 to $12
VolkovDmitri: calls $6
*** RIVER *** [Ad 9d 8c Kc] [Qd]
VolkovDmitri: checks
Cowgirlgea: bets $6
VolkovDmitri: calls $6
*** SHOW DOWN ***
Cowgirlgea: shows [9h Ac] (two pair, Aces and Nines)
VolkovDmitri: mucks hand
Cowgirlgea collected $53.50 from pot
*** SUMMARY ***
Total pot $54 | Rake $0.50
Board [Ad 9d 8c Kc Qd]
Seat 3: Cowgirlgea (button) (small blind) showed [9h Ac] and won ($53.50) with two pair, Aces and Nines
Seat 4: VolkovDmitri (big blind) mucked


PokerStars Hand #174895333588:  Hold'em Limit ($3/$6 USD) - 2017/08/28 8:38:48 ET
Table 'Lipperta' 6-max Seat #3 is the button
Seat 3: Cowgirlgea ($88.60 in chips)
Seat 4: VolkovDmitri ($136.38 in chips)
Cowgirlgea: posts small blind $1
VolkovDmitri: posts big blind $3
*** HOLE CARDS ***
Cowgirlgea: calls $2
VolkovDmitri: raises $3 to $6
Cowgirlgea: calls $3
*** FLOP *** [8c 7h 4d]
VolkovDmitri: bets $3
Cowgirlgea: folds
Uncalled bet ($3) returned to VolkovDmitri
VolkovDmitri collected $11.76 from pot
VolkovDmitri: doesn't show hand
*** SUMMARY ***
Total pot $12 | Rake $0.24
Board [8c 7h 4d]
Seat 3: Cowgirlgea (button) (small blind) folded on the Flop
Seat 4: VolkovDmitri (big blind) collected ($11.76)


PokerStars Hand #174895322743:  Hold'em Limit ($3/$6 USD) - 2017/08/28 8:38:24 ET
Table 'Lipperta' 6-max Seat #4 is the button
Seat 3: Cowgirlgea ($79.96 in chips)
Seat 4: VolkovDmitri ($145.38 in chips)
VolkovDmitri: posts small blind $1
Cowgirlgea: posts big blind $3
*** HOLE CARDS ***
VolkovDmitri: raises $3 to $6
Cowgirlgea: raises $3 to $9
VolkovDmitri: calls $3
*** FLOP *** [2s Ks 2h]
Cowgirlgea: checks
VolkovDmitri: checks
*** TURN *** [2s Ks 2h] [3c]
Cowgirlgea: bets $6
VolkovDmitri: folds
Uncalled bet ($6) returned to Cowgirlgea
Cowgirlgea collected $17.64 from pot
Cowgirlgea: doesn't show hand
*** SUMMARY ***
Total pot $18 | Rake $0.36
Board [2s Ks 2h 3c]
Seat 3: Cowgirlgea (big blind) collected ($17.64)
Seat 4: VolkovDmitri (button) (small blind) folded on the Turn


PokerStars Hand #174895340310:  Hold'em Limit ($3/$6 USD) - 2017/08/28 8:39:02 ET
Table 'Lipperta' 6-max Seat #4 is the button
Seat 3: Cowgirlgea ($82.60 in chips)
Seat 4: VolkovDmitri ($142.14 in chips)
VolkovDmitri: posts small blind $1
Cowgirlgea: posts big blind $3
*** HOLE CARDS ***
VolkovDmitri: raises $3 to $6
Cowgirlgea: calls $3
*** FLOP *** [Kd 9h 4c]
Cowgirlgea: checks
VolkovDmitri: bets $3
Cowgirlgea: folds
Uncalled bet ($3) returned to VolkovDmitri
VolkovDmitri collected $11.76 from pot
VolkovDmitri: doesn't show hand
*** SUMMARY ***
Total pot $12 | Rake $0.24
Board [Kd 9h 4c]
Seat 3: Cowgirlgea (big blind) folded on the Flop
Seat 4: VolkovDmitri (button) (small blind) collected ($11.76)


PokerStars Hand #174895348286:  Hold'em Limit ($3/$6 USD) - 2017/08/28 8:39:19 ET
Table 'Lipperta' 6-max Seat #3 is the button
Seat 3: Cowgirlgea ($76.60 in chips)
Seat 4: VolkovDmitri ($147.90 in chips)
Cowgirlgea: posts small blind $1
VolkovDmitri: posts big blind $3
*** HOLE CARDS ***
Cowgirlgea: folds
Uncalled bet ($2) returned to VolkovDmitri
VolkovDmitri collected $2 from pot
VolkovDmitri: doesn't show hand
*** SUMMARY ***
Total pot $2 | Rake $0
Seat 3: Cowgirlgea (button) (small blind) folded before Flop
Seat 4: VolkovDmitri (big blind) collected ($2)


PokerStars Hand #174895374552:  Hold'em Limit ($3/$6 USD) - 2017/08/28 8:40:15 ET
Table 'Lipperta' 6-max Seat #4 is the button
Seat 3: Cowgirlgea ($51.60 in chips)
Seat 4: VolkovDmitri ($172.40 in chips)
VolkovDmitri: posts small blind $1
Cowgirlgea: posts big blind $3
*** HOLE CARDS ***
VolkovDmitri: folds
Uncalled bet ($2) returned to Cowgirlgea
Cowgirlgea collected $2 from pot
Cowgirlgea: doesn't show hand
*** SUMMARY ***
Total pot $2 | Rake $0
Seat 3: Cowgirlgea (big blind) collected ($2)
Seat 4: VolkovDmitri (button) (small blind) folded before Flop


PokerStars Hand #174895371151:  Hold'em Limit ($3/$6 USD) - 2017/08/28 8:40:08 ET
Table 'Lipperta' 6-max Seat #3 is the button
Seat 3: Cowgirlgea ($48.60 in chips)
Seat 4: VolkovDmitri ($175.40 in chips)
Cowgirlgea: posts small blind $1
VolkovDmitri: posts big blind $3
*** HOLE CARDS ***
Cowgirlgea: raises $3 to $6
VolkovDmitri: folds
Uncalled bet ($3) returned to Cowgirlgea
Cowgirlgea collected $6 from pot
Cowgirlgea: doesn't show hand
*** SUMMARY ***
Total pot $6 | Rake $0
Seat 3: Cowgirlgea (button) (small blind) collected ($6)
Seat 4: VolkovDmitri (big blind) folded before Flop


PokerStars Hand #174895393308:  Hold'em Limit ($3/$6 USD) - 2017/08/28 8:40:55 ET
Table 'Lipperta' 6-max Seat #4 is the button
Seat 3: Cowgirlgea ($43.60 in chips)
Seat 4: VolkovDmitri ($180.04 in chips)
VolkovDmitri: posts small blind $1
Cowgirlgea: posts big blind $3
*** HOLE CARDS ***
VolkovDmitri: raises $3 to $6
Cowgirlgea: folds
Uncalled bet ($3) returned to VolkovDmitri
VolkovDmitri collected $6 from pot
VolkovDmitri: doesn't show hand
*** SUMMARY ***
Total pot $6 | Rake $0
Seat 3: Cowgirlgea (big blind) folded before Flop
Seat 4: VolkovDmitri (button) (small blind) collected ($6)


PokerStars Hand #174895378926:  Hold'em Limit ($3/$6 USD) - 2017/08/28 8:40:25 ET
Table 'Lipperta' 6-max Seat #3 is the button
Seat 3: Cowgirlgea ($52.60 in chips)
Seat 4: VolkovDmitri ($171.40 in chips)
Cowgirlgea: posts small blind $1
VolkovDmitri: posts big blind $3
*** HOLE CARDS ***
Cowgirlgea: calls $2
VolkovDmitri: raises $3 to $6
Cowgirlgea: calls $3
*** FLOP *** [8c Kh 7d]
VolkovDmitri: bets $3
Cowgirlgea: calls $3
*** TURN *** [8c Kh 7d] [8s]
VolkovDmitri: checks
Cowgirlgea: checks
*** RIVER *** [8c Kh 7d 8s] [Qh]
VolkovDmitri: bets $6
Cowgirlgea: folds
Uncalled bet ($6) returned to VolkovDmitri
VolkovDmitri collected $17.64 from pot
VolkovDmitri: doesn't show hand
*** SUMMARY ***
Total pot $18 | Rake $0.36
Board [8c Kh 7d 8s Qh]
Seat 3: Cowgirlgea (button) (small blind) folded on the River
Seat 4: VolkovDmitri (big blind) collected ($17.64)


PokerStars Hand #174895396288:  Hold'em Limit ($3/$6 USD) - 2017/08/28 8:41:02 ET
Table 'Lipperta' 6-max Seat #3 is the button
Seat 3: Cowgirlgea ($40.60 in chips)
Seat 4: VolkovDmitri ($183.04 in chips)
Cowgirlgea: posts small blind $1
VolkovDmitri: posts big blind $3
*** HOLE CARDS ***
Cowgirlgea: raises $3 to $6
VolkovDmitri: calls $3
*** FLOP *** [2d 2s 8h]
VolkovDmitri: checks
Cowgirlgea: checks
*** TURN *** [2d 2s 8h] [Tc]
VolkovDmitri: checks
Cowgirlgea: bets $6
VolkovDmitri: folds
Uncalled bet ($6) returned to Cowgirlgea
Cowgirlgea collected $11.76 from pot
Cowgirlgea: doesn't show hand
*** SUMMARY ***
Total pot $12 | Rake $0.24
Board [2d 2s 8h Tc]
Seat 3: Cowgirlgea (button) (small blind) collected ($11.76)
Seat 4: VolkovDmitri (big blind) folded on the Turn


PokerStars Hand #174895436157:  Hold'em Limit ($3/$6 USD) - 2017/08/28 8:42:26 ET
Table 'Lipperta' 6-max Seat #3 is the button
Seat 3: Cowgirlgea ($7.36 in chips)
Seat 4: VolkovDmitri ($215.54 in chips)
Cowgirlgea: posts small blind $1
VolkovDmitri: posts big blind $3
*** HOLE CARDS ***
Cowgirlgea: raises $3 to $6
VolkovDmitri: raises $3 to $9
Cowgirlgea: calls $1.36 and is all-in
Uncalled bet ($1.64) returned to VolkovDmitri
*** FLOP *** [6d 5c 4h]
*** TURN *** [6d 5c 4h] [3d]
*** RIVER *** [6d 5c 4h 3d] [7h]
*** SHOW DOWN ***
VolkovDmitri: shows [2h 2d] (a straight, Three to Seven)
Cowgirlgea: shows [5d 9s] (a straight, Three to Seven)
VolkovDmitri collected $7.22 from pot
Cowgirlgea collected $7.21 from pot
*** SUMMARY ***
Total pot $14.72 | Rake $0.29
Board [6d 5c 4h 3d 7h]
Seat 3: Cowgirlgea (button) (small blind) showed [5d 9s] and won ($7.21) with a straight, Three to Seven
Seat 4: VolkovDmitri (big blind) showed [2h 2d] and won ($7.22) with a straight, Three to Seven


PokerStars Hand #174895442118:  Hold'em Limit ($3/$6 USD) - 2017/08/28 8:42:39 ET
Table 'Lipperta' 6-max Seat #4 is the button
Seat 3: Cowgirlgea ($7.21 in chips)
Seat 4: VolkovDmitri ($215.40 in chips)
VolkovDmitri: posts small blind $1
Cowgirlgea: posts big blind $3
*** HOLE CARDS ***
VolkovDmitri: raises $3 to $6
Cowgirlgea: raises $1.21 to $7.21 and is all-in
VolkovDmitri: calls $1.21
*** FLOP *** [2s 6d 8h]
*** TURN *** [2s 6d 8h] [Js]
*** RIVER *** [2s 6d 8h Js] [Ah]
*** SHOW DOWN ***
Cowgirlgea: shows [2d Qd] (a pair of Deuces)
VolkovDmitri: shows [7s 9d] (high card Ace)
Cowgirlgea collected $14.13 from pot
*** SUMMARY ***
Total pot $14.42 | Rake $0.29
Board [2s 6d 8h Js Ah]
Seat 3: Cowgirlgea (big blind) showed [2d Qd] and won ($14.13) with a pair of Deuces
Seat 4: VolkovDmitri (button) (small blind) showed [7s 9d] and lost with high card Ace


PokerStars Hand #174895412912:  Hold'em Limit ($3/$6 USD) - 2017/08/28 8:41:37 ET
Table 'Lipperta' 6-max Seat #4 is the button
Seat 3: Cowgirlgea ($46.36 in chips)
Seat 4: VolkovDmitri ($177.04 in chips)
VolkovDmitri: posts small blind $1
Cowgirlgea: posts big blind $3
*** HOLE CARDS ***
VolkovDmitri: raises $3 to $6
Cowgirlgea: calls $3
*** FLOP *** [7s 4h 6h]
Cowgirlgea: checks
VolkovDmitri: bets $3
Cowgirlgea: calls $3
*** TURN *** [7s 4h 6h] [4s]
Cowgirlgea: checks
VolkovDmitri: bets $6
Cowgirlgea: calls $6
*** RIVER *** [7s 4h 6h 4s] [5s]
Cowgirlgea: bets $6
VolkovDmitri: raises $6 to $12
Cowgirlgea: raises $6 to $18
VolkovDmitri: raises $6 to $24
Betting is capped
Cowgirlgea: calls $6
*** SHOW DOWN ***
VolkovDmitri: shows [6s 4d] (a full house, Fours full of Sixes)
Cowgirlgea: mucks hand
VolkovDmitri collected $77.50 from pot
*** SUMMARY ***
Total pot $78 | Rake $0.50
Board [7s 4h 6h 4s 5s]
Seat 3: Cowgirlgea (big blind) mucked
Seat 4: VolkovDmitri (button) (small blind) showed [6s 4d] and won ($77.50) with a full house, Fours full of Sixes


