PokerStars Hand #169052867546:  Hold'em Limit ($3/$6 USD) - 2017/04/14 20:37:32 ET
Table 'Liriope II' 6-max Seat #1 is the button
Seat 1: apx0surry9 ($120 in chips)
Seat 5: krytalex ($120 in chips)
apx0surry9: posts small blind $1
krytalex: posts big blind $3
*** HOLE CARDS ***
apx0surry9: raises $3 to $6
krytalex: calls $3
*** FLOP *** [Ks Th 9d]
krytalex: checks
apx0surry9: bets $3
krytalex: folds
Uncalled bet ($3) returned to apx0surry9
apx0surry9 collected $11.76 from pot
apx0surry9: doesn't show hand
*** SUMMARY ***
Total pot $12 | Rake $0.24
Board [Ks Th 9d]
Seat 1: apx0surry9 (button) (small blind) collected ($11.76)
Seat 5: krytalex (big blind) folded on the Flop


PokerStars Hand #169052893974:  Hold'em Limit ($3/$6 USD) - 2017/04/14 20:38:26 ET
Table 'Liriope II' 6-max Seat #5 is the button
Seat 1: apx0surry9 ($125.76 in chips)
Seat 5: krytalex ($114 in chips)
krytalex: posts small blind $1
apx0surry9: posts big blind $3
*** HOLE CARDS ***
apx0surry9 said, "faster"
krytalex: raises $3 to $6
apx0surry9: folds
Uncalled bet ($3) returned to krytalex
krytalex collected $6 from pot
*** SUMMARY ***
Total pot $6 | Rake $0
Seat 1: apx0surry9 (big blind) folded before Flop
Seat 5: krytalex (button) (small blind) collected ($6)


PokerStars Hand #169052908009:  Hold'em Limit ($3/$6 USD) - 2017/04/14 20:38:54 ET
Table 'Liriope II' 6-max Seat #1 is the button
Seat 1: apx0surry9 ($122.76 in chips)
Seat 5: krytalex ($117 in chips)
apx0surry9: posts small blind $1
krytalex: posts big blind $3
*** HOLE CARDS ***
apx0surry9: raises $3 to $6
krytalex: calls $3
*** FLOP *** [Jd Js Jc]
krytalex: checks
apx0surry9 said, "(tilt)faster"
apx0surry9: bets $3
krytalex: calls $3
*** TURN *** [Jd Js Jc] [8d]
krytalex: checks
apx0surry9: bets $6
krytalex: calls $6
*** RIVER *** [Jd Js Jc 8d] [9c]
krytalex: checks
apx0surry9 said, "k(tilt)"
apx0surry9: bets $6
krytalex: folds
Uncalled bet ($6) returned to apx0surry9
apx0surry9 collected $29.50 from pot
apx0surry9: doesn't show hand
*** SUMMARY ***
Total pot $30 | Rake $0.50
Board [Jd Js Jc 8d 9c]
Seat 1: apx0surry9 (button) (small blind) collected ($29.50)
Seat 5: krytalex (big blind) folded on the River


PokerStars Hand #169053406726:  Hold'em Limit ($3/$6 USD) - 2017/04/14 20:55:44 ET
Table 'Liriope II' 6-max Seat #5 is the button
Seat 3: GlamDragon ($150 in chips)
Seat 5: krytalex ($102 in chips)
krytalex: posts small blind $1
GlamDragon: posts big blind $3
*** HOLE CARDS ***
krytalex: raises $3 to $6
GlamDragon: folds
Uncalled bet ($3) returned to krytalex
krytalex collected $6 from pot
*** SUMMARY ***
Total pot $6 | Rake $0
Seat 3: GlamDragon (big blind) folded before Flop
Seat 5: krytalex (button) (small blind) collected ($6)


PokerStars Hand #169053410831:  Hold'em Limit ($3/$6 USD) - 2017/04/14 20:55:54 ET
Table 'Liriope II' 6-max Seat #3 is the button
Seat 3: GlamDragon ($147 in chips)
Seat 5: krytalex ($105 in chips)
GlamDragon: posts small blind $1
krytalex: posts big blind $3
*** HOLE CARDS ***
GlamDragon: raises $3 to $6
Donald joins the table at seat #1
krytalex: calls $3
*** FLOP *** [6s Jd Qh]
krytalex: checks
GlamDragon: bets $3
krytalex: raises $3 to $6
GlamDragon: calls $3
*** TURN *** [6s Jd Qh] [Ts]
krytalex: bets $6
GlamDragon: folds
Uncalled bet ($6) returned to krytalex
krytalex collected $23.52 from pot
*** SUMMARY ***
Total pot $24 | Rake $0.48
Board [6s Jd Qh Ts]
Seat 3: GlamDragon (button) (small blind) folded on the Turn
Seat 5: krytalex (big blind) collected ($23.52)


PokerStars Hand #169058240876:  Hold'em Limit ($3/$6 USD) - 2017/04/15 0:31:49 ET
Table 'Liriope II' 6-max Seat #3 is the button
Seat 1: Donald ($713.24 in chips)
Seat 3: Chessnok ($347.68 in chips)
Chessnok: posts small blind $1
Donald: posts big blind $3
*** HOLE CARDS ***
Chessnok: raises $3 to $6
ElverGalinda leaves the table
Donald: raises $3 to $9
Chessnok: calls $3
*** FLOP *** [2s 2h 8s]
Donald: bets $3
Chessnok: calls $3
*** TURN *** [2s 2h 8s] [7h]
Donald: bets $6
Chessnok: folds
Uncalled bet ($6) returned to Donald
Donald collected $23.52 from pot
Donald: doesn't show hand
*** SUMMARY ***
Total pot $24 | Rake $0.48
Board [2s 2h 8s 7h]
Seat 1: Donald (big blind) collected ($23.52)
Seat 3: Chessnok (button) (small blind) folded on the Turn


