PokerStars Hand #171772194956:  Hold'em Limit ($3/$6 USD) - 2017/06/14 14:13:56 ET
Table 'Liriope II' 6-max Seat #6 is the button
Seat 5: krytalex ($120 in chips)
Seat 6: JohnnyDepp ($71 in chips)
JohnnyDepp: posts small blind $1
krytalex: posts big blind $3
*** HOLE CARDS ***
JohnnyDepp: raises $3 to $6
krytalex: folds
Uncalled bet ($3) returned to JohnnyDepp
JohnnyDepp collected $6 from pot
JohnnyDepp: doesn't show hand
*** SUMMARY ***
Total pot $6 | Rake $0
Seat 5: krytalex (big blind) folded before Flop
Seat 6: JohnnyDepp (button) (small blind) collected ($6)


PokerStars Hand #171772226398:  Hold'em Limit ($3/$6 USD) - 2017/06/14 14:14:39 ET
Table 'Liriope II' 6-max Seat #6 is the button
Seat 5: krytalex ($93 in chips)
Seat 6: JohnnyDepp ($97.50 in chips)
JohnnyDepp: posts small blind $1
krytalex: posts big blind $3
*** HOLE CARDS ***
JohnnyDepp: folds
Uncalled bet ($2) returned to krytalex
krytalex collected $2 from pot
*** SUMMARY ***
Total pot $2 | Rake $0
Seat 5: krytalex (big blind) collected ($2)
Seat 6: JohnnyDepp (button) (small blind) folded before Flop


PokerStars Hand #171772200877:  Hold'em Limit ($3/$6 USD) - 2017/06/14 14:14:04 ET
Table 'Liriope II' 6-max Seat #5 is the button
Seat 5: krytalex ($117 in chips)
Seat 6: JohnnyDepp ($74 in chips)
krytalex: posts small blind $1
JohnnyDepp: posts big blind $3
*** HOLE CARDS ***
krytalex: raises $3 to $6
vestimokrec joins the table at seat #1
JohnnyDepp: calls $3
*** FLOP *** [Tc Js 8h]
JohnnyDepp: checks
krytalex: bets $3
JohnnyDepp: raises $3 to $6
krytalex: calls $3
*** TURN *** [Tc Js 8h] [7d]
JohnnyDepp: bets $6
krytalex: calls $6
*** RIVER *** [Tc Js 8h 7d] [4s]
JohnnyDepp: bets $6
krytalex: calls $6
*** SHOW DOWN ***
JohnnyDepp: shows [9c Kh] (a straight, Seven to Jack)
krytalex: mucks hand
JohnnyDepp collected $47.50 from pot
*** SUMMARY ***
Total pot $48 | Rake $0.50
Board [Tc Js 8h 7d 4s]
Seat 5: krytalex (button) (small blind) mucked
Seat 6: JohnnyDepp (big blind) showed [9c Kh] and won ($47.50) with a straight, Seven to Jack


PokerStars Hand #171772230646:  Hold'em Limit ($3/$6 USD) - 2017/06/14 14:14:45 ET
Table 'Liriope II' 6-max Seat #5 is the button
Seat 5: krytalex ($94 in chips)
Seat 6: JohnnyDepp ($96.50 in chips)
krytalex: posts small blind $1
JohnnyDepp: posts big blind $3
*** HOLE CARDS ***
krytalex: raises $3 to $6
JohnnyDepp: calls $3
*** FLOP *** [5c Tc Jd]
JohnnyDepp: checks
krytalex: bets $3
JohnnyDepp: folds
Uncalled bet ($3) returned to krytalex
krytalex collected $11.76 from pot
*** SUMMARY ***
Total pot $12 | Rake $0.24
Board [5c Tc Jd]
Seat 5: krytalex (button) (small blind) collected ($11.76)
Seat 6: JohnnyDepp (big blind) folded on the Flop


PokerStars Hand #171772249056:  Hold'em Limit ($3/$6 USD) - 2017/06/14 14:15:10 ET
Table 'Liriope II' 6-max Seat #5 is the button
Seat 5: krytalex ($93.76 in chips)
Seat 6: JohnnyDepp ($96.26 in chips)
krytalex: posts small blind $1
JohnnyDepp: posts big blind $3
*** HOLE CARDS ***
krytalex: raises $3 to $6
JohnnyDepp: folds
Uncalled bet ($3) returned to krytalex
krytalex collected $6 from pot
*** SUMMARY ***
Total pot $6 | Rake $0
Seat 5: krytalex (button) (small blind) collected ($6)
Seat 6: JohnnyDepp (big blind) folded before Flop


PokerStars Hand #171772238719:  Hold'em Limit ($3/$6 USD) - 2017/06/14 14:14:56 ET
Table 'Liriope II' 6-max Seat #6 is the button
Seat 5: krytalex ($99.76 in chips)
Seat 6: JohnnyDepp ($90.50 in chips)
JohnnyDepp: posts small blind $1
krytalex: posts big blind $3
*** HOLE CARDS ***
JohnnyDepp: raises $3 to $6
krytalex: calls $3
*** FLOP *** [Ac 4c 6h]
krytalex: checks
JohnnyDepp: bets $3
krytalex: folds
Uncalled bet ($3) returned to JohnnyDepp
JohnnyDepp collected $11.76 from pot
JohnnyDepp: doesn't show hand
*** SUMMARY ***
Total pot $12 | Rake $0.24
Board [Ac 4c 6h]
Seat 5: krytalex (big blind) folded on the Flop
Seat 6: JohnnyDepp (button) (small blind) collected ($11.76)


PokerStars Hand #171772253212:  Hold'em Limit ($3/$6 USD) - 2017/06/14 14:15:15 ET
Table 'Liriope II' 6-max Seat #6 is the button
Seat 5: krytalex ($96.76 in chips)
Seat 6: JohnnyDepp ($93.26 in chips)
JohnnyDepp: posts small blind $1
krytalex: posts big blind $3
*** HOLE CARDS ***
JohnnyDepp: folds
Uncalled bet ($2) returned to krytalex
krytalex collected $2 from pot
*** SUMMARY ***
Total pot $2 | Rake $0
Seat 5: krytalex (big blind) collected ($2)
Seat 6: JohnnyDepp (button) (small blind) folded before Flop


PokerStars Hand #171772257567:  Hold'em Limit ($3/$6 USD) - 2017/06/14 14:15:22 ET
Table 'Liriope II' 6-max Seat #5 is the button
Seat 5: krytalex ($97.76 in chips)
Seat 6: JohnnyDepp ($92.26 in chips)
krytalex: posts small blind $1
JohnnyDepp: posts big blind $3
*** HOLE CARDS ***
krytalex: raises $3 to $6
JohnnyDepp: calls $3
*** FLOP *** [Ah 5d Kc]
JohnnyDepp: checks
krytalex: bets $3
JohnnyDepp: raises $3 to $6
krytalex: calls $3
*** TURN *** [Ah 5d Kc] [3h]
JohnnyDepp: checks
krytalex: checks
*** RIVER *** [Ah 5d Kc 3h] [4d]
JohnnyDepp: checks
krytalex: checks
*** SHOW DOWN ***
JohnnyDepp: shows [8s Jc] (high card Ace)
krytalex: shows [Tc 5h] (a pair of Fives)
krytalex collected $23.52 from pot
*** SUMMARY ***
Total pot $24 | Rake $0.48
Board [Ah 5d Kc 3h 4d]
Seat 5: krytalex (button) (small blind) showed [Tc 5h] and won ($23.52) with a pair of Fives
Seat 6: JohnnyDepp (big blind) showed [8s Jc] and lost with high card Ace


PokerStars Hand #171772275165:  Hold'em Limit ($3/$6 USD) - 2017/06/14 14:15:46 ET
Table 'Liriope II' 6-max Seat #6 is the button
Seat 5: krytalex ($109.28 in chips)
Seat 6: JohnnyDepp ($80.26 in chips)
JohnnyDepp: posts small blind $1
krytalex: posts big blind $3
*** HOLE CARDS ***
JohnnyDepp: raises $3 to $6
krytalex: calls $3
*** FLOP *** [4s 8s 6d]
krytalex: checks
JohnnyDepp: checks
*** TURN *** [4s 8s 6d] [5s]
krytalex: bets $6
JohnnyDepp: calls $6
*** RIVER *** [4s 8s 6d 5s] [4c]
krytalex: bets $6
JohnnyDepp: calls $6
*** SHOW DOWN ***
krytalex: shows [2s 3s] (a flush, Eight high)
JohnnyDepp: mucks hand
krytalex collected $35.50 from pot
RaisemyNut$ joins the table at seat #2
*** SUMMARY ***
Total pot $36 | Rake $0.50
Board [4s 8s 6d 5s 4c]
Seat 5: krytalex (big blind) showed [2s 3s] and won ($35.50) with a flush, Eight high
Seat 6: JohnnyDepp (button) (small blind) mucked


PokerStars Hand #171772289278:  Hold'em Limit ($3/$6 USD) - 2017/06/14 14:16:05 ET
Table 'Liriope II' 6-max Seat #5 is the button
Seat 5: krytalex ($126.78 in chips)
Seat 6: JohnnyDepp ($62.26 in chips)
krytalex: posts small blind $1
JohnnyDepp: posts big blind $3
*** HOLE CARDS ***
krytalex: folds
Uncalled bet ($2) returned to JohnnyDepp
JohnnyDepp collected $2 from pot
JohnnyDepp: doesn't show hand
*** SUMMARY ***
Total pot $2 | Rake $0
Seat 5: krytalex (button) (small blind) folded before Flop
Seat 6: JohnnyDepp (big blind) collected ($2)


PokerStars Hand #171772356439:  Hold'em Limit ($3/$6 USD) - 2017/06/14 14:17:35 ET
Table 'Liriope II' 6-max Seat #2 is the button
Seat 2: RaisemyNut$ ($114 in chips)
Seat 6: JohnnyDepp ($33.26 in chips)
RaisemyNut$: posts small blind $1
krytalex: is sitting out
JohnnyDepp: posts big blind $3
*** HOLE CARDS ***
RaisemyNut$: raises $3 to $6
krytalex leaves the table
JohnnyDepp: folds
Uncalled bet ($3) returned to RaisemyNut$
RaisemyNut$ collected $6 from pot
RaisemyNut$: doesn't show hand
*** SUMMARY ***
Total pot $6 | Rake $0
Seat 2: RaisemyNut$ (button) (small blind) collected ($6)
Seat 6: JohnnyDepp (big blind) folded before Flop


PokerStars Hand #171772402569:  Hold'em Limit ($3/$6 USD) - 2017/06/14 14:18:38 ET
Table 'Liriope II' 6-max Seat #2 is the button
Seat 2: RaisemyNut$ ($128.52 in chips)
Seat 3: chebob ($65 in chips)
RaisemyNut$: posts small blind $1
chebob: posts big blind $3
*** HOLE CARDS ***
RaisemyNut$: raises $3 to $6
chebob: calls $3
*** FLOP *** [8h Ad As]
chebob: checks
RaisemyNut$: bets $3
chebob: raises $3 to $6
RaisemyNut$: calls $3
*** TURN *** [8h Ad As] [5c]
chebob: bets $6
RaisemyNut$: calls $6
*** RIVER *** [8h Ad As 5c] [Ts]
chebob: checks
RaisemyNut$: checks
*** SHOW DOWN ***
chebob: shows [Kd 7c] (a pair of Aces)
RaisemyNut$: mucks hand
chebob collected $35.50 from pot
*** SUMMARY ***
Total pot $36 | Rake $0.50
Board [8h Ad As 5c Ts]
Seat 2: RaisemyNut$ (button) (small blind) mucked
Seat 3: chebob (big blind) showed [Kd 7c] and won ($35.50) with a pair of Aces


PokerStars Hand #171773061784:  Hold'em Limit ($3/$6 USD) - 2017/06/14 14:33:26 ET
Table 'Liriope II' 6-max Seat #4 is the button
Seat 2: RaisemyNut$ ($172.60 in chips)
Seat 4: vestimokrec ($116.86 in chips)
vestimokrec: posts small blind $1
Krazy90: is sitting out
RaisemyNut$: posts big blind $3
*** HOLE CARDS ***
vestimokrec: raises $3 to $6
Krazy90 leaves the table
RaisemyNut$: calls $3
*** FLOP *** [Jd 4s Td]
RaisemyNut$: checks
vestimokrec: checks
*** TURN *** [Jd 4s Td] [Js]
RaisemyNut$: checks
vestimokrec: bets $6
RaisemyNut$: folds
Uncalled bet ($6) returned to vestimokrec
vestimokrec collected $11.76 from pot
vestimokrec: doesn't show hand
*** SUMMARY ***
Total pot $12 | Rake $0.24
Board [Jd 4s Td Js]
Seat 2: RaisemyNut$ (big blind) folded on the Turn
Seat 4: vestimokrec (button) (small blind) collected ($11.76)


