PokerStars Hand #153372284071:  Hold'em Limit ($3/$6 USD) - 2016/05/15 18:14:29 ET
Table 'Liriope II' 10-max Seat #6 is the button
Seat 6: MYBYRDBRENDA ($120 in chips)
Seat 7: Actionni13 ($150 in chips)
MYBYRDBRENDA: posts small blind $1
Actionni13: posts big blind $3
*** HOLE CARDS ***
Zubasa07 joins the table at seat #8
MYBYRDBRENDA: raises $3 to $6
Actionni13: raises $3 to $9
MYBYRDBRENDA: calls $3
*** FLOP *** [Jh 4d Td]
Actionni13: bets $3
MYBYRDBRENDA: raises $3 to $6
Actionni13: calls $3
*** TURN *** [Jh 4d Td] [5s]
Actionni13: checks
MYBYRDBRENDA: bets $6
Actionni13: folds
Uncalled bet ($6) returned to MYBYRDBRENDA
MYBYRDBRENDA collected $29.50 from pot
MYBYRDBRENDA: doesn't show hand
*** SUMMARY ***
Total pot $30 | Rake $0.50
Board [Jh 4d Td 5s]
Seat 6: MYBYRDBRENDA (button) (small blind) collected ($29.50)
Seat 7: Actionni13 (big blind) folded on the Turn


PokerStars Hand #153375900171:  Hold'em Limit ($3/$6 USD) - 2016/05/15 19:35:00 ET
Table 'Liriope II' 10-max Seat #2 is the button
Seat 2: Rabid Hate ($130.64 in chips)
Seat 6: MYBYRDBRENDA ($50.93 in chips)
Rabid Hate: posts small blind $1
freeeye76: is sitting out
MYBYRDBRENDA: posts big blind $3
*** HOLE CARDS ***
Rabid Hate: raises $3 to $6
MYBYRDBRENDA: calls $3
*** FLOP *** [4s 3c Kh]
MYBYRDBRENDA: bets $3
Rabid Hate: raises $3 to $6
MYBYRDBRENDA: calls $3
*** TURN *** [4s 3c Kh] [6d]
MYBYRDBRENDA: checks
Rabid Hate: checks
*** RIVER *** [4s 3c Kh 6d] [6c]
freeeye76 leaves the table
MYBYRDBRENDA: bets $6
Rabid Hate: folds
Uncalled bet ($6) returned to MYBYRDBRENDA
MYBYRDBRENDA collected $23.52 from pot
MYBYRDBRENDA: doesn't show hand
*** SUMMARY ***
Total pot $24 | Rake $0.48
Board [4s 3c Kh 6d 6c]
Seat 2: Rabid Hate (button) (small blind) folded on the River
Seat 6: MYBYRDBRENDA (big blind) collected ($23.52)


