PokerStars Hand #155953259460:  Hold'em Limit ($3/$6 USD) - 2016/07/14 6:56:51 ET
Table 'Liriope' 6-max Seat #3 is the button
Seat 2: rogoziol ($149.02 in chips)
Seat 3: borisvoloda ($36.80 in chips)
borisvoloda: posts small blind $1
TbIP-TbIP 88: is sitting out
B_loJkl: is sitting out
rogoziol: posts big blind $3
*** HOLE CARDS ***
borisvoloda: folds
Uncalled bet ($2) returned to rogoziol
B_loJkl leaves the table
TbIP-TbIP 88 leaves the table
rogoziol collected $2 from pot
rogoziol: doesn't show hand
*** SUMMARY ***
Total pot $2 | Rake $0
Seat 2: rogoziol (big blind) collected ($2)
Seat 3: borisvoloda (button) (small blind) folded before Flop


PokerStars Hand #155953264121:  Hold'em Limit ($3/$6 USD) - 2016/07/14 6:57:17 ET
Table 'Liriope' 6-max Seat #2 is the button
Seat 2: rogoziol ($123.02 in chips)
Seat 3: borisvoloda ($62.18 in chips)
rogoziol: posts small blind $1
borisvoloda: posts big blind $3
*** HOLE CARDS ***
rogoziol: raises $3 to $6
borisvoloda: calls $3
*** FLOP *** [Ac 3c Kc]
borisvoloda: checks
rogoziol: bets $3
borisvoloda: folds
Uncalled bet ($3) returned to rogoziol
rogoziol collected $11.76 from pot
rogoziol: doesn't show hand
*** SUMMARY ***
Total pot $12 | Rake $0.24
Board [Ac 3c Kc]
Seat 2: rogoziol (button) (small blind) collected ($11.76)
Seat 3: borisvoloda (big blind) folded on the Flop


PokerStars Hand #155953260383:  Hold'em Limit ($3/$6 USD) - 2016/07/14 6:56:56 ET
Table 'Liriope' 6-max Seat #2 is the button
Seat 2: rogoziol ($150.02 in chips)
Seat 3: borisvoloda ($35.80 in chips)
rogoziol: posts small blind $1
borisvoloda: posts big blind $3
*** HOLE CARDS ***
rogoziol: raises $3 to $6
borisvoloda: raises $3 to $9
rogoziol: calls $3
*** FLOP *** [Th Ks 7s]
borisvoloda: bets $3
rogoziol: calls $3
*** TURN *** [Th Ks 7s] [4c]
borisvoloda: bets $6
rogoziol: calls $6
*** RIVER *** [Th Ks 7s 4c] [7h]
borisvoloda: bets $6
rogoziol: calls $6
*** SHOW DOWN ***
borisvoloda: shows [Td Kh] (two pair, Kings and Tens)
rogoziol: mucks hand
borisvoloda collected $47.50 from pot
*** SUMMARY ***
Total pot $48 | Rake $0.50
Board [Th Ks 7s 4c 7h]
Seat 2: rogoziol (button) (small blind) mucked
Seat 3: borisvoloda (big blind) showed [Td Kh] and won ($47.50) with two pair, Kings and Tens


PokerStars Hand #155953262580:  Hold'em Limit ($3/$6 USD) - 2016/07/14 6:57:09 ET
Table 'Liriope' 6-max Seat #3 is the button
Seat 2: rogoziol ($126.02 in chips)
Seat 3: borisvoloda ($59.30 in chips)
borisvoloda: posts small blind $1
rogoziol: posts big blind $3
*** HOLE CARDS ***
borisvoloda: calls $2
rogoziol: checks
*** FLOP *** [2h Tc Jh]
rogoziol: checks
borisvoloda: bets $3
rogoziol: folds
Uncalled bet ($3) returned to borisvoloda
borisvoloda collected $5.88 from pot
*** SUMMARY ***
Total pot $6 | Rake $0.12
Board [2h Tc Jh]
Seat 2: rogoziol (big blind) folded on the Flop
Seat 3: borisvoloda (button) (small blind) collected ($5.88)


PokerStars Hand #155953268901:  Hold'em Limit ($3/$6 USD) - 2016/07/14 6:57:45 ET
Table 'Liriope' 6-max Seat #3 is the button
Seat 2: rogoziol ($139.30 in chips)
Seat 3: borisvoloda ($45.18 in chips)
borisvoloda: posts small blind $1
rogoziol: posts big blind $3
*** HOLE CARDS ***
borisvoloda: calls $2
rogoziol: checks
*** FLOP *** [Kd 4h Jd]
rogoziol: checks
borisvoloda: checks
*** TURN *** [Kd 4h Jd] [Qc]
rogoziol: bets $6
borisvoloda: folds
Uncalled bet ($6) returned to rogoziol
rogoziol collected $5.88 from pot
rogoziol: doesn't show hand
*** SUMMARY ***
Total pot $6 | Rake $0.12
Board [Kd 4h Jd Qc]
Seat 2: rogoziol (big blind) collected ($5.88)
Seat 3: borisvoloda (button) (small blind) folded on the Turn


PokerStars Hand #155953268053:  Hold'em Limit ($3/$6 USD) - 2016/07/14 6:57:40 ET
Table 'Liriope' 6-max Seat #2 is the button
Seat 2: rogoziol ($140.30 in chips)
Seat 3: borisvoloda ($44.18 in chips)
rogoziol: posts small blind $1
borisvoloda: posts big blind $3
*** HOLE CARDS ***
rogoziol: folds
Uncalled bet ($2) returned to borisvoloda
borisvoloda collected $2 from pot
*** SUMMARY ***
Total pot $2 | Rake $0
Seat 2: rogoziol (button) (small blind) folded before Flop
Seat 3: borisvoloda (big blind) collected ($2)


PokerStars Hand #155953265792:  Hold'em Limit ($3/$6 USD) - 2016/07/14 6:57:27 ET
Table 'Liriope' 6-max Seat #3 is the button
Seat 2: rogoziol ($128.78 in chips)
Seat 3: borisvoloda ($56.18 in chips)
borisvoloda: posts small blind $1
rogoziol: posts big blind $3
*** HOLE CARDS ***
borisvoloda: calls $2
rogoziol: checks
*** FLOP *** [4s 5h 5s]
rogoziol: checks
borisvoloda: bets $3
rogoziol: calls $3
*** TURN *** [4s 5h 5s] [Jh]
rogoziol: checks
borisvoloda: checks
*** RIVER *** [4s 5h 5s Jh] [6s]
rogoziol: checks
borisvoloda: bets $6
rogoziol: calls $6
*** SHOW DOWN ***
borisvoloda: shows [7d 2h] (a pair of Fives)
rogoziol: shows [6h 8c] (two pair, Sixes and Fives)
rogoziol collected $23.52 from pot
*** SUMMARY ***
Total pot $24 | Rake $0.48
Board [4s 5h 5s Jh 6s]
Seat 2: rogoziol (big blind) showed [6h 8c] and won ($23.52) with two pair, Sixes and Fives
Seat 3: borisvoloda (button) (small blind) showed [7d 2h] and lost with a pair of Fives


PokerStars Hand #155953270704:  Hold'em Limit ($3/$6 USD) - 2016/07/14 6:57:55 ET
Table 'Liriope' 6-max Seat #2 is the button
Seat 2: rogoziol ($142.18 in chips)
Seat 3: borisvoloda ($42.18 in chips)
rogoziol: posts small blind $1
borisvoloda: posts big blind $3
*** HOLE CARDS ***
rogoziol: raises $3 to $6
borisvoloda: raises $3 to $9
rogoziol: calls $3
*** FLOP *** [4s Ts 3s]
borisvoloda: bets $3
rogoziol: calls $3
*** TURN *** [4s Ts 3s] [Jc]
borisvoloda: bets $6
rogoziol: calls $6
*** RIVER *** [4s Ts 3s Jc] [7h]
borisvoloda: bets $6
rogoziol: calls $6
*** SHOW DOWN ***
borisvoloda: shows [Js As] (a flush, Ace high)
rogoziol: mucks hand
borisvoloda collected $47.50 from pot
*** SUMMARY ***
Total pot $48 | Rake $0.50
Board [4s Ts 3s Jc 7h]
Seat 2: rogoziol (button) (small blind) mucked
Seat 3: borisvoloda (big blind) showed [Js As] and won ($47.50) with a flush, Ace high


PokerStars Hand #155953276548:  Hold'em Limit ($3/$6 USD) - 2016/07/14 6:58:32 ET
Table 'Liriope' 6-max Seat #3 is the button
Seat 2: rogoziol ($106.18 in chips)
Seat 3: borisvoloda ($77.20 in chips)
borisvoloda: posts small blind $1
rogoziol: posts big blind $3
*** HOLE CARDS ***
TbIP-TbIP 88 joins the table at seat #4
borisvoloda: calls $2
rogoziol: checks
*** FLOP *** [7h Jc Ad]
rogoziol: checks
borisvoloda: checks
*** TURN *** [7h Jc Ad] [8s]
rogoziol: checks
borisvoloda: bets $6
rogoziol: calls $6
*** RIVER *** [7h Jc Ad 8s] [Ks]
rogoziol: checks
borisvoloda: checks
*** SHOW DOWN ***
rogoziol: shows [Qs Kd] (a pair of Kings)
borisvoloda: mucks hand
rogoziol collected $17.64 from pot
*** SUMMARY ***
Total pot $18 | Rake $0.36
Board [7h Jc Ad 8s Ks]
Seat 2: rogoziol (big blind) showed [Qs Kd] and won ($17.64) with a pair of Kings
Seat 3: borisvoloda (button) (small blind) mucked


PokerStars Hand #155953273275:  Hold'em Limit ($3/$6 USD) - 2016/07/14 6:58:09 ET
Table 'Liriope' 6-max Seat #3 is the button
Seat 2: rogoziol ($118.18 in chips)
Seat 3: borisvoloda ($65.68 in chips)
borisvoloda: posts small blind $1
rogoziol: posts big blind $3
*** HOLE CARDS ***
borisvoloda: calls $2
rogoziol: checks
*** FLOP *** [6c 5s Qc]
rogoziol: checks
borisvoloda: bets $3
rogoziol: folds
Uncalled bet ($3) returned to borisvoloda
borisvoloda collected $5.88 from pot
*** SUMMARY ***
Total pot $6 | Rake $0.12
Board [6c 5s Qc]
Seat 2: rogoziol (big blind) folded on the Flop
Seat 3: borisvoloda (button) (small blind) collected ($5.88)


PokerStars Hand #155953274574:  Hold'em Limit ($3/$6 USD) - 2016/07/14 6:58:18 ET
Table 'Liriope' 6-max Seat #2 is the button
Seat 2: rogoziol ($115.18 in chips)
Seat 3: borisvoloda ($68.56 in chips)
rogoziol: posts small blind $1
borisvoloda: posts big blind $3
*** HOLE CARDS ***
rogoziol: raises $3 to $6
borisvoloda: calls $3
*** FLOP *** [7h 8c Qs]
borisvoloda: checks
rogoziol: bets $3
borisvoloda: calls $3
*** TURN *** [7h 8c Qs] [6s]
borisvoloda: checks
rogoziol: checks
*** RIVER *** [7h 8c Qs 6s] [2s]
borisvoloda: bets $6
rogoziol: folds
Uncalled bet ($6) returned to borisvoloda
borisvoloda collected $17.64 from pot
*** SUMMARY ***
Total pot $18 | Rake $0.36
Board [7h 8c Qs 6s 2s]
Seat 2: rogoziol (button) (small blind) folded on the River
Seat 3: borisvoloda (big blind) collected ($17.64)


