PokerStars Hand #146714687430:  Hold'em Limit ($3/$6 USD) - 2016/01/08 20:41:55 ET
Table 'Ljuba' 2-max Seat #1 is the button
Seat 1: TruFFoS ($72 in chips)
Seat 2: fourthtry ($223.85 in chips)
TruFFoS: posts small blind $1
fourthtry: posts big blind $3
*** HOLE CARDS ***
TruFFoS: raises $3 to $6
fourthtry: calls $3
*** FLOP *** [6s 2s Qh]
fourthtry: checks
TruFFoS: bets $3
fourthtry: folds
Uncalled bet ($3) returned to TruFFoS
TruFFoS collected $11.76 from pot
TruFFoS: doesn't show hand
*** SUMMARY ***
Total pot $12 | Rake $0.24
Board [6s 2s Qh]
Seat 1: TruFFoS (button) (small blind) collected ($11.76)
Seat 2: fourthtry (big blind) folded on the Flop


PokerStars Hand #146714677631:  Hold'em Limit ($3/$6 USD) - 2016/01/08 20:41:39 ET
Table 'Ljuba' 2-max Seat #2 is the button
Seat 1: TruFFoS ($60 in chips)
Seat 2: fourthtry ($224.85 in chips)
fourthtry: posts small blind $1
TruFFoS: posts big blind $3
*** HOLE CARDS ***
fourthtry: folds
Uncalled bet ($2) returned to TruFFoS
TruFFoS collected $2 from pot
TruFFoS: doesn't show hand
*** SUMMARY ***
Total pot $2 | Rake $0
Seat 1: TruFFoS (big blind) collected ($2)
Seat 2: fourthtry (button) (small blind) folded before Flop


PokerStars Hand #146714708686:  Hold'em Limit ($3/$6 USD) - 2016/01/08 20:42:31 ET
Table 'Ljuba' 2-max Seat #1 is the button
Seat 1: TruFFoS ($78.76 in chips)
Seat 2: fourthtry ($216.85 in chips)
TruFFoS: posts small blind $1
fourthtry: posts big blind $3
*** HOLE CARDS ***
TruFFoS: raises $3 to $6
fourthtry: calls $3
*** FLOP *** [4d Ah Tc]
fourthtry: bets $3
TruFFoS: calls $3
*** TURN *** [4d Ah Tc] [3d]
fourthtry: checks
TruFFoS: checks
*** RIVER *** [4d Ah Tc 3d] [2s]
fourthtry: checks
TruFFoS: checks
*** SHOW DOWN ***
fourthtry: shows [9c 7c] (high card Ace)
TruFFoS: shows [Kd 9h] (high card Ace - King kicker)
TruFFoS collected $17.64 from pot
*** SUMMARY ***
Total pot $18 | Rake $0.36
Board [4d Ah Tc 3d 2s]
Seat 1: TruFFoS (button) (small blind) showed [Kd 9h] and won ($17.64) with high card Ace
Seat 2: fourthtry (big blind) showed [9c 7c] and lost with high card Ace


PokerStars Hand #146714700539:  Hold'em Limit ($3/$6 USD) - 2016/01/08 20:42:17 ET
Table 'Ljuba' 2-max Seat #2 is the button
Seat 1: TruFFoS ($77.76 in chips)
Seat 2: fourthtry ($217.85 in chips)
fourthtry: posts small blind $1
TruFFoS: posts big blind $3
*** HOLE CARDS ***
fourthtry: folds
Uncalled bet ($2) returned to TruFFoS
TruFFoS collected $2 from pot
TruFFoS: doesn't show hand
*** SUMMARY ***
Total pot $2 | Rake $0
Seat 1: TruFFoS (big blind) collected ($2)
Seat 2: fourthtry (button) (small blind) folded before Flop


PokerStars Hand #146714728573:  Hold'em Limit ($3/$6 USD) - 2016/01/08 20:43:05 ET
Table 'Ljuba' 2-max Seat #2 is the button
Seat 1: TruFFoS ($87.40 in chips)
Seat 2: fourthtry ($207.85 in chips)
fourthtry: posts small blind $1
TruFFoS: posts big blind $3
*** HOLE CARDS ***
fourthtry: calls $2
TruFFoS: raises $3 to $6
fourthtry: calls $3
*** FLOP *** [2s 9c Qh]
TruFFoS: bets $3
fourthtry: calls $3
*** TURN *** [2s 9c Qh] [4s]
TruFFoS: bets $6
fourthtry: calls $6
*** RIVER *** [2s 9c Qh 4s] [Tc]
TruFFoS: checks
fourthtry: checks
*** SHOW DOWN ***
TruFFoS: shows [Jc 4c] (a pair of Fours)
fourthtry: mucks hand
TruFFoS collected $29.50 from pot
*** SUMMARY ***
Total pot $30 | Rake $0.50
Board [2s 9c Qh 4s Tc]
Seat 1: TruFFoS (big blind) showed [Jc 4c] and won ($29.50) with a pair of Fours
Seat 2: fourthtry (button) (small blind) mucked


PokerStars Hand #146714753180:  Hold'em Limit ($3/$6 USD) - 2016/01/08 20:43:46 ET
Table 'Ljuba' 2-max Seat #1 is the button
Seat 1: TruFFoS ($101.90 in chips)
Seat 2: fourthtry ($192.85 in chips)
TruFFoS: posts small blind $1
fourthtry: posts big blind $3
*** HOLE CARDS ***
TruFFoS: raises $3 to $6
fourthtry: calls $3
*** FLOP *** [Kh 6s 6h]
fourthtry: bets $3
TruFFoS: calls $3
*** TURN *** [Kh 6s 6h] [4s]
fourthtry: bets $6
TruFFoS: calls $6
*** RIVER *** [Kh 6s 6h 4s] [Jc]
fourthtry: bets $6
TruFFoS: calls $6
*** SHOW DOWN ***
fourthtry: shows [8d As] (a pair of Sixes)
TruFFoS: shows [Kd 3h] (two pair, Kings and Sixes)
TruFFoS collected $41.50 from pot
*** SUMMARY ***
Total pot $42 | Rake $0.50
Board [Kh 6s 6h 4s Jc]
Seat 1: TruFFoS (button) (small blind) showed [Kd 3h] and won ($41.50) with two pair, Kings and Sixes
Seat 2: fourthtry (big blind) showed [8d As] and lost with a pair of Sixes


PokerStars Hand #146714772573:  Hold'em Limit ($3/$6 USD) - 2016/01/08 20:44:19 ET
Table 'Ljuba' 2-max Seat #2 is the button
Seat 1: TruFFoS ($122.40 in chips)
Seat 2: fourthtry ($171.85 in chips)
fourthtry: posts small blind $1
TruFFoS: posts big blind $3
*** HOLE CARDS ***
fourthtry: folds
Uncalled bet ($2) returned to TruFFoS
TruFFoS collected $2 from pot
TruFFoS: doesn't show hand
*** SUMMARY ***
Total pot $2 | Rake $0
Seat 1: TruFFoS (big blind) collected ($2)
Seat 2: fourthtry (button) (small blind) folded before Flop


PokerStars Hand #146714796983:  Hold'em Limit ($3/$6 USD) - 2016/01/08 20:45:01 ET
Table 'Ljuba' 2-max Seat #2 is the button
Seat 1: TruFFoS ($108.40 in chips)
Seat 2: fourthtry ($185.35 in chips)
fourthtry: posts small blind $1
TruFFoS: posts big blind $3
*** HOLE CARDS ***
fourthtry: folds
Uncalled bet ($2) returned to TruFFoS
TruFFoS collected $2 from pot
TruFFoS: doesn't show hand
*** SUMMARY ***
Total pot $2 | Rake $0
Seat 1: TruFFoS (big blind) collected ($2)
Seat 2: fourthtry (button) (small blind) folded before Flop


PokerStars Hand #146714778615:  Hold'em Limit ($3/$6 USD) - 2016/01/08 20:44:30 ET
Table 'Ljuba' 2-max Seat #1 is the button
Seat 1: TruFFoS ($123.40 in chips)
Seat 2: fourthtry ($170.85 in chips)
TruFFoS: posts small blind $1
fourthtry: posts big blind $3
*** HOLE CARDS ***
TruFFoS: raises $3 to $6
fourthtry: calls $3
*** FLOP *** [2s Jh 6d]
fourthtry: checks
TruFFoS: bets $3
fourthtry: calls $3
*** TURN *** [2s Jh 6d] [2d]
fourthtry: checks
TruFFoS: bets $6
fourthtry: raises $6 to $12
TruFFoS: folds
Uncalled bet ($6) returned to fourthtry
fourthtry collected $29.50 from pot
fourthtry: doesn't show hand
*** SUMMARY ***
Total pot $30 | Rake $0.50
Board [2s Jh 6d 2d]
Seat 1: TruFFoS (button) (small blind) folded on the Turn
Seat 2: fourthtry (big blind) collected ($29.50)


PokerStars Hand #146714836693:  Hold'em Limit ($3/$6 USD) - 2016/01/08 20:46:08 ET
Table 'Ljuba' 2-max Seat #1 is the button
Seat 1: TruFFoS ($85.40 in chips)
Seat 2: fourthtry ($207.73 in chips)
TruFFoS: posts small blind $1
fourthtry: posts big blind $3
*** HOLE CARDS ***
TruFFoS: raises $3 to $6
fourthtry: calls $3
*** FLOP *** [Qd Jh 2c]
fourthtry: checks
TruFFoS: bets $3
fourthtry: folds
Uncalled bet ($3) returned to TruFFoS
TruFFoS collected $11.76 from pot
TruFFoS: doesn't show hand
*** SUMMARY ***
Total pot $12 | Rake $0.24
Board [Qd Jh 2c]
Seat 1: TruFFoS (button) (small blind) collected ($11.76)
Seat 2: fourthtry (big blind) folded on the Flop


PokerStars Hand #146714822098:  Hold'em Limit ($3/$6 USD) - 2016/01/08 20:45:43 ET
Table 'Ljuba' 2-max Seat #2 is the button
Seat 1: TruFFoS ($88.40 in chips)
Seat 2: fourthtry ($204.85 in chips)
fourthtry: posts small blind $1
TruFFoS: posts big blind $3
*** HOLE CARDS ***
fourthtry: calls $2
TruFFoS: checks
*** FLOP *** [Ac 9c 8h]
TruFFoS: checks
fourthtry: checks
*** TURN *** [Ac 9c 8h] [9d]
TruFFoS: checks
fourthtry: bets $6
TruFFoS: folds
Uncalled bet ($6) returned to fourthtry
fourthtry collected $5.88 from pot
fourthtry: doesn't show hand
*** SUMMARY ***
Total pot $6 | Rake $0.12
Board [Ac 9c 8h 9d]
Seat 1: TruFFoS (big blind) folded on the Turn
Seat 2: fourthtry (button) (small blind) collected ($5.88)


PokerStars Hand #146714800711:  Hold'em Limit ($3/$6 USD) - 2016/01/08 20:45:07 ET
Table 'Ljuba' 2-max Seat #1 is the button
Seat 1: TruFFoS ($109.40 in chips)
Seat 2: fourthtry ($184.35 in chips)
TruFFoS: posts small blind $1
fourthtry: posts big blind $3
*** HOLE CARDS ***
TruFFoS: raises $3 to $6
fourthtry: calls $3
*** FLOP *** [7h 7d 4d]
fourthtry: bets $3
TruFFoS: calls $3
*** TURN *** [7h 7d 4d] [Kh]
fourthtry: bets $6
TruFFoS: raises $6 to $12
fourthtry: calls $6
*** RIVER *** [7h 7d 4d Kh] [3h]
fourthtry: checks
TruFFoS: checks
*** SHOW DOWN ***
fourthtry: shows [9d Ad] (a pair of Sevens)
TruFFoS: mucks hand
fourthtry collected $41.50 from pot
*** SUMMARY ***
Total pot $42 | Rake $0.50
Board [7h 7d 4d Kh 3h]
Seat 1: TruFFoS (button) (small blind) mucked
Seat 2: fourthtry (big blind) showed [9d Ad] and won ($41.50) with a pair of Sevens


PokerStars Hand #146714848632:  Hold'em Limit ($3/$6 USD) - 2016/01/08 20:46:28 ET
Table 'Ljuba' 2-max Seat #2 is the button
Seat 1: TruFFoS ($91.16 in chips)
Seat 2: fourthtry ($201.73 in chips)
fourthtry: posts small blind $1
TruFFoS: posts big blind $3
*** HOLE CARDS ***
fourthtry: calls $2
TruFFoS: raises $3 to $6
fourthtry: calls $3
*** FLOP *** [Ks 6h Td]
TruFFoS: bets $3
fourthtry: calls $3
*** TURN *** [Ks 6h Td] [5c]
TruFFoS: bets $6
fourthtry: calls $6
*** RIVER *** [Ks 6h Td 5c] [4h]
TruFFoS: checks
fourthtry: bets $6
TruFFoS: folds
Uncalled bet ($6) returned to fourthtry
fourthtry collected $29.50 from pot
fourthtry: doesn't show hand
*** SUMMARY ***
Total pot $30 | Rake $0.50
Board [Ks 6h Td 5c 4h]
Seat 1: TruFFoS (big blind) folded on the River
Seat 2: fourthtry (button) (small blind) collected ($29.50)


PokerStars Hand #146714896732:  Hold'em Limit ($3/$6 USD) - 2016/01/08 20:47:38 ET
Table 'Ljuba' 2-max Seat #2 is the button
Seat 1: TruFFoS ($72 in chips)
Seat 2: fourthtry ($224.87 in chips)
fourthtry: posts small blind $1
TruFFoS: posts big blind $3
*** HOLE CARDS ***
fourthtry: calls $2
TruFFoS: raises $3 to $6
fourthtry: calls $3
*** FLOP *** [4h 5h 2d]
TruFFoS: bets $3
fourthtry: calls $3
*** TURN *** [4h 5h 2d] [Tc]
TruFFoS: bets $6
fourthtry: calls $6
*** RIVER *** [4h 5h 2d Tc] [Td]
TruFFoS: checks
fourthtry: bets $6
TruFFoS: calls $6
*** SHOW DOWN ***
fourthtry: shows [4d 3d] (two pair, Tens and Fours)
TruFFoS: mucks hand
fourthtry collected $41.50 from pot
*** SUMMARY ***
Total pot $42 | Rake $0.50
Board [4h 5h 2d Tc Td]
Seat 1: TruFFoS (big blind) mucked
Seat 2: fourthtry (button) (small blind) showed [4d 3d] and won ($41.50) with two pair, Tens and Fours


PokerStars Hand #146714867255:  Hold'em Limit ($3/$6 USD) - 2016/01/08 20:46:59 ET
Table 'Ljuba' 2-max Seat #1 is the button
Seat 1: TruFFoS ($76.16 in chips)
Seat 2: fourthtry ($216.23 in chips)
TruFFoS: posts small blind $1
fourthtry: posts big blind $3
*** HOLE CARDS ***
TruFFoS: raises $3 to $6
fourthtry: calls $3
*** FLOP *** [Ah 6s Kh]
fourthtry: checks
TruFFoS: bets $3
fourthtry: calls $3
*** TURN *** [Ah 6s Kh] [7h]
fourthtry: checks
TruFFoS: checks
*** RIVER *** [Ah 6s Kh 7h] [8d]
fourthtry: bets $6
TruFFoS: folds
Uncalled bet ($6) returned to fourthtry
fourthtry collected $17.64 from pot
fourthtry: doesn't show hand
*** SUMMARY ***
Total pot $18 | Rake $0.36
Board [Ah 6s Kh 7h 8d]
Seat 1: TruFFoS (button) (small blind) folded on the River
Seat 2: fourthtry (big blind) collected ($17.64)


PokerStars Hand #146714945239:  Hold'em Limit ($3/$6 USD) - 2016/01/08 20:48:59 ET
Table 'Ljuba' 2-max Seat #1 is the button
Seat 1: TruFFoS ($72 in chips)
Seat 2: fourthtry ($268.51 in chips)
TruFFoS: posts small blind $1
fourthtry: posts big blind $3
*** HOLE CARDS ***
TruFFoS: raises $3 to $6
fourthtry: calls $3
*** FLOP *** [9c Qc Ts]
fourthtry: checks
TruFFoS: bets $3
fourthtry: folds
Uncalled bet ($3) returned to TruFFoS
TruFFoS collected $11.76 from pot
TruFFoS: doesn't show hand
*** SUMMARY ***
Total pot $12 | Rake $0.24
Board [9c Qc Ts]
Seat 1: TruFFoS (button) (small blind) collected ($11.76)
Seat 2: fourthtry (big blind) folded on the Flop


PokerStars Hand #146714913070:  Hold'em Limit ($3/$6 USD) - 2016/01/08 20:48:04 ET
Table 'Ljuba' 2-max Seat #1 is the button
Seat 1: TruFFoS ($72 in chips)
Seat 2: fourthtry ($245.37 in chips)
TruFFoS: posts small blind $1
fourthtry: posts big blind $3
*** HOLE CARDS ***
TruFFoS: raises $3 to $6
fourthtry: calls $3
*** FLOP *** [7s 2s 9c]
fourthtry: checks
TruFFoS: bets $3
fourthtry: calls $3
*** TURN *** [7s 2s 9c] [Qh]
fourthtry: checks
TruFFoS: checks
*** RIVER *** [7s 2s 9c Qh] [5d]
fourthtry: checks
TruFFoS: checks
*** SHOW DOWN ***
fourthtry: shows [Qc 7c] (two pair, Queens and Sevens)
TruFFoS: mucks hand
fourthtry collected $17.64 from pot
*** SUMMARY ***
Total pot $18 | Rake $0.36
Board [7s 2s 9c Qh 5d]
Seat 1: TruFFoS (button) (small blind) mucked
Seat 2: fourthtry (big blind) showed [Qc 7c] and won ($17.64) with two pair, Queens and Sevens


PokerStars Hand #146714973673:  Hold'em Limit ($3/$6 USD) - 2016/01/08 20:49:47 ET
Table 'Ljuba' 2-max Seat #1 is the button
Seat 1: TruFFoS ($92.26 in chips)
Seat 2: fourthtry ($247.51 in chips)
TruFFoS: posts small blind $1
fourthtry: posts big blind $3
*** HOLE CARDS ***
TruFFoS: raises $3 to $6
fourthtry: calls $3
*** FLOP *** [Qc 7c Ad]
fourthtry: checks
TruFFoS: bets $3
fourthtry: calls $3
*** TURN *** [Qc 7c Ad] [Js]
fourthtry: checks
TruFFoS: checks
*** RIVER *** [Qc 7c Ad Js] [4c]
fourthtry: checks
TruFFoS: checks
*** SHOW DOWN ***
fourthtry: shows [As 3h] (a pair of Aces)
TruFFoS: mucks hand
fourthtry collected $17.64 from pot
*** SUMMARY ***
Total pot $18 | Rake $0.36
Board [Qc 7c Ad Js 4c]
Seat 1: TruFFoS (button) (small blind) mucked
Seat 2: fourthtry (big blind) showed [As 3h] and won ($17.64) with a pair of Aces


PokerStars Hand #146714954493:  Hold'em Limit ($3/$6 USD) - 2016/01/08 20:49:15 ET
Table 'Ljuba' 2-max Seat #2 is the button
Seat 1: TruFFoS ($77.76 in chips)
Seat 2: fourthtry ($262.51 in chips)
fourthtry: posts small blind $1
TruFFoS: posts big blind $3
*** HOLE CARDS ***
fourthtry: calls $2
TruFFoS: raises $3 to $6
fourthtry: calls $3
*** FLOP *** [9c 6d 7d]
TruFFoS: bets $3
fourthtry: calls $3
*** TURN *** [9c 6d 7d] [2s]
TruFFoS: bets $6
fourthtry: calls $6
*** RIVER *** [9c 6d 7d 2s] [Kd]
TruFFoS: bets $6
fourthtry: folds
Uncalled bet ($6) returned to TruFFoS
TruFFoS collected $29.50 from pot
TruFFoS: doesn't show hand
*** SUMMARY ***
Total pot $30 | Rake $0.50
Board [9c 6d 7d 2s Kd]
Seat 1: TruFFoS (big blind) collected ($29.50)
Seat 2: fourthtry (button) (small blind) folded on the River


PokerStars Hand #146715007415:  Hold'em Limit ($3/$6 USD) - 2016/01/08 20:50:46 ET
Table 'Ljuba' 2-max Seat #1 is the button
Seat 1: TruFFoS ($97.76 in chips)
Seat 2: fourthtry ($241.15 in chips)
TruFFoS: posts small blind $1
fourthtry: posts big blind $3
*** HOLE CARDS ***
TruFFoS: raises $3 to $6
fourthtry: calls $3
*** FLOP *** [Jc Kh 3s]
fourthtry: checks
TruFFoS: bets $3
fourthtry: folds
Uncalled bet ($3) returned to TruFFoS
TruFFoS collected $11.76 from pot
TruFFoS: doesn't show hand
*** SUMMARY ***
Total pot $12 | Rake $0.24
Board [Jc Kh 3s]
Seat 1: TruFFoS (button) (small blind) collected ($11.76)
Seat 2: fourthtry (big blind) folded on the Flop


PokerStars Hand #146714989867:  Hold'em Limit ($3/$6 USD) - 2016/01/08 20:50:15 ET
Table 'Ljuba' 2-max Seat #2 is the button
Seat 1: TruFFoS ($83.26 in chips)
Seat 2: fourthtry ($256.15 in chips)
fourthtry: posts small blind $1
TruFFoS: posts big blind $3
*** HOLE CARDS ***
fourthtry: calls $2
TruFFoS: raises $3 to $6
fourthtry: calls $3
*** FLOP *** [Ts 9d 9s]
TruFFoS: bets $3
fourthtry: calls $3
*** TURN *** [Ts 9d 9s] [5d]
TruFFoS: bets $6
fourthtry: calls $6
*** RIVER *** [Ts 9d 9s 5d] [Kd]
TruFFoS: checks
fourthtry: checks
*** SHOW DOWN ***
TruFFoS: shows [Qh Td] (two pair, Tens and Nines)
fourthtry: mucks hand
TruFFoS collected $29.50 from pot
*** SUMMARY ***
Total pot $30 | Rake $0.50
Board [Ts 9d 9s 5d Kd]
Seat 1: TruFFoS (big blind) showed [Qh Td] and won ($29.50) with two pair, Tens and Nines
Seat 2: fourthtry (button) (small blind) mucked


PokerStars Hand #146715045601:  Hold'em Limit ($3/$6 USD) - 2016/01/08 20:51:52 ET
Table 'Ljuba' 2-max Seat #1 is the button
Seat 1: TruFFoS ($82.52 in chips)
Seat 2: fourthtry ($255.65 in chips)
TruFFoS: posts small blind $1
fourthtry: posts big blind $3
*** HOLE CARDS ***
TruFFoS: raises $3 to $6
fourthtry: calls $3
*** FLOP *** [4d Qh 9c]
fourthtry: checks
TruFFoS: bets $3
fourthtry: folds
Uncalled bet ($3) returned to TruFFoS
TruFFoS collected $11.76 from pot
TruFFoS: doesn't show hand
*** SUMMARY ***
Total pot $12 | Rake $0.24
Board [4d Qh 9c]
Seat 1: TruFFoS (button) (small blind) collected ($11.76)
Seat 2: fourthtry (big blind) folded on the Flop


PokerStars Hand #146715019111:  Hold'em Limit ($3/$6 USD) - 2016/01/08 20:51:06 ET
Table 'Ljuba' 2-max Seat #2 is the button
Seat 1: TruFFoS ($103.52 in chips)
Seat 2: fourthtry ($235.15 in chips)
fourthtry: posts small blind $1
TruFFoS: posts big blind $3
*** HOLE CARDS ***
fourthtry: calls $2
TruFFoS: raises $3 to $6
fourthtry: calls $3
*** FLOP *** [Qd 2c 2d]
TruFFoS: bets $3
fourthtry: calls $3
*** TURN *** [Qd 2c 2d] [Jd]
TruFFoS: checks
fourthtry: bets $6
TruFFoS: calls $6
*** RIVER *** [Qd 2c 2d Jd] [4s]
TruFFoS: checks
fourthtry: bets $6
TruFFoS: calls $6
*** SHOW DOWN ***
fourthtry: shows [Js Qc] (two pair, Queens and Jacks)
TruFFoS: mucks hand
fourthtry collected $41.50 from pot
*** SUMMARY ***
Total pot $42 | Rake $0.50
Board [Qd 2c 2d Jd 4s]
Seat 1: TruFFoS (big blind) mucked
Seat 2: fourthtry (button) (small blind) showed [Js Qc] and won ($41.50) with two pair, Queens and Jacks


PokerStars Hand #146715083364:  Hold'em Limit ($3/$6 USD) - 2016/01/08 20:52:57 ET
Table 'Ljuba' 2-max Seat #2 is the button
Seat 1: TruFFoS ($88.04 in chips)
Seat 2: fourthtry ($249.41 in chips)
fourthtry: posts small blind $1
TruFFoS: posts big blind $3
*** HOLE CARDS ***
fourthtry: calls $2
TruFFoS: raises $3 to $6
fourthtry: calls $3
*** FLOP *** [5c Tc 2h]
TruFFoS: bets $3
fourthtry: calls $3
*** TURN *** [5c Tc 2h] [8s]
TruFFoS: bets $6
fourthtry: calls $6
*** RIVER *** [5c Tc 2h 8s] [9s]
TruFFoS: bets $6
fourthtry: calls $6
*** SHOW DOWN ***
TruFFoS: shows [5h Ah] (a pair of Fives)
fourthtry: shows [8c Kh] (a pair of Eights)
fourthtry collected $41.50 from pot
*** SUMMARY ***
Total pot $42 | Rake $0.50
Board [5c Tc 2h 8s 9s]
Seat 1: TruFFoS (big blind) showed [5h Ah] and lost with a pair of Fives
Seat 2: fourthtry (button) (small blind) showed [8c Kh] and won ($41.50) with a pair of Eights


PokerStars Hand #146715073889:  Hold'em Limit ($3/$6 USD) - 2016/01/08 20:52:41 ET
Table 'Ljuba' 2-max Seat #1 is the button
Seat 1: TruFFoS ($82.28 in chips)
Seat 2: fourthtry ($255.41 in chips)
TruFFoS: posts small blind $1
fourthtry: posts big blind $3
*** HOLE CARDS ***
TruFFoS: raises $3 to $6
fourthtry: calls $3
*** FLOP *** [3d Qh Jd]
fourthtry: checks
TruFFoS: bets $3
fourthtry: folds
Uncalled bet ($3) returned to TruFFoS
TruFFoS collected $11.76 from pot
TruFFoS: doesn't show hand
*** SUMMARY ***
Total pot $12 | Rake $0.24
Board [3d Qh Jd]
Seat 1: TruFFoS (button) (small blind) collected ($11.76)
Seat 2: fourthtry (big blind) folded on the Flop


PokerStars Hand #146715055173:  Hold'em Limit ($3/$6 USD) - 2016/01/08 20:52:08 ET
Table 'Ljuba' 2-max Seat #2 is the button
Seat 1: TruFFoS ($88.28 in chips)
Seat 2: fourthtry ($249.65 in chips)
fourthtry: posts small blind $1
TruFFoS: posts big blind $3
*** HOLE CARDS ***
fourthtry: calls $2
TruFFoS: checks
*** FLOP *** [4h Qs 9d]
TruFFoS: checks
fourthtry: bets $3
TruFFoS: calls $3
*** TURN *** [4h Qs 9d] [6d]
TruFFoS: checks
fourthtry: checks
*** RIVER *** [4h Qs 9d 6d] [7s]
TruFFoS: checks
fourthtry: checks
*** SHOW DOWN ***
TruFFoS: shows [4d 3s] (a pair of Fours)
fourthtry: shows [9c Ad] (a pair of Nines)
fourthtry collected $11.76 from pot
*** SUMMARY ***
Total pot $12 | Rake $0.24
Board [4h Qs 9d 6d 7s]
Seat 1: TruFFoS (big blind) showed [4d 3s] and lost with a pair of Fours
Seat 2: fourthtry (button) (small blind) showed [9c Ad] and won ($11.76) with a pair of Nines


PokerStars Hand #146715098909:  Hold'em Limit ($3/$6 USD) - 2016/01/08 20:53:24 ET
Table 'Ljuba' 2-max Seat #1 is the button
Seat 1: TruFFoS ($72 in chips)
Seat 2: fourthtry ($269.91 in chips)
TruFFoS: posts small blind $1
fourthtry: posts big blind $3
*** HOLE CARDS ***
TruFFoS: raises $3 to $6
fourthtry: calls $3
*** FLOP *** [7d 4h 9s]
fourthtry: bets $3
TruFFoS: calls $3
*** TURN *** [7d 4h 9s] [Tc]
fourthtry: bets $6
TruFFoS: folds
Uncalled bet ($6) returned to fourthtry
fourthtry collected $17.64 from pot
fourthtry: doesn't show hand
*** SUMMARY ***
Total pot $18 | Rake $0.36
Board [7d 4h 9s Tc]
Seat 1: TruFFoS (button) (small blind) folded on the Turn
Seat 2: fourthtry (big blind) collected ($17.64)


PokerStars Hand #146715111669:  Hold'em Limit ($3/$6 USD) - 2016/01/08 20:53:47 ET
Table 'Ljuba' 2-max Seat #2 is the button
Seat 1: TruFFoS ($66.86 in chips)
Seat 2: fourthtry ($278.55 in chips)
fourthtry: posts small blind $1
TruFFoS: posts big blind $3
*** HOLE CARDS ***
fourthtry: calls $2
TruFFoS: checks
*** FLOP *** [Td 7c Ks]
TruFFoS: checks
fourthtry: checks
*** TURN *** [Td 7c Ks] [Ac]
TruFFoS: checks
fourthtry: checks
*** RIVER *** [Td 7c Ks Ac] [Qc]
TruFFoS: checks
fourthtry: bets $6
TruFFoS: folds
Uncalled bet ($6) returned to fourthtry
fourthtry collected $5.88 from pot
fourthtry: doesn't show hand
*** SUMMARY ***
Total pot $6 | Rake $0.12
Board [Td 7c Ks Ac Qc]
Seat 1: TruFFoS (big blind) folded on the River
Seat 2: fourthtry (button) (small blind) collected ($5.88)


PokerStars Hand #146715125143:  Hold'em Limit ($3/$6 USD) - 2016/01/08 20:54:11 ET
Table 'Ljuba' 2-max Seat #1 is the button
Seat 1: TruFFoS ($63.86 in chips)
Seat 2: fourthtry ($281.43 in chips)
TruFFoS: posts small blind $1
fourthtry: posts big blind $3
*** HOLE CARDS ***
TruFFoS: raises $3 to $6
fourthtry: calls $3
*** FLOP *** [5d 3h Qc]
fourthtry: checks
TruFFoS: bets $3
fourthtry: calls $3
*** TURN *** [5d 3h Qc] [Qs]
fourthtry: checks
TruFFoS: checks
*** RIVER *** [5d 3h Qc Qs] [4s]
fourthtry: checks
TruFFoS: checks
*** SHOW DOWN ***
fourthtry: shows [3d 2c] (two pair, Queens and Threes)
TruFFoS: mucks hand
fourthtry collected $17.64 from pot
*** SUMMARY ***
Total pot $18 | Rake $0.36
Board [5d 3h Qc Qs 4s]
Seat 1: TruFFoS (button) (small blind) mucked
Seat 2: fourthtry (big blind) showed [3d 2c] and won ($17.64) with two pair, Queens and Threes


PokerStars Hand #146715164338:  Hold'em Limit ($3/$6 USD) - 2016/01/08 20:55:20 ET
Table 'Ljuba' 2-max Seat #2 is the button
Seat 1: TruFFoS ($66.38 in chips)
Seat 2: fourthtry ($278.07 in chips)
fourthtry: posts small blind $1
TruFFoS: posts big blind $3
*** HOLE CARDS ***
fourthtry: folds
Uncalled bet ($2) returned to TruFFoS
TruFFoS collected $2 from pot
TruFFoS: doesn't show hand
*** SUMMARY ***
Total pot $2 | Rake $0
Seat 1: TruFFoS (big blind) collected ($2)
Seat 2: fourthtry (button) (small blind) folded before Flop


PokerStars Hand #146715142377:  Hold'em Limit ($3/$6 USD) - 2016/01/08 20:54:41 ET
Table 'Ljuba' 2-max Seat #2 is the button
Seat 1: TruFFoS ($54.86 in chips)
Seat 2: fourthtry ($290.07 in chips)
fourthtry: posts small blind $1
TruFFoS: posts big blind $3
*** HOLE CARDS ***
fourthtry: calls $2
TruFFoS: raises $3 to $6
fourthtry: calls $3
*** FLOP *** [Qs Jh 7c]
TruFFoS: bets $3
fourthtry: folds
Uncalled bet ($3) returned to TruFFoS
TruFFoS collected $11.76 from pot
TruFFoS: doesn't show hand
*** SUMMARY ***
Total pot $12 | Rake $0.24
Board [Qs Jh 7c]
Seat 1: TruFFoS (big blind) collected ($11.76)
Seat 2: fourthtry (button) (small blind) folded on the Flop


PokerStars Hand #146715152162:  Hold'em Limit ($3/$6 USD) - 2016/01/08 20:54:58 ET
Table 'Ljuba' 2-max Seat #1 is the button
Seat 1: TruFFoS ($60.62 in chips)
Seat 2: fourthtry ($284.07 in chips)
TruFFoS: posts small blind $1
fourthtry: posts big blind $3
*** HOLE CARDS ***
TruFFoS: raises $3 to $6
fourthtry: calls $3
*** FLOP *** [4d 6s Ah]
fourthtry: checks
TruFFoS: bets $3
fourthtry: folds
Uncalled bet ($3) returned to TruFFoS
TruFFoS collected $11.76 from pot
TruFFoS: doesn't show hand
*** SUMMARY ***
Total pot $12 | Rake $0.24
Board [4d 6s Ah]
Seat 1: TruFFoS (button) (small blind) collected ($11.76)
Seat 2: fourthtry (big blind) folded on the Flop


PokerStars Hand #146715177750:  Hold'em Limit ($3/$6 USD) - 2016/01/08 20:55:48 ET
Table 'Ljuba' 2-max Seat #1 is the button
Seat 1: TruFFoS ($71.38 in chips)
Seat 2: fourthtry ($273.07 in chips)
TruFFoS: posts small blind $1
fourthtry: posts big blind $3
*** HOLE CARDS ***
TruFFoS: raises $3 to $6
fourthtry: calls $3
*** FLOP *** [7c 4c 6h]
fourthtry: checks
TruFFoS: bets $3
fourthtry: calls $3
*** TURN *** [7c 4c 6h] [7s]
fourthtry: checks
TruFFoS: bets $6
fourthtry: calls $6
*** RIVER *** [7c 4c 6h 7s] [Jh]
fourthtry: checks
TruFFoS: checks
*** SHOW DOWN ***
fourthtry: shows [Qd 4d] (two pair, Sevens and Fours)
TruFFoS: mucks hand
fourthtry collected $29.50 from pot
*** SUMMARY ***
Total pot $30 | Rake $0.50
Board [7c 4c 6h 7s Jh]
Seat 1: TruFFoS (button) (small blind) mucked
Seat 2: fourthtry (big blind) showed [Qd 4d] and won ($29.50) with two pair, Sevens and Fours


PokerStars Hand #146715169022:  Hold'em Limit ($3/$6 USD) - 2016/01/08 20:55:30 ET
Table 'Ljuba' 2-max Seat #1 is the button
Seat 1: TruFFoS ($67.38 in chips)
Seat 2: fourthtry ($277.07 in chips)
TruFFoS: posts small blind $1
fourthtry: posts big blind $3
*** HOLE CARDS ***
TruFFoS: raises $3 to $6
fourthtry: folds
Uncalled bet ($3) returned to TruFFoS
TruFFoS collected $6 from pot
TruFFoS: doesn't show hand
*** SUMMARY ***
Total pot $6 | Rake $0
Seat 1: TruFFoS (button) (small blind) collected ($6)
Seat 2: fourthtry (big blind) folded before Flop


PokerStars Hand #146715173363:  Hold'em Limit ($3/$6 USD) - 2016/01/08 20:55:39 ET
Table 'Ljuba' 2-max Seat #2 is the button
Seat 1: TruFFoS ($70.38 in chips)
Seat 2: fourthtry ($274.07 in chips)
fourthtry: posts small blind $1
TruFFoS: posts big blind $3
*** HOLE CARDS ***
fourthtry: folds
Uncalled bet ($2) returned to TruFFoS
TruFFoS collected $2 from pot
TruFFoS: doesn't show hand
*** SUMMARY ***
Total pot $2 | Rake $0
Seat 1: TruFFoS (big blind) collected ($2)
Seat 2: fourthtry (button) (small blind) folded before Flop


PokerStars Hand #146715189720:  Hold'em Limit ($3/$6 USD) - 2016/01/08 20:56:12 ET
Table 'Ljuba' 2-max Seat #2 is the button
Seat 1: TruFFoS ($56.38 in chips)
Seat 2: fourthtry ($287.57 in chips)
fourthtry: posts small blind $1
TruFFoS: posts big blind $3
*** HOLE CARDS ***
fourthtry: calls $2
TruFFoS: checks
*** FLOP *** [Tc 5h 6s]
TruFFoS: checks
fourthtry: checks
*** TURN *** [Tc 5h 6s] [6h]
TruFFoS: bets $6
fourthtry: folds
Uncalled bet ($6) returned to TruFFoS
TruFFoS collected $5.88 from pot
TruFFoS: doesn't show hand
*** SUMMARY ***
Total pot $6 | Rake $0.12
Board [Tc 5h 6s 6h]
Seat 1: TruFFoS (big blind) collected ($5.88)
Seat 2: fourthtry (button) (small blind) folded on the Turn


PokerStars Hand #146715209433:  Hold'em Limit ($3/$6 USD) - 2016/01/08 20:56:52 ET
Table 'Ljuba' 2-max Seat #2 is the button
Seat 1: TruFFoS ($65.02 in chips)
Seat 2: fourthtry ($278.57 in chips)
fourthtry: posts small blind $1
TruFFoS: posts big blind $3
*** HOLE CARDS ***
fourthtry: calls $2
TruFFoS: checks
*** FLOP *** [4d Jc Kd]
TruFFoS: checks
fourthtry: bets $3
TruFFoS: calls $3
*** TURN *** [4d Jc Kd] [2s]
TruFFoS: checks
fourthtry: checks
*** RIVER *** [4d Jc Kd 2s] [2d]
TruFFoS: checks
fourthtry: checks
*** SHOW DOWN ***
TruFFoS: shows [4c 3h] (two pair, Fours and Deuces)
fourthtry: mucks hand
TruFFoS collected $11.76 from pot
*** SUMMARY ***
Total pot $12 | Rake $0.24
Board [4d Jc Kd 2s 2d]
Seat 1: TruFFoS (big blind) showed [4c 3h] and won ($11.76) with two pair, Fours and Deuces
Seat 2: fourthtry (button) (small blind) mucked


PokerStars Hand #146715202205:  Hold'em Limit ($3/$6 USD) - 2016/01/08 20:56:38 ET
Table 'Ljuba' 2-max Seat #1 is the button
Seat 1: TruFFoS ($59.26 in chips)
Seat 2: fourthtry ($284.57 in chips)
TruFFoS: posts small blind $1
fourthtry: posts big blind $3
*** HOLE CARDS ***
TruFFoS: raises $3 to $6
fourthtry: calls $3
*** FLOP *** [5c Jc Td]
fourthtry: checks
TruFFoS: bets $3
fourthtry: folds
Uncalled bet ($3) returned to TruFFoS
TruFFoS collected $11.76 from pot
TruFFoS: doesn't show hand
*** SUMMARY ***
Total pot $12 | Rake $0.24
Board [5c Jc Td]
Seat 1: TruFFoS (button) (small blind) collected ($11.76)
Seat 2: fourthtry (big blind) folded on the Flop


PokerStars Hand #146715235679:  Hold'em Limit ($3/$6 USD) - 2016/01/08 20:57:45 ET
Table 'Ljuba' 2-max Seat #2 is the button
Seat 1: TruFFoS ($76.54 in chips)
Seat 2: fourthtry ($266.57 in chips)
fourthtry: posts small blind $1
TruFFoS: posts big blind $3
*** HOLE CARDS ***
fourthtry: folds
Uncalled bet ($2) returned to TruFFoS
TruFFoS collected $2 from pot
TruFFoS: doesn't show hand
*** SUMMARY ***
Total pot $2 | Rake $0
Seat 1: TruFFoS (big blind) collected ($2)
Seat 2: fourthtry (button) (small blind) folded before Flop


PokerStars Hand #146715225444:  Hold'em Limit ($3/$6 USD) - 2016/01/08 20:57:25 ET
Table 'Ljuba' 2-max Seat #1 is the button
Seat 1: TruFFoS ($70.78 in chips)
Seat 2: fourthtry ($272.57 in chips)
TruFFoS: posts small blind $1
fourthtry: posts big blind $3
*** HOLE CARDS ***
TruFFoS: raises $3 to $6
fourthtry: calls $3
*** FLOP *** [Tc 2s 4d]
fourthtry: checks
TruFFoS: bets $3
fourthtry: folds
Uncalled bet ($3) returned to TruFFoS
TruFFoS collected $11.76 from pot
TruFFoS: doesn't show hand
*** SUMMARY ***
Total pot $12 | Rake $0.24
Board [Tc 2s 4d]
Seat 1: TruFFoS (button) (small blind) collected ($11.76)
Seat 2: fourthtry (big blind) folded on the Flop


PokerStars Hand #146715246460:  Hold'em Limit ($3/$6 USD) - 2016/01/08 20:58:07 ET
Table 'Ljuba' 2-max Seat #2 is the button
Seat 1: TruFFoS ($83.30 in chips)
Seat 2: fourthtry ($259.57 in chips)
fourthtry: posts small blind $1
TruFFoS: posts big blind $3
*** HOLE CARDS ***
fourthtry: calls $2
TruFFoS: raises $3 to $6
fourthtry: calls $3
*** FLOP *** [3h Ah 5h]
TruFFoS: bets $3
fourthtry: folds
Uncalled bet ($3) returned to TruFFoS
TruFFoS collected $11.76 from pot
TruFFoS: doesn't show hand
*** SUMMARY ***
Total pot $12 | Rake $0.24
Board [3h Ah 5h]
Seat 1: TruFFoS (big blind) collected ($11.76)
Seat 2: fourthtry (button) (small blind) folded on the Flop


PokerStars Hand #146715238775:  Hold'em Limit ($3/$6 USD) - 2016/01/08 20:57:52 ET
Table 'Ljuba' 2-max Seat #1 is the button
Seat 1: TruFFoS ($77.54 in chips)
Seat 2: fourthtry ($265.57 in chips)
TruFFoS: posts small blind $1
fourthtry: posts big blind $3
*** HOLE CARDS ***
TruFFoS: raises $3 to $6
fourthtry: calls $3
*** FLOP *** [9h Qd Kd]
fourthtry: checks
TruFFoS: bets $3
fourthtry: folds
Uncalled bet ($3) returned to TruFFoS
TruFFoS collected $11.76 from pot
TruFFoS: doesn't show hand
*** SUMMARY ***
Total pot $12 | Rake $0.24
Board [9h Qd Kd]
Seat 1: TruFFoS (button) (small blind) collected ($11.76)
Seat 2: fourthtry (big blind) folded on the Flop


PokerStars Hand #146715269481:  Hold'em Limit ($3/$6 USD) - 2016/01/08 20:58:54 ET
Table 'Ljuba' 2-max Seat #2 is the button
Seat 1: TruFFoS ($103.56 in chips)
Seat 2: fourthtry ($238.57 in chips)
fourthtry: posts small blind $1
TruFFoS: posts big blind $3
*** HOLE CARDS ***
fourthtry: calls $2
TruFFoS: raises $3 to $6
fourthtry: calls $3
*** FLOP *** [5c 9h 6s]
TruFFoS: bets $3
fourthtry: calls $3
*** TURN *** [5c 9h 6s] [2c]
TruFFoS: checks
fourthtry: checks
*** RIVER *** [5c 9h 6s 2c] [Ad]
TruFFoS: checks
fourthtry: checks
*** SHOW DOWN ***
TruFFoS: shows [8h Kc] (high card Ace)
fourthtry: mucks hand
TruFFoS collected $17.64 from pot
*** SUMMARY ***
Total pot $18 | Rake $0.36
Board [5c 9h 6s 2c Ad]
Seat 1: TruFFoS (big blind) showed [8h Kc] and won ($17.64) with high card Ace
Seat 2: fourthtry (button) (small blind) mucked


PokerStars Hand #146715255284:  Hold'em Limit ($3/$6 USD) - 2016/01/08 20:58:25 ET
Table 'Ljuba' 2-max Seat #1 is the button
Seat 1: TruFFoS ($89.06 in chips)
Seat 2: fourthtry ($253.57 in chips)
TruFFoS: posts small blind $1
fourthtry: posts big blind $3
*** HOLE CARDS ***
TruFFoS: raises $3 to $6
fourthtry: calls $3
*** FLOP *** [Tc 2c 5d]
fourthtry: checks
TruFFoS: bets $3
fourthtry: calls $3
*** TURN *** [Tc 2c 5d] [7h]
fourthtry: checks
TruFFoS: bets $6
fourthtry: calls $6
*** RIVER *** [Tc 2c 5d 7h] [4d]
fourthtry: checks
TruFFoS: bets $6
fourthtry: folds
Uncalled bet ($6) returned to TruFFoS
TruFFoS collected $29.50 from pot
TruFFoS: doesn't show hand
*** SUMMARY ***
Total pot $30 | Rake $0.50
Board [Tc 2c 5d 7h 4d]
Seat 1: TruFFoS (button) (small blind) collected ($29.50)
Seat 2: fourthtry (big blind) folded on the River


PokerStars Hand #146715298153:  Hold'em Limit ($3/$6 USD) - 2016/01/08 20:59:53 ET
Table 'Ljuba' 2-max Seat #1 is the button
Seat 1: TruFFoS ($118.96 in chips)
Seat 2: fourthtry ($222.57 in chips)
TruFFoS: posts small blind $1
fourthtry: posts big blind $3
*** HOLE CARDS ***
TruFFoS: raises $3 to $6
fourthtry: raises $3 to $9
TruFFoS: calls $3
*** FLOP *** [6h 8s 6s]
fourthtry: checks
TruFFoS: checks
*** TURN *** [6h 8s 6s] [2d]
fourthtry: checks
TruFFoS: bets $6
fourthtry: calls $6
*** RIVER *** [6h 8s 6s 2d] [Qs]
fourthtry: checks
TruFFoS: checks
*** SHOW DOWN ***
fourthtry: shows [As Jd] (a pair of Sixes)
TruFFoS: shows [Td 2c] (two pair, Sixes and Deuces)
TruFFoS collected $29.50 from pot
*** SUMMARY ***
Total pot $30 | Rake $0.50
Board [6h 8s 6s 2d Qs]
Seat 1: TruFFoS (button) (small blind) showed [Td 2c] and won ($29.50) with two pair, Sixes and Deuces
Seat 2: fourthtry (big blind) showed [As Jd] and lost with a pair of Sixes


PokerStars Hand #146715295078:  Hold'em Limit ($3/$6 USD) - 2016/01/08 20:59:47 ET
Table 'Ljuba' 2-max Seat #2 is the button
Seat 1: TruFFoS ($117.96 in chips)
Seat 2: fourthtry ($223.57 in chips)
fourthtry: posts small blind $1
TruFFoS: posts big blind $3
*** HOLE CARDS ***
fourthtry: folds
Uncalled bet ($2) returned to TruFFoS
TruFFoS collected $2 from pot
TruFFoS: doesn't show hand
*** SUMMARY ***
Total pot $2 | Rake $0
Seat 1: TruFFoS (big blind) collected ($2)
Seat 2: fourthtry (button) (small blind) folded before Flop


PokerStars Hand #146715282882:  Hold'em Limit ($3/$6 USD) - 2016/01/08 20:59:22 ET
Table 'Ljuba' 2-max Seat #1 is the button
Seat 1: TruFFoS ($112.20 in chips)
Seat 2: fourthtry ($229.57 in chips)
TruFFoS: posts small blind $1
fourthtry: posts big blind $3
*** HOLE CARDS ***
TruFFoS: raises $3 to $6
fourthtry: calls $3
*** FLOP *** [Td Ac As]
fourthtry: checks
TruFFoS: checks
*** TURN *** [Td Ac As] [9s]
fourthtry: checks
TruFFoS: bets $6
fourthtry: folds
Uncalled bet ($6) returned to TruFFoS
TruFFoS collected $11.76 from pot
TruFFoS: doesn't show hand
*** SUMMARY ***
Total pot $12 | Rake $0.24
Board [Td Ac As 9s]
Seat 1: TruFFoS (button) (small blind) collected ($11.76)
Seat 2: fourthtry (big blind) folded on the Turn


PokerStars Hand #146715313632:  Hold'em Limit ($3/$6 USD) - 2016/01/08 21:00:24 ET
Table 'Ljuba' 2-max Seat #2 is the button
Seat 1: TruFFoS ($133.46 in chips)
Seat 2: fourthtry ($207.57 in chips)
fourthtry: posts small blind $1
TruFFoS: posts big blind $3
*** HOLE CARDS ***
fourthtry: calls $2
TruFFoS: raises $3 to $6
fourthtry: calls $3
*** FLOP *** [7h Jc Td]
TruFFoS: bets $3
fourthtry: calls $3
*** TURN *** [7h Jc Td] [4h]
TruFFoS: bets $6
fourthtry: calls $6
*** RIVER *** [7h Jc Td 4h] [2s]
TruFFoS: bets $6
fourthtry: calls $6
*** SHOW DOWN ***
TruFFoS: shows [8h Th] (a pair of Tens)
fourthtry: mucks hand
TruFFoS collected $41.50 from pot
*** SUMMARY ***
Total pot $42 | Rake $0.50
Board [7h Jc Td 4h 2s]
Seat 1: TruFFoS (big blind) showed [8h Th] and won ($41.50) with a pair of Tens
Seat 2: fourthtry (button) (small blind) mucked


PokerStars Hand #146715339860:  Hold'em Limit ($3/$6 USD) - 2016/01/08 21:01:14 ET
Table 'Ljuba' 2-max Seat #2 is the button
Seat 1: TruFFoS ($147.96 in chips)
Seat 2: fourthtry ($192.33 in chips)
fourthtry: posts small blind $1
TruFFoS: posts big blind $3
*** HOLE CARDS ***
fourthtry: raises $3 to $6
TruFFoS: calls $3
*** FLOP *** [8s Ks Th]
TruFFoS: checks
fourthtry: bets $3
TruFFoS: folds
Uncalled bet ($3) returned to fourthtry
fourthtry collected $11.76 from pot
fourthtry: doesn't show hand
*** SUMMARY ***
Total pot $12 | Rake $0.24
Board [8s Ks Th]
Seat 1: TruFFoS (big blind) folded on the Flop
Seat 2: fourthtry (button) (small blind) collected ($11.76)


PokerStars Hand #146715330817:  Hold'em Limit ($3/$6 USD) - 2016/01/08 21:00:58 ET
Table 'Ljuba' 2-max Seat #1 is the button
Seat 1: TruFFoS ($153.96 in chips)
Seat 2: fourthtry ($186.57 in chips)
TruFFoS: posts small blind $1
fourthtry: posts big blind $3
*** HOLE CARDS ***
TruFFoS: raises $3 to $6
fourthtry: calls $3
*** FLOP *** [Jc 2d 5h]
fourthtry: checks
TruFFoS: checks
*** TURN *** [Jc 2d 5h] [6h]
fourthtry: bets $6
TruFFoS: folds
Uncalled bet ($6) returned to fourthtry
fourthtry collected $11.76 from pot
fourthtry: doesn't show hand
*** SUMMARY ***
Total pot $12 | Rake $0.24
Board [Jc 2d 5h 6h]
Seat 1: TruFFoS (button) (small blind) folded on the Turn
Seat 2: fourthtry (big blind) collected ($11.76)


PokerStars Hand #146715363685:  Hold'em Limit ($3/$6 USD) - 2016/01/08 21:01:57 ET
Table 'Ljuba' 2-max Seat #1 is the button
Seat 1: TruFFoS ($129.96 in chips)
Seat 2: fourthtry ($209.61 in chips)
TruFFoS: posts small blind $1
fourthtry: posts big blind $3
*** HOLE CARDS ***
TruFFoS: raises $3 to $6
fourthtry: calls $3
*** FLOP *** [2s 7s 6c]
fourthtry: checks
TruFFoS: bets $3
fourthtry: calls $3
*** TURN *** [2s 7s 6c] [7c]
fourthtry: checks
TruFFoS: bets $6
fourthtry: calls $6
*** RIVER *** [2s 7s 6c 7c] [Kh]
fourthtry: checks
TruFFoS: checks
*** SHOW DOWN ***
fourthtry: shows [8c Tc] (a pair of Sevens)
TruFFoS: shows [Qd Ac] (a pair of Sevens - Ace kicker)
TruFFoS collected $29.50 from pot
*** SUMMARY ***
Total pot $30 | Rake $0.50
Board [2s 7s 6c 7c Kh]
Seat 1: TruFFoS (button) (small blind) showed [Qd Ac] and won ($29.50) with a pair of Sevens
Seat 2: fourthtry (big blind) showed [8c Tc] and lost with a pair of Sevens


PokerStars Hand #146715356411:  Hold'em Limit ($3/$6 USD) - 2016/01/08 21:01:45 ET
Table 'Ljuba' 2-max Seat #2 is the button
Seat 1: TruFFoS ($135.96 in chips)
Seat 2: fourthtry ($203.85 in chips)
fourthtry: posts small blind $1
TruFFoS: posts big blind $3
*** HOLE CARDS ***
fourthtry: raises $3 to $6
TruFFoS: calls $3
*** FLOP *** [5d 4c Ks]
TruFFoS: checks
fourthtry: bets $3
TruFFoS: folds
Uncalled bet ($3) returned to fourthtry
fourthtry collected $11.76 from pot
fourthtry: doesn't show hand
*** SUMMARY ***
Total pot $12 | Rake $0.24
Board [5d 4c Ks]
Seat 1: TruFFoS (big blind) folded on the Flop
Seat 2: fourthtry (button) (small blind) collected ($11.76)


PokerStars Hand #146715348990:  Hold'em Limit ($3/$6 USD) - 2016/01/08 21:01:31 ET
Table 'Ljuba' 2-max Seat #1 is the button
Seat 1: TruFFoS ($141.96 in chips)
Seat 2: fourthtry ($198.09 in chips)
TruFFoS: posts small blind $1
fourthtry: posts big blind $3
*** HOLE CARDS ***
TruFFoS: raises $3 to $6
fourthtry: calls $3
*** FLOP *** [5h 9c Ac]
fourthtry: bets $3
TruFFoS: folds
Uncalled bet ($3) returned to fourthtry
fourthtry collected $11.76 from pot
fourthtry: doesn't show hand
*** SUMMARY ***
Total pot $12 | Rake $0.24
Board [5h 9c Ac]
Seat 1: TruFFoS (button) (small blind) folded on the Flop
Seat 2: fourthtry (big blind) collected ($11.76)


PokerStars Hand #146715387205:  Hold'em Limit ($3/$6 USD) - 2016/01/08 21:02:40 ET
Table 'Ljuba' 2-max Seat #1 is the button
Seat 1: TruFFoS ($141.46 in chips)
Seat 2: fourthtry ($197.49 in chips)
TruFFoS: posts small blind $1
fourthtry: posts big blind $3
*** HOLE CARDS ***
TruFFoS: raises $3 to $6
fourthtry: calls $3
*** FLOP *** [Qd 2c 8s]
fourthtry: bets $3
TruFFoS: folds
Uncalled bet ($3) returned to fourthtry
fourthtry collected $11.76 from pot
fourthtry: doesn't show hand
*** SUMMARY ***
Total pot $12 | Rake $0.24
Board [Qd 2c 8s]
Seat 1: TruFFoS (button) (small blind) folded on the Flop
Seat 2: fourthtry (big blind) collected ($11.76)


PokerStars Hand #146715396971:  Hold'em Limit ($3/$6 USD) - 2016/01/08 21:02:57 ET
Table 'Ljuba' 2-max Seat #2 is the button
Seat 1: TruFFoS ($135.46 in chips)
Seat 2: fourthtry ($203.25 in chips)
fourthtry: posts small blind $1
TruFFoS: posts big blind $3
*** HOLE CARDS ***
fourthtry: calls $2
TruFFoS: raises $3 to $6
fourthtry: calls $3
*** FLOP *** [7c 2s 2h]
TruFFoS: bets $3
fourthtry: calls $3
*** TURN *** [7c 2s 2h] [7h]
TruFFoS: bets $6
fourthtry: calls $6
*** RIVER *** [7c 2s 2h 7h] [5s]
TruFFoS: bets $6
fourthtry: folds
Uncalled bet ($6) returned to TruFFoS
TruFFoS collected $29.50 from pot
TruFFoS: doesn't show hand
*** SUMMARY ***
Total pot $30 | Rake $0.50
Board [7c 2s 2h 7h 5s]
Seat 1: TruFFoS (big blind) collected ($29.50)
Seat 2: fourthtry (button) (small blind) folded on the River


PokerStars Hand #146715377227:  Hold'em Limit ($3/$6 USD) - 2016/01/08 21:02:21 ET
Table 'Ljuba' 2-max Seat #2 is the button
Seat 1: TruFFoS ($144.46 in chips)
Seat 2: fourthtry ($194.61 in chips)
fourthtry: posts small blind $1
TruFFoS: posts big blind $3
*** HOLE CARDS ***
fourthtry: calls $2
TruFFoS: checks
*** FLOP *** [8s 3s 2d]
TruFFoS: checks
fourthtry: bets $3
TruFFoS: folds
Uncalled bet ($3) returned to fourthtry
fourthtry collected $5.88 from pot
fourthtry: doesn't show hand
*** SUMMARY ***
Total pot $6 | Rake $0.12
Board [8s 3s 2d]
Seat 1: TruFFoS (big blind) folded on the Flop
Seat 2: fourthtry (button) (small blind) collected ($5.88)


PokerStars Hand #146715429036:  Hold'em Limit ($3/$6 USD) - 2016/01/08 21:03:55 ET
Table 'Ljuba' 2-max Seat #2 is the button
Seat 1: TruFFoS ($158.60 in chips)
Seat 2: fourthtry ($179.25 in chips)
fourthtry: posts small blind $1
TruFFoS: posts big blind $3
*** HOLE CARDS ***
fourthtry: folds
Uncalled bet ($2) returned to TruFFoS
TruFFoS collected $2 from pot
TruFFoS: doesn't show hand
*** SUMMARY ***
Total pot $2 | Rake $0
Seat 1: TruFFoS (big blind) collected ($2)
Seat 2: fourthtry (button) (small blind) folded before Flop


PokerStars Hand #146715432977:  Hold'em Limit ($3/$6 USD) - 2016/01/08 21:04:01 ET
Table 'Ljuba' 2-max Seat #1 is the button
Seat 1: TruFFoS ($159.60 in chips)
Seat 2: fourthtry ($178.25 in chips)
TruFFoS: posts small blind $1
fourthtry: posts big blind $3
*** HOLE CARDS ***
TruFFoS: raises $3 to $6
fourthtry: calls $3
*** FLOP *** [Tc Qc 3h]
fourthtry: checks
TruFFoS: bets $3
fourthtry: calls $3
*** TURN *** [Tc Qc 3h] [2c]
fourthtry: checks
TruFFoS: checks
*** RIVER *** [Tc Qc 3h 2c] [4d]
fourthtry: checks
TruFFoS: checks
*** SHOW DOWN ***
fourthtry: shows [Qd 9d] (a pair of Queens)
TruFFoS: mucks hand
fourthtry collected $17.64 from pot
*** SUMMARY ***
Total pot $18 | Rake $0.36
Board [Tc Qc 3h 2c 4d]
Seat 1: TruFFoS (button) (small blind) mucked
Seat 2: fourthtry (big blind) showed [Qd 9d] and won ($17.64) with a pair of Queens


PokerStars Hand #146715447907:  Hold'em Limit ($3/$6 USD) - 2016/01/08 21:04:28 ET
Table 'Ljuba' 2-max Seat #2 is the button
Seat 1: TruFFoS ($150.60 in chips)
Seat 2: fourthtry ($186.89 in chips)
fourthtry: posts small blind $1
TruFFoS: posts big blind $3
*** HOLE CARDS ***
fourthtry: calls $2
TruFFoS: checks
*** FLOP *** [7c 6s 5d]
TruFFoS: checks
fourthtry: bets $3
TruFFoS: calls $3
*** TURN *** [7c 6s 5d] [6h]
TruFFoS: checks
fourthtry: checks
*** RIVER *** [7c 6s 5d 6h] [Qs]
TruFFoS: checks
fourthtry: bets $6
TruFFoS: folds
Uncalled bet ($6) returned to fourthtry
fourthtry collected $11.76 from pot
fourthtry: doesn't show hand
*** SUMMARY ***
Total pot $12 | Rake $0.24
Board [7c 6s 5d 6h Qs]
Seat 1: TruFFoS (big blind) folded on the River
Seat 2: fourthtry (button) (small blind) collected ($11.76)


PokerStars Hand #146715466331:  Hold'em Limit ($3/$6 USD) - 2016/01/08 21:05:01 ET
Table 'Ljuba' 2-max Seat #1 is the button
Seat 1: TruFFoS ($144.60 in chips)
Seat 2: fourthtry ($192.65 in chips)
TruFFoS: posts small blind $1
fourthtry: posts big blind $3
*** HOLE CARDS ***
TruFFoS: raises $3 to $6
fourthtry: calls $3
*** FLOP *** [Qh 4h 6s]
fourthtry: checks
TruFFoS: bets $3
fourthtry: calls $3
*** TURN *** [Qh 4h 6s] [9d]
fourthtry: checks
TruFFoS: bets $6
fourthtry: calls $6
*** RIVER *** [Qh 4h 6s 9d] [2c]
fourthtry: checks
TruFFoS: bets $6
fourthtry: folds
Uncalled bet ($6) returned to TruFFoS
TruFFoS collected $29.50 from pot
TruFFoS: doesn't show hand
*** SUMMARY ***
Total pot $30 | Rake $0.50
Board [Qh 4h 6s 9d 2c]
Seat 1: TruFFoS (button) (small blind) collected ($29.50)
Seat 2: fourthtry (big blind) folded on the River


PokerStars Hand #146715481151:  Hold'em Limit ($3/$6 USD) - 2016/01/08 21:05:26 ET
Table 'Ljuba' 2-max Seat #2 is the button
Seat 1: TruFFoS ($159.10 in chips)
Seat 2: fourthtry ($177.65 in chips)
fourthtry: posts small blind $1
TruFFoS: posts big blind $3
*** HOLE CARDS ***
fourthtry: folds
Uncalled bet ($2) returned to TruFFoS
TruFFoS collected $2 from pot
TruFFoS: doesn't show hand
*** SUMMARY ***
Total pot $2 | Rake $0
Seat 1: TruFFoS (big blind) collected ($2)
Seat 2: fourthtry (button) (small blind) folded before Flop


PokerStars Hand #146715486760:  Hold'em Limit ($3/$6 USD) - 2016/01/08 21:05:37 ET
Table 'Ljuba' 2-max Seat #1 is the button
Seat 1: TruFFoS ($160.10 in chips)
Seat 2: fourthtry ($176.65 in chips)
TruFFoS: posts small blind $1
fourthtry: posts big blind $3
*** HOLE CARDS ***
TruFFoS: raises $3 to $6
fourthtry: calls $3
*** FLOP *** [Ah 4h 6d]
fourthtry: checks
TruFFoS: checks
*** TURN *** [Ah 4h 6d] [8d]
fourthtry: bets $6
TruFFoS: calls $6
*** RIVER *** [Ah 4h 6d 8d] [4c]
fourthtry: checks
TruFFoS: checks
*** SHOW DOWN ***
fourthtry: shows [6c Td] (two pair, Sixes and Fours)
TruFFoS: mucks hand
fourthtry collected $23.52 from pot
*** SUMMARY ***
Total pot $24 | Rake $0.48
Board [Ah 4h 6d 8d 4c]
Seat 1: TruFFoS (button) (small blind) mucked
Seat 2: fourthtry (big blind) showed [6c Td] and won ($23.52) with two pair, Sixes and Fours


PokerStars Hand #146715501950:  Hold'em Limit ($3/$6 USD) - 2016/01/08 21:06:04 ET
Table 'Ljuba' 2-max Seat #2 is the button
Seat 1: TruFFoS ($148.10 in chips)
Seat 2: fourthtry ($188.17 in chips)
fourthtry: posts small blind $1
TruFFoS: posts big blind $3
*** HOLE CARDS ***
fourthtry: raises $3 to $6
TruFFoS: calls $3
*** FLOP *** [Th 9h Kh]
TruFFoS: checks
fourthtry: checks
*** TURN *** [Th 9h Kh] [Tc]
TruFFoS: bets $6
fourthtry: calls $6
*** RIVER *** [Th 9h Kh Tc] [4h]
TruFFoS: checks
fourthtry: bets $6
TruFFoS: calls $6
*** SHOW DOWN ***
fourthtry: shows [8h 4c] (a flush, King high)
TruFFoS: mucks hand
fourthtry collected $35.50 from pot
*** SUMMARY ***
Total pot $36 | Rake $0.50
Board [Th 9h Kh Tc 4h]
Seat 1: TruFFoS (big blind) mucked
Seat 2: fourthtry (button) (small blind) showed [8h 4c] and won ($35.50) with a flush, King high


PokerStars Hand #146715516470:  Hold'em Limit ($3/$6 USD) - 2016/01/08 21:06:30 ET
Table 'Ljuba' 2-max Seat #1 is the button
Seat 1: TruFFoS ($130.10 in chips)
Seat 2: fourthtry ($205.67 in chips)
TruFFoS: posts small blind $1
fourthtry: posts big blind $3
*** HOLE CARDS ***
TruFFoS: raises $3 to $6
fourthtry: calls $3
*** FLOP *** [Jh Th 9h]
fourthtry: checks
TruFFoS: bets $3
fourthtry: calls $3
*** TURN *** [Jh Th 9h] [8c]
fourthtry: bets $6
TruFFoS: calls $6
*** RIVER *** [Jh Th 9h 8c] [Ad]
fourthtry: bets $6
TruFFoS: raises $6 to $12
fourthtry: calls $6
*** SHOW DOWN ***
TruFFoS: shows [5h 2h] (a flush, Jack high)
fourthtry: shows [7h Qh] (a flush, Queen high)
fourthtry collected $53.50 from pot
*** SUMMARY ***
Total pot $54 | Rake $0.50
Board [Jh Th 9h 8c Ad]
Seat 1: TruFFoS (button) (small blind) showed [5h 2h] and lost with a flush, Jack high
Seat 2: fourthtry (big blind) showed [7h Qh] and won ($53.50) with a flush, Queen high


PokerStars Hand #146715540748:  Hold'em Limit ($3/$6 USD) - 2016/01/08 21:07:13 ET
Table 'Ljuba' 2-max Seat #2 is the button
Seat 1: TruFFoS ($103.10 in chips)
Seat 2: fourthtry ($232.17 in chips)
fourthtry: posts small blind $1
TruFFoS: posts big blind $3
*** HOLE CARDS ***
fourthtry: calls $2
TruFFoS: checks
*** FLOP *** [8d 9d Tc]
TruFFoS: checks
fourthtry: checks
*** TURN *** [8d 9d Tc] [9h]
TruFFoS: bets $6
fourthtry: calls $6
*** RIVER *** [8d 9d Tc 9h] [Ad]
TruFFoS: checks
fourthtry: checks
*** SHOW DOWN ***
TruFFoS: shows [2h Ts] (two pair, Tens and Nines)
fourthtry: mucks hand
TruFFoS collected $17.64 from pot
*** SUMMARY ***
Total pot $18 | Rake $0.36
Board [8d 9d Tc 9h Ad]
Seat 1: TruFFoS (big blind) showed [2h Ts] and won ($17.64) with two pair, Tens and Nines
Seat 2: fourthtry (button) (small blind) mucked


PokerStars Hand #146715592052:  Hold'em Limit ($3/$6 USD) - 2016/01/08 21:08:45 ET
Table 'Ljuba' 2-max Seat #2 is the button
Seat 1: TruFFoS ($129.24 in chips)
Seat 2: fourthtry ($205.17 in chips)
fourthtry: posts small blind $1
TruFFoS: posts big blind $3
*** HOLE CARDS ***
fourthtry: calls $2
TruFFoS: checks
*** FLOP *** [Ts 7c 4s]
TruFFoS: checks
fourthtry: bets $3
TruFFoS: folds
Uncalled bet ($3) returned to fourthtry
fourthtry collected $5.88 from pot
fourthtry: doesn't show hand
*** SUMMARY ***
Total pot $6 | Rake $0.12
Board [Ts 7c 4s]
Seat 1: TruFFoS (big blind) folded on the Flop
Seat 2: fourthtry (button) (small blind) collected ($5.88)


PokerStars Hand #146715565239:  Hold'em Limit ($3/$6 USD) - 2016/01/08 21:07:57 ET
Table 'Ljuba' 2-max Seat #1 is the button
Seat 1: TruFFoS ($111.74 in chips)
Seat 2: fourthtry ($223.17 in chips)
TruFFoS: posts small blind $1
fourthtry: posts big blind $3
*** HOLE CARDS ***
TruFFoS: raises $3 to $6
fourthtry: calls $3
*** FLOP *** [3h 4c 5d]
fourthtry: bets $3
TruFFoS: raises $3 to $6
fourthtry: calls $3
*** TURN *** [3h 4c 5d] [6h]
fourthtry: checks
TruFFoS: bets $6
fourthtry: calls $6
*** RIVER *** [3h 4c 5d 6h] [Kh]
fourthtry: checks
TruFFoS: bets $6
fourthtry: folds
Uncalled bet ($6) returned to TruFFoS
TruFFoS collected $35.50 from pot
TruFFoS: doesn't show hand
*** SUMMARY ***
Total pot $36 | Rake $0.50
Board [3h 4c 5d 6h Kh]
Seat 1: TruFFoS (button) (small blind) collected ($35.50)
Seat 2: fourthtry (big blind) folded on the River


PokerStars Hand #146715637702:  Hold'em Limit ($3/$6 USD) - 2016/01/08 21:10:07 ET
Table 'Ljuba' 2-max Seat #1 is the button
Seat 1: TruFFoS ($143.52 in chips)
Seat 2: fourthtry ($190.05 in chips)
TruFFoS: posts small blind $1
fourthtry: posts big blind $3
*** HOLE CARDS ***
TruFFoS: raises $3 to $6
fourthtry: calls $3
*** FLOP *** [7s 9c 4d]
fourthtry: checks
TruFFoS: bets $3
fourthtry: calls $3
*** TURN *** [7s 9c 4d] [Qh]
fourthtry: checks
TruFFoS: bets $6
fourthtry: folds
Uncalled bet ($6) returned to TruFFoS
TruFFoS collected $17.64 from pot
TruFFoS: doesn't show hand
*** SUMMARY ***
Total pot $18 | Rake $0.36
Board [7s 9c 4d Qh]
Seat 1: TruFFoS (button) (small blind) collected ($17.64)
Seat 2: fourthtry (big blind) folded on the Turn


PokerStars Hand #146715627005:  Hold'em Limit ($3/$6 USD) - 2016/01/08 21:09:48 ET
Table 'Ljuba' 2-max Seat #2 is the button
Seat 1: TruFFoS ($134.88 in chips)
Seat 2: fourthtry ($199.05 in chips)
fourthtry: posts small blind $1
TruFFoS: posts big blind $3
*** HOLE CARDS ***
fourthtry: raises $3 to $6
TruFFoS: raises $3 to $9
fourthtry: calls $3
*** FLOP *** [7c 7s Tc]
TruFFoS: bets $3
fourthtry: folds
Uncalled bet ($3) returned to TruFFoS
TruFFoS collected $17.64 from pot
TruFFoS: doesn't show hand
*** SUMMARY ***
Total pot $18 | Rake $0.36
Board [7c 7s Tc]
Seat 1: TruFFoS (big blind) collected ($17.64)
Seat 2: fourthtry (button) (small blind) folded on the Flop


PokerStars Hand #146715609174:  Hold'em Limit ($3/$6 USD) - 2016/01/08 21:09:16 ET
Table 'Ljuba' 2-max Seat #1 is the button
Seat 1: TruFFoS ($126.24 in chips)
Seat 2: fourthtry ($208.05 in chips)
TruFFoS: posts small blind $1
fourthtry: posts big blind $3
*** HOLE CARDS ***
TruFFoS: raises $3 to $6
fourthtry: calls $3
*** FLOP *** [Kd 5h 9d]
fourthtry: checks
TruFFoS: bets $3
fourthtry: calls $3
*** TURN *** [Kd 5h 9d] [4c]
fourthtry: checks
TruFFoS: checks
*** RIVER *** [Kd 5h 9d 4c] [Qd]
fourthtry: checks
TruFFoS: checks
*** SHOW DOWN ***
fourthtry: shows [6h 7d] (high card King)
TruFFoS: shows [Tc 2h] (high card King - Queen+Ten kicker)
TruFFoS collected $17.64 from pot
*** SUMMARY ***
Total pot $18 | Rake $0.36
Board [Kd 5h 9d 4c Qd]
Seat 1: TruFFoS (button) (small blind) showed [Tc 2h] and won ($17.64) with high card King
Seat 2: fourthtry (big blind) showed [6h 7d] and lost with high card King


PokerStars Hand #146715648096:  Hold'em Limit ($3/$6 USD) - 2016/01/08 21:10:26 ET
Table 'Ljuba' 2-max Seat #2 is the button
Seat 1: TruFFoS ($152.16 in chips)
Seat 2: fourthtry ($181.05 in chips)
fourthtry: posts small blind $1
TruFFoS: posts big blind $3
*** HOLE CARDS ***
fourthtry: calls $2
TruFFoS: checks
*** FLOP *** [Ah 7d 3c]
TruFFoS: bets $3
fourthtry: folds
Uncalled bet ($3) returned to TruFFoS
TruFFoS collected $5.88 from pot
TruFFoS: doesn't show hand
*** SUMMARY ***
Total pot $6 | Rake $0.12
Board [Ah 7d 3c]
Seat 1: TruFFoS (big blind) collected ($5.88)
Seat 2: fourthtry (button) (small blind) folded on the Flop


PokerStars Hand #146715666464:  Hold'em Limit ($3/$6 USD) - 2016/01/08 21:10:59 ET
Table 'Ljuba' 2-max Seat #2 is the button
Seat 1: TruFFoS ($160.80 in chips)
Seat 2: fourthtry ($172.05 in chips)
fourthtry: posts small blind $1
TruFFoS: posts big blind $3
*** HOLE CARDS ***
fourthtry: folds
Uncalled bet ($2) returned to TruFFoS
TruFFoS collected $2 from pot
TruFFoS: doesn't show hand
*** SUMMARY ***
Total pot $2 | Rake $0
Seat 1: TruFFoS (big blind) collected ($2)
Seat 2: fourthtry (button) (small blind) folded before Flop


PokerStars Hand #146715656861:  Hold'em Limit ($3/$6 USD) - 2016/01/08 21:10:41 ET
Table 'Ljuba' 2-max Seat #1 is the button
Seat 1: TruFFoS ($155.04 in chips)
Seat 2: fourthtry ($178.05 in chips)
TruFFoS: posts small blind $1
fourthtry: posts big blind $3
*** HOLE CARDS ***
TruFFoS: raises $3 to $6
fourthtry: calls $3
*** FLOP *** [2h Qd 7s]
fourthtry: checks
TruFFoS: bets $3
fourthtry: folds
Uncalled bet ($3) returned to TruFFoS
TruFFoS collected $11.76 from pot
TruFFoS: doesn't show hand
*** SUMMARY ***
Total pot $12 | Rake $0.24
Board [2h Qd 7s]
Seat 1: TruFFoS (button) (small blind) collected ($11.76)
Seat 2: fourthtry (big blind) folded on the Flop


PokerStars Hand #146715704438:  Hold'em Limit ($3/$6 USD) - 2016/01/08 21:12:07 ET
Table 'Ljuba' 2-max Seat #1 is the button
Seat 1: TruFFoS ($185.30 in chips)
Seat 2: fourthtry ($146.81 in chips)
TruFFoS: posts small blind $1
fourthtry: posts big blind $3
*** HOLE CARDS ***
TruFFoS: raises $3 to $6
fourthtry: calls $3
*** FLOP *** [Qh Kd 2h]
fourthtry: checks
TruFFoS: bets $3
fourthtry: folds
Uncalled bet ($3) returned to TruFFoS
TruFFoS collected $11.76 from pot
TruFFoS: doesn't show hand
*** SUMMARY ***
Total pot $12 | Rake $0.24
Board [Qh Kd 2h]
Seat 1: TruFFoS (button) (small blind) collected ($11.76)
Seat 2: fourthtry (big blind) folded on the Flop


PokerStars Hand #146715714361:  Hold'em Limit ($3/$6 USD) - 2016/01/08 21:12:25 ET
Table 'Ljuba' 2-max Seat #2 is the button
Seat 1: TruFFoS ($191.06 in chips)
Seat 2: fourthtry ($140.81 in chips)
fourthtry: posts small blind $1
TruFFoS: posts big blind $3
*** HOLE CARDS ***
fourthtry: folds
Uncalled bet ($2) returned to TruFFoS
TruFFoS collected $2 from pot
TruFFoS: doesn't show hand
*** SUMMARY ***
Total pot $2 | Rake $0
Seat 1: TruFFoS (big blind) collected ($2)
Seat 2: fourthtry (button) (small blind) folded before Flop


PokerStars Hand #146715669360:  Hold'em Limit ($3/$6 USD) - 2016/01/08 21:11:04 ET
Table 'Ljuba' 2-max Seat #1 is the button
Seat 1: TruFFoS ($161.80 in chips)
Seat 2: fourthtry ($171.05 in chips)
TruFFoS: posts small blind $1
fourthtry: posts big blind $3
*** HOLE CARDS ***
TruFFoS: raises $3 to $6
fourthtry: raises $3 to $9
TruFFoS: calls $3
*** FLOP *** [2c 2h Kd]
fourthtry: bets $3
TruFFoS: calls $3
*** TURN *** [2c 2h Kd] [5c]
fourthtry: bets $6
TruFFoS: raises $6 to $12
fourthtry: calls $6
*** RIVER *** [2c 2h Kd 5c] [5h]
fourthtry: checks
TruFFoS: bets $6
fourthtry: calls $6
*** SHOW DOWN ***
TruFFoS: shows [2d Td] (a full house, Deuces full of Fives)
fourthtry: mucks hand
TruFFoS collected $59.50 from pot
*** SUMMARY ***
Total pot $60 | Rake $0.50
Board [2c 2h Kd 5c 5h]
Seat 1: TruFFoS (button) (small blind) showed [2d Td] and won ($59.50) with a full house, Deuces full of Fives
Seat 2: fourthtry (big blind) mucked


PokerStars Hand #146715733455:  Hold'em Limit ($3/$6 USD) - 2016/01/08 21:13:00 ET
Table 'Ljuba' 2-max Seat #2 is the button
Seat 1: TruFFoS ($197.82 in chips)
Seat 2: fourthtry ($133.81 in chips)
fourthtry: posts small blind $1
TruFFoS: posts big blind $3
*** HOLE CARDS ***
fourthtry: calls $2
TruFFoS: raises $3 to $6
fourthtry: calls $3
*** FLOP *** [Jh 9h Tc]
TruFFoS: checks
fourthtry: checks
*** TURN *** [Jh 9h Tc] [Ac]
TruFFoS: checks
fourthtry: checks
*** RIVER *** [Jh 9h Tc Ac] [5s]
TruFFoS: checks
fourthtry: bets $6
TruFFoS: calls $6
*** SHOW DOWN ***
fourthtry: shows [Qd 5d] (a pair of Fives)
TruFFoS: shows [9s Kd] (a pair of Nines)
TruFFoS collected $23.52 from pot
*** SUMMARY ***
Total pot $24 | Rake $0.48
Board [Jh 9h Tc Ac 5s]
Seat 1: TruFFoS (big blind) showed [9s Kd] and won ($23.52) with a pair of Nines
Seat 2: fourthtry (button) (small blind) showed [Qd 5d] and lost with a pair of Fives


PokerStars Hand #146715717144:  Hold'em Limit ($3/$6 USD) - 2016/01/08 21:12:30 ET
Table 'Ljuba' 2-max Seat #1 is the button
Seat 1: TruFFoS ($192.06 in chips)
Seat 2: fourthtry ($139.81 in chips)
TruFFoS: posts small blind $1
fourthtry: posts big blind $3
*** HOLE CARDS ***
TruFFoS: raises $3 to $6
fourthtry: calls $3
*** FLOP *** [9s 6h 7d]
fourthtry: checks
TruFFoS: checks
*** TURN *** [9s 6h 7d] [2c]
fourthtry: checks
TruFFoS: bets $6
fourthtry: folds
Uncalled bet ($6) returned to TruFFoS
TruFFoS collected $11.76 from pot
TruFFoS: doesn't show hand
*** SUMMARY ***
Total pot $12 | Rake $0.24
Board [9s 6h 7d 2c]
Seat 1: TruFFoS (button) (small blind) collected ($11.76)
Seat 2: fourthtry (big blind) folded on the Turn


PokerStars Hand #146715754010:  Hold'em Limit ($3/$6 USD) - 2016/01/08 21:13:37 ET
Table 'Ljuba' 2-max Seat #1 is the button
Seat 1: TruFFoS ($209.34 in chips)
Seat 2: fourthtry ($121.81 in chips)
TruFFoS: posts small blind $1
fourthtry: posts big blind $3
*** HOLE CARDS ***
TruFFoS: raises $3 to $6
fourthtry: calls $3
*** FLOP *** [7d 6c 7h]
fourthtry: bets $3
TruFFoS: folds
Uncalled bet ($3) returned to fourthtry
fourthtry collected $11.76 from pot
fourthtry: doesn't show hand
*** SUMMARY ***
Total pot $12 | Rake $0.24
Board [7d 6c 7h]
Seat 1: TruFFoS (button) (small blind) folded on the Flop
Seat 2: fourthtry (big blind) collected ($11.76)


PokerStars Hand #146715762153:  Hold'em Limit ($3/$6 USD) - 2016/01/08 21:13:52 ET
Table 'Ljuba' 2-max Seat #2 is the button
Seat 1: TruFFoS ($203.34 in chips)
Seat 2: fourthtry ($127.57 in chips)
fourthtry: posts small blind $1
TruFFoS: posts big blind $3
*** HOLE CARDS ***
fourthtry: calls $2
TruFFoS: checks
*** FLOP *** [9c Js 6h]
TruFFoS: checks
fourthtry: bets $3
TruFFoS: folds
Uncalled bet ($3) returned to fourthtry
fourthtry collected $5.88 from pot
fourthtry: doesn't show hand
*** SUMMARY ***
Total pot $6 | Rake $0.12
Board [9c Js 6h]
Seat 1: TruFFoS (big blind) folded on the Flop
Seat 2: fourthtry (button) (small blind) collected ($5.88)


PokerStars Hand #146715794589:  Hold'em Limit ($3/$6 USD) - 2016/01/08 21:14:50 ET
Table 'Ljuba' 2-max Seat #2 is the button
Seat 1: TruFFoS ($200.16 in chips)
Seat 2: fourthtry ($130.27 in chips)
fourthtry: posts small blind $1
TruFFoS: posts big blind $3
*** HOLE CARDS ***
fourthtry: folds
Uncalled bet ($2) returned to TruFFoS
TruFFoS collected $2 from pot
TruFFoS: doesn't show hand
*** SUMMARY ***
Total pot $2 | Rake $0
Seat 1: TruFFoS (big blind) collected ($2)
Seat 2: fourthtry (button) (small blind) folded before Flop


PokerStars Hand #146715774353:  Hold'em Limit ($3/$6 USD) - 2016/01/08 21:14:14 ET
Table 'Ljuba' 2-max Seat #1 is the button
Seat 1: TruFFoS ($200.34 in chips)
Seat 2: fourthtry ($130.45 in chips)
TruFFoS: posts small blind $1
fourthtry: posts big blind $3
*** HOLE CARDS ***
TruFFoS: raises $3 to $6
fourthtry: calls $3
*** FLOP *** [Jh 2c 6d]
fourthtry: bets $3
TruFFoS: calls $3
*** TURN *** [Jh 2c 6d] [3s]
fourthtry: checks
TruFFoS: checks
*** RIVER *** [Jh 2c 6d 3s] [Js]
fourthtry: checks
TruFFoS: checks
*** SHOW DOWN ***
fourthtry: shows [Ac 4d] (a pair of Jacks)
TruFFoS: shows [Ad 4h] (a pair of Jacks)
fourthtry collected $8.82 from pot
TruFFoS collected $8.82 from pot
*** SUMMARY ***
Total pot $18 | Rake $0.36
Board [Jh 2c 6d 3s Js]
Seat 1: TruFFoS (button) (small blind) showed [Ad 4h] and won ($8.82) with a pair of Jacks
Seat 2: fourthtry (big blind) showed [Ac 4d] and won ($8.82) with a pair of Jacks


PokerStars Hand #146715805314:  Hold'em Limit ($3/$6 USD) - 2016/01/08 21:15:10 ET
Table 'Ljuba' 2-max Seat #2 is the button
Seat 1: TruFFoS ($206.92 in chips)
Seat 2: fourthtry ($123.27 in chips)
fourthtry: posts small blind $1
TruFFoS: posts big blind $3
*** HOLE CARDS ***
fourthtry: folds
Uncalled bet ($2) returned to TruFFoS
TruFFoS collected $2 from pot
TruFFoS: doesn't show hand
*** SUMMARY ***
Total pot $2 | Rake $0
Seat 1: TruFFoS (big blind) collected ($2)
Seat 2: fourthtry (button) (small blind) folded before Flop


PokerStars Hand #146715797608:  Hold'em Limit ($3/$6 USD) - 2016/01/08 21:14:56 ET
Table 'Ljuba' 2-max Seat #1 is the button
Seat 1: TruFFoS ($201.16 in chips)
Seat 2: fourthtry ($129.27 in chips)
TruFFoS: posts small blind $1
fourthtry: posts big blind $3
*** HOLE CARDS ***
TruFFoS: raises $3 to $6
fourthtry: calls $3
*** FLOP *** [8h 7d Jc]
fourthtry: checks
TruFFoS: bets $3
fourthtry: folds
Uncalled bet ($3) returned to TruFFoS
TruFFoS collected $11.76 from pot
TruFFoS: doesn't show hand
*** SUMMARY ***
Total pot $12 | Rake $0.24
Board [8h 7d Jc]
Seat 1: TruFFoS (button) (small blind) collected ($11.76)
Seat 2: fourthtry (big blind) folded on the Flop


PokerStars Hand #146715827698:  Hold'em Limit ($3/$6 USD) - 2016/01/08 21:15:50 ET
Table 'Ljuba' 2-max Seat #2 is the button
Seat 1: TruFFoS ($198.92 in chips)
Seat 2: fourthtry ($130.91 in chips)
fourthtry: posts small blind $1
TruFFoS: posts big blind $3
*** HOLE CARDS ***
fourthtry: calls $2
TruFFoS: raises $3 to $6
fourthtry: calls $3
*** FLOP *** [Kh 6s 3c]
TruFFoS: bets $3
fourthtry: folds
Uncalled bet ($3) returned to TruFFoS
TruFFoS collected $11.76 from pot
TruFFoS: doesn't show hand
*** SUMMARY ***
Total pot $12 | Rake $0.24
Board [Kh 6s 3c]
Seat 1: TruFFoS (big blind) collected ($11.76)
Seat 2: fourthtry (button) (small blind) folded on the Flop


PokerStars Hand #146715838850:  Hold'em Limit ($3/$6 USD) - 2016/01/08 21:16:11 ET
Table 'Ljuba' 2-max Seat #1 is the button
Seat 1: TruFFoS ($204.68 in chips)
Seat 2: fourthtry ($124.91 in chips)
TruFFoS: posts small blind $1
fourthtry: posts big blind $3
*** HOLE CARDS ***
TruFFoS: raises $3 to $6
fourthtry: calls $3
*** FLOP *** [9s 5s Kd]
fourthtry: checks
TruFFoS: bets $3
fourthtry: folds
Uncalled bet ($3) returned to TruFFoS
TruFFoS collected $11.76 from pot
TruFFoS: doesn't show hand
*** SUMMARY ***
Total pot $12 | Rake $0.24
Board [9s 5s Kd]
Seat 1: TruFFoS (button) (small blind) collected ($11.76)
Seat 2: fourthtry (big blind) folded on the Flop


PokerStars Hand #146715808615:  Hold'em Limit ($3/$6 USD) - 2016/01/08 21:15:16 ET
Table 'Ljuba' 2-max Seat #1 is the button
Seat 1: TruFFoS ($207.92 in chips)
Seat 2: fourthtry ($122.27 in chips)
TruFFoS: posts small blind $1
fourthtry: posts big blind $3
*** HOLE CARDS ***
TruFFoS: raises $3 to $6
fourthtry: calls $3
*** FLOP *** [2c Qs 5c]
fourthtry: checks
TruFFoS: bets $3
fourthtry: calls $3
*** TURN *** [2c Qs 5c] [Jc]
fourthtry: checks
TruFFoS: checks
*** RIVER *** [2c Qs 5c Jc] [8d]
fourthtry: checks
TruFFoS: checks
*** SHOW DOWN ***
fourthtry: shows [9s Tc] (a straight, Eight to Queen)
TruFFoS: mucks hand
fourthtry collected $17.64 from pot
*** SUMMARY ***
Total pot $18 | Rake $0.36
Board [2c Qs 5c Jc 8d]
Seat 1: TruFFoS (button) (small blind) mucked
Seat 2: fourthtry (big blind) showed [9s Tc] and won ($17.64) with a straight, Eight to Queen


PokerStars Hand #146715848626:  Hold'em Limit ($3/$6 USD) - 2016/01/08 21:16:28 ET
Table 'Ljuba' 2-max Seat #2 is the button
Seat 1: TruFFoS ($210.44 in chips)
Seat 2: fourthtry ($118.91 in chips)
fourthtry: posts small blind $1
TruFFoS: posts big blind $3
*** HOLE CARDS ***
fourthtry: calls $2
TruFFoS: checks
*** FLOP *** [6h 2s Jh]
TruFFoS: checks
fourthtry: checks
*** TURN *** [6h 2s Jh] [5d]
TruFFoS: checks
fourthtry: checks
*** RIVER *** [6h 2s Jh 5d] [8c]
TruFFoS: bets $6
fourthtry: folds
Uncalled bet ($6) returned to TruFFoS
TruFFoS collected $5.88 from pot
TruFFoS: doesn't show hand
*** SUMMARY ***
Total pot $6 | Rake $0.12
Board [6h 2s Jh 5d 8c]
Seat 1: TruFFoS (big blind) collected ($5.88)
Seat 2: fourthtry (button) (small blind) folded on the River


PokerStars Hand #146715862211:  Hold'em Limit ($3/$6 USD) - 2016/01/08 21:16:53 ET
Table 'Ljuba' 2-max Seat #1 is the button
Seat 1: TruFFoS ($213.32 in chips)
Seat 2: fourthtry ($115.91 in chips)
TruFFoS: posts small blind $1
fourthtry: posts big blind $3
*** HOLE CARDS ***
TruFFoS: raises $3 to $6
fourthtry: folds
Uncalled bet ($3) returned to TruFFoS
TruFFoS collected $6 from pot
TruFFoS: doesn't show hand
*** SUMMARY ***
Total pot $6 | Rake $0
Seat 1: TruFFoS (button) (small blind) collected ($6)
Seat 2: fourthtry (big blind) folded before Flop


PokerStars Hand #146715867321:  Hold'em Limit ($3/$6 USD) - 2016/01/08 21:17:02 ET
Table 'Ljuba' 2-max Seat #2 is the button
Seat 1: TruFFoS ($216.32 in chips)
Seat 2: fourthtry ($112.91 in chips)
fourthtry: posts small blind $1
TruFFoS: posts big blind $3
*** HOLE CARDS ***
fourthtry: calls $2
TruFFoS: checks
*** FLOP *** [Jh 6h Qd]
TruFFoS: checks
fourthtry: bets $3
TruFFoS: folds
Uncalled bet ($3) returned to fourthtry
fourthtry collected $5.88 from pot
fourthtry: doesn't show hand
*** SUMMARY ***
Total pot $6 | Rake $0.12
Board [Jh 6h Qd]
Seat 1: TruFFoS (big blind) folded on the Flop
Seat 2: fourthtry (button) (small blind) collected ($5.88)


PokerStars Hand #146715897939:  Hold'em Limit ($3/$6 USD) - 2016/01/08 21:17:58 ET
Table 'Ljuba' 2-max Seat #1 is the button
Seat 1: TruFFoS ($201.32 in chips)
Seat 2: fourthtry ($127.43 in chips)
TruFFoS: posts small blind $1
fourthtry: posts big blind $3
*** HOLE CARDS ***
TruFFoS: raises $3 to $6
fourthtry: calls $3
*** FLOP *** [9h 6d 2h]
fourthtry: bets $3
TruFFoS: folds
Uncalled bet ($3) returned to fourthtry
fourthtry collected $11.76 from pot
fourthtry: doesn't show hand
*** SUMMARY ***
Total pot $12 | Rake $0.24
Board [9h 6d 2h]
Seat 1: TruFFoS (button) (small blind) folded on the Flop
Seat 2: fourthtry (big blind) collected ($11.76)


PokerStars Hand #146715893011:  Hold'em Limit ($3/$6 USD) - 2016/01/08 21:17:49 ET
Table 'Ljuba' 2-max Seat #2 is the button
Seat 1: TruFFoS ($204.32 in chips)
Seat 2: fourthtry ($124.43 in chips)
fourthtry: posts small blind $1
TruFFoS: posts big blind $3
*** HOLE CARDS ***
fourthtry: raises $3 to $6
TruFFoS: folds
Uncalled bet ($3) returned to fourthtry
fourthtry collected $6 from pot
fourthtry: doesn't show hand
*** SUMMARY ***
Total pot $6 | Rake $0
Seat 1: TruFFoS (big blind) folded before Flop
Seat 2: fourthtry (button) (small blind) collected ($6)


PokerStars Hand #146715877066:  Hold'em Limit ($3/$6 USD) - 2016/01/08 21:17:20 ET
Table 'Ljuba' 2-max Seat #1 is the button
Seat 1: TruFFoS ($213.32 in chips)
Seat 2: fourthtry ($115.79 in chips)
TruFFoS: posts small blind $1
fourthtry: posts big blind $3
*** HOLE CARDS ***
TruFFoS: raises $3 to $6
fourthtry: raises $3 to $9
TruFFoS: calls $3
*** FLOP *** [Ad 3d Qd]
fourthtry: checks
TruFFoS: checks
*** TURN *** [Ad 3d Qd] [4c]
fourthtry: checks
TruFFoS: checks
*** RIVER *** [Ad 3d Qd 4c] [3s]
fourthtry: checks
TruFFoS: checks
*** SHOW DOWN ***
fourthtry: shows [8s 9d] (a pair of Threes)
TruFFoS: mucks hand
fourthtry collected $17.64 from pot
*** SUMMARY ***
Total pot $18 | Rake $0.36
Board [Ad 3d Qd 4c 3s]
Seat 1: TruFFoS (button) (small blind) mucked
Seat 2: fourthtry (big blind) showed [8s 9d] and won ($17.64) with a pair of Threes


PokerStars Hand #146715920264:  Hold'em Limit ($3/$6 USD) - 2016/01/08 21:18:39 ET
Table 'Ljuba' 2-max Seat #1 is the button
Seat 1: TruFFoS ($201.08 in chips)
Seat 2: fourthtry ($127.19 in chips)
TruFFoS: posts small blind $1
fourthtry: posts big blind $3
*** HOLE CARDS ***
TruFFoS: raises $3 to $6
fourthtry: raises $3 to $9
TruFFoS: calls $3
*** FLOP *** [Js Kc 6h]
fourthtry: checks
TruFFoS: bets $3
fourthtry: folds
Uncalled bet ($3) returned to TruFFoS
TruFFoS collected $17.64 from pot
TruFFoS: doesn't show hand
*** SUMMARY ***
Total pot $18 | Rake $0.36
Board [Js Kc 6h]
Seat 1: TruFFoS (button) (small blind) collected ($17.64)
Seat 2: fourthtry (big blind) folded on the Flop


PokerStars Hand #146715932917:  Hold'em Limit ($3/$6 USD) - 2016/01/08 21:19:03 ET
Table 'Ljuba' 2-max Seat #2 is the button
Seat 1: TruFFoS ($209.72 in chips)
Seat 2: fourthtry ($118.19 in chips)
fourthtry: posts small blind $1
TruFFoS: posts big blind $3
*** HOLE CARDS ***
fourthtry: calls $2
TruFFoS: raises $3 to $6
fourthtry: calls $3
*** FLOP *** [5s 8s Qh]
TruFFoS: bets $3
fourthtry: calls $3
*** TURN *** [5s 8s Qh] [Jc]
TruFFoS: checks
fourthtry: bets $6
TruFFoS: folds
Uncalled bet ($6) returned to fourthtry
fourthtry collected $17.64 from pot
fourthtry: doesn't show hand
*** SUMMARY ***
Total pot $18 | Rake $0.36
Board [5s 8s Qh Jc]
Seat 1: TruFFoS (big blind) folded on the Turn
Seat 2: fourthtry (button) (small blind) collected ($17.64)


PokerStars Hand #146715905860:  Hold'em Limit ($3/$6 USD) - 2016/01/08 21:18:13 ET
Table 'Ljuba' 2-max Seat #2 is the button
Seat 1: TruFFoS ($195.32 in chips)
Seat 2: fourthtry ($133.19 in chips)
fourthtry: posts small blind $1
TruFFoS: posts big blind $3
*** HOLE CARDS ***
fourthtry: calls $2
TruFFoS: checks
*** FLOP *** [6s 2h Td]
TruFFoS: bets $3
fourthtry: calls $3
*** TURN *** [6s 2h Td] [7s]
TruFFoS: checks
fourthtry: checks
*** RIVER *** [6s 2h Td 7s] [2d]
TruFFoS: checks
fourthtry: checks
*** SHOW DOWN ***
TruFFoS: shows [4c Kh] (a pair of Deuces)
fourthtry: mucks hand
TruFFoS collected $11.76 from pot
*** SUMMARY ***
Total pot $12 | Rake $0.24
Board [6s 2h Td 7s 2d]
Seat 1: TruFFoS (big blind) showed [4c Kh] and won ($11.76) with a pair of Deuces
Seat 2: fourthtry (button) (small blind) mucked


PokerStars Hand #146715972839:  Hold'em Limit ($3/$6 USD) - 2016/01/08 21:20:17 ET
Table 'Ljuba' 2-max Seat #2 is the button
Seat 1: TruFFoS ($223.10 in chips)
Seat 2: fourthtry ($103.83 in chips)
fourthtry: posts small blind $1
TruFFoS: posts big blind $3
*** HOLE CARDS ***
fourthtry: folds
Uncalled bet ($2) returned to TruFFoS
TruFFoS collected $2 from pot
TruFFoS: doesn't show hand
*** SUMMARY ***
Total pot $2 | Rake $0
Seat 1: TruFFoS (big blind) collected ($2)
Seat 2: fourthtry (button) (small blind) folded before Flop


PokerStars Hand #146715969414:  Hold'em Limit ($3/$6 USD) - 2016/01/08 21:20:10 ET
Table 'Ljuba' 2-max Seat #1 is the button
Seat 1: TruFFoS ($224.10 in chips)
Seat 2: fourthtry ($102.83 in chips)
TruFFoS: posts small blind $1
fourthtry: posts big blind $3
*** HOLE CARDS ***
TruFFoS: folds
Uncalled bet ($2) returned to fourthtry
fourthtry collected $2 from pot
fourthtry: doesn't show hand
*** SUMMARY ***
Total pot $2 | Rake $0
Seat 1: TruFFoS (button) (small blind) folded before Flop
Seat 2: fourthtry (big blind) collected ($2)


PokerStars Hand #146715960482:  Hold'em Limit ($3/$6 USD) - 2016/01/08 21:19:54 ET
Table 'Ljuba' 2-max Seat #2 is the button
Seat 1: TruFFoS ($221.22 in chips)
Seat 2: fourthtry ($105.83 in chips)
fourthtry: posts small blind $1
TruFFoS: posts big blind $3
*** HOLE CARDS ***
fourthtry: calls $2
TruFFoS: checks
*** FLOP *** [2h 9s Qs]
TruFFoS: checks
fourthtry: checks
*** TURN *** [2h 9s Qs] [3s]
TruFFoS: bets $6
fourthtry: folds
Uncalled bet ($6) returned to TruFFoS
TruFFoS collected $5.88 from pot
TruFFoS: doesn't show hand
*** SUMMARY ***
Total pot $6 | Rake $0.12
Board [2h 9s Qs 3s]
Seat 1: TruFFoS (big blind) collected ($5.88)
Seat 2: fourthtry (button) (small blind) folded on the Turn


PokerStars Hand #146715944052:  Hold'em Limit ($3/$6 USD) - 2016/01/08 21:19:23 ET
Table 'Ljuba' 2-max Seat #1 is the button
Seat 1: TruFFoS ($200.72 in chips)
Seat 2: fourthtry ($126.83 in chips)
TruFFoS: posts small blind $1
fourthtry: posts big blind $3
*** HOLE CARDS ***
TruFFoS: raises $3 to $6
fourthtry: calls $3
*** FLOP *** [Qc Jc 7c]
fourthtry: bets $3
TruFFoS: calls $3
*** TURN *** [Qc Jc 7c] [As]
fourthtry: bets $6
TruFFoS: calls $6
*** RIVER *** [Qc Jc 7c As] [4s]
fourthtry: bets $6
TruFFoS: calls $6
*** SHOW DOWN ***
fourthtry: shows [Ts 2d] (high card Ace)
TruFFoS: shows [Jh Td] (a pair of Jacks)
TruFFoS collected $41.50 from pot
*** SUMMARY ***
Total pot $42 | Rake $0.50
Board [Qc Jc 7c As 4s]
Seat 1: TruFFoS (button) (small blind) showed [Jh Td] and won ($41.50) with a pair of Jacks
Seat 2: fourthtry (big blind) showed [Ts 2d] and lost with high card Ace


PokerStars Hand #146715997982:  Hold'em Limit ($3/$6 USD) - 2016/01/08 21:21:03 ET
Table 'Ljuba' 2-max Seat #2 is the button
Seat 1: TruFFoS ($223.85 in chips)
Seat 2: fourthtry ($102.58 in chips)
fourthtry: posts small blind $1
TruFFoS: posts big blind $3
*** HOLE CARDS ***
fourthtry: calls $2
TruFFoS: checks
*** FLOP *** [2s 5s Jh]
TruFFoS: checks
fourthtry: checks
*** TURN *** [2s 5s Jh] [2c]
TruFFoS: checks
fourthtry: checks
*** RIVER *** [2s 5s Jh 2c] [Ac]
TruFFoS: bets $6
fourthtry: raises $6 to $12
TruFFoS: folds
Uncalled bet ($6) returned to fourthtry
fourthtry collected $17.64 from pot
fourthtry: doesn't show hand
*** SUMMARY ***
Total pot $18 | Rake $0.36
Board [2s 5s Jh 2c Ac]
Seat 1: TruFFoS (big blind) folded on the River
Seat 2: fourthtry (button) (small blind) collected ($17.64)


PokerStars Hand #146715977578:  Hold'em Limit ($3/$6 USD) - 2016/01/08 21:20:26 ET
Table 'Ljuba' 2-max Seat #1 is the button
Seat 1: TruFFoS ($224.10 in chips)
Seat 2: fourthtry ($102.83 in chips)
TruFFoS: posts small blind $1
fourthtry: posts big blind $3
*** HOLE CARDS ***
TruFFoS: raises $3 to $6
fourthtry: calls $3
*** FLOP *** [Js 8d 8c]
fourthtry: checks
TruFFoS: checks
*** TURN *** [Js 8d 8c] [7h]
fourthtry: checks
TruFFoS: bets $6
fourthtry: calls $6
*** RIVER *** [Js 8d 8c 7h] [9d]
fourthtry: bets $6
TruFFoS: raises $6 to $12
fourthtry: calls $6
*** SHOW DOWN ***
TruFFoS: shows [Th Jc] (a straight, Seven to Jack)
fourthtry: shows [Kh Ts] (a straight, Seven to Jack)
fourthtry collected $23.75 from pot
TruFFoS collected $23.75 from pot
*** SUMMARY ***
Total pot $48 | Rake $0.50
Board [Js 8d 8c 7h 9d]
Seat 1: TruFFoS (button) (small blind) showed [Th Jc] and won ($23.75) with a straight, Seven to Jack
Seat 2: fourthtry (big blind) showed [Kh Ts] and won ($23.75) with a straight, Seven to Jack


PokerStars Hand #146716027232:  Hold'em Limit ($3/$6 USD) - 2016/01/08 21:21:57 ET
Table 'Ljuba' 2-max Seat #2 is the button
Seat 1: TruFFoS ($232.35 in chips)
Seat 2: fourthtry ($93.22 in chips)
fourthtry: posts small blind $1
TruFFoS: posts big blind $3
*** HOLE CARDS ***
fourthtry: folds
Uncalled bet ($2) returned to TruFFoS
TruFFoS collected $2 from pot
TruFFoS: doesn't show hand
*** SUMMARY ***
Total pot $2 | Rake $0
Seat 1: TruFFoS (big blind) collected ($2)
Seat 2: fourthtry (button) (small blind) folded before Flop


PokerStars Hand #146716010956:  Hold'em Limit ($3/$6 USD) - 2016/01/08 21:21:27 ET
Table 'Ljuba' 2-max Seat #1 is the button
Seat 1: TruFFoS ($214.85 in chips)
Seat 2: fourthtry ($111.22 in chips)
TruFFoS: posts small blind $1
fourthtry: posts big blind $3
*** HOLE CARDS ***
TruFFoS: raises $3 to $6
fourthtry: calls $3
*** FLOP *** [7s 3c 6h]
fourthtry: bets $3
TruFFoS: raises $3 to $6
fourthtry: calls $3
*** TURN *** [7s 3c 6h] [Qc]
fourthtry: checks
TruFFoS: checks
*** RIVER *** [7s 3c 6h Qc] [8h]
fourthtry: checks
TruFFoS: bets $6
fourthtry: calls $6
*** SHOW DOWN ***
TruFFoS: shows [5s 9s] (a straight, Five to Nine)
fourthtry: mucks hand
TruFFoS collected $35.50 from pot
*** SUMMARY ***
Total pot $36 | Rake $0.50
Board [7s 3c 6h Qc 8h]
Seat 1: TruFFoS (button) (small blind) showed [5s 9s] and won ($35.50) with a straight, Five to Nine
Seat 2: fourthtry (big blind) mucked


PokerStars Hand #146716049916:  Hold'em Limit ($3/$6 USD) - 2016/01/08 21:22:39 ET
Table 'Ljuba' 2-max Seat #1 is the button
Seat 1: TruFFoS ($222.35 in chips)
Seat 2: fourthtry ($102.74 in chips)
TruFFoS: posts small blind $1
fourthtry: posts big blind $3
*** HOLE CARDS ***
TruFFoS: raises $3 to $6
fourthtry: calls $3
*** FLOP *** [5h 6c 2s]
fourthtry: checks
TruFFoS: bets $3
fourthtry: calls $3
*** TURN *** [5h 6c 2s] [4c]
fourthtry: checks
TruFFoS: bets $6
fourthtry: calls $6
*** RIVER *** [5h 6c 2s 4c] [Th]
fourthtry: checks
TruFFoS: bets $6
fourthtry: raises $6 to $12
TruFFoS: calls $6
*** SHOW DOWN ***
fourthtry: shows [3c Ks] (a straight, Deuce to Six)
TruFFoS: shows [As 3h] (a straight, Deuce to Six)
fourthtry collected $26.75 from pot
TruFFoS collected $26.75 from pot
*** SUMMARY ***
Total pot $54 | Rake $0.50
Board [5h 6c 2s 4c Th]
Seat 1: TruFFoS (button) (small blind) showed [As 3h] and won ($26.75) with a straight, Deuce to Six
Seat 2: fourthtry (big blind) showed [3c Ks] and won ($26.75) with a straight, Deuce to Six


PokerStars Hand #146716046602:  Hold'em Limit ($3/$6 USD) - 2016/01/08 21:22:33 ET
Table 'Ljuba' 2-max Seat #2 is the button
Seat 1: TruFFoS ($221.35 in chips)
Seat 2: fourthtry ($103.74 in chips)
fourthtry: posts small blind $1
TruFFoS: posts big blind $3
*** HOLE CARDS ***
fourthtry: folds
Uncalled bet ($2) returned to TruFFoS
TruFFoS collected $2 from pot
TruFFoS: doesn't show hand
*** SUMMARY ***
Total pot $2 | Rake $0
Seat 1: TruFFoS (big blind) collected ($2)
Seat 2: fourthtry (button) (small blind) folded before Flop


PokerStars Hand #146716033431:  Hold'em Limit ($3/$6 USD) - 2016/01/08 21:22:09 ET
Table 'Ljuba' 2-max Seat #1 is the button
Seat 1: TruFFoS ($233.35 in chips)
Seat 2: fourthtry ($92.22 in chips)
TruFFoS: posts small blind $1
fourthtry: posts big blind $3
*** HOLE CARDS ***
TruFFoS: raises $3 to $6
fourthtry: raises $3 to $9
TruFFoS: calls $3
*** FLOP *** [9d 4s 8h]
fourthtry: bets $3
TruFFoS: calls $3
*** TURN *** [9d 4s 8h] [2s]
fourthtry: bets $6
TruFFoS: folds
Uncalled bet ($6) returned to fourthtry
fourthtry collected $23.52 from pot
fourthtry: doesn't show hand
*** SUMMARY ***
Total pot $24 | Rake $0.48
Board [9d 4s 8h 2s]
Seat 1: TruFFoS (button) (small blind) folded on the Turn
Seat 2: fourthtry (big blind) collected ($23.52)


PokerStars Hand #146716083386:  Hold'em Limit ($3/$6 USD) - 2016/01/08 21:23:41 ET
Table 'Ljuba' 2-max Seat #1 is the button
Seat 1: TruFFoS ($198.10 in chips)
Seat 2: fourthtry ($125.99 in chips)
TruFFoS: posts small blind $1
fourthtry: posts big blind $3
*** HOLE CARDS ***
TruFFoS: raises $3 to $6
fourthtry: raises $3 to $9
TruFFoS: calls $3
*** FLOP *** [Js Kd Td]
fourthtry: checks
TruFFoS: bets $3
fourthtry: calls $3
*** TURN *** [Js Kd Td] [Ah]
fourthtry: checks
TruFFoS: checks
*** RIVER *** [Js Kd Td Ah] [Ad]
fourthtry: checks
TruFFoS: bets $6
fourthtry: folds
Uncalled bet ($6) returned to TruFFoS
TruFFoS collected $23.52 from pot
TruFFoS: doesn't show hand
*** SUMMARY ***
Total pot $24 | Rake $0.48
Board [Js Kd Td Ah Ad]
Seat 1: TruFFoS (button) (small blind) collected ($23.52)
Seat 2: fourthtry (big blind) folded on the River


PokerStars Hand #146716065712:  Hold'em Limit ($3/$6 USD) - 2016/01/08 21:23:08 ET
Table 'Ljuba' 2-max Seat #2 is the button
Seat 1: TruFFoS ($222.10 in chips)
Seat 2: fourthtry ($102.49 in chips)
fourthtry: posts small blind $1
TruFFoS: posts big blind $3
*** HOLE CARDS ***
fourthtry: calls $2
TruFFoS: raises $3 to $6
fourthtry: raises $3 to $9
TruFFoS: calls $3
*** FLOP *** [5c 3h Ad]
TruFFoS: bets $3
fourthtry: calls $3
*** TURN *** [5c 3h Ad] [8d]
TruFFoS: bets $6
fourthtry: calls $6
*** RIVER *** [5c 3h Ad 8d] [Jc]
TruFFoS: checks
fourthtry: bets $6
TruFFoS: calls $6
*** SHOW DOWN ***
fourthtry: shows [Kd Kh] (a pair of Kings)
TruFFoS: mucks hand
fourthtry collected $47.50 from pot
*** SUMMARY ***
Total pot $48 | Rake $0.50
Board [5c 3h Ad 8d Jc]
Seat 1: TruFFoS (big blind) mucked
Seat 2: fourthtry (button) (small blind) showed [Kd Kh] and won ($47.50) with a pair of Kings


PokerStars Hand #146716099755:  Hold'em Limit ($3/$6 USD) - 2016/01/08 21:24:12 ET
Table 'Ljuba' 2-max Seat #2 is the button
Seat 1: TruFFoS ($209.62 in chips)
Seat 2: fourthtry ($113.99 in chips)
fourthtry: posts small blind $1
TruFFoS: posts big blind $3
*** HOLE CARDS ***
fourthtry: calls $2
TruFFoS: raises $3 to $6
fourthtry: calls $3
*** FLOP *** [7c 8d Td]
TruFFoS: bets $3
fourthtry: calls $3
*** TURN *** [7c 8d Td] [5h]
TruFFoS: bets $6
fourthtry: calls $6
*** RIVER *** [7c 8d Td 5h] [4h]
TruFFoS: bets $6
fourthtry: calls $6
*** SHOW DOWN ***
TruFFoS: shows [6s 6d] (a straight, Four to Eight)
fourthtry: mucks hand
TruFFoS collected $41.50 from pot
*** SUMMARY ***
Total pot $42 | Rake $0.50
Board [7c 8d Td 5h 4h]
Seat 1: TruFFoS (big blind) showed [6s 6d] and won ($41.50) with a straight, Four to Eight
Seat 2: fourthtry (button) (small blind) mucked


PokerStars Hand #146716126874:  Hold'em Limit ($3/$6 USD) - 2016/01/08 21:25:03 ET
Table 'Ljuba' 2-max Seat #2 is the button
Seat 1: TruFFoS ($221.12 in chips)
Seat 2: fourthtry ($101.63 in chips)
fourthtry: posts small blind $1
TruFFoS: posts big blind $3
*** HOLE CARDS ***
fourthtry: calls $2
TruFFoS: checks
*** FLOP *** [3s Ac 6s]
TruFFoS: checks
fourthtry: bets $3
TruFFoS: calls $3
*** TURN *** [3s Ac 6s] [Ks]
TruFFoS: checks
fourthtry: checks
*** RIVER *** [3s Ac 6s Ks] [Jh]
TruFFoS: checks
fourthtry: checks
*** SHOW DOWN ***
TruFFoS: shows [6d 8s] (a pair of Sixes)
fourthtry: mucks hand
TruFFoS collected $11.76 from pot
*** SUMMARY ***
Total pot $12 | Rake $0.24
Board [3s Ac 6s Ks Jh]
Seat 1: TruFFoS (big blind) showed [6d 8s] and won ($11.76) with a pair of Sixes
Seat 2: fourthtry (button) (small blind) mucked


PokerStars Hand #146716114553:  Hold'em Limit ($3/$6 USD) - 2016/01/08 21:24:40 ET
Table 'Ljuba' 2-max Seat #1 is the button
Seat 1: TruFFoS ($230.12 in chips)
Seat 2: fourthtry ($92.99 in chips)
TruFFoS: posts small blind $1
fourthtry: posts big blind $3
*** HOLE CARDS ***
TruFFoS: raises $3 to $6
fourthtry: calls $3
*** FLOP *** [Jd 5h Jc]
fourthtry: bets $3
TruFFoS: calls $3
*** TURN *** [Jd 5h Jc] [3h]
fourthtry: bets $6
TruFFoS: folds
Uncalled bet ($6) returned to fourthtry
fourthtry collected $17.64 from pot
fourthtry: doesn't show hand
*** SUMMARY ***
Total pot $18 | Rake $0.36
Board [Jd 5h Jc 3h]
Seat 1: TruFFoS (button) (small blind) folded on the Turn
Seat 2: fourthtry (big blind) collected ($17.64)


PokerStars Hand #146716154561:  Hold'em Limit ($3/$6 USD) - 2016/01/08 21:25:56 ET
Table 'Ljuba' 2-max Seat #1 is the button
Seat 1: TruFFoS ($246.38 in chips)
Seat 2: fourthtry ($75.63 in chips)
TruFFoS: posts small blind $1
fourthtry: posts big blind $3
*** HOLE CARDS ***
TruFFoS: raises $3 to $6
fourthtry: calls $3
*** FLOP *** [7d Ac 5d]
fourthtry: checks
TruFFoS: bets $3
fourthtry: folds
Uncalled bet ($3) returned to TruFFoS
TruFFoS collected $11.76 from pot
TruFFoS: doesn't show hand
*** SUMMARY ***
Total pot $12 | Rake $0.24
Board [7d Ac 5d]
Seat 1: TruFFoS (button) (small blind) collected ($11.76)
Seat 2: fourthtry (big blind) folded on the Flop


PokerStars Hand #146716140890:  Hold'em Limit ($3/$6 USD) - 2016/01/08 21:25:30 ET
Table 'Ljuba' 2-max Seat #1 is the button
Seat 1: TruFFoS ($226.88 in chips)
Seat 2: fourthtry ($95.63 in chips)
TruFFoS: posts small blind $1
fourthtry: posts big blind $3
*** HOLE CARDS ***
TruFFoS: folds
Uncalled bet ($2) returned to fourthtry
fourthtry collected $2 from pot
fourthtry: doesn't show hand
*** SUMMARY ***
Total pot $2 | Rake $0
Seat 1: TruFFoS (button) (small blind) folded before Flop
Seat 2: fourthtry (big blind) collected ($2)


PokerStars Hand #146716165508:  Hold'em Limit ($3/$6 USD) - 2016/01/08 21:26:16 ET
Table 'Ljuba' 2-max Seat #2 is the button
Seat 1: TruFFoS ($252.14 in chips)
Seat 2: fourthtry ($69.63 in chips)
fourthtry: posts small blind $1
TruFFoS: posts big blind $3
*** HOLE CARDS ***
fourthtry: folds
Uncalled bet ($2) returned to TruFFoS
TruFFoS collected $2 from pot
TruFFoS: doesn't show hand
*** SUMMARY ***
Total pot $2 | Rake $0
Seat 1: TruFFoS (big blind) collected ($2)
Seat 2: fourthtry (button) (small blind) folded before Flop


PokerStars Hand #146716143506:  Hold'em Limit ($3/$6 USD) - 2016/01/08 21:25:35 ET
Table 'Ljuba' 2-max Seat #2 is the button
Seat 1: TruFFoS ($225.88 in chips)
Seat 2: fourthtry ($96.63 in chips)
fourthtry: posts small blind $1
TruFFoS: posts big blind $3
*** HOLE CARDS ***
fourthtry: raises $3 to $6
TruFFoS: calls $3
*** FLOP *** [Tc Qh 3d]
TruFFoS: bets $3
fourthtry: calls $3
*** TURN *** [Tc Qh 3d] [6d]
TruFFoS: bets $6
fourthtry: calls $6
*** RIVER *** [Tc Qh 3d 6d] [4h]
TruFFoS: bets $6
fourthtry: calls $6
*** SHOW DOWN ***
TruFFoS: shows [3c Qc] (two pair, Queens and Threes)
fourthtry: mucks hand
TruFFoS collected $41.50 from pot
*** SUMMARY ***
Total pot $42 | Rake $0.50
Board [Tc Qh 3d 6d 4h]
Seat 1: TruFFoS (big blind) showed [3c Qc] and won ($41.50) with two pair, Queens and Threes
Seat 2: fourthtry (button) (small blind) mucked


PokerStars Hand #146716186607:  Hold'em Limit ($3/$6 USD) - 2016/01/08 21:26:56 ET
Table 'Ljuba' 2-max Seat #1 is the button
Seat 1: TruFFoS ($268.64 in chips)
Seat 2: fourthtry ($52.63 in chips)
TruFFoS: posts small blind $1
fourthtry: posts big blind $3
*** HOLE CARDS ***
TruFFoS: raises $3 to $6
fourthtry: calls $3
*** FLOP *** [2h Th 9h]
fourthtry: bets $3
TruFFoS: calls $3
*** TURN *** [2h Th 9h] [4h]
fourthtry: bets $6
TruFFoS: folds
Uncalled bet ($6) returned to fourthtry
fourthtry collected $17.64 from pot
fourthtry: doesn't show hand
*** SUMMARY ***
Total pot $18 | Rake $0.36
Board [2h Th 9h 4h]
Seat 1: TruFFoS (button) (small blind) folded on the Turn
Seat 2: fourthtry (big blind) collected ($17.64)


PokerStars Hand #146716168807:  Hold'em Limit ($3/$6 USD) - 2016/01/08 21:26:22 ET
Table 'Ljuba' 2-max Seat #1 is the button
Seat 1: TruFFoS ($253.14 in chips)
Seat 2: fourthtry ($68.63 in chips)
TruFFoS: posts small blind $1
fourthtry: posts big blind $3
*** HOLE CARDS ***
TruFFoS: raises $3 to $6
fourthtry: calls $3
*** FLOP *** [2s Tc Ks]
fourthtry: checks
TruFFoS: bets $3
fourthtry: calls $3
*** TURN *** [2s Tc Ks] [4d]
fourthtry: checks
TruFFoS: bets $6
fourthtry: calls $6
*** RIVER *** [2s Tc Ks 4d] [Td]
fourthtry: checks
TruFFoS: bets $6
fourthtry: folds
Uncalled bet ($6) returned to TruFFoS
TruFFoS collected $29.50 from pot
TruFFoS: doesn't show hand
*** SUMMARY ***
Total pot $30 | Rake $0.50
Board [2s Tc Ks 4d Td]
Seat 1: TruFFoS (button) (small blind) collected ($29.50)
Seat 2: fourthtry (big blind) folded on the River


PokerStars Hand #146716183581:  Hold'em Limit ($3/$6 USD) - 2016/01/08 21:26:50 ET
Table 'Ljuba' 2-max Seat #2 is the button
Seat 1: TruFFoS ($267.64 in chips)
Seat 2: fourthtry ($53.63 in chips)
fourthtry: posts small blind $1
TruFFoS: posts big blind $3
*** HOLE CARDS ***
fourthtry: folds
Uncalled bet ($2) returned to TruFFoS
TruFFoS collected $2 from pot
TruFFoS: doesn't show hand
*** SUMMARY ***
Total pot $2 | Rake $0
Seat 1: TruFFoS (big blind) collected ($2)
Seat 2: fourthtry (button) (small blind) folded before Flop


PokerStars Hand #146716209787:  Hold'em Limit ($3/$6 USD) - 2016/01/08 21:27:40 ET
Table 'Ljuba' 2-max Seat #1 is the button
Seat 1: TruFFoS ($268.28 in chips)
Seat 2: fourthtry ($52.27 in chips)
TruFFoS: posts small blind $1
fourthtry: posts big blind $3
*** HOLE CARDS ***
TruFFoS: raises $3 to $6
fourthtry: calls $3
*** FLOP *** [Tc Ah 5h]
fourthtry: checks
TruFFoS: bets $3
fourthtry: folds
Uncalled bet ($3) returned to TruFFoS
TruFFoS collected $11.76 from pot
TruFFoS: doesn't show hand
*** SUMMARY ***
Total pot $12 | Rake $0.24
Board [Tc Ah 5h]
Seat 1: TruFFoS (button) (small blind) collected ($11.76)
Seat 2: fourthtry (big blind) folded on the Flop


PokerStars Hand #146716199493:  Hold'em Limit ($3/$6 USD) - 2016/01/08 21:27:21 ET
Table 'Ljuba' 2-max Seat #2 is the button
Seat 1: TruFFoS ($259.64 in chips)
Seat 2: fourthtry ($61.27 in chips)
fourthtry: posts small blind $1
TruFFoS: posts big blind $3
*** HOLE CARDS ***
fourthtry: calls $2
TruFFoS: raises $3 to $6
fourthtry: calls $3
*** FLOP *** [8c 2c Th]
TruFFoS: bets $3
fourthtry: calls $3
*** TURN *** [8c 2c Th] [As]
TruFFoS: bets $6
fourthtry: folds
Uncalled bet ($6) returned to TruFFoS
TruFFoS collected $17.64 from pot
TruFFoS: doesn't show hand
*** SUMMARY ***
Total pot $18 | Rake $0.36
Board [8c 2c Th As]
Seat 1: TruFFoS (big blind) collected ($17.64)
Seat 2: fourthtry (button) (small blind) folded on the Turn


PokerStars Hand #146716225542:  Hold'em Limit ($3/$6 USD) - 2016/01/08 21:28:11 ET
Table 'Ljuba' 2-max Seat #1 is the button
Seat 1: TruFFoS ($271.04 in chips)
Seat 2: fourthtry ($49.15 in chips)
TruFFoS: posts small blind $1
fourthtry: posts big blind $3
*** HOLE CARDS ***
TruFFoS: raises $3 to $6
fourthtry: calls $3
*** FLOP *** [2s Qd Kh]
fourthtry: bets $3
TruFFoS: folds
Uncalled bet ($3) returned to fourthtry
fourthtry collected $11.76 from pot
fourthtry: doesn't show hand
*** SUMMARY ***
Total pot $12 | Rake $0.24
Board [2s Qd Kh]
Seat 1: TruFFoS (button) (small blind) folded on the Flop
Seat 2: fourthtry (big blind) collected ($11.76)


PokerStars Hand #146716216902:  Hold'em Limit ($3/$6 USD) - 2016/01/08 21:27:54 ET
Table 'Ljuba' 2-max Seat #2 is the button
Seat 1: TruFFoS ($274.04 in chips)
Seat 2: fourthtry ($46.27 in chips)
fourthtry: posts small blind $1
TruFFoS: posts big blind $3
*** HOLE CARDS ***
fourthtry: calls $2
TruFFoS: checks
*** FLOP *** [Kh Ad Jh]
TruFFoS: checks
fourthtry: bets $3
TruFFoS: folds
Uncalled bet ($3) returned to fourthtry
fourthtry collected $5.88 from pot
fourthtry: doesn't show hand
*** SUMMARY ***
Total pot $6 | Rake $0.12
Board [Kh Ad Jh]
Seat 1: TruFFoS (big blind) folded on the Flop
Seat 2: fourthtry (button) (small blind) collected ($5.88)


PokerStars Hand #146716233487:  Hold'em Limit ($3/$6 USD) - 2016/01/08 21:28:26 ET
Table 'Ljuba' 2-max Seat #2 is the button
Seat 1: TruFFoS ($265.04 in chips)
Seat 2: fourthtry ($54.91 in chips)
fourthtry: posts small blind $1
TruFFoS: posts big blind $3
*** HOLE CARDS ***
fourthtry: calls $2
TruFFoS: raises $3 to $6
fourthtry: calls $3
*** FLOP *** [9d 8s Qs]
TruFFoS: bets $3
fourthtry: folds
Uncalled bet ($3) returned to TruFFoS
TruFFoS collected $11.76 from pot
TruFFoS: doesn't show hand
*** SUMMARY ***
Total pot $12 | Rake $0.24
Board [9d 8s Qs]
Seat 1: TruFFoS (big blind) collected ($11.76)
Seat 2: fourthtry (button) (small blind) folded on the Flop


PokerStars Hand #146716240395:  Hold'em Limit ($3/$6 USD) - 2016/01/08 21:28:40 ET
Table 'Ljuba' 2-max Seat #1 is the button
Seat 1: TruFFoS ($270.80 in chips)
Seat 2: fourthtry ($48.91 in chips)
TruFFoS: posts small blind $1
fourthtry: posts big blind $3
*** HOLE CARDS ***
TruFFoS: raises $3 to $6
fourthtry: calls $3
*** FLOP *** [4s 3d 7s]
fourthtry: checks
TruFFoS: bets $3
fourthtry: calls $3
*** TURN *** [4s 3d 7s] [Td]
fourthtry: checks
TruFFoS: bets $6
fourthtry: calls $6
*** RIVER *** [4s 3d 7s Td] [2h]
fourthtry: checks
TruFFoS: bets $6
fourthtry: calls $6
*** SHOW DOWN ***
TruFFoS: shows [Jh 7h] (a pair of Sevens)
fourthtry: shows [6s Ts] (a pair of Tens)
fourthtry collected $41.50 from pot
*** SUMMARY ***
Total pot $42 | Rake $0.50
Board [4s 3d 7s Td 2h]
Seat 1: TruFFoS (button) (small blind) showed [Jh 7h] and lost with a pair of Sevens
Seat 2: fourthtry (big blind) showed [6s Ts] and won ($41.50) with a pair of Tens


PokerStars Hand #146716271566:  Hold'em Limit ($3/$6 USD) - 2016/01/08 21:29:40 ET
Table 'Ljuba' 2-max Seat #1 is the button
Seat 1: TruFFoS ($264.30 in chips)
Seat 2: fourthtry ($54.41 in chips)
TruFFoS: posts small blind $1
fourthtry: posts big blind $3
*** HOLE CARDS ***
TruFFoS: raises $3 to $6
fourthtry: raises $3 to $9
TruFFoS: calls $3
*** FLOP *** [8d 9c Ts]
fourthtry: checks
TruFFoS: bets $3
fourthtry: calls $3
*** TURN *** [8d 9c Ts] [Tc]
fourthtry: checks
TruFFoS: checks
*** RIVER *** [8d 9c Ts Tc] [Qd]
fourthtry: checks
TruFFoS: bets $6
fourthtry: calls $6
*** SHOW DOWN ***
TruFFoS: shows [Kh Jd] (a straight, Nine to King)
fourthtry: mucks hand
TruFFoS collected $35.50 from pot
*** SUMMARY ***
Total pot $36 | Rake $0.50
Board [8d 9c Ts Tc Qd]
Seat 1: TruFFoS (button) (small blind) showed [Kh Jd] and won ($35.50) with a straight, Nine to King
Seat 2: fourthtry (big blind) mucked


PokerStars Hand #146716255541:  Hold'em Limit ($3/$6 USD) - 2016/01/08 21:29:09 ET
Table 'Ljuba' 2-max Seat #2 is the button
Seat 1: TruFFoS ($249.80 in chips)
Seat 2: fourthtry ($69.41 in chips)
fourthtry: posts small blind $1
TruFFoS: posts big blind $3
*** HOLE CARDS ***
fourthtry: calls $2
TruFFoS: raises $3 to $6
fourthtry: calls $3
*** FLOP *** [6c Jh Qc]
TruFFoS: bets $3
fourthtry: calls $3
*** TURN *** [6c Jh Qc] [8h]
TruFFoS: checks
fourthtry: checks
*** RIVER *** [6c Jh Qc 8h] [6h]
TruFFoS: bets $6
fourthtry: calls $6
*** SHOW DOWN ***
TruFFoS: shows [5d 6d] (three of a kind, Sixes)
fourthtry: mucks hand
TruFFoS collected $29.50 from pot
*** SUMMARY ***
Total pot $30 | Rake $0.50
Board [6c Jh Qc 8h 6h]
Seat 1: TruFFoS (big blind) showed [5d 6d] and won ($29.50) with three of a kind, Sixes
Seat 2: fourthtry (button) (small blind) mucked


PokerStars Hand #146716287774:  Hold'em Limit ($3/$6 USD) - 2016/01/08 21:30:11 ET
Table 'Ljuba' 2-max Seat #2 is the button
Seat 1: TruFFoS ($281.80 in chips)
Seat 2: fourthtry ($36.41 in chips)
fourthtry: posts small blind $1
TruFFoS: posts big blind $3
*** HOLE CARDS ***
fourthtry: calls $2
TruFFoS: raises $3 to $6
fourthtry: calls $3
*** FLOP *** [5d 9h Kd]
TruFFoS: bets $3
fourthtry: calls $3
*** TURN *** [5d 9h Kd] [Ts]
TruFFoS: checks
fourthtry: checks
*** RIVER *** [5d 9h Kd Ts] [Qc]
TruFFoS: bets $6
fourthtry: calls $6
*** SHOW DOWN ***
TruFFoS: shows [Qd Ac] (a pair of Queens)
fourthtry: shows [9d Jd] (a straight, Nine to King)
fourthtry collected $29.50 from pot
*** SUMMARY ***
Total pot $30 | Rake $0.50
Board [5d 9h Kd Ts Qc]
Seat 1: TruFFoS (big blind) showed [Qd Ac] and lost with a pair of Queens
Seat 2: fourthtry (button) (small blind) showed [9d Jd] and won ($29.50) with a straight, Nine to King


PokerStars Hand #146716301251:  Hold'em Limit ($3/$6 USD) - 2016/01/08 21:30:38 ET
Table 'Ljuba' 2-max Seat #1 is the button
Seat 1: TruFFoS ($266.80 in chips)
Seat 2: fourthtry ($50.91 in chips)
TruFFoS: posts small blind $1
fourthtry: posts big blind $3
*** HOLE CARDS ***
TruFFoS: raises $3 to $6
fourthtry: calls $3
*** FLOP *** [5h 9h 4h]
fourthtry: checks
TruFFoS: bets $3
fourthtry: calls $3
*** TURN *** [5h 9h 4h] [6s]
fourthtry: checks
TruFFoS: bets $6
fourthtry: calls $6
*** RIVER *** [5h 9h 4h 6s] [Kh]
fourthtry: checks
TruFFoS: bets $6
fourthtry: folds
Uncalled bet ($6) returned to TruFFoS
TruFFoS collected $29.50 from pot
TruFFoS: doesn't show hand
*** SUMMARY ***
Total pot $30 | Rake $0.50
Board [5h 9h 4h 6s Kh]
Seat 1: TruFFoS (button) (small blind) collected ($29.50)
Seat 2: fourthtry (big blind) folded on the River


PokerStars Hand #146716346825:  Hold'em Limit ($3/$6 USD) - 2016/01/08 21:32:06 ET
Table 'Ljuba' 2-max Seat #2 is the button
Seat 1: TruFFoS ($242.30 in chips)
Seat 2: fourthtry ($73.93 in chips)
fourthtry: posts small blind $1
TruFFoS: posts big blind $3
*** HOLE CARDS ***
fourthtry: calls $2
TruFFoS: checks
*** FLOP *** [Ts Ad Td]
TruFFoS: checks
fourthtry: bets $3
TruFFoS: folds
Uncalled bet ($3) returned to fourthtry
fourthtry collected $5.88 from pot
fourthtry: doesn't show hand
*** SUMMARY ***
Total pot $6 | Rake $0.12
Board [Ts Ad Td]
Seat 1: TruFFoS (big blind) folded on the Flop
Seat 2: fourthtry (button) (small blind) collected ($5.88)


PokerStars Hand #146716332936:  Hold'em Limit ($3/$6 USD) - 2016/01/08 21:31:39 ET
Table 'Ljuba' 2-max Seat #1 is the button
Seat 1: TruFFoS ($254.30 in chips)
Seat 2: fourthtry ($62.41 in chips)
TruFFoS: posts small blind $1
fourthtry: posts big blind $3
*** HOLE CARDS ***
TruFFoS: raises $3 to $6
fourthtry: calls $3
*** FLOP *** [4d 3s 2c]
fourthtry: checks
TruFFoS: checks
*** TURN *** [4d 3s 2c] [Ac]
fourthtry: checks
TruFFoS: bets $6
fourthtry: calls $6
*** RIVER *** [4d 3s 2c Ac] [9s]
fourthtry: checks
TruFFoS: checks
*** SHOW DOWN ***
fourthtry: shows [Ah 3c] (two pair, Aces and Threes)
TruFFoS: mucks hand
fourthtry collected $23.52 from pot
*** SUMMARY ***
Total pot $24 | Rake $0.48
Board [4d 3s 2c Ac 9s]
Seat 1: TruFFoS (button) (small blind) mucked
Seat 2: fourthtry (big blind) showed [Ah 3c] and won ($23.52) with two pair, Aces and Threes


PokerStars Hand #146716320280:  Hold'em Limit ($3/$6 USD) - 2016/01/08 21:31:15 ET
Table 'Ljuba' 2-max Seat #2 is the button
Seat 1: TruFFoS ($281.30 in chips)
Seat 2: fourthtry ($35.91 in chips)
fourthtry: posts small blind $1
TruFFoS: posts big blind $3
*** HOLE CARDS ***
fourthtry: calls $2
TruFFoS: raises $3 to $6
fourthtry: calls $3
*** FLOP *** [8d Jc 2h]
TruFFoS: bets $3
fourthtry: calls $3
*** TURN *** [8d Jc 2h] [6h]
TruFFoS: bets $6
fourthtry: calls $6
*** RIVER *** [8d Jc 2h 6h] [4s]
TruFFoS: bets $6
fourthtry: raises $6 to $12
TruFFoS: calls $6
*** SHOW DOWN ***
fourthtry: shows [Jh 4d] (two pair, Jacks and Fours)
TruFFoS: mucks hand
fourthtry collected $53.50 from pot
*** SUMMARY ***
Total pot $54 | Rake $0.50
Board [8d Jc 2h 6h 4s]
Seat 1: TruFFoS (big blind) mucked
Seat 2: fourthtry (button) (small blind) showed [Jh 4d] and won ($53.50) with two pair, Jacks and Fours


PokerStars Hand #146716355299:  Hold'em Limit ($3/$6 USD) - 2016/01/08 21:32:23 ET
Table 'Ljuba' 2-max Seat #1 is the button
Seat 1: TruFFoS ($239.30 in chips)
Seat 2: fourthtry ($76.81 in chips)
TruFFoS: posts small blind $1
fourthtry: posts big blind $3
*** HOLE CARDS ***
TruFFoS: raises $3 to $6
fourthtry: calls $3
*** FLOP *** [5h 7d Kh]
fourthtry: bets $3
TruFFoS: calls $3
*** TURN *** [5h 7d Kh] [4s]
fourthtry: checks
TruFFoS: checks
*** RIVER *** [5h 7d Kh 4s] [Qc]
fourthtry: checks
TruFFoS: checks
*** SHOW DOWN ***
fourthtry: shows [2c Tc] (high card King)
TruFFoS: shows [Th Jh] (high card King - Queen+Jack kicker)
TruFFoS collected $17.64 from pot
*** SUMMARY ***
Total pot $18 | Rake $0.36
Board [5h 7d Kh 4s Qc]
Seat 1: TruFFoS (button) (small blind) showed [Th Jh] and won ($17.64) with high card King
Seat 2: fourthtry (big blind) showed [2c Tc] and lost with high card King


PokerStars Hand #146716371121:  Hold'em Limit ($3/$6 USD) - 2016/01/08 21:32:54 ET
Table 'Ljuba' 2-max Seat #2 is the button
Seat 1: TruFFoS ($247.94 in chips)
Seat 2: fourthtry ($67.81 in chips)
fourthtry: posts small blind $1
TruFFoS: posts big blind $3
*** HOLE CARDS ***
fourthtry: calls $2
TruFFoS: checks
*** FLOP *** [9s 8s Qc]
TruFFoS: checks
fourthtry: checks
*** TURN *** [9s 8s Qc] [6c]
TruFFoS: bets $6
fourthtry: calls $6
*** RIVER *** [9s 8s Qc 6c] [4h]
TruFFoS: bets $6
fourthtry: folds
Uncalled bet ($6) returned to TruFFoS
TruFFoS collected $17.64 from pot
TruFFoS: doesn't show hand
*** SUMMARY ***
Total pot $18 | Rake $0.36
Board [9s 8s Qc 6c 4h]
Seat 1: TruFFoS (big blind) collected ($17.64)
Seat 2: fourthtry (button) (small blind) folded on the River


PokerStars Hand #146716389523:  Hold'em Limit ($3/$6 USD) - 2016/01/08 21:33:30 ET
Table 'Ljuba' 2-max Seat #1 is the button
Seat 1: TruFFoS ($256.58 in chips)
Seat 2: fourthtry ($58.81 in chips)
TruFFoS: posts small blind $1
fourthtry: posts big blind $3
*** HOLE CARDS ***
TruFFoS: raises $3 to $6
fourthtry: calls $3
*** FLOP *** [Kd Qd 3h]
fourthtry: checks
TruFFoS: bets $3
fourthtry: calls $3
*** TURN *** [Kd Qd 3h] [5c]
fourthtry: checks
TruFFoS: checks
*** RIVER *** [Kd Qd 3h 5c] [2s]
fourthtry: checks
TruFFoS: checks
*** SHOW DOWN ***
fourthtry: shows [Th Jd] (high card King)
TruFFoS: mucks hand
fourthtry collected $17.64 from pot
*** SUMMARY ***
Total pot $18 | Rake $0.36
Board [Kd Qd 3h 5c 2s]
Seat 1: TruFFoS (button) (small blind) mucked
Seat 2: fourthtry (big blind) showed [Th Jd] and won ($17.64) with high card King


PokerStars Hand #146716406996:  Hold'em Limit ($3/$6 USD) - 2016/01/08 21:34:04 ET
Table 'Ljuba' 2-max Seat #2 is the button
Seat 1: TruFFoS ($247.58 in chips)
Seat 2: fourthtry ($67.45 in chips)
fourthtry: posts small blind $1
TruFFoS: posts big blind $3
*** HOLE CARDS ***
fourthtry: calls $2
TruFFoS: raises $3 to $6
fourthtry: calls $3
*** FLOP *** [Tc 9c 4s]
TruFFoS: bets $3
fourthtry: calls $3
*** TURN *** [Tc 9c 4s] [5s]
TruFFoS: bets $6
fourthtry: folds
Uncalled bet ($6) returned to TruFFoS
TruFFoS collected $17.64 from pot
TruFFoS: doesn't show hand
*** SUMMARY ***
Total pot $18 | Rake $0.36
Board [Tc 9c 4s 5s]
Seat 1: TruFFoS (big blind) collected ($17.64)
Seat 2: fourthtry (button) (small blind) folded on the Turn


PokerStars Hand #146716426552:  Hold'em Limit ($3/$6 USD) - 2016/01/08 21:34:43 ET
Table 'Ljuba' 2-max Seat #2 is the button
Seat 1: TruFFoS ($247.22 in chips)
Seat 2: fourthtry ($67.09 in chips)
fourthtry: posts small blind $1
TruFFoS: posts big blind $3
*** HOLE CARDS ***
fourthtry: calls $2
TruFFoS: raises $3 to $6
fourthtry: raises $3 to $9
TruFFoS: calls $3
*** FLOP *** [2s 7c 9s]
TruFFoS: checks
fourthtry: bets $3
TruFFoS: calls $3
*** TURN *** [2s 7c 9s] [4d]
TruFFoS: checks
fourthtry: checks
*** RIVER *** [2s 7c 9s 4d] [2c]
TruFFoS: bets $6
fourthtry: calls $6
*** SHOW DOWN ***
TruFFoS: shows [7d 6s] (two pair, Sevens and Deuces)
fourthtry: mucks hand
TruFFoS collected $35.50 from pot
*** SUMMARY ***
Total pot $36 | Rake $0.50
Board [2s 7c 9s 4d 2c]
Seat 1: TruFFoS (big blind) showed [7d 6s] and won ($35.50) with two pair, Sevens and Deuces
Seat 2: fourthtry (button) (small blind) mucked


PokerStars Hand #146716416503:  Hold'em Limit ($3/$6 USD) - 2016/01/08 21:34:23 ET
Table 'Ljuba' 2-max Seat #1 is the button
Seat 1: TruFFoS ($256.22 in chips)
Seat 2: fourthtry ($58.45 in chips)
TruFFoS: posts small blind $1
fourthtry: posts big blind $3
*** HOLE CARDS ***
TruFFoS: raises $3 to $6
fourthtry: calls $3
*** FLOP *** [Ts 6h 6c]
fourthtry: bets $3
TruFFoS: calls $3
*** TURN *** [Ts 6h 6c] [5d]
fourthtry: bets $6
TruFFoS: folds
Uncalled bet ($6) returned to fourthtry
fourthtry collected $17.64 from pot
fourthtry: doesn't show hand
*** SUMMARY ***
Total pot $18 | Rake $0.36
Board [Ts 6h 6c 5d]
Seat 1: TruFFoS (button) (small blind) folded on the Turn
Seat 2: fourthtry (big blind) collected ($17.64)


PokerStars Hand #146716457988:  Hold'em Limit ($3/$6 USD) - 2016/01/08 21:35:45 ET
Table 'Ljuba' 2-max Seat #2 is the button
Seat 1: TruFFoS ($270.48 in chips)
Seat 2: fourthtry ($43.09 in chips)
fourthtry: posts small blind $1
TruFFoS: posts big blind $3
*** HOLE CARDS ***
fourthtry: folds
Uncalled bet ($2) returned to TruFFoS
TruFFoS collected $2 from pot
TruFFoS: doesn't show hand
*** SUMMARY ***
Total pot $2 | Rake $0
Seat 1: TruFFoS (big blind) collected ($2)
Seat 2: fourthtry (button) (small blind) folded before Flop


PokerStars Hand #146716461158:  Hold'em Limit ($3/$6 USD) - 2016/01/08 21:35:51 ET
Table 'Ljuba' 2-max Seat #1 is the button
Seat 1: TruFFoS ($271.48 in chips)
Seat 2: fourthtry ($42.09 in chips)
TruFFoS: posts small blind $1
fourthtry: posts big blind $3
*** HOLE CARDS ***
TruFFoS: raises $3 to $6
fourthtry: calls $3
*** FLOP *** [Tc Qc Js]
fourthtry: checks
TruFFoS: bets $3
fourthtry: calls $3
*** TURN *** [Tc Qc Js] [3h]
fourthtry: checks
TruFFoS: checks
*** RIVER *** [Tc Qc Js 3h] [Kd]
fourthtry: checks
TruFFoS: checks
*** SHOW DOWN ***
fourthtry: shows [4s 9h] (a straight, Nine to King)
TruFFoS: mucks hand
fourthtry collected $17.64 from pot
*** SUMMARY ***
Total pot $18 | Rake $0.36
Board [Tc Qc Js 3h Kd]
Seat 1: TruFFoS (button) (small blind) mucked
Seat 2: fourthtry (big blind) showed [4s 9h] and won ($17.64) with a straight, Nine to King


PokerStars Hand #146716443518:  Hold'em Limit ($3/$6 USD) - 2016/01/08 21:35:16 ET
Table 'Ljuba' 2-max Seat #1 is the button
Seat 1: TruFFoS ($264.72 in chips)
Seat 2: fourthtry ($49.09 in chips)
TruFFoS: posts small blind $1
fourthtry: posts big blind $3
*** HOLE CARDS ***
TruFFoS: raises $3 to $6
fourthtry: calls $3
*** FLOP *** [Kh Qs 9h]
fourthtry: checks
TruFFoS: checks
*** TURN *** [Kh Qs 9h] [Qd]
fourthtry: checks
TruFFoS: checks
*** RIVER *** [Kh Qs 9h Qd] [3s]
fourthtry: checks
TruFFoS: checks
*** SHOW DOWN ***
fourthtry: shows [8c 5s] (a pair of Queens)
TruFFoS: shows [9c 4h] (two pair, Queens and Nines)
TruFFoS collected $11.76 from pot
*** SUMMARY ***
Total pot $12 | Rake $0.24
Board [Kh Qs 9h Qd 3s]
Seat 1: TruFFoS (button) (small blind) showed [9c 4h] and won ($11.76) with two pair, Queens and Nines
Seat 2: fourthtry (big blind) showed [8c 5s] and lost with a pair of Queens


PokerStars Hand #146716475322:  Hold'em Limit ($3/$6 USD) - 2016/01/08 21:36:19 ET
Table 'Ljuba' 2-max Seat #2 is the button
Seat 1: TruFFoS ($262.48 in chips)
Seat 2: fourthtry ($50.73 in chips)
fourthtry: posts small blind $1
TruFFoS: posts big blind $3
*** HOLE CARDS ***
fourthtry: calls $2
TruFFoS: raises $3 to $6
fourthtry: calls $3
*** FLOP *** [Kd Jh 7h]
TruFFoS: bets $3
fourthtry: calls $3
*** TURN *** [Kd Jh 7h] [6d]
TruFFoS: checks
fourthtry: checks
*** RIVER *** [Kd Jh 7h 6d] [8d]
TruFFoS: checks
fourthtry: checks
*** SHOW DOWN ***
TruFFoS: shows [4h 6h] (a pair of Sixes)
fourthtry: mucks hand
TruFFoS collected $17.64 from pot
*** SUMMARY ***
Total pot $18 | Rake $0.36
Board [Kd Jh 7h 6d 8d]
Seat 1: TruFFoS (big blind) showed [4h 6h] and won ($17.64) with a pair of Sixes
Seat 2: fourthtry (button) (small blind) mucked


PokerStars Hand #146716487964:  Hold'em Limit ($3/$6 USD) - 2016/01/08 21:36:43 ET
Table 'Ljuba' 2-max Seat #1 is the button
Seat 1: TruFFoS ($271.12 in chips)
Seat 2: fourthtry ($41.73 in chips)
TruFFoS: posts small blind $1
fourthtry: posts big blind $3
*** HOLE CARDS ***
TruFFoS: raises $3 to $6
fourthtry: calls $3
*** FLOP *** [Ad Td Ts]
fourthtry: checks
TruFFoS: bets $3
fourthtry: calls $3
*** TURN *** [Ad Td Ts] [2h]
fourthtry: checks
TruFFoS: bets $6
fourthtry: calls $6
*** RIVER *** [Ad Td Ts 2h] [3d]
fourthtry: checks
TruFFoS: checks
*** SHOW DOWN ***
fourthtry: shows [4d 2d] (a flush, Ace high)
TruFFoS: mucks hand
fourthtry collected $29.50 from pot
*** SUMMARY ***
Total pot $30 | Rake $0.50
Board [Ad Td Ts 2h 3d]
Seat 1: TruFFoS (button) (small blind) mucked
Seat 2: fourthtry (big blind) showed [4d 2d] and won ($29.50) with a flush, Ace high


PokerStars Hand #146716516971:  Hold'em Limit ($3/$6 USD) - 2016/01/08 21:37:41 ET
Table 'Ljuba' 2-max Seat #1 is the button
Seat 1: TruFFoS ($250.12 in chips)
Seat 2: fourthtry ($61.99 in chips)
TruFFoS: posts small blind $1
fourthtry: posts big blind $3
*** HOLE CARDS ***
TruFFoS: raises $3 to $6
fourthtry: calls $3
*** FLOP *** [4c 6c Kc]
fourthtry: checks
TruFFoS: bets $3
fourthtry: folds
Uncalled bet ($3) returned to TruFFoS
TruFFoS collected $11.76 from pot
TruFFoS: doesn't show hand
*** SUMMARY ***
Total pot $12 | Rake $0.24
Board [4c 6c Kc]
Seat 1: TruFFoS (button) (small blind) collected ($11.76)
Seat 2: fourthtry (big blind) folded on the Flop


PokerStars Hand #146716525329:  Hold'em Limit ($3/$6 USD) - 2016/01/08 21:37:58 ET
Table 'Ljuba' 2-max Seat #2 is the button
Seat 1: TruFFoS ($255.88 in chips)
Seat 2: fourthtry ($55.99 in chips)
fourthtry: posts small blind $1
TruFFoS: posts big blind $3
*** HOLE CARDS ***
fourthtry: calls $2
TruFFoS: raises $3 to $6
fourthtry: calls $3
*** FLOP *** [Jd Ah 3d]
TruFFoS: bets $3
fourthtry: calls $3
*** TURN *** [Jd Ah 3d] [Js]
TruFFoS: checks
fourthtry: checks
*** RIVER *** [Jd Ah 3d Js] [Td]
TruFFoS: checks
fourthtry: checks
*** SHOW DOWN ***
TruFFoS: shows [9c Ad] (two pair, Aces and Jacks)
fourthtry: mucks hand
TruFFoS collected $17.64 from pot
*** SUMMARY ***
Total pot $18 | Rake $0.36
Board [Jd Ah 3d Js Td]
Seat 1: TruFFoS (big blind) showed [9c Ad] and won ($17.64) with two pair, Aces and Jacks
Seat 2: fourthtry (button) (small blind) mucked


PokerStars Hand #146716504747:  Hold'em Limit ($3/$6 USD) - 2016/01/08 21:37:17 ET
Table 'Ljuba' 2-max Seat #2 is the button
Seat 1: TruFFoS ($256.12 in chips)
Seat 2: fourthtry ($56.23 in chips)
fourthtry: posts small blind $1
TruFFoS: posts big blind $3
*** HOLE CARDS ***
fourthtry: calls $2
TruFFoS: checks
*** FLOP *** [Kh Kd Js]
TruFFoS: bets $3
fourthtry: calls $3
*** TURN *** [Kh Kd Js] [5c]
TruFFoS: checks
fourthtry: checks
*** RIVER *** [Kh Kd Js 5c] [5h]
TruFFoS: checks
fourthtry: bets $6
TruFFoS: folds
Uncalled bet ($6) returned to fourthtry
fourthtry collected $11.76 from pot
fourthtry: doesn't show hand
*** SUMMARY ***
Total pot $12 | Rake $0.24
Board [Kh Kd Js 5c 5h]
Seat 1: TruFFoS (big blind) folded on the River
Seat 2: fourthtry (button) (small blind) collected ($11.76)


PokerStars Hand #146716542871:  Hold'em Limit ($3/$6 USD) - 2016/01/08 21:38:33 ET
Table 'Ljuba' 2-max Seat #1 is the button
Seat 1: TruFFoS ($264.52 in chips)
Seat 2: fourthtry ($46.99 in chips)
TruFFoS: posts small blind $1
fourthtry: posts big blind $3
*** HOLE CARDS ***
TruFFoS: raises $3 to $6
fourthtry: calls $3
*** FLOP *** [9d Tc 4d]
fourthtry: checks
TruFFoS: checks
*** TURN *** [9d Tc 4d] [Kd]
fourthtry: checks
TruFFoS: checks
*** RIVER *** [9d Tc 4d Kd] [6c]
fourthtry: checks
TruFFoS: checks
*** SHOW DOWN ***
fourthtry: shows [2c 5h] (high card King)
TruFFoS: shows [2d Jh] (high card King - Jack kicker)
TruFFoS collected $11.76 from pot
*** SUMMARY ***
Total pot $12 | Rake $0.24
Board [9d Tc 4d Kd 6c]
Seat 1: TruFFoS (button) (small blind) showed [2d Jh] and won ($11.76) with high card King
Seat 2: fourthtry (big blind) showed [2c 5h] and lost with high card King


PokerStars Hand #146716554438:  Hold'em Limit ($3/$6 USD) - 2016/01/08 21:38:56 ET
Table 'Ljuba' 2-max Seat #2 is the button
Seat 1: TruFFoS ($270.28 in chips)
Seat 2: fourthtry ($40.99 in chips)
fourthtry: posts small blind $1
TruFFoS: posts big blind $3
*** HOLE CARDS ***
fourthtry: calls $2
TruFFoS: checks
*** FLOP *** [5c 6s 5d]
TruFFoS: checks
fourthtry: checks
*** TURN *** [5c 6s 5d] [9c]
TruFFoS: bets $6
fourthtry: calls $6
*** RIVER *** [5c 6s 5d 9c] [Qh]
TruFFoS: bets $6
fourthtry: calls $6
*** SHOW DOWN ***
TruFFoS: shows [Qd 5h] (a full house, Fives full of Queens)
fourthtry: mucks hand
TruFFoS collected $29.50 from pot
*** SUMMARY ***
Total pot $30 | Rake $0.50
Board [5c 6s 5d 9c Qh]
Seat 1: TruFFoS (big blind) showed [Qd 5h] and won ($29.50) with a full house, Fives full of Queens
Seat 2: fourthtry (button) (small blind) mucked


PokerStars Hand #146716568954:  Hold'em Limit ($3/$6 USD) - 2016/01/08 21:39:26 ET
Table 'Ljuba' 2-max Seat #1 is the button
Seat 1: TruFFoS ($284.78 in chips)
Seat 2: fourthtry ($25.99 in chips)
TruFFoS: posts small blind $1
fourthtry: posts big blind $3
*** HOLE CARDS ***
TruFFoS: raises $3 to $6
fourthtry: calls $3
*** FLOP *** [3s 6d Kd]
fourthtry: checks
TruFFoS: bets $3
fourthtry: calls $3
*** TURN *** [3s 6d Kd] [Td]
fourthtry: checks
TruFFoS: bets $6
fourthtry: folds
Uncalled bet ($6) returned to TruFFoS
TruFFoS collected $17.64 from pot
TruFFoS: doesn't show hand
*** SUMMARY ***
Total pot $18 | Rake $0.36
Board [3s 6d Kd Td]
Seat 1: TruFFoS (button) (small blind) collected ($17.64)
Seat 2: fourthtry (big blind) folded on the Turn


PokerStars Hand #146716588748:  Hold'em Limit ($3/$6 USD) - 2016/01/08 21:40:05 ET
Table 'Ljuba' 2-max Seat #1 is the button
Seat 1: TruFFoS ($290.42 in chips)
Seat 2: fourthtry ($19.87 in chips)
TruFFoS: posts small blind $1
fourthtry: posts big blind $3
*** HOLE CARDS ***
TruFFoS: raises $3 to $6
fourthtry: calls $3
*** FLOP *** [Tc 7c 8d]
fourthtry: checks
TruFFoS: bets $3
fourthtry: folds
Uncalled bet ($3) returned to TruFFoS
TruFFoS collected $11.76 from pot
TruFFoS: doesn't show hand
*** SUMMARY ***
Total pot $12 | Rake $0.24
Board [Tc 7c 8d]
Seat 1: TruFFoS (button) (small blind) collected ($11.76)
Seat 2: fourthtry (big blind) folded on the Flop


PokerStars Hand #146716578286:  Hold'em Limit ($3/$6 USD) - 2016/01/08 21:39:44 ET
Table 'Ljuba' 2-max Seat #2 is the button
Seat 1: TruFFoS ($293.42 in chips)
Seat 2: fourthtry ($16.99 in chips)
fourthtry: posts small blind $1
TruFFoS: posts big blind $3
*** HOLE CARDS ***
fourthtry: calls $2
TruFFoS: checks
*** FLOP *** [8s 4s 7s]
TruFFoS: checks
fourthtry: bets $3
TruFFoS: folds
Uncalled bet ($3) returned to fourthtry
fourthtry collected $5.88 from pot
fourthtry: doesn't show hand
*** SUMMARY ***
Total pot $6 | Rake $0.12
Board [8s 4s 7s]
Seat 1: TruFFoS (big blind) folded on the Flop
Seat 2: fourthtry (button) (small blind) collected ($5.88)


PokerStars Hand #146716595439:  Hold'em Limit ($3/$6 USD) - 2016/01/08 21:40:19 ET
Table 'Ljuba' 2-max Seat #2 is the button
Seat 1: TruFFoS ($296.18 in chips)
Seat 2: fourthtry ($13.87 in chips)
fourthtry: posts small blind $1
TruFFoS: posts big blind $3
*** HOLE CARDS ***
fourthtry: calls $2
TruFFoS: raises $3 to $6
fourthtry: calls $3
*** FLOP *** [Qh Jc 6h]
TruFFoS: bets $3
fourthtry: calls $3
*** TURN *** [Qh Jc 6h] [4c]
TruFFoS: bets $6
fourthtry: calls $4.87 and is all-in
Uncalled bet ($1.13) returned to TruFFoS
*** RIVER *** [Qh Jc 6h 4c] [Jd]
*** SHOW DOWN ***
TruFFoS: shows [Js Ks] (three of a kind, Jacks)
fourthtry: shows [Ac 8d] (a pair of Jacks)
TruFFoS collected $27.24 from pot
*** SUMMARY ***
Total pot $27.74 | Rake $0.50
Board [Qh Jc 6h 4c Jd]
Seat 1: TruFFoS (big blind) showed [Js Ks] and won ($27.24) with three of a kind, Jacks
Seat 2: fourthtry (button) (small blind) showed [Ac 8d] and lost with a pair of Jacks


