PokerStars Hand #146867753728:  Hold'em Limit ($3/$6 USD) - 2016/01/11 13:44:48 ET
Table 'Lohja II' 2-max Seat #1 is the button
Seat 1: MAGER911 ($72 in chips)
Seat 2: las59 ($133.52 in chips)
MAGER911: posts small blind $1
las59: posts big blind $3
*** HOLE CARDS ***
MAGER911: raises $3 to $6
las59: raises $3 to $9
MAGER911: calls $3
*** FLOP *** [8h 5s As]
las59: checks
MAGER911: checks
*** TURN *** [8h 5s As] [8d]
las59: bets $6
MAGER911: calls $6
*** RIVER *** [8h 5s As 8d] [Kd]
las59: bets $6
MAGER911: calls $6
*** SHOW DOWN ***
las59: shows [2c Ah] (two pair, Aces and Eights)
MAGER911: mucks hand
las59 collected $41.50 from pot
*** SUMMARY ***
Total pot $42 | Rake $0.50
Board [8h 5s As 8d Kd]
Seat 1: MAGER911 (button) (small blind) mucked
Seat 2: las59 (big blind) showed [2c Ah] and won ($41.50) with two pair, Aces and Eights


PokerStars Hand #146867786510:  Hold'em Limit ($3/$6 USD) - 2016/01/11 13:45:20 ET
Table 'Lohja II' 2-max Seat #2 is the button
Seat 1: MAGER911 ($72 in chips)
Seat 2: las59 ($154.02 in chips)
las59: posts small blind $1
MAGER911: posts big blind $3
*** HOLE CARDS ***
las59: raises $3 to $6
MAGER911: calls $3
*** FLOP *** [Ks 8s 7s]
MAGER911: checks
las59: checks
*** TURN *** [Ks 8s 7s] [Qd]
MAGER911: bets $6
las59: calls $6
*** RIVER *** [Ks 8s 7s Qd] [Qc]
MAGER911: bets $6
las59: folds
Uncalled bet ($6) returned to MAGER911
MAGER911 collected $23.52 from pot
MAGER911: doesn't show hand
*** SUMMARY ***
Total pot $24 | Rake $0.48
Board [Ks 8s 7s Qd Qc]
Seat 1: MAGER911 (big blind) collected ($23.52)
Seat 2: las59 (button) (small blind) folded on the River


PokerStars Hand #146867817912:  Hold'em Limit ($3/$6 USD) - 2016/01/11 13:45:50 ET
Table 'Lohja II' 2-max Seat #1 is the button
Seat 1: MAGER911 ($83.52 in chips)
Seat 2: las59 ($142.02 in chips)
MAGER911: posts small blind $1
las59: posts big blind $3
*** HOLE CARDS ***
MAGER911: raises $3 to $6
las59: calls $3
*** FLOP *** [7h 3s Qc]
las59: checks
MAGER911: bets $3
las59: folds
Uncalled bet ($3) returned to MAGER911
MAGER911 collected $11.76 from pot
MAGER911: doesn't show hand
*** SUMMARY ***
Total pot $12 | Rake $0.24
Board [7h 3s Qc]
Seat 1: MAGER911 (button) (small blind) collected ($11.76)
Seat 2: las59 (big blind) folded on the Flop


PokerStars Hand #146867837222:  Hold'em Limit ($3/$6 USD) - 2016/01/11 13:46:09 ET
Table 'Lohja II' 2-max Seat #2 is the button
Seat 1: MAGER911 ($89.28 in chips)
Seat 2: las59 ($136.02 in chips)
las59: posts small blind $1
MAGER911: posts big blind $3
*** HOLE CARDS ***
las59: raises $3 to $6
MAGER911: folds
Uncalled bet ($3) returned to las59
las59 collected $6 from pot
*** SUMMARY ***
Total pot $6 | Rake $0
Seat 1: MAGER911 (big blind) folded before Flop
Seat 2: las59 (button) (small blind) collected ($6)


PokerStars Hand #146867846178:  Hold'em Limit ($3/$6 USD) - 2016/01/11 13:46:17 ET
Table 'Lohja II' 2-max Seat #1 is the button
Seat 1: MAGER911 ($86.28 in chips)
Seat 2: las59 ($139.02 in chips)
MAGER911: posts small blind $1
las59: posts big blind $3
*** HOLE CARDS ***
MAGER911: raises $3 to $6
las59: raises $3 to $9
MAGER911: calls $3
*** FLOP *** [Qd 2c 8h]
las59: bets $3
MAGER911: calls $3
*** TURN *** [Qd 2c 8h] [Ts]
las59: checks
MAGER911: bets $6
las59: calls $6
*** RIVER *** [Qd 2c 8h Ts] [Ks]
las59: checks
MAGER911: checks
*** SHOW DOWN ***
las59: shows [2h As] (a pair of Deuces)
MAGER911: shows [Qc 4c] (a pair of Queens)
MAGER911 collected $35.50 from pot
*** SUMMARY ***
Total pot $36 | Rake $0.50
Board [Qd 2c 8h Ts Ks]
Seat 1: MAGER911 (button) (small blind) showed [Qc 4c] and won ($35.50) with a pair of Queens
Seat 2: las59 (big blind) showed [2h As] and lost with a pair of Deuces


PokerStars Hand #146867972033:  Hold'em Limit ($3/$6 USD) - 2016/01/11 13:48:07 ET
Table 'Lohja II' 2-max Seat #1 is the button
Seat 1: MAGER911 ($90.78 in chips)
Seat 2: las59 ($133.54 in chips)
MAGER911: posts small blind $1
las59: posts big blind $3
*** HOLE CARDS ***
MAGER911: folds
Uncalled bet ($2) returned to las59
las59 collected $2 from pot
*** SUMMARY ***
Total pot $2 | Rake $0
Seat 1: MAGER911 (button) (small blind) folded before Flop
Seat 2: las59 (big blind) collected ($2)


PokerStars Hand #146867931552:  Hold'em Limit ($3/$6 USD) - 2016/01/11 13:47:31 ET
Table 'Lohja II' 2-max Seat #2 is the button
Seat 1: MAGER911 ($96.78 in chips)
Seat 2: las59 ($127.78 in chips)
las59: posts small blind $1
MAGER911: posts big blind $3
*** HOLE CARDS ***
las59: raises $3 to $6
MAGER911: calls $3
*** FLOP *** [Jh 3h Qd]
MAGER911: checks
las59: bets $3
MAGER911: folds
Uncalled bet ($3) returned to las59
las59 collected $11.76 from pot
*** SUMMARY ***
Total pot $12 | Rake $0.24
Board [Jh 3h Qd]
Seat 1: MAGER911 (big blind) folded on the Flop
Seat 2: las59 (button) (small blind) collected ($11.76)


PokerStars Hand #146867881892:  Hold'em Limit ($3/$6 USD) - 2016/01/11 13:46:52 ET
Table 'Lohja II' 2-max Seat #2 is the button
Seat 1: MAGER911 ($103.78 in chips)
Seat 2: las59 ($121.02 in chips)
las59: posts small blind $1
MAGER911: posts big blind $3
*** HOLE CARDS ***
las59: raises $3 to $6
MAGER911: calls $3
*** FLOP *** [Ad Ac Th]
MAGER911: checks
las59: checks
*** TURN *** [Ad Ac Th] [Qc]
MAGER911: checks
las59: checks
*** RIVER *** [Ad Ac Th Qc] [8c]
MAGER911: checks
las59: bets $6
MAGER911: folds
Uncalled bet ($6) returned to las59
las59 collected $11.76 from pot
*** SUMMARY ***
Total pot $12 | Rake $0.24
Board [Ad Ac Th Qc 8c]
Seat 1: MAGER911 (big blind) folded on the River
Seat 2: las59 (button) (small blind) collected ($11.76)


PokerStars Hand #146867920972:  Hold'em Limit ($3/$6 USD) - 2016/01/11 13:47:23 ET
Table 'Lohja II' 2-max Seat #1 is the button
Seat 1: MAGER911 ($97.78 in chips)
Seat 2: las59 ($126.78 in chips)
MAGER911: posts small blind $1
las59: posts big blind $3
*** HOLE CARDS ***
MAGER911: folds
Uncalled bet ($2) returned to las59
las59 collected $2 from pot
*** SUMMARY ***
Total pot $2 | Rake $0
Seat 1: MAGER911 (button) (small blind) folded before Flop
Seat 2: las59 (big blind) collected ($2)


PokerStars Hand #146868010977:  Hold'em Limit ($3/$6 USD) - 2016/01/11 13:48:45 ET
Table 'Lohja II' 2-max Seat #1 is the button
Seat 1: MAGER911 ($95.54 in chips)
Seat 2: las59 ($128.54 in chips)
MAGER911: posts small blind $1
las59: posts big blind $3
*** HOLE CARDS ***
MAGER911: raises $3 to $6
las59: raises $3 to $9
MAGER911: calls $3
*** FLOP *** [5h Jh 7h]
las59: bets $3
MAGER911: calls $3
*** TURN *** [5h Jh 7h] [8d]
las59: checks
MAGER911: checks
*** RIVER *** [5h Jh 7h 8d] [6s]
las59: bets $6
MAGER911: folds
Uncalled bet ($6) returned to las59
las59 collected $23.52 from pot
*** SUMMARY ***
Total pot $24 | Rake $0.48
Board [5h Jh 7h 8d 6s]
Seat 1: MAGER911 (button) (small blind) folded on the River
Seat 2: las59 (big blind) collected ($23.52)


PokerStars Hand #146867976954:  Hold'em Limit ($3/$6 USD) - 2016/01/11 13:48:11 ET
Table 'Lohja II' 2-max Seat #2 is the button
Seat 1: MAGER911 ($89.78 in chips)
Seat 2: las59 ($134.54 in chips)
las59: posts small blind $1
MAGER911: posts big blind $3
*** HOLE CARDS ***
las59: raises $3 to $6
MAGER911: calls $3
*** FLOP *** [9s 4h Ac]
MAGER911: checks
las59: checks
*** TURN *** [9s 4h Ac] [8s]
MAGER911: bets $6
las59: folds
Uncalled bet ($6) returned to MAGER911
MAGER911 collected $11.76 from pot
MAGER911: doesn't show hand
*** SUMMARY ***
Total pot $12 | Rake $0.24
Board [9s 4h Ac 8s]
Seat 1: MAGER911 (big blind) collected ($11.76)
Seat 2: las59 (button) (small blind) folded on the Turn


PokerStars Hand #146867998415:  Hold'em Limit ($3/$6 USD) - 2016/01/11 13:48:32 ET
Table 'Lohja II' 2-max Seat #1 is the button
Seat 1: MAGER911 ($95.54 in chips)
Seat 2: las59 ($128.54 in chips)
MAGER911: posts small blind $1
las59: posts big blind $3
*** HOLE CARDS ***
MAGER911: folds
Uncalled bet ($2) returned to las59
las59 collected $2 from pot
*** SUMMARY ***
Total pot $2 | Rake $0
Seat 1: MAGER911 (button) (small blind) folded before Flop
Seat 2: las59 (big blind) collected ($2)


PokerStars Hand #146868003036:  Hold'em Limit ($3/$6 USD) - 2016/01/11 13:48:37 ET
Table 'Lohja II' 2-max Seat #2 is the button
Seat 1: MAGER911 ($94.54 in chips)
Seat 2: las59 ($129.54 in chips)
las59: posts small blind $1
MAGER911: posts big blind $3
*** HOLE CARDS ***
las59: folds
Uncalled bet ($2) returned to MAGER911
MAGER911 collected $2 from pot
MAGER911: doesn't show hand
*** SUMMARY ***
Total pot $2 | Rake $0
Seat 1: MAGER911 (big blind) collected ($2)
Seat 2: las59 (button) (small blind) folded before Flop


PokerStars Hand #146868027922:  Hold'em Limit ($3/$6 USD) - 2016/01/11 13:49:02 ET
Table 'Lohja II' 2-max Seat #2 is the button
Seat 1: MAGER911 ($83.54 in chips)
Seat 2: las59 ($140.06 in chips)
las59: posts small blind $1
MAGER911: posts big blind $3
*** HOLE CARDS ***
las59: raises $3 to $6
MAGER911: folds
Uncalled bet ($3) returned to las59
las59 collected $6 from pot
*** SUMMARY ***
Total pot $6 | Rake $0
Seat 1: MAGER911 (big blind) folded before Flop
Seat 2: las59 (button) (small blind) collected ($6)


PokerStars Hand #146868046255:  Hold'em Limit ($3/$6 USD) - 2016/01/11 13:49:20 ET
Table 'Lohja II' 2-max Seat #2 is the button
Seat 1: MAGER911 ($79.54 in chips)
Seat 2: las59 ($144.06 in chips)
las59: posts small blind $1
MAGER911: posts big blind $3
*** HOLE CARDS ***
las59: raises $3 to $6
MAGER911: raises $3 to $9
las59: calls $3
*** FLOP *** [Js Qh Kd]
MAGER911: bets $3
las59: calls $3
*** TURN *** [Js Qh Kd] [Kh]
MAGER911: bets $6
las59: raises $6 to $12
MAGER911: calls $6
*** RIVER *** [Js Qh Kd Kh] [9s]
MAGER911: checks
las59: checks
*** SHOW DOWN ***
MAGER911: shows [Ad Tc] (a straight, Ten to Ace)
las59: mucks hand
MAGER911 collected $47.50 from pot
*** SUMMARY ***
Total pot $48 | Rake $0.50
Board [Js Qh Kd Kh 9s]
Seat 1: MAGER911 (big blind) showed [Ad Tc] and won ($47.50) with a straight, Ten to Ace
Seat 2: las59 (button) (small blind) mucked


PokerStars Hand #146868037556:  Hold'em Limit ($3/$6 USD) - 2016/01/11 13:49:11 ET
Table 'Lohja II' 2-max Seat #1 is the button
Seat 1: MAGER911 ($80.54 in chips)
Seat 2: las59 ($143.06 in chips)
MAGER911: posts small blind $1
las59: posts big blind $3
*** HOLE CARDS ***
MAGER911 said, "faster"
MAGER911: folds
Uncalled bet ($2) returned to las59
las59 collected $2 from pot
*** SUMMARY ***
Total pot $2 | Rake $0
Seat 1: MAGER911 (button) (small blind) folded before Flop
Seat 2: las59 (big blind) collected ($2)


PokerStars Hand #146868073252:  Hold'em Limit ($3/$6 USD) - 2016/01/11 13:49:47 ET
Table 'Lohja II' 2-max Seat #1 is the button
Seat 1: MAGER911 ($103.04 in chips)
Seat 2: las59 ($120.06 in chips)
MAGER911: posts small blind $1
las59: posts big blind $3
*** HOLE CARDS ***
MAGER911: raises $3 to $6
las59: calls $3
*** FLOP *** [5s Ts 7d]
MAGER911 said, "faster"
las59: checks
MAGER911: bets $3
las59: raises $3 to $6
MAGER911: calls $3
*** TURN *** [5s Ts 7d] [5c]
las59: checks
MAGER911: checks
*** RIVER *** [5s Ts 7d 5c] [9s]
las59: bets $6
MAGER911: calls $6
*** SHOW DOWN ***
las59: shows [7s 5d] (a full house, Fives full of Sevens)
MAGER911: mucks hand
las59 collected $35.50 from pot
*** SUMMARY ***
Total pot $36 | Rake $0.50
Board [5s Ts 7d 5c 9s]
Seat 1: MAGER911 (button) (small blind) mucked
Seat 2: las59 (big blind) showed [7s 5d] and won ($35.50) with a full house, Fives full of Sevens


PokerStars Hand #146868125515:  Hold'em Limit ($3/$6 USD) - 2016/01/11 13:50:39 ET
Table 'Lohja II' 2-max Seat #1 is the button
Seat 1: MAGER911 ($86.04 in chips)
Seat 2: las59 ($136.56 in chips)
MAGER911: posts small blind $1
las59: posts big blind $3
*** HOLE CARDS ***
MAGER911: folds
Uncalled bet ($2) returned to las59
las59 collected $2 from pot
*** SUMMARY ***
Total pot $2 | Rake $0
Seat 1: MAGER911 (button) (small blind) folded before Flop
Seat 2: las59 (big blind) collected ($2)


PokerStars Hand #146868120543:  Hold'em Limit ($3/$6 USD) - 2016/01/11 13:50:34 ET
Table 'Lohja II' 2-max Seat #2 is the button
Seat 1: MAGER911 ($85.04 in chips)
Seat 2: las59 ($137.56 in chips)
las59: posts small blind $1
MAGER911: posts big blind $3
*** HOLE CARDS ***
las59: folds
Uncalled bet ($2) returned to MAGER911
MAGER911 collected $2 from pot
MAGER911: doesn't show hand
*** SUMMARY ***
Total pot $2 | Rake $0
Seat 1: MAGER911 (big blind) collected ($2)
Seat 2: las59 (button) (small blind) folded before Flop


PokerStars Hand #146868130364:  Hold'em Limit ($3/$6 USD) - 2016/01/11 13:50:43 ET
Table 'Lohja II' 2-max Seat #2 is the button
Seat 1: MAGER911 ($85.04 in chips)
Seat 2: las59 ($137.56 in chips)
las59: posts small blind $1
MAGER911: posts big blind $3
*** HOLE CARDS ***
las59: folds
Uncalled bet ($2) returned to MAGER911
MAGER911 collected $2 from pot
MAGER911: doesn't show hand
*** SUMMARY ***
Total pot $2 | Rake $0
Seat 1: MAGER911 (big blind) collected ($2)
Seat 2: las59 (button) (small blind) folded before Flop


PokerStars Hand #146868165183:  Hold'em Limit ($3/$6 USD) - 2016/01/11 13:51:18 ET
Table 'Lohja II' 2-max Seat #2 is the button
Seat 1: MAGER911 ($91.80 in chips)
Seat 2: las59 ($130.56 in chips)
las59: posts small blind $1
MAGER911: posts big blind $3
*** HOLE CARDS ***
las59: raises $3 to $6
MAGER911: calls $3
*** FLOP *** [Jh Qh 5s]
MAGER911: checks
las59: bets $3
MAGER911: calls $3
*** TURN *** [Jh Qh 5s] [7s]
MAGER911: checks
las59: bets $6
MAGER911: folds
Uncalled bet ($6) returned to las59
las59 collected $17.64 from pot
*** SUMMARY ***
Total pot $18 | Rake $0.36
Board [Jh Qh 5s 7s]
Seat 1: MAGER911 (big blind) folded on the Turn
Seat 2: las59 (button) (small blind) collected ($17.64)


PokerStars Hand #146868181177:  Hold'em Limit ($3/$6 USD) - 2016/01/11 13:51:34 ET
Table 'Lohja II' 2-max Seat #1 is the button
Seat 1: MAGER911 ($82.80 in chips)
Seat 2: las59 ($139.20 in chips)
MAGER911: posts small blind $1
las59: posts big blind $3
*** HOLE CARDS ***
MAGER911: folds
Uncalled bet ($2) returned to las59
las59 collected $2 from pot
*** SUMMARY ***
Total pot $2 | Rake $0
Seat 1: MAGER911 (button) (small blind) folded before Flop
Seat 2: las59 (big blind) collected ($2)


PokerStars Hand #146868144317:  Hold'em Limit ($3/$6 USD) - 2016/01/11 13:50:57 ET
Table 'Lohja II' 2-max Seat #1 is the button
Seat 1: MAGER911 ($86.04 in chips)
Seat 2: las59 ($136.56 in chips)
MAGER911: posts small blind $1
las59: posts big blind $3
*** HOLE CARDS ***
MAGER911: raises $3 to $6
las59: calls $3
*** FLOP *** [Ts Th As]
las59: checks
MAGER911: bets $3
las59: folds
Uncalled bet ($3) returned to MAGER911
MAGER911 collected $11.76 from pot
MAGER911: doesn't show hand
*** SUMMARY ***
Total pot $12 | Rake $0.24
Board [Ts Th As]
Seat 1: MAGER911 (button) (small blind) collected ($11.76)
Seat 2: las59 (big blind) folded on the Flop


PokerStars Hand #146868186391:  Hold'em Limit ($3/$6 USD) - 2016/01/11 13:51:39 ET
Table 'Lohja II' 2-max Seat #2 is the button
Seat 1: MAGER911 ($81.80 in chips)
Seat 2: las59 ($140.20 in chips)
las59: posts small blind $1
MAGER911: posts big blind $3
*** HOLE CARDS ***
las59: raises $3 to $6
MAGER911: calls $3
*** FLOP *** [6d 8d Jc]
MAGER911: checks
las59: bets $3
MAGER911: folds
Uncalled bet ($3) returned to las59
las59 collected $11.76 from pot
*** SUMMARY ***
Total pot $12 | Rake $0.24
Board [6d 8d Jc]
Seat 1: MAGER911 (big blind) folded on the Flop
Seat 2: las59 (button) (small blind) collected ($11.76)


PokerStars Hand #146868243575:  Hold'em Limit ($3/$6 USD) - 2016/01/11 13:52:35 ET
Table 'Lohja II' 2-max Seat #1 is the button
Seat 1: MAGER911 ($91.30 in chips)
Seat 2: las59 ($129.96 in chips)
MAGER911: posts small blind $1
las59: posts big blind $3
*** HOLE CARDS ***
MAGER911: folds
Uncalled bet ($2) returned to las59
las59 collected $2 from pot
*** SUMMARY ***
Total pot $2 | Rake $0
Seat 1: MAGER911 (button) (small blind) folded before Flop
Seat 2: las59 (big blind) collected ($2)


PokerStars Hand #146868248326:  Hold'em Limit ($3/$6 USD) - 2016/01/11 13:52:40 ET
Table 'Lohja II' 2-max Seat #2 is the button
Seat 1: MAGER911 ($90.30 in chips)
Seat 2: las59 ($130.96 in chips)
las59: posts small blind $1
MAGER911: posts big blind $3
*** HOLE CARDS ***
las59: raises $3 to $6
MAGER911: calls $3
*** FLOP *** [Ks Js Jh]
MAGER911: bets $3
las59: folds
Uncalled bet ($3) returned to MAGER911
MAGER911 collected $11.76 from pot
MAGER911: doesn't show hand
*** SUMMARY ***
Total pot $12 | Rake $0.24
Board [Ks Js Jh]
Seat 1: MAGER911 (big blind) collected ($11.76)
Seat 2: las59 (button) (small blind) folded on the Flop


PokerStars Hand #146868268471:  Hold'em Limit ($3/$6 USD) - 2016/01/11 13:52:59 ET
Table 'Lohja II' 2-max Seat #1 is the button
Seat 1: MAGER911 ($96.06 in chips)
Seat 2: las59 ($124.96 in chips)
MAGER911: posts small blind $1
las59: posts big blind $3
*** HOLE CARDS ***
MAGER911: raises $3 to $6
las59: raises $3 to $9
MAGER911: calls $3
*** FLOP *** [8h 8c 2d]
las59: checks
MAGER911: checks
*** TURN *** [8h 8c 2d] [Kd]
las59: bets $6
MAGER911: folds
Uncalled bet ($6) returned to las59
las59 collected $17.64 from pot
*** SUMMARY ***
Total pot $18 | Rake $0.36
Board [8h 8c 2d Kd]
Seat 1: MAGER911 (button) (small blind) folded on the Turn
Seat 2: las59 (big blind) collected ($17.64)


PokerStars Hand #146868237322:  Hold'em Limit ($3/$6 USD) - 2016/01/11 13:52:29 ET
Table 'Lohja II' 2-max Seat #2 is the button
Seat 1: MAGER911 ($90.30 in chips)
Seat 2: las59 ($130.96 in chips)
las59: posts small blind $1
MAGER911: posts big blind $3
*** HOLE CARDS ***
las59: folds
Uncalled bet ($2) returned to MAGER911
MAGER911 collected $2 from pot
MAGER911: doesn't show hand
*** SUMMARY ***
Total pot $2 | Rake $0
Seat 1: MAGER911 (big blind) collected ($2)
Seat 2: las59 (button) (small blind) folded before Flop


PokerStars Hand #146868211984:  Hold'em Limit ($3/$6 USD) - 2016/01/11 13:52:04 ET
Table 'Lohja II' 2-max Seat #1 is the button
Seat 1: MAGER911 ($75.80 in chips)
Seat 2: las59 ($145.96 in chips)
MAGER911: posts small blind $1
las59: posts big blind $3
*** HOLE CARDS ***
MAGER911: raises $3 to $6
las59: calls $3
*** FLOP *** [9s Ac Td]
las59: checks
MAGER911: bets $3
las59: calls $3
*** TURN *** [9s Ac Td] [8d]
las59: checks
MAGER911: bets $6
las59: calls $6
*** RIVER *** [9s Ac Td 8d] [2s]
las59: checks
MAGER911: bets $6
las59: folds
Uncalled bet ($6) returned to MAGER911
MAGER911 collected $29.50 from pot
MAGER911: doesn't show hand
*** SUMMARY ***
Total pot $30 | Rake $0.50
Board [9s Ac Td 8d 2s]
Seat 1: MAGER911 (button) (small blind) collected ($29.50)
Seat 2: las59 (big blind) folded on the River


PokerStars Hand #146868308158:  Hold'em Limit ($3/$6 USD) - 2016/01/11 13:53:39 ET
Table 'Lohja II' 2-max Seat #1 is the button
Seat 1: MAGER911 ($72 in chips)
Seat 2: las59 ($163.10 in chips)
MAGER911: posts small blind $1
las59: posts big blind $3
*** HOLE CARDS ***
MAGER911: folds
Uncalled bet ($2) returned to las59
las59 collected $2 from pot
*** SUMMARY ***
Total pot $2 | Rake $0
Seat 1: MAGER911 (button) (small blind) folded before Flop
Seat 2: las59 (big blind) collected ($2)


PokerStars Hand #146868284397:  Hold'em Limit ($3/$6 USD) - 2016/01/11 13:53:15 ET
Table 'Lohja II' 2-max Seat #2 is the button
Seat 1: MAGER911 ($87.06 in chips)
Seat 2: las59 ($133.60 in chips)
las59: posts small blind $1
MAGER911: posts big blind $3
*** HOLE CARDS ***
las59: raises $3 to $6
MAGER911: raises $3 to $9
las59: raises $3 to $12
Betting is capped
MAGER911: calls $3
*** FLOP *** [Jc 9c 3c]
MAGER911: bets $3
las59: raises $3 to $6
MAGER911: calls $3
*** TURN *** [Jc 9c 3c] [3d]
MAGER911: bets $6
las59: calls $6
*** RIVER *** [Jc 9c 3c 3d] [Ac]
MAGER911: checks
las59: bets $6
MAGER911: calls $6
*** SHOW DOWN ***
las59: shows [7d 8c] (a flush, Ace high)
MAGER911: mucks hand
las59 collected $59.50 from pot
*** SUMMARY ***
Total pot $60 | Rake $0.50
Board [Jc 9c 3c 3d Ac]
Seat 1: MAGER911 (big blind) mucked
Seat 2: las59 (button) (small blind) showed [7d 8c] and won ($59.50) with a flush, Ace high


PokerStars Hand #146868312922:  Hold'em Limit ($3/$6 USD) - 2016/01/11 13:53:44 ET
Table 'Lohja II' 2-max Seat #2 is the button
Seat 1: MAGER911 ($72 in chips)
Seat 2: las59 ($164.10 in chips)
las59: posts small blind $1
MAGER911: posts big blind $3
*** HOLE CARDS ***
las59: raises $3 to $6
MAGER911: calls $3
*** FLOP *** [8h Ac Kh]
MAGER911: checks
las59: bets $3
MAGER911: calls $3
*** TURN *** [8h Ac Kh] [7d]
MAGER911: checks
las59: bets $6
MAGER911: folds
Uncalled bet ($6) returned to las59
las59 collected $17.64 from pot
*** SUMMARY ***
Total pot $18 | Rake $0.36
Board [8h Ac Kh 7d]
Seat 1: MAGER911 (big blind) folded on the Turn
Seat 2: las59 (button) (small blind) collected ($17.64)


PokerStars Hand #146868346509:  Hold'em Limit ($3/$6 USD) - 2016/01/11 13:54:17 ET
Table 'Lohja II' 2-max Seat #1 is the button
Seat 1: MAGER911 ($72 in chips)
Seat 2: las59 ($172.74 in chips)
MAGER911: posts small blind $1
las59: posts big blind $3
*** HOLE CARDS ***
MAGER911: raises $3 to $6
las59: calls $3
*** FLOP *** [4s Td Kc]
las59: checks
MAGER911: bets $3
las59: folds
Uncalled bet ($3) returned to MAGER911
MAGER911 collected $11.76 from pot
MAGER911: doesn't show hand
*** SUMMARY ***
Total pot $12 | Rake $0.24
Board [4s Td Kc]
Seat 1: MAGER911 (button) (small blind) collected ($11.76)
Seat 2: las59 (big blind) folded on the Flop


PokerStars Hand #146868391549:  Hold'em Limit ($3/$6 USD) - 2016/01/11 13:55:01 ET
Table 'Lohja II' 2-max Seat #1 is the button
Seat 1: MAGER911 ($72 in chips)
Seat 2: las59 ($181.24 in chips)
MAGER911: posts small blind $1
las59: posts big blind $3
*** HOLE CARDS ***
MAGER911: folds
Uncalled bet ($2) returned to las59
las59 collected $2 from pot
*** SUMMARY ***
Total pot $2 | Rake $0
Seat 1: MAGER911 (button) (small blind) folded before Flop
Seat 2: las59 (big blind) collected ($2)


PokerStars Hand #146868366295:  Hold'em Limit ($3/$6 USD) - 2016/01/11 13:54:36 ET
Table 'Lohja II' 2-max Seat #2 is the button
Seat 1: MAGER911 ($77.76 in chips)
Seat 2: las59 ($166.74 in chips)
las59: posts small blind $1
MAGER911: posts big blind $3
*** HOLE CARDS ***
las59: raises $3 to $6
MAGER911: raises $3 to $9
las59: calls $3
*** FLOP *** [Jh 3c 4h]
MAGER911: bets $3
las59: raises $3 to $6
MAGER911: calls $3
*** TURN *** [Jh 3c 4h] [Qd]
MAGER911: checks
las59: bets $6
MAGER911: folds
Uncalled bet ($6) returned to las59
las59 collected $29.50 from pot
*** SUMMARY ***
Total pot $30 | Rake $0.50
Board [Jh 3c 4h Qd]
Seat 1: MAGER911 (big blind) folded on the Turn
Seat 2: las59 (button) (small blind) collected ($29.50)


PokerStars Hand #146868395323:  Hold'em Limit ($3/$6 USD) - 2016/01/11 13:55:05 ET
Table 'Lohja II' 2-max Seat #2 is the button
Seat 1: MAGER911 ($72 in chips)
Seat 2: las59 ($182.24 in chips)
las59: posts small blind $1
MAGER911: posts big blind $3
*** HOLE CARDS ***
las59: raises $3 to $6
MAGER911: folds
Uncalled bet ($3) returned to las59
las59 collected $6 from pot
*** SUMMARY ***
Total pot $6 | Rake $0
Seat 1: MAGER911 (big blind) folded before Flop
Seat 2: las59 (button) (small blind) collected ($6)


PokerStars Hand #146868403515:  Hold'em Limit ($3/$6 USD) - 2016/01/11 13:55:16 ET
Table 'Lohja II' 2-max Seat #1 is the button
Seat 1: MAGER911 ($72 in chips)
Seat 2: las59 ($185.24 in chips)
MAGER911: posts small blind $1
las59: posts big blind $3
*** HOLE CARDS ***
MAGER911: folds
Uncalled bet ($2) returned to las59
las59 collected $2 from pot
*** SUMMARY ***
Total pot $2 | Rake $0
Seat 1: MAGER911 (button) (small blind) folded before Flop
Seat 2: las59 (big blind) collected ($2)


PokerStars Hand #146868421427:  Hold'em Limit ($3/$6 USD) - 2016/01/11 13:55:38 ET
Table 'Lohja II' 2-max Seat #1 is the button
Seat 1: MAGER911 ($95.50 in chips)
Seat 2: las59 ($162.24 in chips)
MAGER911: posts small blind $1
las59: posts big blind $3
*** HOLE CARDS ***
MAGER911: folds
Uncalled bet ($2) returned to las59
las59 collected $2 from pot
*** SUMMARY ***
Total pot $2 | Rake $0
Seat 1: MAGER911 (button) (small blind) folded before Flop
Seat 2: las59 (big blind) collected ($2)


PokerStars Hand #146868406973:  Hold'em Limit ($3/$6 USD) - 2016/01/11 13:55:20 ET
Table 'Lohja II' 2-max Seat #2 is the button
Seat 1: MAGER911 ($72 in chips)
Seat 2: las59 ($186.24 in chips)
las59: posts small blind $1
MAGER911: posts big blind $3
*** HOLE CARDS ***
las59: raises $3 to $6
MAGER911: raises $3 to $9
las59: calls $3
*** FLOP *** [Qd 7h 6c]
MAGER911: bets $3
las59: calls $3
*** TURN *** [Qd 7h 6c] [2s]
MAGER911: bets $6
las59: calls $6
*** RIVER *** [Qd 7h 6c 2s] [4d]
MAGER911: bets $6
las59: calls $6
*** SHOW DOWN ***
MAGER911: shows [Tc Th] (a pair of Tens)
las59: mucks hand
MAGER911 collected $47.50 from pot
*** SUMMARY ***
Total pot $48 | Rake $0.50
Board [Qd 7h 6c 2s 4d]
Seat 1: MAGER911 (big blind) showed [Tc Th] and won ($47.50) with a pair of Tens
Seat 2: las59 (button) (small blind) mucked


PokerStars Hand #146868425471:  Hold'em Limit ($3/$6 USD) - 2016/01/11 13:55:43 ET
Table 'Lohja II' 2-max Seat #2 is the button
Seat 1: MAGER911 ($94.50 in chips)
Seat 2: las59 ($163.24 in chips)
las59: posts small blind $1
MAGER911: posts big blind $3
*** HOLE CARDS ***
las59: raises $3 to $6
MAGER911: calls $3
*** FLOP *** [4d Kh 6h]
MAGER911: checks
las59: bets $3
MAGER911: folds
Uncalled bet ($3) returned to las59
las59 collected $11.76 from pot
*** SUMMARY ***
Total pot $12 | Rake $0.24
Board [4d Kh 6h]
Seat 1: MAGER911 (big blind) folded on the Flop
Seat 2: las59 (button) (small blind) collected ($11.76)


PokerStars Hand #146868438080:  Hold'em Limit ($3/$6 USD) - 2016/01/11 13:55:59 ET
Table 'Lohja II' 2-max Seat #1 is the button
Seat 1: MAGER911 ($88.50 in chips)
Seat 2: las59 ($169 in chips)
MAGER911: posts small blind $1
las59: posts big blind $3
*** HOLE CARDS ***
MAGER911: raises $3 to $6
las59: calls $3
*** FLOP *** [Qc 9h Qd]
las59: checks
MAGER911: bets $3
las59: raises $3 to $6
MAGER911: calls $3
*** TURN *** [Qc 9h Qd] [6d]
las59: bets $6
MAGER911: raises $6 to $12
las59: calls $6
*** RIVER *** [Qc 9h Qd 6d] [Kd]
las59: checks
MAGER911: checks
*** SHOW DOWN ***
las59: shows [9c 3s] (two pair, Queens and Nines)
MAGER911: mucks hand
las59 collected $47.50 from pot
*** SUMMARY ***
Total pot $48 | Rake $0.50
Board [Qc 9h Qd 6d Kd]
Seat 1: MAGER911 (button) (small blind) mucked
Seat 2: las59 (big blind) showed [9c 3s] and won ($47.50) with two pair, Queens and Nines


PokerStars Hand #146868456329:  Hold'em Limit ($3/$6 USD) - 2016/01/11 13:56:22 ET
Table 'Lohja II' 2-max Seat #2 is the button
Seat 1: MAGER911 ($72 in chips)
Seat 2: las59 ($192.50 in chips)
las59: posts small blind $1
MAGER911: posts big blind $3
*** HOLE CARDS ***
las59: raises $3 to $6
MAGER911: calls $3
*** FLOP *** [3d 2h 2s]
MAGER911: checks
las59: checks
*** TURN *** [3d 2h 2s] [Th]
MAGER911: bets $6
las59: folds
Uncalled bet ($6) returned to MAGER911
MAGER911 collected $11.76 from pot
MAGER911: doesn't show hand
*** SUMMARY ***
Total pot $12 | Rake $0.24
Board [3d 2h 2s Th]
Seat 1: MAGER911 (big blind) collected ($11.76)
Seat 2: las59 (button) (small blind) folded on the Turn


PokerStars Hand #146868467838:  Hold'em Limit ($3/$6 USD) - 2016/01/11 13:56:36 ET
Table 'Lohja II' 2-max Seat #1 is the button
Seat 1: MAGER911 ($77.76 in chips)
Seat 2: las59 ($186.50 in chips)
MAGER911: posts small blind $1
las59: posts big blind $3
*** HOLE CARDS ***
MAGER911: folds
Uncalled bet ($2) returned to las59
las59 collected $2 from pot
*** SUMMARY ***
Total pot $2 | Rake $0
Seat 1: MAGER911 (button) (small blind) folded before Flop
Seat 2: las59 (big blind) collected ($2)


PokerStars Hand #146868471196:  Hold'em Limit ($3/$6 USD) - 2016/01/11 13:56:41 ET
Table 'Lohja II' 2-max Seat #2 is the button
Seat 1: MAGER911 ($76.76 in chips)
Seat 2: las59 ($187.50 in chips)
las59: posts small blind $1
MAGER911: posts big blind $3
*** HOLE CARDS ***
las59: raises $3 to $6
MAGER911: calls $3
*** FLOP *** [3c Qc 3h]
MAGER911: checks
las59: checks
*** TURN *** [3c Qc 3h] [5s]
MAGER911: checks
las59: bets $6
MAGER911: folds
Uncalled bet ($6) returned to las59
las59 collected $11.76 from pot
*** SUMMARY ***
Total pot $12 | Rake $0.24
Board [3c Qc 3h 5s]
Seat 1: MAGER911 (big blind) folded on the Turn
Seat 2: las59 (button) (small blind) collected ($11.76)


PokerStars Hand #146868488549:  Hold'em Limit ($3/$6 USD) - 2016/01/11 13:57:02 ET
Table 'Lohja II' 2-max Seat #1 is the button
Seat 1: MAGER911 ($72 in chips)
Seat 2: las59 ($193.26 in chips)
MAGER911: posts small blind $1
las59: posts big blind $3
*** HOLE CARDS ***
MAGER911: raises $3 to $6
las59: raises $3 to $9
MAGER911: raises $3 to $12
Betting is capped
las59: calls $3
*** FLOP *** [7c Ad 3h]
las59: checks
MAGER911: bets $3
las59: raises $3 to $6
MAGER911: calls $3
*** TURN *** [7c Ad 3h] [9s]
las59: bets $6
MAGER911: raises $6 to $12
las59: calls $6
*** RIVER *** [7c Ad 3h 9s] [Jd]
las59: checks
MAGER911: bets $6
las59: folds
Uncalled bet ($6) returned to MAGER911
MAGER911 collected $59.50 from pot
MAGER911: doesn't show hand
*** SUMMARY ***
Total pot $60 | Rake $0.50
Board [7c Ad 3h 9s Jd]
Seat 1: MAGER911 (button) (small blind) collected ($59.50)
Seat 2: las59 (big blind) folded on the River


PokerStars Hand #146868514207:  Hold'em Limit ($3/$6 USD) - 2016/01/11 13:57:34 ET
Table 'Lohja II' 2-max Seat #2 is the button
Seat 1: MAGER911 ($101.50 in chips)
Seat 2: las59 ($163.26 in chips)
las59: posts small blind $1
MAGER911: posts big blind $3
*** HOLE CARDS ***
las59: raises $3 to $6
MAGER911: calls $3
*** FLOP *** [Ks Jc 9s]
MAGER911: checks
las59: bets $3
MAGER911: folds
Uncalled bet ($3) returned to las59
las59 collected $11.76 from pot
*** SUMMARY ***
Total pot $12 | Rake $0.24
Board [Ks Jc 9s]
Seat 1: MAGER911 (big blind) folded on the Flop
Seat 2: las59 (button) (small blind) collected ($11.76)


PokerStars Hand #146868614147:  Hold'em Limit ($3/$6 USD) - 2016/01/11 13:59:37 ET
Table 'Lohja II' 2-max Seat #2 is the button
Seat 1: MAGER911 ($146.02 in chips)
Seat 2: las59 ($117.02 in chips)
las59: posts small blind $1
MAGER911: posts big blind $3
*** HOLE CARDS ***
las59: raises $3 to $6
MAGER911: calls $3
*** FLOP *** [4h 8h Qs]
MAGER911: checks
las59: bets $3
MAGER911: calls $3
*** TURN *** [4h 8h Qs] [Td]
MAGER911: checks
las59: bets $6
MAGER911: folds
Uncalled bet ($6) returned to las59
las59 collected $17.64 from pot
*** SUMMARY ***
Total pot $18 | Rake $0.36
Board [4h 8h Qs Td]
Seat 1: MAGER911 (big blind) folded on the Turn
Seat 2: las59 (button) (small blind) collected ($17.64)


PokerStars Hand #146868595410:  Hold'em Limit ($3/$6 USD) - 2016/01/11 13:59:14 ET
Table 'Lohja II' 2-max Seat #1 is the button
Seat 1: MAGER911 ($128.52 in chips)
Seat 2: las59 ($135.02 in chips)
MAGER911: posts small blind $1
las59: posts big blind $3
*** HOLE CARDS ***
MAGER911: raises $3 to $6
las59: calls $3
*** FLOP *** [8s 6s Jd]
las59: checks
MAGER911: checks
*** TURN *** [8s 6s Jd] [Tc]
las59: bets $6
MAGER911: calls $6
*** RIVER *** [8s 6s Jd Tc] [Ad]
las59: checks
MAGER911: bets $6
las59: calls $6
*** SHOW DOWN ***
MAGER911: shows [As Qd] (a pair of Aces)
las59: mucks hand
MAGER911 collected $35.50 from pot
*** SUMMARY ***
Total pot $36 | Rake $0.50
Board [8s 6s Jd Tc Ad]
Seat 1: MAGER911 (button) (small blind) showed [As Qd] and won ($35.50) with a pair of Aces
Seat 2: las59 (big blind) mucked


PokerStars Hand #146868591648:  Hold'em Limit ($3/$6 USD) - 2016/01/11 13:59:09 ET
Table 'Lohja II' 2-max Seat #2 is the button
Seat 1: MAGER911 ($127.52 in chips)
Seat 2: las59 ($136.02 in chips)
las59: posts small blind $1
MAGER911: posts big blind $3
*** HOLE CARDS ***
las59: folds
Uncalled bet ($2) returned to MAGER911
MAGER911 collected $2 from pot
MAGER911: doesn't show hand
*** SUMMARY ***
Total pot $2 | Rake $0
Seat 1: MAGER911 (big blind) collected ($2)
Seat 2: las59 (button) (small blind) folded before Flop


PokerStars Hand #146868558384:  Hold'em Limit ($3/$6 USD) - 2016/01/11 13:58:29 ET
Table 'Lohja II' 2-max Seat #1 is the button
Seat 1: MAGER911 ($104.02 in chips)
Seat 2: las59 ($160.02 in chips)
MAGER911: posts small blind $1
las59: posts big blind $3
*** HOLE CARDS ***
MAGER911: raises $3 to $6
las59: calls $3
*** FLOP *** [Jh 7h 9d]
las59: checks
MAGER911: checks
*** TURN *** [Jh 7h 9d] [7d]
las59: checks
MAGER911: bets $6
las59: raises $6 to $12
MAGER911: calls $6
*** RIVER *** [Jh 7h 9d 7d] [Ah]
las59: bets $6
MAGER911: calls $6
*** SHOW DOWN ***
las59: shows [6h 4d] (a pair of Sevens)
MAGER911: shows [Td Ad] (two pair, Aces and Sevens)
MAGER911 collected $47.50 from pot
*** SUMMARY ***
Total pot $48 | Rake $0.50
Board [Jh 7h 9d 7d Ah]
Seat 1: MAGER911 (button) (small blind) showed [Td Ad] and won ($47.50) with two pair, Aces and Sevens
Seat 2: las59 (big blind) showed [6h 4d] and lost with a pair of Sevens


PokerStars Hand #146868626667:  Hold'em Limit ($3/$6 USD) - 2016/01/11 13:59:53 ET
Table 'Lohja II' 2-max Seat #1 is the button
Seat 1: MAGER911 ($137.02 in chips)
Seat 2: las59 ($125.66 in chips)
MAGER911: posts small blind $1
las59: posts big blind $3
*** HOLE CARDS ***
MAGER911: raises $3 to $6
las59: raises $3 to $9
MAGER911: calls $3
*** FLOP *** [Qd 3c Js]
las59: checks
MAGER911: checks
*** TURN *** [Qd 3c Js] [Jd]
las59: bets $6
MAGER911: calls $6
*** RIVER *** [Qd 3c Js Jd] [9h]
las59: checks
MAGER911: checks
*** SHOW DOWN ***
las59: shows [8s 5s] (a pair of Jacks)
MAGER911: shows [Ad 5c] (a pair of Jacks - Ace kicker)
MAGER911 collected $29.50 from pot
*** SUMMARY ***
Total pot $30 | Rake $0.50
Board [Qd 3c Js Jd 9h]
Seat 1: MAGER911 (button) (small blind) showed [Ad 5c] and won ($29.50) with a pair of Jacks
Seat 2: las59 (big blind) showed [8s 5s] and lost with a pair of Jacks


PokerStars Hand #146868733883:  Hold'em Limit ($3/$6 USD) - 2016/01/11 14:01:51 ET
Table 'Lohja II' 2-max Seat #2 is the button
Seat 1: MAGER911 ($166.80 in chips)
Seat 2: las59 ($94.66 in chips)
las59: posts small blind $1
MAGER911: posts big blind $3
*** HOLE CARDS ***
las59: raises $3 to $6
MAGER911: calls $3
*** FLOP *** [3s 5s 3c]
MAGER911: checks
las59: bets $3
MAGER911: folds
Uncalled bet ($3) returned to las59
las59 collected $11.76 from pot
*** SUMMARY ***
Total pot $12 | Rake $0.24
Board [3s 5s 3c]
Seat 1: MAGER911 (big blind) folded on the Flop
Seat 2: las59 (button) (small blind) collected ($11.76)


PokerStars Hand #146868728411:  Hold'em Limit ($3/$6 USD) - 2016/01/11 14:01:45 ET
Table 'Lohja II' 2-max Seat #1 is the button
Seat 1: MAGER911 ($167.80 in chips)
Seat 2: las59 ($93.66 in chips)
MAGER911: posts small blind $1
las59: posts big blind $3
*** HOLE CARDS ***
MAGER911: folds
Uncalled bet ($2) returned to las59
las59 collected $2 from pot
*** SUMMARY ***
Total pot $2 | Rake $0
Seat 1: MAGER911 (button) (small blind) folded before Flop
Seat 2: las59 (big blind) collected ($2)


PokerStars Hand #146868703884:  Hold'em Limit ($3/$6 USD) - 2016/01/11 14:01:20 ET
Table 'Lohja II' 2-max Seat #2 is the button
Seat 1: MAGER911 ($156.28 in chips)
Seat 2: las59 ($105.66 in chips)
las59: posts small blind $1
MAGER911: posts big blind $3
*** HOLE CARDS ***
las59: raises $3 to $6
MAGER911: calls $3
*** FLOP *** [Qh 9d Kd]
MAGER911: bets $3
las59: raises $3 to $6
MAGER911: calls $3
*** TURN *** [Qh 9d Kd] [2h]
MAGER911: checks
las59: checks
*** RIVER *** [Qh 9d Kd 2h] [5s]
MAGER911: checks
las59: checks
*** SHOW DOWN ***
MAGER911: shows [Qs 7d] (a pair of Queens)
las59: mucks hand
MAGER911 collected $23.52 from pot
*** SUMMARY ***
Total pot $24 | Rake $0.48
Board [Qh 9d Kd 2h 5s]
Seat 1: MAGER911 (big blind) showed [Qs 7d] and won ($23.52) with a pair of Queens
Seat 2: las59 (button) (small blind) mucked


PokerStars Hand #146868700097:  Hold'em Limit ($3/$6 USD) - 2016/01/11 14:01:16 ET
Table 'Lohja II' 2-max Seat #1 is the button
Seat 1: MAGER911 ($157.28 in chips)
Seat 2: las59 ($104.66 in chips)
MAGER911: posts small blind $1
las59: posts big blind $3
*** HOLE CARDS ***
MAGER911: folds
Uncalled bet ($2) returned to las59
las59 collected $2 from pot
*** SUMMARY ***
Total pot $2 | Rake $0
Seat 1: MAGER911 (button) (small blind) folded before Flop
Seat 2: las59 (big blind) collected ($2)


PokerStars Hand #146868656905:  Hold'em Limit ($3/$6 USD) - 2016/01/11 14:00:27 ET
Table 'Lohja II' 2-max Seat #2 is the button
Seat 1: MAGER911 ($151.52 in chips)
Seat 2: las59 ($110.66 in chips)
las59: posts small blind $1
MAGER911: posts big blind $3
*** HOLE CARDS ***
las59: raises $3 to $6
MAGER911: calls $3
*** FLOP *** [Qs Td 4s]
MAGER911: checks
las59: checks
*** TURN *** [Qs Td 4s] [3s]
MAGER911: bets $6
las59: folds
Uncalled bet ($6) returned to MAGER911
MAGER911 collected $11.76 from pot
MAGER911: doesn't show hand
*** SUMMARY ***
Total pot $12 | Rake $0.24
Board [Qs Td 4s 3s]
Seat 1: MAGER911 (big blind) collected ($11.76)
Seat 2: las59 (button) (small blind) folded on the Turn


PokerStars Hand #146868789858:  Hold'em Limit ($3/$6 USD) - 2016/01/11 14:02:47 ET
Table 'Lohja II' 2-max Seat #1 is the button
Seat 1: MAGER911 ($109.80 in chips)
Seat 2: las59 ($150.42 in chips)
MAGER911: posts small blind $1
las59: posts big blind $3
*** HOLE CARDS ***
MAGER911: raises $3 to $6
las59: raises $3 to $9
MAGER911: raises $3 to $12
Betting is capped
las59: calls $3
*** FLOP *** [8s 4d 7s]
las59: checks
MAGER911: bets $3
las59: calls $3
*** TURN *** [8s 4d 7s] [Jc]
las59: checks
MAGER911: checks
*** RIVER *** [8s 4d 7s Jc] [6h]
las59: bets $6
MAGER911: calls $6
*** SHOW DOWN ***
las59: shows [As Kh] (high card Ace)
MAGER911: mucks hand
las59 collected $41.50 from pot
*** SUMMARY ***
Total pot $42 | Rake $0.50
Board [8s 4d 7s Jc 6h]
Seat 1: MAGER911 (button) (small blind) mucked
Seat 2: las59 (big blind) showed [As Kh] and won ($41.50) with high card Ace


PokerStars Hand #146868785151:  Hold'em Limit ($3/$6 USD) - 2016/01/11 14:02:42 ET
Table 'Lohja II' 2-max Seat #2 is the button
Seat 1: MAGER911 ($108.80 in chips)
Seat 2: las59 ($151.42 in chips)
las59: posts small blind $1
MAGER911: posts big blind $3
*** HOLE CARDS ***
las59: folds
Uncalled bet ($2) returned to MAGER911
MAGER911 collected $2 from pot
MAGER911: doesn't show hand
*** SUMMARY ***
Total pot $2 | Rake $0
Seat 1: MAGER911 (big blind) collected ($2)
Seat 2: las59 (button) (small blind) folded before Flop


PokerStars Hand #146868767850:  Hold'em Limit ($3/$6 USD) - 2016/01/11 14:02:26 ET
Table 'Lohja II' 2-max Seat #1 is the button
Seat 1: MAGER911 ($129.80 in chips)
Seat 2: las59 ($130.92 in chips)
MAGER911: posts small blind $1
las59: posts big blind $3
*** HOLE CARDS ***
MAGER911: raises $3 to $6
las59: raises $3 to $9
MAGER911: raises $3 to $12
Betting is capped
las59: calls $3
*** FLOP *** [9d 8s 3h]
las59: checks
MAGER911: bets $3
las59: calls $3
*** TURN *** [9d 8s 3h] [Td]
las59: checks
MAGER911: checks
*** RIVER *** [9d 8s 3h Td] [Ts]
las59: bets $6
MAGER911: calls $6
*** SHOW DOWN ***
las59: shows [Kd Ah] (a pair of Tens)
MAGER911: mucks hand
las59 collected $41.50 from pot
*** SUMMARY ***
Total pot $42 | Rake $0.50
Board [9d 8s 3h Td Ts]
Seat 1: MAGER911 (button) (small blind) mucked
Seat 2: las59 (big blind) showed [Kd Ah] and won ($41.50) with a pair of Tens


PokerStars Hand #146868746336:  Hold'em Limit ($3/$6 USD) - 2016/01/11 14:02:04 ET
Table 'Lohja II' 2-max Seat #2 is the button
Seat 1: MAGER911 ($159.80 in chips)
Seat 2: las59 ($101.42 in chips)
las59: posts small blind $1
MAGER911: posts big blind $3
*** HOLE CARDS ***
las59: raises $3 to $6
MAGER911: raises $3 to $9
las59: raises $3 to $12
Betting is capped
MAGER911: calls $3
*** FLOP *** [8d Ks 8s]
MAGER911: bets $3
las59: raises $3 to $6
MAGER911: calls $3
*** TURN *** [8d Ks 8s] [Qh]
MAGER911: checks
las59: bets $6
MAGER911: calls $6
*** RIVER *** [8d Ks 8s Qh] [4d]
MAGER911: checks
las59: bets $6
MAGER911: calls $6
*** SHOW DOWN ***
las59: shows [Kd 7s] (two pair, Kings and Eights)
MAGER911: mucks hand
las59 collected $59.50 from pot
*** SUMMARY ***
Total pot $60 | Rake $0.50
Board [8d Ks 8s Qh 4d]
Seat 1: MAGER911 (big blind) mucked
Seat 2: las59 (button) (small blind) showed [Kd 7s] and won ($59.50) with two pair, Kings and Eights


PokerStars Hand #146868742494:  Hold'em Limit ($3/$6 USD) - 2016/01/11 14:02:00 ET
Table 'Lohja II' 2-max Seat #1 is the button
Seat 1: MAGER911 ($160.80 in chips)
Seat 2: las59 ($100.42 in chips)
MAGER911: posts small blind $1
las59: posts big blind $3
*** HOLE CARDS ***
MAGER911: folds
Uncalled bet ($2) returned to las59
las59 collected $2 from pot
*** SUMMARY ***
Total pot $2 | Rake $0
Seat 1: MAGER911 (button) (small blind) folded before Flop
Seat 2: las59 (big blind) collected ($2)


PokerStars Hand #146868847568:  Hold'em Limit ($3/$6 USD) - 2016/01/11 14:03:43 ET
Table 'Lohja II' 2-max Seat #1 is the button
Seat 1: MAGER911 ($135.58 in chips)
Seat 2: las59 ($122.92 in chips)
MAGER911: posts small blind $1
las59: posts big blind $3
*** HOLE CARDS ***
MAGER911: folds
Uncalled bet ($2) returned to las59
las59 collected $2 from pot
*** SUMMARY ***
Total pot $2 | Rake $0
Seat 1: MAGER911 (button) (small blind) folded before Flop
Seat 2: las59 (big blind) collected ($2)


PokerStars Hand #146868829055:  Hold'em Limit ($3/$6 USD) - 2016/01/11 14:03:25 ET
Table 'Lohja II' 2-max Seat #2 is the button
Seat 1: MAGER911 ($106.08 in chips)
Seat 2: las59 ($152.92 in chips)
las59: posts small blind $1
MAGER911: posts big blind $3
*** HOLE CARDS ***
las59: raises $3 to $6
MAGER911: raises $3 to $9
las59: raises $3 to $12
Betting is capped
MAGER911: calls $3
*** FLOP *** [Qd Ks 9d]
MAGER911: bets $3
las59: raises $3 to $6
MAGER911: calls $3
*** TURN *** [Qd Ks 9d] [9s]
MAGER911: checks
las59: bets $6
MAGER911: calls $6
*** RIVER *** [Qd Ks 9d 9s] [7c]
MAGER911: checks
las59: bets $6
MAGER911: calls $6
*** SHOW DOWN ***
las59: shows [3c 2c] (a pair of Nines)
MAGER911: shows [7d Ad] (two pair, Nines and Sevens)
MAGER911 collected $59.50 from pot
*** SUMMARY ***
Total pot $60 | Rake $0.50
Board [Qd Ks 9d 9s 7c]
Seat 1: MAGER911 (big blind) showed [7d Ad] and won ($59.50) with two pair, Nines and Sevens
Seat 2: las59 (button) (small blind) showed [3c 2c] and lost with a pair of Nines


PokerStars Hand #146868816312:  Hold'em Limit ($3/$6 USD) - 2016/01/11 14:03:13 ET
Table 'Lohja II' 2-max Seat #1 is the button
Seat 1: MAGER911 ($100.32 in chips)
Seat 2: las59 ($158.92 in chips)
MAGER911: posts small blind $1
las59: posts big blind $3
*** HOLE CARDS ***
MAGER911: raises $3 to $6
las59: calls $3
*** FLOP *** [6c 8d Ad]
las59: checks
MAGER911: bets $3
las59: folds
Uncalled bet ($3) returned to MAGER911
MAGER911 collected $11.76 from pot
MAGER911: doesn't show hand
*** SUMMARY ***
Total pot $12 | Rake $0.24
Board [6c 8d Ad]
Seat 1: MAGER911 (button) (small blind) collected ($11.76)
Seat 2: las59 (big blind) folded on the Flop


PokerStars Hand #146868804677:  Hold'em Limit ($3/$6 USD) - 2016/01/11 14:03:02 ET
Table 'Lohja II' 2-max Seat #2 is the button
Seat 1: MAGER911 ($88.80 in chips)
Seat 2: las59 ($170.92 in chips)
las59: posts small blind $1
MAGER911: posts big blind $3
*** HOLE CARDS ***
las59: raises $3 to $6
MAGER911: raises $3 to $9
las59: calls $3
*** FLOP *** [8h 9c As]
MAGER911: bets $3
las59: calls $3
*** TURN *** [8h 9c As] [9h]
MAGER911: bets $6
las59: folds
Uncalled bet ($6) returned to MAGER911
MAGER911 collected $23.52 from pot
MAGER911: doesn't show hand
*** SUMMARY ***
Total pot $24 | Rake $0.48
Board [8h 9c As 9h]
Seat 1: MAGER911 (big blind) collected ($23.52)
Seat 2: las59 (button) (small blind) folded on the Turn


PokerStars Hand #146868892550:  Hold'em Limit ($3/$6 USD) - 2016/01/11 14:04:26 ET
Table 'Lohja II' 2-max Seat #2 is the button
Seat 1: MAGER911 ($146.08 in chips)
Seat 2: las59 ($111.42 in chips)
las59: posts small blind $1
MAGER911: posts big blind $3
*** HOLE CARDS ***
las59: raises $3 to $6
MAGER911: calls $3
*** FLOP *** [Kd 4s Js]
MAGER911: checks
las59: checks
*** TURN *** [Kd 4s Js] [Tc]
MAGER911: checks
las59: bets $6
MAGER911: calls $6
*** RIVER *** [Kd 4s Js Tc] [7d]
MAGER911: checks
las59: checks
*** SHOW DOWN ***
MAGER911: shows [2h Ad] (high card Ace)
las59: mucks hand
MAGER911 collected $23.52 from pot
*** SUMMARY ***
Total pot $24 | Rake $0.48
Board [Kd 4s Js Tc 7d]
Seat 1: MAGER911 (big blind) showed [2h Ad] and won ($23.52) with high card Ace
Seat 2: las59 (button) (small blind) mucked


PokerStars Hand #146868871020:  Hold'em Limit ($3/$6 USD) - 2016/01/11 14:04:06 ET
Table 'Lohja II' 2-max Seat #1 is the button
Seat 1: MAGER911 ($119.58 in chips)
Seat 2: las59 ($138.42 in chips)
MAGER911: posts small blind $1
las59: posts big blind $3
*** HOLE CARDS ***
MAGER911: raises $3 to $6
las59: raises $3 to $9
MAGER911: calls $3
*** FLOP *** [9d 2s 4h]
las59: bets $3
MAGER911: raises $3 to $6
las59: calls $3
*** TURN *** [9d 2s 4h] [4d]
las59: checks
MAGER911: checks
*** RIVER *** [9d 2s 4h 4d] [5s]
las59: bets $6
MAGER911: raises $6 to $12
las59: calls $6
*** SHOW DOWN ***
MAGER911: shows [2d 2h] (a full house, Deuces full of Fours)
las59: mucks hand
MAGER911 collected $53.50 from pot
*** SUMMARY ***
Total pot $54 | Rake $0.50
Board [9d 2s 4h 4d 5s]
Seat 1: MAGER911 (button) (small blind) showed [2d 2h] and won ($53.50) with a full house, Deuces full of Fours
Seat 2: las59 (big blind) mucked


PokerStars Hand #146868852122:  Hold'em Limit ($3/$6 USD) - 2016/01/11 14:03:47 ET
Table 'Lohja II' 2-max Seat #2 is the button
Seat 1: MAGER911 ($134.58 in chips)
Seat 2: las59 ($123.92 in chips)
las59: posts small blind $1
MAGER911: posts big blind $3
*** HOLE CARDS ***
las59: raises $3 to $6
MAGER911: calls $3
*** FLOP *** [6h Td Qs]
MAGER911: checks
las59: bets $3
MAGER911: calls $3
*** TURN *** [6h Td Qs] [7s]
MAGER911: checks
las59: checks
*** RIVER *** [6h Td Qs 7s] [Js]
MAGER911: checks
las59: bets $6
MAGER911: calls $6
*** SHOW DOWN ***
las59: shows [6c 7h] (two pair, Sevens and Sixes)
MAGER911: mucks hand
las59 collected $29.50 from pot
*** SUMMARY ***
Total pot $30 | Rake $0.50
Board [6h Td Qs 7s Js]
Seat 1: MAGER911 (big blind) mucked
Seat 2: las59 (button) (small blind) showed [6c 7h] and won ($29.50) with two pair, Sevens and Sixes


PokerStars Hand #146868528058:  Hold'em Limit ($3/$6 USD) - 2016/01/11 13:57:51 ET
Table 'Lohja II' 2-max Seat #1 is the button
Seat 1: MAGER911 ($95.50 in chips)
Seat 2: las59 ($169.02 in chips)
MAGER911: posts small blind $1
las59: posts big blind $3
*** HOLE CARDS ***
MAGER911: raises $3 to $6
las59: raises $3 to $9
MAGER911: calls $3
*** FLOP *** [2d Kh 3d]
las59: bets $3
MAGER911: calls $3
*** TURN *** [2d Kh 3d] [Ac]
las59: checks
MAGER911: bets $6
las59: folds
Uncalled bet ($6) returned to MAGER911
MAGER911 collected $23.52 from pot
MAGER911: doesn't show hand
*** SUMMARY ***
Total pot $24 | Rake $0.48
Board [2d Kh 3d Ac]
Seat 1: MAGER911 (button) (small blind) collected ($23.52)
Seat 2: las59 (big blind) folded on the Turn


PokerStars Hand #146868552061:  Hold'em Limit ($3/$6 USD) - 2016/01/11 13:58:21 ET
Table 'Lohja II' 2-max Seat #2 is the button
Seat 1: MAGER911 ($107.02 in chips)
Seat 2: las59 ($157.02 in chips)
las59: posts small blind $1
MAGER911: posts big blind $3
*** HOLE CARDS ***
las59: raises $3 to $6
MAGER911: folds
Uncalled bet ($3) returned to las59
las59 collected $6 from pot
*** SUMMARY ***
Total pot $6 | Rake $0
Seat 1: MAGER911 (big blind) folded before Flop
Seat 2: las59 (button) (small blind) collected ($6)


PokerStars Hand #146868986826:  Hold'em Limit ($3/$6 USD) - 2016/01/11 14:05:57 ET
Table 'Lohja II' 2-max Seat #1 is the button
Seat 1: MAGER911 ($122.60 in chips)
Seat 2: las59 ($366.86 in chips)
MAGER911: posts small blind $1
las59: posts big blind $3
*** HOLE CARDS ***
MAGER911: folds
Uncalled bet ($2) returned to las59
las59 collected $2 from pot
*** SUMMARY ***
Total pot $2 | Rake $0
Seat 1: MAGER911 (button) (small blind) folded before Flop
Seat 2: las59 (big blind) collected ($2)


PokerStars Hand #146868973746:  Hold'em Limit ($3/$6 USD) - 2016/01/11 14:05:45 ET
Table 'Lohja II' 2-max Seat #2 is the button
Seat 1: MAGER911 ($128.60 in chips)
Seat 2: las59 ($361.10 in chips)
las59: posts small blind $1
MAGER911: posts big blind $3
*** HOLE CARDS ***
las59: raises $3 to $6
MAGER911: calls $3
*** FLOP *** [9d Kc Ah]
MAGER911: checks
las59: bets $3
MAGER911: folds
Uncalled bet ($3) returned to las59
las59 collected $11.76 from pot
*** SUMMARY ***
Total pot $12 | Rake $0.24
Board [9d Kc Ah]
Seat 1: MAGER911 (big blind) folded on the Flop
Seat 2: las59 (button) (small blind) collected ($11.76)


PokerStars Hand #146868969339:  Hold'em Limit ($3/$6 USD) - 2016/01/11 14:05:41 ET
Table 'Lohja II' 2-max Seat #1 is the button
Seat 1: MAGER911 ($129.60 in chips)
Seat 2: las59 ($360.10 in chips)
MAGER911: posts small blind $1
las59: posts big blind $3
*** HOLE CARDS ***
MAGER911: folds
Uncalled bet ($2) returned to las59
las59 collected $2 from pot
*** SUMMARY ***
Total pot $2 | Rake $0
Seat 1: MAGER911 (button) (small blind) folded before Flop
Seat 2: las59 (big blind) collected ($2)


PokerStars Hand #146868962972:  Hold'em Limit ($3/$6 USD) - 2016/01/11 14:05:34 ET
Table 'Lohja II' 2-max Seat #2 is the button
Seat 1: MAGER911 ($132.60 in chips)
Seat 2: las59 ($357.10 in chips)
las59: posts small blind $1
MAGER911: posts big blind $3
*** HOLE CARDS ***
las59: raises $3 to $6
MAGER911: folds
Uncalled bet ($3) returned to las59
las59 collected $6 from pot
*** SUMMARY ***
Total pot $6 | Rake $0
Seat 1: MAGER911 (big blind) folded before Flop
Seat 2: las59 (button) (small blind) collected ($6)


PokerStars Hand #146868958372:  Hold'em Limit ($3/$6 USD) - 2016/01/11 14:05:30 ET
Table 'Lohja II' 2-max Seat #1 is the button
Seat 1: MAGER911 ($133.60 in chips)
Seat 2: las59 ($356.10 in chips)
MAGER911: posts small blind $1
las59: posts big blind $3
*** HOLE CARDS ***
MAGER911: folds
Uncalled bet ($2) returned to las59
las59 collected $2 from pot
*** SUMMARY ***
Total pot $2 | Rake $0
Seat 1: MAGER911 (button) (small blind) folded before Flop
Seat 2: las59 (big blind) collected ($2)


PokerStars Hand #146868945670:  Hold'em Limit ($3/$6 USD) - 2016/01/11 14:05:18 ET
Table 'Lohja II' 2-max Seat #2 is the button
Seat 1: MAGER911 ($139.60 in chips)
Seat 2: las59 ($350.34 in chips)
las59: posts small blind $1
MAGER911: posts big blind $3
*** HOLE CARDS ***
las59: raises $3 to $6
MAGER911: calls $3
*** FLOP *** [Ts Td 4c]
MAGER911: checks
las59: bets $3
MAGER911: folds
Uncalled bet ($3) returned to las59
las59 collected $11.76 from pot
*** SUMMARY ***
Total pot $12 | Rake $0.24
Board [Ts Td 4c]
Seat 1: MAGER911 (big blind) folded on the Flop
Seat 2: las59 (button) (small blind) collected ($11.76)


PokerStars Hand #146868921405:  Hold'em Limit ($3/$6 USD) - 2016/01/11 14:04:54 ET
Table 'Lohja II' 2-max Seat #1 is the button
Seat 1: MAGER911 ($157.60 in chips)
Seat 2: las59 ($332.84 in chips)
MAGER911: posts small blind $1
las59: posts big blind $3
*** HOLE CARDS ***
MAGER911: raises $3 to $6
las59 said, "u always call with A lol"
las59: raises $3 to $9
MAGER911: calls $3
*** FLOP *** [3c Ac Td]
las59: checks
MAGER911: bets $3
las59: calls $3
*** TURN *** [3c Ac Td] [Qc]
las59: checks
MAGER911: bets $6
las59: calls $6
*** RIVER *** [3c Ac Td Qc] [4c]
las59: checks
MAGER911: checks
*** SHOW DOWN ***
las59: shows [4d 4s] (three of a kind, Fours)
MAGER911: mucks hand
las59 collected $35.50 from pot
*** SUMMARY ***
Total pot $36 | Rake $0.50
Board [3c Ac Td Qc 4c]
Seat 1: MAGER911 (button) (small blind) mucked
Seat 2: las59 (big blind) showed [4d 4s] and won ($35.50) with three of a kind, Fours


PokerStars Hand #146869048084:  Hold'em Limit ($3/$6 USD) - 2016/01/11 14:06:56 ET
Table 'Lohja II' 2-max Seat #1 is the button
Seat 1: MAGER911 ($112.10 in chips)
Seat 2: las59 ($375.88 in chips)
MAGER911: posts small blind $1
las59: posts big blind $3
*** HOLE CARDS ***
MAGER911: folds
Uncalled bet ($2) returned to las59
las59 collected $2 from pot
*** SUMMARY ***
Total pot $2 | Rake $0
Seat 1: MAGER911 (button) (small blind) folded before Flop
Seat 2: las59 (big blind) collected ($2)


PokerStars Hand #146869035125:  Hold'em Limit ($3/$6 USD) - 2016/01/11 14:06:43 ET
Table 'Lohja II' 2-max Seat #2 is the button
Seat 1: MAGER911 ($124.10 in chips)
Seat 2: las59 ($364.36 in chips)
las59: posts small blind $1
MAGER911: posts big blind $3
*** HOLE CARDS ***
las59: raises $3 to $6
MAGER911: calls $3
*** FLOP *** [5h 5d Kc]
MAGER911: checks
las59: checks
*** TURN *** [5h 5d Kc] [Qs]
MAGER911: bets $6
las59: raises $6 to $12
MAGER911: folds
Uncalled bet ($6) returned to las59
las59 collected $23.52 from pot
*** SUMMARY ***
Total pot $24 | Rake $0.48
Board [5h 5d Kc Qs]
Seat 1: MAGER911 (big blind) folded on the Turn
Seat 2: las59 (button) (small blind) collected ($23.52)


PokerStars Hand #146869010982:  Hold'em Limit ($3/$6 USD) - 2016/01/11 14:06:21 ET
Table 'Lohja II' 2-max Seat #1 is the button
Seat 1: MAGER911 ($103.60 in chips)
Seat 2: las59 ($385.36 in chips)
MAGER911: posts small blind $1
las59: posts big blind $3
*** HOLE CARDS ***
MAGER911: raises $3 to $6
las59: calls $3
*** FLOP *** [8h 6h 2h]
las59: checks
MAGER911: bets $3
las59: calls $3
*** TURN *** [8h 6h 2h] [As]
las59: bets $6
MAGER911: calls $6
*** RIVER *** [8h 6h 2h As] [Qh]
las59: checks
MAGER911: bets $6
las59: calls $6
*** SHOW DOWN ***
MAGER911: shows [7s Ah] (a flush, Ace high)
las59: mucks hand
MAGER911 collected $41.50 from pot
*** SUMMARY ***
Total pot $42 | Rake $0.50
Board [8h 6h 2h As Qh]
Seat 1: MAGER911 (button) (small blind) showed [7s Ah] and won ($41.50) with a flush, Ace high
Seat 2: las59 (big blind) mucked


PokerStars Hand #146868991268:  Hold'em Limit ($3/$6 USD) - 2016/01/11 14:06:02 ET
Table 'Lohja II' 2-max Seat #2 is the button
Seat 1: MAGER911 ($121.60 in chips)
Seat 2: las59 ($367.86 in chips)
las59: posts small blind $1
MAGER911: posts big blind $3
*** HOLE CARDS ***
las59: raises $3 to $6
MAGER911: calls $3
*** FLOP *** [Qh 5h 3s]
MAGER911: bets $3
las59: raises $3 to $6
MAGER911: calls $3
*** TURN *** [Qh 5h 3s] [3c]
MAGER911: checks
las59: checks
*** RIVER *** [Qh 5h 3s 3c] [Tc]
MAGER911: checks
las59: bets $6
MAGER911: calls $6
*** SHOW DOWN ***
las59: shows [3d 7s] (three of a kind, Threes)
MAGER911: mucks hand
las59 collected $35.50 from pot
*** SUMMARY ***
Total pot $36 | Rake $0.50
Board [Qh 5h 3s 3c Tc]
Seat 1: MAGER911 (big blind) mucked
Seat 2: las59 (button) (small blind) showed [3d 7s] and won ($35.50) with three of a kind, Threes


PokerStars Hand #146869112415:  Hold'em Limit ($3/$6 USD) - 2016/01/11 14:07:57 ET
Table 'Lohja II' 2-max Seat #2 is the button
Seat 1: MAGER911 ($72 in chips)
Seat 2: las59 ($422.42 in chips)
las59: posts small blind $1
MAGER911: posts big blind $3
*** HOLE CARDS ***
las59: raises $3 to $6
MAGER911: raises $3 to $9
las59: raises $3 to $12
Betting is capped
MAGER911: calls $3
*** FLOP *** [9s 2c 6s]
MAGER911: checks
las59: checks
*** TURN *** [9s 2c 6s] [3h]
MAGER911: bets $6
las59: raises $6 to $12
MAGER911: calls $6
*** RIVER *** [9s 2c 6s 3h] [9d]
MAGER911: checks
las59: bets $6
MAGER911: calls $6
*** SHOW DOWN ***
las59: shows [2d 2h] (a full house, Deuces full of Nines)
MAGER911: mucks hand
las59 collected $59.50 from pot
*** SUMMARY ***
Total pot $60 | Rake $0.50
Board [9s 2c 6s 3h 9d]
Seat 1: MAGER911 (big blind) mucked
Seat 2: las59 (button) (small blind) showed [2d 2h] and won ($59.50) with a full house, Deuces full of Nines


PokerStars Hand #146869101183:  Hold'em Limit ($3/$6 USD) - 2016/01/11 14:07:47 ET
Table 'Lohja II' 2-max Seat #1 is the button
Seat 1: MAGER911 ($73.10 in chips)
Seat 2: las59 ($413.78 in chips)
MAGER911: posts small blind $1
las59: posts big blind $3
*** HOLE CARDS ***
MAGER911: raises $3 to $6
las59: raises $3 to $9
MAGER911: calls $3
*** FLOP *** [5c Jh Qc]
las59: bets $3
MAGER911: folds
Uncalled bet ($3) returned to las59
las59 collected $17.64 from pot
*** SUMMARY ***
Total pot $18 | Rake $0.36
Board [5c Jh Qc]
Seat 1: MAGER911 (button) (small blind) folded on the Flop
Seat 2: las59 (big blind) collected ($17.64)


PokerStars Hand #146869084526:  Hold'em Limit ($3/$6 USD) - 2016/01/11 14:07:31 ET
Table 'Lohja II' 2-max Seat #2 is the button
Seat 1: MAGER911 ($94.10 in chips)
Seat 2: las59 ($393.28 in chips)
las59: posts small blind $1
MAGER911: posts big blind $3
*** HOLE CARDS ***
las59: raises $3 to $6
MAGER911: raises $3 to $9
las59: raises $3 to $12
Betting is capped
MAGER911: calls $3
*** FLOP *** [4h 3c 3h]
MAGER911: checks
las59: bets $3
MAGER911: calls $3
*** TURN *** [4h 3c 3h] [8d]
MAGER911: checks
las59: bets $6
MAGER911: calls $6
*** RIVER *** [4h 3c 3h 8d] [5c]
MAGER911: checks
las59: checks
*** SHOW DOWN ***
MAGER911: shows [Jd Kc] (a pair of Threes)
las59: shows [Ah Qc] (a pair of Threes - Ace kicker)
las59 collected $41.50 from pot
*** SUMMARY ***
Total pot $42 | Rake $0.50
Board [4h 3c 3h 8d 5c]
Seat 1: MAGER911 (big blind) showed [Jd Kc] and lost with a pair of Threes
Seat 2: las59 (button) (small blind) showed [Ah Qc] and won ($41.50) with a pair of Threes


PokerStars Hand #146869079952:  Hold'em Limit ($3/$6 USD) - 2016/01/11 14:07:26 ET
Table 'Lohja II' 2-max Seat #1 is the button
Seat 1: MAGER911 ($95.10 in chips)
Seat 2: las59 ($392.28 in chips)
MAGER911: posts small blind $1
las59: posts big blind $3
*** HOLE CARDS ***
MAGER911: folds
Uncalled bet ($2) returned to las59
las59 collected $2 from pot
*** SUMMARY ***
Total pot $2 | Rake $0
Seat 1: MAGER911 (button) (small blind) folded before Flop
Seat 2: las59 (big blind) collected ($2)


PokerStars Hand #146869069029:  Hold'em Limit ($3/$6 USD) - 2016/01/11 14:07:16 ET
Table 'Lohja II' 2-max Seat #2 is the button
Seat 1: MAGER911 ($101.10 in chips)
Seat 2: las59 ($386.52 in chips)
las59: posts small blind $1
MAGER911: posts big blind $3
*** HOLE CARDS ***
las59: raises $3 to $6
MAGER911: calls $3
*** FLOP *** [Qh 8c Ks]
MAGER911: checks
las59: checks
*** TURN *** [Qh 8c Ks] [Kd]
MAGER911: checks
las59: bets $6
MAGER911: folds
Uncalled bet ($6) returned to las59
las59 collected $11.76 from pot
*** SUMMARY ***
Total pot $12 | Rake $0.24
Board [Qh 8c Ks Kd]
Seat 1: MAGER911 (big blind) folded on the Turn
Seat 2: las59 (button) (small blind) collected ($11.76)


PokerStars Hand #146869064674:  Hold'em Limit ($3/$6 USD) - 2016/01/11 14:07:12 ET
Table 'Lohja II' 2-max Seat #1 is the button
Seat 1: MAGER911 ($102.10 in chips)
Seat 2: las59 ($385.52 in chips)
MAGER911: posts small blind $1
las59: posts big blind $3
*** HOLE CARDS ***
MAGER911: folds
Uncalled bet ($2) returned to las59
las59 collected $2 from pot
*** SUMMARY ***
Total pot $2 | Rake $0
Seat 1: MAGER911 (button) (small blind) folded before Flop
Seat 2: las59 (big blind) collected ($2)


PokerStars Hand #146869052395:  Hold'em Limit ($3/$6 USD) - 2016/01/11 14:07:00 ET
Table 'Lohja II' 2-max Seat #2 is the button
Seat 1: MAGER911 ($111.10 in chips)
Seat 2: las59 ($376.88 in chips)
las59: posts small blind $1
MAGER911: posts big blind $3
*** HOLE CARDS ***
las59: raises $3 to $6
MAGER911: calls $3
*** FLOP *** [9h 4h 6d]
MAGER911: checks
las59: bets $3
MAGER911: calls $3
*** TURN *** [9h 4h 6d] [9d]
MAGER911: checks
las59: bets $6
MAGER911: folds
Uncalled bet ($6) returned to las59
las59 collected $17.64 from pot
*** SUMMARY ***
Total pot $18 | Rake $0.36
Board [9h 4h 6d 9d]
Seat 1: MAGER911 (big blind) folded on the Turn
Seat 2: las59 (button) (small blind) collected ($17.64)


PokerStars Hand #146869181949:  Hold'em Limit ($3/$6 USD) - 2016/01/11 14:09:04 ET
Table 'Lohja II' 2-max Seat #1 is the button
Seat 1: MAGER911 ($129 in chips)
Seat 2: las59 ($394.92 in chips)
MAGER911: posts small blind $1
las59: posts big blind $3
*** HOLE CARDS ***
MAGER911: folds
Uncalled bet ($2) returned to las59
las59 collected $2 from pot
*** SUMMARY ***
Total pot $2 | Rake $0
Seat 1: MAGER911 (button) (small blind) folded before Flop
Seat 2: las59 (big blind) collected ($2)


PokerStars Hand #146869164744:  Hold'em Limit ($3/$6 USD) - 2016/01/11 14:08:48 ET
Table 'Lohja II' 2-max Seat #2 is the button
Seat 1: MAGER911 ($108.50 in chips)
Seat 2: las59 ($415.92 in chips)
las59: posts small blind $1
MAGER911: posts big blind $3
*** HOLE CARDS ***
las59: raises $3 to $6
MAGER911: calls $3
*** FLOP *** [8d 3s 6h]
MAGER911: bets $3
las59: calls $3
*** TURN *** [8d 3s 6h] [4d]
MAGER911: bets $6
las59: calls $6
*** RIVER *** [8d 3s 6h 4d] [7h]
MAGER911: bets $6
las59: calls $6
*** SHOW DOWN ***
MAGER911: shows [7c 4s] (two pair, Sevens and Fours)
las59: mucks hand
MAGER911 collected $41.50 from pot
*** SUMMARY ***
Total pot $42 | Rake $0.50
Board [8d 3s 6h 4d 7h]
Seat 1: MAGER911 (big blind) showed [7c 4s] and won ($41.50) with two pair, Sevens and Fours
Seat 2: las59 (button) (small blind) mucked


PokerStars Hand #146869140210:  Hold'em Limit ($3/$6 USD) - 2016/01/11 14:08:24 ET
Table 'Lohja II' 2-max Seat #1 is the button
Seat 1: MAGER911 ($73 in chips)
Seat 2: las59 ($451.92 in chips)
MAGER911: posts small blind $1
las59: posts big blind $3
*** HOLE CARDS ***
MAGER911: raises $3 to $6
las59: raises $3 to $9
MAGER911: raises $3 to $12
Betting is capped
las59: calls $3
*** FLOP *** [As 7d 8s]
las59: checks
MAGER911: bets $3
las59: raises $3 to $6
MAGER911: calls $3
*** TURN *** [As 7d 8s] [Ah]
las59: bets $6
MAGER911: raises $6 to $12
las59: calls $6
*** RIVER *** [As 7d 8s Ah] [Td]
las59: checks
MAGER911: bets $6
las59: calls $6
*** SHOW DOWN ***
MAGER911: shows [Ad 2c] (three of a kind, Aces)
las59: mucks hand
MAGER911 collected $71.50 from pot
*** SUMMARY ***
Total pot $72 | Rake $0.50
Board [As 7d 8s Ah Td]
Seat 1: MAGER911 (button) (small blind) showed [Ad 2c] and won ($71.50) with three of a kind, Aces
Seat 2: las59 (big blind) mucked


PokerStars Hand #146869135312:  Hold'em Limit ($3/$6 USD) - 2016/01/11 14:08:19 ET
Table 'Lohja II' 2-max Seat #2 is the button
Seat 1: MAGER911 ($72 in chips)
Seat 2: las59 ($452.92 in chips)
las59: posts small blind $1
MAGER911: posts big blind $3
*** HOLE CARDS ***
las59: folds
Uncalled bet ($2) returned to MAGER911
MAGER911 collected $2 from pot
MAGER911: doesn't show hand
*** SUMMARY ***
Total pot $2 | Rake $0
Seat 1: MAGER911 (big blind) collected ($2)
Seat 2: las59 (button) (small blind) folded before Flop


PokerStars Hand #146869129582:  Hold'em Limit ($3/$6 USD) - 2016/01/11 14:08:14 ET
Table 'Lohja II' 2-max Seat #1 is the button
Seat 1: MAGER911 ($72 in chips)
Seat 2: las59 ($451.92 in chips)
MAGER911: posts small blind $1
las59: posts big blind $3
*** HOLE CARDS ***
MAGER911: folds
Uncalled bet ($2) returned to las59
las59 collected $2 from pot
*** SUMMARY ***
Total pot $2 | Rake $0
Seat 1: MAGER911 (button) (small blind) folded before Flop
Seat 2: las59 (big blind) collected ($2)


PokerStars Hand #146869242210:  Hold'em Limit ($3/$6 USD) - 2016/01/11 14:10:03 ET
Table 'Lohja II' 2-max Seat #1 is the button
Seat 1: MAGER911 ($97.50 in chips)
Seat 2: las59 ($424.92 in chips)
MAGER911: posts small blind $1
las59: posts big blind $3
*** HOLE CARDS ***
MAGER911: raises $3 to $6
las59: calls $3
*** FLOP *** [Jh Kh 3d]
las59: checks
MAGER911: bets $3
las59: folds
Uncalled bet ($3) returned to MAGER911
MAGER911 collected $11.76 from pot
MAGER911: doesn't show hand
*** SUMMARY ***
Total pot $12 | Rake $0.24
Board [Jh Kh 3d]
Seat 1: MAGER911 (button) (small blind) collected ($11.76)
Seat 2: las59 (big blind) folded on the Flop


PokerStars Hand #146869223089:  Hold'em Limit ($3/$6 USD) - 2016/01/11 14:09:44 ET
Table 'Lohja II' 2-max Seat #2 is the button
Seat 1: MAGER911 ($124.50 in chips)
Seat 2: las59 ($398.42 in chips)
las59: posts small blind $1
MAGER911: posts big blind $3
*** HOLE CARDS ***
las59: raises $3 to $6
MAGER911: calls $3
*** FLOP *** [Qs Th 5d]
MAGER911: bets $3
las59: calls $3
*** TURN *** [Qs Th 5d] [9d]
MAGER911: bets $6
las59: raises $6 to $12
MAGER911: calls $6
*** RIVER *** [Qs Th 5d 9d] [2d]
MAGER911: checks
las59: bets $6
MAGER911: calls $6
*** SHOW DOWN ***
las59: shows [5s 5h] (three of a kind, Fives)
MAGER911: mucks hand
las59 collected $53.50 from pot
*** SUMMARY ***
Total pot $54 | Rake $0.50
Board [Qs Th 5d 9d 2d]
Seat 1: MAGER911 (big blind) mucked
Seat 2: las59 (button) (small blind) showed [5s 5h] and won ($53.50) with three of a kind, Fives


PokerStars Hand #146869203062:  Hold'em Limit ($3/$6 USD) - 2016/01/11 14:09:25 ET
Table 'Lohja II' 2-max Seat #1 is the button
Seat 1: MAGER911 ($110 in chips)
Seat 2: las59 ($413.42 in chips)
MAGER911: posts small blind $1
las59: posts big blind $3
*** HOLE CARDS ***
MAGER911: raises $3 to $6
las59: calls $3
*** FLOP *** [As 8h 3h]
las59: checks
MAGER911: bets $3
las59: calls $3
*** TURN *** [As 8h 3h] [2d]
las59: checks
MAGER911: checks
*** RIVER *** [As 8h 3h 2d] [Ks]
las59: bets $6
MAGER911: raises $6 to $12
las59: folds
Uncalled bet ($6) returned to MAGER911
MAGER911 collected $29.50 from pot
MAGER911: doesn't show hand
*** SUMMARY ***
Total pot $30 | Rake $0.50
Board [As 8h 3h 2d Ks]
Seat 1: MAGER911 (button) (small blind) collected ($29.50)
Seat 2: las59 (big blind) folded on the River


PokerStars Hand #146869186858:  Hold'em Limit ($3/$6 USD) - 2016/01/11 14:09:09 ET
Table 'Lohja II' 2-max Seat #2 is the button
Seat 1: MAGER911 ($128 in chips)
Seat 2: las59 ($395.92 in chips)
las59: posts small blind $1
MAGER911: posts big blind $3
*** HOLE CARDS ***
las59: raises $3 to $6
MAGER911: raises $3 to $9
las59: calls $3
*** FLOP *** [5d Ah Ac]
MAGER911: bets $3
las59: calls $3
*** TURN *** [5d Ah Ac] [2c]
MAGER911: bets $6
las59: calls $6
*** RIVER *** [5d Ah Ac 2c] [4c]
MAGER911: checks
las59: checks
*** SHOW DOWN ***
MAGER911: shows [Kd 8h] (a pair of Aces)
las59: shows [4s 6d] (two pair, Aces and Fours)
las59 collected $35.50 from pot
*** SUMMARY ***
Total pot $36 | Rake $0.50
Board [5d Ah Ac 2c 4c]
Seat 1: MAGER911 (big blind) showed [Kd 8h] and lost with a pair of Aces
Seat 2: las59 (button) (small blind) showed [4s 6d] and won ($35.50) with two pair, Aces and Fours


PokerStars Hand #146869314716:  Hold'em Limit ($3/$6 USD) - 2016/01/11 14:11:13 ET
Table 'Lohja II' 2-max Seat #1 is the button
Seat 1: MAGER911 ($96.76 in chips)
Seat 2: las59 ($423.94 in chips)
MAGER911: posts small blind $1
las59: posts big blind $3
*** HOLE CARDS ***
MAGER911: folds
Uncalled bet ($2) returned to las59
las59 collected $2 from pot
*** SUMMARY ***
Total pot $2 | Rake $0
Seat 1: MAGER911 (button) (small blind) folded before Flop
Seat 2: las59 (big blind) collected ($2)


PokerStars Hand #146869309669:  Hold'em Limit ($3/$6 USD) - 2016/01/11 14:11:08 ET
Table 'Lohja II' 2-max Seat #2 is the button
Seat 1: MAGER911 ($95.76 in chips)
Seat 2: las59 ($424.94 in chips)
las59: posts small blind $1
MAGER911: posts big blind $3
*** HOLE CARDS ***
las59: folds
Uncalled bet ($2) returned to MAGER911
MAGER911 collected $2 from pot
MAGER911: doesn't show hand
*** SUMMARY ***
Total pot $2 | Rake $0
Seat 1: MAGER911 (big blind) collected ($2)
Seat 2: las59 (button) (small blind) folded before Flop


PokerStars Hand #146869289958:  Hold'em Limit ($3/$6 USD) - 2016/01/11 14:10:49 ET
Table 'Lohja II' 2-max Seat #1 is the button
Seat 1: MAGER911 ($113.76 in chips)
Seat 2: las59 ($407.44 in chips)
MAGER911: posts small blind $1
las59: posts big blind $3
*** HOLE CARDS ***
MAGER911: raises $3 to $6
las59: calls $3
*** FLOP *** [Ah 3h 5h]
las59: checks
MAGER911: bets $3
las59: raises $3 to $6
MAGER911: calls $3
*** TURN *** [Ah 3h 5h] [6h]
las59: checks
MAGER911: checks
*** RIVER *** [Ah 3h 5h 6h] [9c]
las59: bets $6
MAGER911: calls $6
*** SHOW DOWN ***
las59: shows [3d Jh] (a flush, Ace high)
MAGER911: mucks hand
las59 collected $35.50 from pot
*** SUMMARY ***
Total pot $36 | Rake $0.50
Board [Ah 3h 5h 6h 9c]
Seat 1: MAGER911 (button) (small blind) mucked
Seat 2: las59 (big blind) showed [3d Jh] and won ($35.50) with a flush, Ace high


PokerStars Hand #146869269464:  Hold'em Limit ($3/$6 USD) - 2016/01/11 14:10:30 ET
Table 'Lohja II' 2-max Seat #2 is the button
Seat 1: MAGER911 ($90.26 in chips)
Seat 2: las59 ($431.44 in chips)
las59: posts small blind $1
MAGER911: posts big blind $3
*** HOLE CARDS ***
las59: raises $3 to $6
MAGER911: raises $3 to $9
las59: raises $3 to $12
Betting is capped
MAGER911: calls $3
*** FLOP *** [Kc Ad Th]
MAGER911: checks
las59: checks
*** TURN *** [Kc Ad Th] [9s]
MAGER911: checks
las59: bets $6
MAGER911: calls $6
*** RIVER *** [Kc Ad Th 9s] [8h]
MAGER911: bets $6
las59: calls $6
*** SHOW DOWN ***
MAGER911: shows [Kh Qc] (a pair of Kings)
las59: mucks hand
MAGER911 collected $47.50 from pot
*** SUMMARY ***
Total pot $48 | Rake $0.50
Board [Kc Ad Th 9s 8h]
Seat 1: MAGER911 (big blind) showed [Kh Qc] and won ($47.50) with a pair of Kings
Seat 2: las59 (button) (small blind) mucked


PokerStars Hand #146869264426:  Hold'em Limit ($3/$6 USD) - 2016/01/11 14:10:25 ET
Table 'Lohja II' 2-max Seat #1 is the button
Seat 1: MAGER911 ($91.26 in chips)
Seat 2: las59 ($430.44 in chips)
MAGER911: posts small blind $1
las59: posts big blind $3
*** HOLE CARDS ***
MAGER911: folds
Uncalled bet ($2) returned to las59
las59 collected $2 from pot
*** SUMMARY ***
Total pot $2 | Rake $0
Seat 1: MAGER911 (button) (small blind) folded before Flop
Seat 2: las59 (big blind) collected ($2)


PokerStars Hand #146869251041:  Hold'em Limit ($3/$6 USD) - 2016/01/11 14:10:12 ET
Table 'Lohja II' 2-max Seat #2 is the button
Seat 1: MAGER911 ($103.26 in chips)
Seat 2: las59 ($418.92 in chips)
las59: posts small blind $1
MAGER911: posts big blind $3
*** HOLE CARDS ***
las59: raises $3 to $6
MAGER911: calls $3
*** FLOP *** [Th 5d Jc]
MAGER911: checks
las59: checks
*** TURN *** [Th 5d Jc] [5c]
MAGER911: checks
las59: bets $6
MAGER911: calls $6
*** RIVER *** [Th 5d Jc 5c] [8d]
MAGER911: checks
las59: checks
*** SHOW DOWN ***
MAGER911: shows [4h Kc] (a pair of Fives)
las59: shows [Ah 9s] (a pair of Fives - Ace kicker)
las59 collected $23.52 from pot
*** SUMMARY ***
Total pot $24 | Rake $0.48
Board [Th 5d Jc 5c 8d]
Seat 1: MAGER911 (big blind) showed [4h Kc] and lost with a pair of Fives
Seat 2: las59 (button) (small blind) showed [Ah 9s] and won ($23.52) with a pair of Fives


PokerStars Hand #146869371167:  Hold'em Limit ($3/$6 USD) - 2016/01/11 14:12:08 ET
Table 'Lohja II' 2-max Seat #1 is the button
Seat 1: MAGER911 ($116 in chips)
Seat 2: las59 ($403.44 in chips)
MAGER911: posts small blind $1
las59: posts big blind $3
*** HOLE CARDS ***
MAGER911: raises $3 to $6
las59: calls $3
*** FLOP *** [6c 3d 7h]
las59: checks
MAGER911: checks
*** TURN *** [6c 3d 7h] [5d]
las59: bets $6
MAGER911: folds
Uncalled bet ($6) returned to las59
las59 collected $11.76 from pot
*** SUMMARY ***
Total pot $12 | Rake $0.24
Board [6c 3d 7h 5d]
Seat 1: MAGER911 (button) (small blind) folded on the Turn
Seat 2: las59 (big blind) collected ($11.76)


PokerStars Hand #146869354986:  Hold'em Limit ($3/$6 USD) - 2016/01/11 14:11:52 ET
Table 'Lohja II' 2-max Seat #2 is the button
Seat 1: MAGER911 ($95.50 in chips)
Seat 2: las59 ($424.44 in chips)
las59: posts small blind $1
MAGER911: posts big blind $3
*** HOLE CARDS ***
las59: raises $3 to $6
MAGER911: calls $3
*** FLOP *** [3h 8d 7d]
MAGER911: bets $3
las59: calls $3
*** TURN *** [3h 8d 7d] [8h]
MAGER911: bets $6
las59: calls $6
*** RIVER *** [3h 8d 7d 8h] [6d]
MAGER911: bets $6
las59: calls $6
*** SHOW DOWN ***
MAGER911: shows [7s Qd] (two pair, Eights and Sevens)
las59: mucks hand
MAGER911 collected $41.50 from pot
*** SUMMARY ***
Total pot $42 | Rake $0.50
Board [3h 8d 7d 8h 6d]
Seat 1: MAGER911 (big blind) showed [7s Qd] and won ($41.50) with two pair, Eights and Sevens
Seat 2: las59 (button) (small blind) mucked


PokerStars Hand #146869335612:  Hold'em Limit ($3/$6 USD) - 2016/01/11 14:11:33 ET
Table 'Lohja II' 2-max Seat #1 is the button
Seat 1: MAGER911 ($72 in chips)
Seat 2: las59 ($448.44 in chips)
MAGER911: posts small blind $1
las59: posts big blind $3
*** HOLE CARDS ***
MAGER911: raises $3 to $6
las59: calls $3
*** FLOP *** [4d 6c 2h]
las59: checks
MAGER911: checks
*** TURN *** [4d 6c 2h] [7h]
las59: bets $6
MAGER911: raises $6 to $12
las59: calls $6
*** RIVER *** [4d 6c 2h 7h] [2c]
las59: checks
MAGER911: bets $6
las59: calls $6
*** SHOW DOWN ***
MAGER911: shows [7c 9d] (two pair, Sevens and Deuces)
las59: mucks hand
MAGER911 collected $47.50 from pot
*** SUMMARY ***
Total pot $48 | Rake $0.50
Board [4d 6c 2h 7h 2c]
Seat 1: MAGER911 (button) (small blind) showed [7c 9d] and won ($47.50) with two pair, Sevens and Deuces
Seat 2: las59 (big blind) mucked


PokerStars Hand #146869319307:  Hold'em Limit ($3/$6 USD) - 2016/01/11 14:11:18 ET
Table 'Lohja II' 2-max Seat #2 is the button
Seat 1: MAGER911 ($95.76 in chips)
Seat 2: las59 ($424.94 in chips)
las59: posts small blind $1
MAGER911: posts big blind $3
*** HOLE CARDS ***
las59: raises $3 to $6
MAGER911: calls $3
*** FLOP *** [3h As Jh]
MAGER911: checks
las59: bets $3
MAGER911: raises $3 to $6
las59: calls $3
*** TURN *** [3h As Jh] [Th]
MAGER911: bets $6
las59: calls $6
*** RIVER *** [3h As Jh Th] [Ad]
MAGER911: bets $6
las59: calls $6
*** SHOW DOWN ***
MAGER911: shows [7c 8d] (a pair of Aces)
las59: shows [Kh 6s] (a pair of Aces - King kicker)
las59 collected $47.50 from pot
*** SUMMARY ***
Total pot $48 | Rake $0.50
Board [3h As Jh Th Ad]
Seat 1: MAGER911 (big blind) showed [7c 8d] and lost with a pair of Aces
Seat 2: las59 (button) (small blind) showed [Kh 6s] and won ($47.50) with a pair of Aces


PokerStars Hand #146869405347:  Hold'em Limit ($3/$6 USD) - 2016/01/11 14:12:41 ET
Table 'Lohja II' 2-max Seat #1 is the button
Seat 1: MAGER911 ($72 in chips)
Seat 2: las59 ($447.70 in chips)
MAGER911: posts small blind $1
las59: posts big blind $3
*** HOLE CARDS ***
MAGER911: raises $3 to $6
las59: calls $3
*** FLOP *** [3h Jc Qs]
las59: checks
MAGER911: bets $3
las59: folds
Uncalled bet ($3) returned to MAGER911
MAGER911 collected $11.76 from pot
MAGER911: doesn't show hand
*** SUMMARY ***
Total pot $12 | Rake $0.24
Board [3h Jc Qs]
Seat 1: MAGER911 (button) (small blind) collected ($11.76)
Seat 2: las59 (big blind) folded on the Flop


PokerStars Hand #146869383385:  Hold'em Limit ($3/$6 USD) - 2016/01/11 14:12:19 ET
Table 'Lohja II' 2-max Seat #2 is the button
Seat 1: MAGER911 ($110 in chips)
Seat 2: las59 ($409.20 in chips)
las59: posts small blind $1
MAGER911: posts big blind $3
*** HOLE CARDS ***
las59: raises $3 to $6
MAGER911: calls $3
*** FLOP *** [7c 8d 7d]
MAGER911: checks
las59: bets $3
MAGER911: raises $3 to $6
las59: raises $3 to $9
MAGER911: calls $3
*** TURN *** [7c 8d 7d] [9c]
MAGER911: checks
las59: bets $6
MAGER911: raises $6 to $12
las59: raises $6 to $18
MAGER911: calls $6
*** RIVER *** [7c 8d 7d 9c] [8s]
MAGER911: checks
las59: bets $6
MAGER911: calls $6
*** SHOW DOWN ***
las59: shows [Th Js] (a straight, Seven to Jack)
MAGER911: mucks hand
las59 collected $77.50 from pot
*** SUMMARY ***
Total pot $78 | Rake $0.50
Board [7c 8d 7d 9c 8s]
Seat 1: MAGER911 (big blind) mucked
Seat 2: las59 (button) (small blind) showed [Th Js] and won ($77.50) with a straight, Seven to Jack


PokerStars Hand #146869522465:  Hold'em Limit ($3/$6 USD) - 2016/01/11 14:14:35 ET
Table 'Lohja II' 2-max Seat #2 is the button
Seat 1: MAGER911 ($100.50 in chips)
Seat 2: las59 ($459.48 in chips)
las59: posts small blind $1
MAGER911: posts big blind $3
*** HOLE CARDS ***
las59 said, "u overplay crap all the time lol"
las59: raises $3 to $6
MAGER911: calls $3
*** FLOP *** [Th Js Jd]
MAGER911: checks
las59: checks
*** TURN *** [Th Js Jd] [Qs]
MAGER911: bets $6
las59: folds
Uncalled bet ($6) returned to MAGER911
MAGER911 collected $11.76 from pot
MAGER911: doesn't show hand
*** SUMMARY ***
Total pot $12 | Rake $0.24
Board [Th Js Jd Qs]
Seat 1: MAGER911 (big blind) collected ($11.76)
Seat 2: las59 (button) (small blind) folded on the Turn


PokerStars Hand #146869542934:  Hold'em Limit ($3/$6 USD) - 2016/01/11 14:14:55 ET
Table 'Lohja II' 2-max Seat #1 is the button
Seat 1: MAGER911 ($106.26 in chips)
Seat 2: las59 ($453.48 in chips)
MAGER911: posts small blind $1
las59: posts big blind $3
*** HOLE CARDS ***
MAGER911: raises $3 to $6
las59: calls $3
*** FLOP *** [Qd 9h 6d]
las59: checks
MAGER911: bets $3
las59: calls $3
*** TURN *** [Qd 9h 6d] [6s]
las59: checks
MAGER911: bets $6
las59: folds
Uncalled bet ($6) returned to MAGER911
MAGER911 collected $17.64 from pot
MAGER911: doesn't show hand
*** SUMMARY ***
Total pot $18 | Rake $0.36
Board [Qd 9h 6d 6s]
Seat 1: MAGER911 (button) (small blind) collected ($17.64)
Seat 2: las59 (big blind) folded on the Turn


PokerStars Hand #146869517992:  Hold'em Limit ($3/$6 USD) - 2016/01/11 14:14:31 ET
Table 'Lohja II' 2-max Seat #1 is the button
Seat 1: MAGER911 ($101.50 in chips)
Seat 2: las59 ($458.48 in chips)
MAGER911: posts small blind $1
las59: posts big blind $3
*** HOLE CARDS ***
MAGER911: folds
Uncalled bet ($2) returned to las59
las59 collected $2 from pot
*** SUMMARY ***
Total pot $2 | Rake $0
Seat 1: MAGER911 (button) (small blind) folded before Flop
Seat 2: las59 (big blind) collected ($2)


PokerStars Hand #146869495513:  Hold'em Limit ($3/$6 USD) - 2016/01/11 14:14:09 ET
Table 'Lohja II' 2-max Seat #2 is the button
Seat 1: MAGER911 ($72 in chips)
Seat 2: las59 ($488.48 in chips)
las59: posts small blind $1
MAGER911: posts big blind $3
*** HOLE CARDS ***
las59: raises $3 to $6
MAGER911: calls $3
*** FLOP *** [3s 2h 3d]
MAGER911: bets $3
las59: raises $3 to $6
MAGER911: calls $3
*** TURN *** [3s 2h 3d] [Kc]
MAGER911: checks
las59: bets $6
MAGER911: raises $6 to $12
las59: calls $6
*** RIVER *** [3s 2h 3d Kc] [8d]
MAGER911: bets $6
las59: calls $6
*** SHOW DOWN ***
MAGER911: shows [3h Qs] (three of a kind, Threes)
las59: mucks hand
MAGER911 collected $59.50 from pot
*** SUMMARY ***
Total pot $60 | Rake $0.50
Board [3s 2h 3d Kc 8d]
Seat 1: MAGER911 (big blind) showed [3h Qs] and won ($59.50) with three of a kind, Threes
Seat 2: las59 (button) (small blind) mucked


PokerStars Hand #146869614460:  Hold'em Limit ($3/$6 USD) - 2016/01/11 14:16:03 ET
Table 'Lohja II' 2-max Seat #2 is the button
Seat 1: MAGER911 ($172.54 in chips)
Seat 2: las59 ($385.48 in chips)
las59: posts small blind $1
MAGER911: posts big blind $3
*** HOLE CARDS ***
las59: raises $3 to $6
MAGER911: raises $3 to $9
las59: raises $3 to $12
Betting is capped
MAGER911: calls $3
*** FLOP *** [Jh Ah Ad]
MAGER911: checks
las59: bets $3
MAGER911: calls $3
*** TURN *** [Jh Ah Ad] [2s]
MAGER911: checks
las59: checks
*** RIVER *** [Jh Ah Ad 2s] [4s]
MAGER911: bets $6
las59: calls $6
*** SHOW DOWN ***
MAGER911: shows [Qs Th] (a pair of Aces)
las59: shows [Kd 8c] (a pair of Aces - King kicker)
las59 collected $41.50 from pot
*** SUMMARY ***
Total pot $42 | Rake $0.50
Board [Jh Ah Ad 2s 4s]
Seat 1: MAGER911 (big blind) showed [Qs Th] and lost with a pair of Aces
Seat 2: las59 (button) (small blind) showed [Kd 8c] and won ($41.50) with a pair of Aces


PokerStars Hand #146869599474:  Hold'em Limit ($3/$6 USD) - 2016/01/11 14:15:49 ET
Table 'Lohja II' 2-max Seat #1 is the button
Seat 1: MAGER911 ($163.90 in chips)
Seat 2: las59 ($394.48 in chips)
MAGER911: posts small blind $1
las59: posts big blind $3
*** HOLE CARDS ***
MAGER911: raises $3 to $6
las59: calls $3
*** FLOP *** [8s 7c 3d]
las59: checks
MAGER911: bets $3
las59: calls $3
*** TURN *** [8s 7c 3d] [Kd]
las59: checks
MAGER911: bets $6
las59: folds
Uncalled bet ($6) returned to MAGER911
MAGER911 collected $17.64 from pot
MAGER911: doesn't show hand
*** SUMMARY ***
Total pot $18 | Rake $0.36
Board [8s 7c 3d Kd]
Seat 1: MAGER911 (button) (small blind) collected ($17.64)
Seat 2: las59 (big blind) folded on the Turn


PokerStars Hand #146869576438:  Hold'em Limit ($3/$6 USD) - 2016/01/11 14:15:27 ET
Table 'Lohja II' 2-max Seat #1 is the button
Seat 1: MAGER911 ($147.40 in chips)
Seat 2: las59 ($411.48 in chips)
MAGER911: posts small blind $1
las59: posts big blind $3
*** HOLE CARDS ***
las59 said, "wow"
MAGER911: folds
Uncalled bet ($2) returned to las59
las59 collected $2 from pot
*** SUMMARY ***
Total pot $2 | Rake $0
Seat 1: MAGER911 (button) (small blind) folded before Flop
Seat 2: las59 (big blind) collected ($2)


PokerStars Hand #146869557350:  Hold'em Limit ($3/$6 USD) - 2016/01/11 14:15:09 ET
Table 'Lohja II' 2-max Seat #2 is the button
Seat 1: MAGER911 ($114.90 in chips)
Seat 2: las59 ($444.48 in chips)
las59: posts small blind $1
MAGER911: posts big blind $3
*** HOLE CARDS ***
las59: raises $3 to $6
MAGER911: raises $3 to $9
las59: raises $3 to $12
Betting is capped
MAGER911: calls $3
*** FLOP *** [5h 5s Ad]
MAGER911: bets $3
las59: calls $3
*** TURN *** [5h 5s Ad] [7s]
MAGER911: bets $6
las59: calls $6
*** RIVER *** [5h 5s Ad 7s] [6c]
MAGER911: checks
las59: bets $6
MAGER911: raises $6 to $12
las59: calls $6
*** SHOW DOWN ***
MAGER911: shows [As Qc] (two pair, Aces and Fives)
las59: mucks hand
MAGER911 collected $65.50 from pot
*** SUMMARY ***
Total pot $66 | Rake $0.50
Board [5h 5s Ad 7s 6c]
Seat 1: MAGER911 (big blind) showed [As Qc] and won ($65.50) with two pair, Aces and Fives
Seat 2: las59 (button) (small blind) mucked


PokerStars Hand #146869582732:  Hold'em Limit ($3/$6 USD) - 2016/01/11 14:15:33 ET
Table 'Lohja II' 2-max Seat #2 is the button
Seat 1: MAGER911 ($146.40 in chips)
Seat 2: las59 ($412.48 in chips)
las59: posts small blind $1
MAGER911: posts big blind $3
*** HOLE CARDS ***
las59: raises $3 to $6
MAGER911: raises $3 to $9
las59: calls $3
*** FLOP *** [4c 3d 2h]
MAGER911: bets $3
las59: calls $3
*** TURN *** [4c 3d 2h] [7c]
MAGER911: bets $6
las59: calls $6
*** RIVER *** [4c 3d 2h 7c] [Qd]
MAGER911: checks
las59: checks
*** SHOW DOWN ***
MAGER911: shows [Td As] (high card Ace)
las59: mucks hand
MAGER911 collected $35.50 from pot
*** SUMMARY ***
Total pot $36 | Rake $0.50
Board [4c 3d 2h 7c Qd]
Seat 1: MAGER911 (big blind) showed [Td As] and won ($35.50) with high card Ace
Seat 2: las59 (button) (small blind) mucked


PokerStars Hand #146869631703:  Hold'em Limit ($3/$6 USD) - 2016/01/11 14:16:20 ET
Table 'Lohja II' 2-max Seat #1 is the button
Seat 1: MAGER911 ($151.54 in chips)
Seat 2: las59 ($405.98 in chips)
MAGER911: posts small blind $1
las59: posts big blind $3
*** HOLE CARDS ***
MAGER911: raises $3 to $6
las59: calls $3
*** FLOP *** [Jd Qh 6s]
las59: checks
MAGER911: checks
*** TURN *** [Jd Qh 6s] [5s]
las59: bets $6
MAGER911: calls $6
*** RIVER *** [Jd Qh 6s 5s] [6c]
las59: bets $6
MAGER911: calls $6
*** SHOW DOWN ***
las59: shows [4s 6h] (three of a kind, Sixes)
MAGER911: mucks hand
las59 collected $35.50 from pot
*** SUMMARY ***
Total pot $36 | Rake $0.50
Board [Jd Qh 6s 5s 6c]
Seat 1: MAGER911 (button) (small blind) mucked
Seat 2: las59 (big blind) showed [4s 6h] and won ($35.50) with three of a kind, Sixes


PokerStars Hand #146869691189:  Hold'em Limit ($3/$6 USD) - 2016/01/11 14:17:17 ET
Table 'Lohja II' 2-max Seat #1 is the button
Seat 1: MAGER911 ($132.80 in chips)
Seat 2: las59 ($422.98 in chips)
MAGER911: posts small blind $1
las59: posts big blind $3
*** HOLE CARDS ***
MAGER911: folds
Uncalled bet ($2) returned to las59
las59 collected $2 from pot
*** SUMMARY ***
Total pot $2 | Rake $0
Seat 1: MAGER911 (button) (small blind) folded before Flop
Seat 2: las59 (big blind) collected ($2)


PokerStars Hand #146869674687:  Hold'em Limit ($3/$6 USD) - 2016/01/11 14:17:01 ET
Table 'Lohja II' 2-max Seat #2 is the button
Seat 1: MAGER911 ($118.30 in chips)
Seat 2: las59 ($437.98 in chips)
las59: posts small blind $1
MAGER911: posts big blind $3
*** HOLE CARDS ***
las59: raises $3 to $6
MAGER911: calls $3
*** FLOP *** [9s As Kc]
MAGER911: checks
las59: bets $3
MAGER911: calls $3
*** TURN *** [9s As Kc] [Jd]
MAGER911: checks
las59: checks
*** RIVER *** [9s As Kc Jd] [Tc]
MAGER911: bets $6
las59: calls $6
*** SHOW DOWN ***
MAGER911: shows [9h Td] (two pair, Tens and Nines)
las59: mucks hand
MAGER911 collected $29.50 from pot
*** SUMMARY ***
Total pot $30 | Rake $0.50
Board [9s As Kc Jd Tc]
Seat 1: MAGER911 (big blind) showed [9h Td] and won ($29.50) with two pair, Tens and Nines
Seat 2: las59 (button) (small blind) mucked


PokerStars Hand #146869664395:  Hold'em Limit ($3/$6 USD) - 2016/01/11 14:16:51 ET
Table 'Lohja II' 2-max Seat #1 is the button
Seat 1: MAGER911 ($112.54 in chips)
Seat 2: las59 ($443.98 in chips)
MAGER911: posts small blind $1
las59: posts big blind $3
*** HOLE CARDS ***
MAGER911: raises $3 to $6
las59: calls $3
*** FLOP *** [7c 2s Ks]
las59: checks
MAGER911: bets $3
las59: folds
Uncalled bet ($3) returned to MAGER911
MAGER911 collected $11.76 from pot
MAGER911: doesn't show hand
*** SUMMARY ***
Total pot $12 | Rake $0.24
Board [7c 2s Ks]
Seat 1: MAGER911 (button) (small blind) collected ($11.76)
Seat 2: las59 (big blind) folded on the Flop


PokerStars Hand #146869646312:  Hold'em Limit ($3/$6 USD) - 2016/01/11 14:16:34 ET
Table 'Lohja II' 2-max Seat #2 is the button
Seat 1: MAGER911 ($133.54 in chips)
Seat 2: las59 ($423.48 in chips)
las59: posts small blind $1
MAGER911: posts big blind $3
*** HOLE CARDS ***
las59: raises $3 to $6
MAGER911: raises $3 to $9
las59: calls $3
*** FLOP *** [8c Jh 9s]
MAGER911: bets $3
las59: raises $3 to $6
MAGER911: calls $3
*** TURN *** [8c Jh 9s] [8d]
MAGER911: checks
las59: bets $6
MAGER911: calls $6
*** RIVER *** [8c Jh 9s 8d] [7s]
MAGER911: checks
las59: bets $6
MAGER911: folds
Uncalled bet ($6) returned to las59
las59 collected $41.50 from pot
*** SUMMARY ***
Total pot $42 | Rake $0.50
Board [8c Jh 9s 8d 7s]
Seat 1: MAGER911 (big blind) folded on the River
Seat 2: las59 (button) (small blind) collected ($41.50)


PokerStars Hand #146869739564:  Hold'em Limit ($3/$6 USD) - 2016/01/11 14:18:03 ET
Table 'Lohja II' 2-max Seat #1 is the button
Seat 1: MAGER911 ($123.30 in chips)
Seat 2: las59 ($431.48 in chips)
MAGER911: posts small blind $1
las59: posts big blind $3
*** HOLE CARDS ***
MAGER911: raises $3 to $6
las59: raises $3 to $9
MAGER911: raises $3 to $12
Betting is capped
las59: calls $3
*** FLOP *** [9d 5s Jc]
las59: checks
MAGER911: bets $3
las59: calls $3
*** TURN *** [9d 5s Jc] [7c]
las59: checks
MAGER911: bets $6
las59: calls $6
*** RIVER *** [9d 5s Jc 7c] [6s]
las59: checks
MAGER911: bets $6
las59: calls $6
*** SHOW DOWN ***
MAGER911: shows [Ad Js] (a pair of Jacks)
las59: mucks hand
MAGER911 collected $53.50 from pot
*** SUMMARY ***
Total pot $54 | Rake $0.50
Board [9d 5s Jc 7c 6s]
Seat 1: MAGER911 (button) (small blind) showed [Ad Js] and won ($53.50) with a pair of Jacks
Seat 2: las59 (big blind) mucked


PokerStars Hand #146869734385:  Hold'em Limit ($3/$6 USD) - 2016/01/11 14:17:58 ET
Table 'Lohja II' 2-max Seat #2 is the button
Seat 1: MAGER911 ($122.30 in chips)
Seat 2: las59 ($432.48 in chips)
las59: posts small blind $1
MAGER911: posts big blind $3
*** HOLE CARDS ***
las59: folds
Uncalled bet ($2) returned to MAGER911
MAGER911 collected $2 from pot
MAGER911: doesn't show hand
*** SUMMARY ***
Total pot $2 | Rake $0
Seat 1: MAGER911 (big blind) collected ($2)
Seat 2: las59 (button) (small blind) folded before Flop


PokerStars Hand #146869713620:  Hold'em Limit ($3/$6 USD) - 2016/01/11 14:17:38 ET
Table 'Lohja II' 2-max Seat #1 is the button
Seat 1: MAGER911 ($155.30 in chips)
Seat 2: las59 ($399.98 in chips)
MAGER911: posts small blind $1
las59: posts big blind $3
*** HOLE CARDS ***
MAGER911: raises $3 to $6
las59: raises $3 to $9
MAGER911: raises $3 to $12
Betting is capped
las59: calls $3
*** FLOP *** [7s 7h 9h]
las59: checks
MAGER911: bets $3
las59: calls $3
*** TURN *** [7s 7h 9h] [8d]
las59: checks
MAGER911: bets $6
las59: raises $6 to $12
MAGER911: calls $6
*** RIVER *** [7s 7h 9h 8d] [2c]
las59: bets $6
MAGER911: calls $6
*** SHOW DOWN ***
las59: shows [Kd 7d] (three of a kind, Sevens)
MAGER911: mucks hand
las59 collected $65.50 from pot
*** SUMMARY ***
Total pot $66 | Rake $0.50
Board [7s 7h 9h 8d 2c]
Seat 1: MAGER911 (button) (small blind) mucked
Seat 2: las59 (big blind) showed [Kd 7d] and won ($65.50) with three of a kind, Sevens


PokerStars Hand #146869695748:  Hold'em Limit ($3/$6 USD) - 2016/01/11 14:17:21 ET
Table 'Lohja II' 2-max Seat #2 is the button
Seat 1: MAGER911 ($131.80 in chips)
Seat 2: las59 ($423.98 in chips)
las59: posts small blind $1
MAGER911: posts big blind $3
*** HOLE CARDS ***
las59: raises $3 to $6
MAGER911: raises $3 to $9
las59: raises $3 to $12
Betting is capped
MAGER911: calls $3
*** FLOP *** [6d 8c 3c]
MAGER911: checks
las59: checks
*** TURN *** [6d 8c 3c] [3h]
MAGER911: bets $6
las59: calls $6
*** RIVER *** [6d 8c 3c 3h] [9c]
MAGER911: bets $6
las59: calls $6
*** SHOW DOWN ***
MAGER911: shows [Kd Ac] (a pair of Threes)
las59: mucks hand
MAGER911 collected $47.50 from pot
*** SUMMARY ***
Total pot $48 | Rake $0.50
Board [6d 8c 3c 3h 9c]
Seat 1: MAGER911 (big blind) showed [Kd Ac] and won ($47.50) with a pair of Threes
Seat 2: las59 (button) (small blind) mucked


PokerStars Hand #146869771603:  Hold'em Limit ($3/$6 USD) - 2016/01/11 14:18:34 ET
Table 'Lohja II' 2-max Seat #1 is the button
Seat 1: MAGER911 ($143.80 in chips)
Seat 2: las59 ($410.24 in chips)
MAGER911: posts small blind $1
las59: posts big blind $3
*** HOLE CARDS ***
MAGER911: folds
Uncalled bet ($2) returned to las59
las59 collected $2 from pot
*** SUMMARY ***
Total pot $2 | Rake $0
Seat 1: MAGER911 (button) (small blind) folded before Flop
Seat 2: las59 (big blind) collected ($2)


PokerStars Hand #146869760541:  Hold'em Limit ($3/$6 USD) - 2016/01/11 14:18:24 ET
Table 'Lohja II' 2-max Seat #2 is the button
Seat 1: MAGER911 ($149.80 in chips)
Seat 2: las59 ($404.48 in chips)
las59: posts small blind $1
MAGER911: posts big blind $3
*** HOLE CARDS ***
las59: raises $3 to $6
MAGER911: calls $3
*** FLOP *** [6h 9d 3d]
MAGER911: checks
las59: bets $3
MAGER911: folds
Uncalled bet ($3) returned to las59
las59 collected $11.76 from pot
*** SUMMARY ***
Total pot $12 | Rake $0.24
Board [6h 9d 3d]
Seat 1: MAGER911 (big blind) folded on the Flop
Seat 2: las59 (button) (small blind) collected ($11.76)


PokerStars Hand #146869776074:  Hold'em Limit ($3/$6 USD) - 2016/01/11 14:18:38 ET
Table 'Lohja II' 2-max Seat #2 is the button
Seat 1: MAGER911 ($142.80 in chips)
Seat 2: las59 ($411.24 in chips)
las59: posts small blind $1
MAGER911: posts big blind $3
*** HOLE CARDS ***
las59: raises $3 to $6
MAGER911: calls $3
*** FLOP *** [4c 2h 5s]
MAGER911: checks
las59: bets $3
MAGER911: raises $3 to $6
las59: raises $3 to $9
MAGER911: raises $3 to $12
Betting is capped
las59: calls $3
*** TURN *** [4c 2h 5s] [Ac]
MAGER911: bets $6
las59: calls $6
*** RIVER *** [4c 2h 5s Ac] [9d]
MAGER911: checks
las59: checks
*** SHOW DOWN ***
MAGER911: shows [As 3h] (a straight, Ace to Five)
las59: mucks hand
MAGER911 collected $47.50 from pot
*** SUMMARY ***
Total pot $48 | Rake $0.50
Board [4c 2h 5s Ac 9d]
Seat 1: MAGER911 (big blind) showed [As 3h] and won ($47.50) with a straight, Ace to Five
Seat 2: las59 (button) (small blind) mucked


PokerStars Hand #146869876472:  Hold'em Limit ($3/$6 USD) - 2016/01/11 14:20:15 ET
Table 'Lohja II' 2-max Seat #1 is the button
Seat 1: MAGER911 ($214.06 in chips)
Seat 2: las59 ($338.24 in chips)
MAGER911: posts small blind $1
las59: posts big blind $3
*** HOLE CARDS ***
MAGER911: folds
Uncalled bet ($2) returned to las59
las59 collected $2 from pot
*** SUMMARY ***
Total pot $2 | Rake $0
Seat 1: MAGER911 (button) (small blind) folded before Flop
Seat 2: las59 (big blind) collected ($2)


PokerStars Hand #146869834912:  Hold'em Limit ($3/$6 USD) - 2016/01/11 14:19:35 ET
Table 'Lohja II' 2-max Seat #1 is the button
Seat 1: MAGER911 ($190.80 in chips)
Seat 2: las59 ($362.24 in chips)
MAGER911: posts small blind $1
las59: posts big blind $3
*** HOLE CARDS ***
MAGER911: folds
Uncalled bet ($2) returned to las59
las59 collected $2 from pot
*** SUMMARY ***
Total pot $2 | Rake $0
Seat 1: MAGER911 (button) (small blind) folded before Flop
Seat 2: las59 (big blind) collected ($2)


PokerStars Hand #146869800427:  Hold'em Limit ($3/$6 USD) - 2016/01/11 14:19:01 ET
Table 'Lohja II' 2-max Seat #1 is the button
Seat 1: MAGER911 ($166.30 in chips)
Seat 2: las59 ($387.24 in chips)
MAGER911: posts small blind $1
las59: posts big blind $3
*** HOLE CARDS ***
MAGER911: raises $3 to $6
las59: calls $3
*** FLOP *** [6h 5s 3c]
las59: bets $3
MAGER911: raises $3 to $6
las59: calls $3
*** TURN *** [6h 5s 3c] [Qd]
las59: checks
MAGER911: bets $6
las59: calls $6
*** RIVER *** [6h 5s 3c Qd] [4h]
las59: checks
MAGER911: bets $6
las59: calls $6
*** SHOW DOWN ***
MAGER911: shows [7d Qs] (a straight, Three to Seven)
las59: mucks hand
MAGER911 collected $47.50 from pot
*** SUMMARY ***
Total pot $48 | Rake $0.50
Board [6h 5s 3c Qd 4h]
Seat 1: MAGER911 (button) (small blind) showed [7d Qs] and won ($47.50) with a straight, Three to Seven
Seat 2: las59 (big blind) mucked


PokerStars Hand #146869830125:  Hold'em Limit ($3/$6 USD) - 2016/01/11 14:19:30 ET
Table 'Lohja II' 2-max Seat #2 is the button
Seat 1: MAGER911 ($189.80 in chips)
Seat 2: las59 ($363.24 in chips)
las59: posts small blind $1
MAGER911: posts big blind $3
*** HOLE CARDS ***
las59: folds
Uncalled bet ($2) returned to MAGER911
MAGER911 collected $2 from pot
MAGER911: doesn't show hand
*** SUMMARY ***
Total pot $2 | Rake $0
Seat 1: MAGER911 (big blind) collected ($2)
Seat 2: las59 (button) (small blind) folded before Flop


PokerStars Hand #146869871691:  Hold'em Limit ($3/$6 USD) - 2016/01/11 14:20:10 ET
Table 'Lohja II' 2-max Seat #2 is the button
Seat 1: MAGER911 ($213.06 in chips)
Seat 2: las59 ($339.24 in chips)
las59: posts small blind $1
MAGER911: posts big blind $3
*** HOLE CARDS ***
las59: folds
Uncalled bet ($2) returned to MAGER911
MAGER911 collected $2 from pot
MAGER911: doesn't show hand
*** SUMMARY ***
Total pot $2 | Rake $0
Seat 1: MAGER911 (big blind) collected ($2)
Seat 2: las59 (button) (small blind) folded before Flop


PokerStars Hand #146869861652:  Hold'em Limit ($3/$6 USD) - 2016/01/11 14:20:01 ET
Table 'Lohja II' 2-max Seat #1 is the button
Seat 1: MAGER911 ($207.30 in chips)
Seat 2: las59 ($345.24 in chips)
MAGER911: posts small blind $1
las59: posts big blind $3
*** HOLE CARDS ***
MAGER911: raises $3 to $6
las59: calls $3
*** FLOP *** [Ah 7s Ts]
las59: checks
MAGER911: bets $3
las59: folds
Uncalled bet ($3) returned to MAGER911
MAGER911 collected $11.76 from pot
MAGER911: doesn't show hand
*** SUMMARY ***
Total pot $12 | Rake $0.24
Board [Ah 7s Ts]
Seat 1: MAGER911 (button) (small blind) collected ($11.76)
Seat 2: las59 (big blind) folded on the Flop


PokerStars Hand #146869839352:  Hold'em Limit ($3/$6 USD) - 2016/01/11 14:19:39 ET
Table 'Lohja II' 2-max Seat #2 is the button
Seat 1: MAGER911 ($189.80 in chips)
Seat 2: las59 ($363.24 in chips)
las59: posts small blind $1
MAGER911: posts big blind $3
*** HOLE CARDS ***
las59: raises $3 to $6
MAGER911: calls $3
*** FLOP *** [Ac 2s 7h]
MAGER911: checks
las59: checks
*** TURN *** [Ac 2s 7h] [As]
MAGER911: checks
las59: bets $6
MAGER911: calls $6
*** RIVER *** [Ac 2s 7h As] [Ad]
MAGER911: bets $6
las59: calls $6
*** SHOW DOWN ***
MAGER911: shows [9d 7d] (a full house, Aces full of Sevens)
las59: mucks hand
MAGER911 collected $35.50 from pot
*** SUMMARY ***
Total pot $36 | Rake $0.50
Board [Ac 2s 7h As Ad]
Seat 1: MAGER911 (big blind) showed [9d 7d] and won ($35.50) with a full house, Aces full of Sevens
Seat 2: las59 (button) (small blind) mucked


PokerStars Hand #146869946058:  Hold'em Limit ($3/$6 USD) - 2016/01/11 14:21:22 ET
Table 'Lohja II' 2-max Seat #1 is the button
Seat 1: MAGER911 ($133.06 in chips)
Seat 2: las59 ($418.24 in chips)
MAGER911: posts small blind $1
las59: posts big blind $3
*** HOLE CARDS ***
MAGER911: folds
Uncalled bet ($2) returned to las59
las59 collected $2 from pot
*** SUMMARY ***
Total pot $2 | Rake $0
Seat 1: MAGER911 (button) (small blind) folded before Flop
Seat 2: las59 (big blind) collected ($2)


PokerStars Hand #146869938505:  Hold'em Limit ($3/$6 USD) - 2016/01/11 14:21:15 ET
Table 'Lohja II' 2-max Seat #2 is the button
Seat 1: MAGER911 ($136.06 in chips)
Seat 2: las59 ($415.24 in chips)
las59: posts small blind $1
MAGER911: posts big blind $3
*** HOLE CARDS ***
las59: raises $3 to $6
MAGER911: folds
Uncalled bet ($3) returned to las59
las59 collected $6 from pot
*** SUMMARY ***
Total pot $6 | Rake $0
Seat 1: MAGER911 (big blind) folded before Flop
Seat 2: las59 (button) (small blind) collected ($6)


PokerStars Hand #146869934052:  Hold'em Limit ($3/$6 USD) - 2016/01/11 14:21:10 ET
Table 'Lohja II' 2-max Seat #1 is the button
Seat 1: MAGER911 ($137.06 in chips)
Seat 2: las59 ($414.24 in chips)
MAGER911: posts small blind $1
las59: posts big blind $3
*** HOLE CARDS ***
MAGER911: folds
Uncalled bet ($2) returned to las59
las59 collected $2 from pot
*** SUMMARY ***
Total pot $2 | Rake $0
Seat 1: MAGER911 (button) (small blind) folded before Flop
Seat 2: las59 (big blind) collected ($2)


PokerStars Hand #146869929476:  Hold'em Limit ($3/$6 USD) - 2016/01/11 14:21:06 ET
Table 'Lohja II' 2-max Seat #2 is the button
Seat 1: MAGER911 ($136.06 in chips)
Seat 2: las59 ($415.24 in chips)
las59: posts small blind $1
MAGER911: posts big blind $3
*** HOLE CARDS ***
las59: folds
Uncalled bet ($2) returned to MAGER911
MAGER911 collected $2 from pot
MAGER911: doesn't show hand
*** SUMMARY ***
Total pot $2 | Rake $0
Seat 1: MAGER911 (big blind) collected ($2)
Seat 2: las59 (button) (small blind) folded before Flop


PokerStars Hand #146869925554:  Hold'em Limit ($3/$6 USD) - 2016/01/11 14:21:02 ET
Table 'Lohja II' 2-max Seat #1 is the button
Seat 1: MAGER911 ($137.06 in chips)
Seat 2: las59 ($414.24 in chips)
MAGER911: posts small blind $1
las59: posts big blind $3
*** HOLE CARDS ***
MAGER911: folds
Uncalled bet ($2) returned to las59
las59 collected $2 from pot
*** SUMMARY ***
Total pot $2 | Rake $0
Seat 1: MAGER911 (button) (small blind) folded before Flop
Seat 2: las59 (big blind) collected ($2)


PokerStars Hand #146869901992:  Hold'em Limit ($3/$6 USD) - 2016/01/11 14:20:39 ET
Table 'Lohja II' 2-max Seat #1 is the button
Seat 1: MAGER911 ($168.06 in chips)
Seat 2: las59 ($383.74 in chips)
MAGER911: posts small blind $1
las59: posts big blind $3
*** HOLE CARDS ***
MAGER911: folds
Uncalled bet ($2) returned to las59
las59 collected $2 from pot
*** SUMMARY ***
Total pot $2 | Rake $0
Seat 1: MAGER911 (button) (small blind) folded before Flop
Seat 2: las59 (big blind) collected ($2)


PokerStars Hand #146869880992:  Hold'em Limit ($3/$6 USD) - 2016/01/11 14:20:19 ET
Table 'Lohja II' 2-max Seat #2 is the button
Seat 1: MAGER911 ($213.06 in chips)
Seat 2: las59 ($339.24 in chips)
las59: posts small blind $1
MAGER911: posts big blind $3
*** HOLE CARDS ***
las59: raises $3 to $6
MAGER911: raises $3 to $9
las59: raises $3 to $12
Betting is capped
MAGER911: calls $3
*** FLOP *** [3d 9c 7d]
MAGER911: bets $3
las59: calls $3
*** TURN *** [3d 9c 7d] [4h]
MAGER911: bets $6
las59: raises $6 to $12
MAGER911: raises $6 to $18
las59: raises $6 to $24
Betting is capped
MAGER911: calls $6
*** RIVER *** [3d 9c 7d 4h] [Kc]
MAGER911: checks
las59: bets $6
MAGER911: calls $6
*** SHOW DOWN ***
las59: shows [5d 6c] (a straight, Three to Seven)
MAGER911: mucks hand
las59 collected $89.50 from pot
*** SUMMARY ***
Total pot $90 | Rake $0.50
Board [3d 9c 7d 4h Kc]
Seat 1: MAGER911 (big blind) mucked
Seat 2: las59 (button) (small blind) showed [5d 6c] and won ($89.50) with a straight, Three to Seven


PokerStars Hand #146870005945:  Hold'em Limit ($3/$6 USD) - 2016/01/11 14:22:20 ET
Table 'Lohja II' 2-max Seat #1 is the button
Seat 1: MAGER911 ($167.06 in chips)
Seat 2: las59 ($383 in chips)
MAGER911: posts small blind $1
las59: posts big blind $3
*** HOLE CARDS ***
MAGER911: folds
Uncalled bet ($2) returned to las59
las59 collected $2 from pot
*** SUMMARY ***
Total pot $2 | Rake $0
Seat 1: MAGER911 (button) (small blind) folded before Flop
Seat 2: las59 (big blind) collected ($2)


PokerStars Hand #146870001201:  Hold'em Limit ($3/$6 USD) - 2016/01/11 14:22:15 ET
Table 'Lohja II' 2-max Seat #2 is the button
Seat 1: MAGER911 ($166.06 in chips)
Seat 2: las59 ($384 in chips)
las59: posts small blind $1
MAGER911: posts big blind $3
*** HOLE CARDS ***
las59: folds
Uncalled bet ($2) returned to MAGER911
MAGER911 collected $2 from pot
MAGER911: doesn't show hand
*** SUMMARY ***
Total pot $2 | Rake $0
Seat 1: MAGER911 (big blind) collected ($2)
Seat 2: las59 (button) (small blind) folded before Flop


PokerStars Hand #146869982067:  Hold'em Limit ($3/$6 USD) - 2016/01/11 14:21:57 ET
Table 'Lohja II' 2-max Seat #1 is the button
Seat 1: MAGER911 ($151.56 in chips)
Seat 2: las59 ($399 in chips)
MAGER911: posts small blind $1
las59: posts big blind $3
*** HOLE CARDS ***
MAGER911: raises $3 to $6
las59: calls $3
*** FLOP *** [9h Jd 8s]
las59: checks
MAGER911: bets $3
las59: calls $3
*** TURN *** [9h Jd 8s] [3c]
las59: checks
MAGER911: bets $6
las59: calls $6
*** RIVER *** [9h Jd 8s 3c] [7h]
las59: checks
MAGER911: checks
*** SHOW DOWN ***
las59: shows [5h Qc] (high card Queen)
MAGER911: shows [Kh 8d] (a pair of Eights)
MAGER911 collected $29.50 from pot
*** SUMMARY ***
Total pot $30 | Rake $0.50
Board [9h Jd 8s 3c 7h]
Seat 1: MAGER911 (button) (small blind) showed [Kh 8d] and won ($29.50) with a pair of Eights
Seat 2: las59 (big blind) showed [5h Qc] and lost with high card Queen


PokerStars Hand #146869964602:  Hold'em Limit ($3/$6 USD) - 2016/01/11 14:21:40 ET
Table 'Lohja II' 2-max Seat #2 is the button
Seat 1: MAGER911 ($125.06 in chips)
Seat 2: las59 ($426 in chips)
las59: posts small blind $1
MAGER911: posts big blind $3
*** HOLE CARDS ***
las59: raises $3 to $6
MAGER911: raises $3 to $9
las59: raises $3 to $12
Betting is capped
MAGER911: calls $3
*** FLOP *** [6h 2c 3h]
MAGER911: bets $3
las59: calls $3
*** TURN *** [6h 2c 3h] [8c]
MAGER911: bets $6
las59: calls $6
*** RIVER *** [6h 2c 3h 8c] [4h]
MAGER911: bets $6
las59: calls $6
*** SHOW DOWN ***
MAGER911: shows [5h 5c] (a straight, Deuce to Six)
las59: mucks hand
MAGER911 collected $53.50 from pot
*** SUMMARY ***
Total pot $54 | Rake $0.50
Board [6h 2c 3h 8c 4h]
Seat 1: MAGER911 (big blind) showed [5h 5c] and won ($53.50) with a straight, Deuce to Six
Seat 2: las59 (button) (small blind) mucked


PokerStars Hand #146869960334:  Hold'em Limit ($3/$6 USD) - 2016/01/11 14:21:36 ET
Table 'Lohja II' 2-max Seat #1 is the button
Seat 1: MAGER911 ($126.06 in chips)
Seat 2: las59 ($425 in chips)
MAGER911: posts small blind $1
las59: posts big blind $3
*** HOLE CARDS ***
MAGER911: folds
Uncalled bet ($2) returned to las59
las59 collected $2 from pot
*** SUMMARY ***
Total pot $2 | Rake $0
Seat 1: MAGER911 (button) (small blind) folded before Flop
Seat 2: las59 (big blind) collected ($2)


PokerStars Hand #146869950625:  Hold'em Limit ($3/$6 USD) - 2016/01/11 14:21:26 ET
Table 'Lohja II' 2-max Seat #2 is the button
Seat 1: MAGER911 ($132.06 in chips)
Seat 2: las59 ($419.24 in chips)
las59: posts small blind $1
MAGER911: posts big blind $3
*** HOLE CARDS ***
las59: raises $3 to $6
MAGER911: calls $3
*** FLOP *** [Th 6c 9s]
MAGER911: checks
las59: bets $3
MAGER911: folds
Uncalled bet ($3) returned to las59
las59 collected $11.76 from pot
*** SUMMARY ***
Total pot $12 | Rake $0.24
Board [Th 6c 9s]
Seat 1: MAGER911 (big blind) folded on the Flop
Seat 2: las59 (button) (small blind) collected ($11.76)


PokerStars Hand #146870057136:  Hold'em Limit ($3/$6 USD) - 2016/01/11 14:23:10 ET
Table 'Lohja II' 2-max Seat #2 is the button
Seat 1: MAGER911 ($159.06 in chips)
Seat 2: las59 ($390.76 in chips)
las59: posts small blind $1
MAGER911: posts big blind $3
*** HOLE CARDS ***
las59: raises $3 to $6
MAGER911: folds
Uncalled bet ($3) returned to las59
las59 collected $6 from pot
*** SUMMARY ***
Total pot $6 | Rake $0
Seat 1: MAGER911 (big blind) folded before Flop
Seat 2: las59 (button) (small blind) collected ($6)


PokerStars Hand #146870052024:  Hold'em Limit ($3/$6 USD) - 2016/01/11 14:23:05 ET
Table 'Lohja II' 2-max Seat #1 is the button
Seat 1: MAGER911 ($160.06 in chips)
Seat 2: las59 ($389.76 in chips)
MAGER911: posts small blind $1
las59: posts big blind $3
*** HOLE CARDS ***
MAGER911: folds
Uncalled bet ($2) returned to las59
las59 collected $2 from pot
*** SUMMARY ***
Total pot $2 | Rake $0
Seat 1: MAGER911 (button) (small blind) folded before Flop
Seat 2: las59 (big blind) collected ($2)


PokerStars Hand #146870010072:  Hold'em Limit ($3/$6 USD) - 2016/01/11 14:22:24 ET
Table 'Lohja II' 2-max Seat #2 is the button
Seat 1: MAGER911 ($166.06 in chips)
Seat 2: las59 ($384 in chips)
las59: posts small blind $1
MAGER911: posts big blind $3
*** HOLE CARDS ***
las59: raises $3 to $6
MAGER911: calls $3
*** FLOP *** [7s 3d Ks]
MAGER911: checks
las59: bets $3
MAGER911: folds
Uncalled bet ($3) returned to las59
las59 collected $11.76 from pot
*** SUMMARY ***
Total pot $12 | Rake $0.24
Board [7s 3d Ks]
Seat 1: MAGER911 (big blind) folded on the Flop
Seat 2: las59 (button) (small blind) collected ($11.76)


PokerStars Hand #146870063945:  Hold'em Limit ($3/$6 USD) - 2016/01/11 14:23:16 ET
Table 'Lohja II' 2-max Seat #1 is the button
Seat 1: MAGER911 ($156.06 in chips)
Seat 2: las59 ($393.76 in chips)
MAGER911: posts small blind $1
las59: posts big blind $3
*** HOLE CARDS ***
MAGER911: raises $3 to $6
las59: raises $3 to $9
MAGER911: raises $3 to $12
Betting is capped
las59: calls $3
*** FLOP *** [8d 3c Ac]
las59: checks
MAGER911: bets $3
las59: calls $3
*** TURN *** [8d 3c Ac] [2d]
las59: checks
MAGER911: bets $6
las59: calls $6
*** RIVER *** [8d 3c Ac 2d] [8c]
las59: checks
MAGER911: bets $6
las59: calls $6
*** SHOW DOWN ***
MAGER911: shows [3s 3d] (a full house, Threes full of Eights)
las59: mucks hand
MAGER911 collected $53.50 from pot
*** SUMMARY ***
Total pot $54 | Rake $0.50
Board [8d 3c Ac 2d 8c]
Seat 1: MAGER911 (button) (small blind) showed [3s 3d] and won ($53.50) with a full house, Threes full of Eights
Seat 2: las59 (big blind) mucked


PokerStars Hand #146870084551:  Hold'em Limit ($3/$6 USD) - 2016/01/11 14:23:37 ET
Table 'Lohja II' 2-max Seat #2 is the button
Seat 1: MAGER911 ($182.56 in chips)
Seat 2: las59 ($366.76 in chips)
las59: posts small blind $1
MAGER911: posts big blind $3
*** HOLE CARDS ***
las59: raises $3 to $6
MAGER911: folds
Uncalled bet ($3) returned to las59
las59 collected $6 from pot
*** SUMMARY ***
Total pot $6 | Rake $0
Seat 1: MAGER911 (big blind) folded before Flop
Seat 2: las59 (button) (small blind) collected ($6)


PokerStars Hand #146870219167:  Hold'em Limit ($3/$6 USD) - 2016/01/11 14:25:46 ET
Table 'Lohja II' 2-max Seat #2 is the button
Seat 1: MAGER911 ($150.46 in chips)
Seat 2: las59 ($396.40 in chips)
las59: posts small blind $1
MAGER911: posts big blind $3
*** HOLE CARDS ***
las59: raises $3 to $6
MAGER911: raises $3 to $9
las59: raises $3 to $12
Betting is capped
MAGER911: calls $3
*** FLOP *** [3d 2d 2h]
MAGER911: bets $3
las59: calls $3
*** TURN *** [3d 2d 2h] [Jd]
MAGER911: bets $6
las59: folds
Uncalled bet ($6) returned to MAGER911
MAGER911 collected $29.50 from pot
*** SUMMARY ***
Total pot $30 | Rake $0.50
Board [3d 2d 2h Jd]
Seat 1: MAGER911 (big blind) collected ($29.50)
Seat 2: las59 (button) (small blind) folded on the Turn


PokerStars Hand #146870232387:  Hold'em Limit ($3/$6 USD) - 2016/01/11 14:25:59 ET
Table 'Lohja II' 2-max Seat #1 is the button
Seat 1: MAGER911 ($164.96 in chips)
Seat 2: las59 ($381.40 in chips)
MAGER911: posts small blind $1
las59: posts big blind $3
*** HOLE CARDS ***
MAGER911: folds
Uncalled bet ($2) returned to las59
las59 collected $2 from pot
*** SUMMARY ***
Total pot $2 | Rake $0
Seat 1: MAGER911 (button) (small blind) folded before Flop
Seat 2: las59 (big blind) collected ($2)


PokerStars Hand #146870236829:  Hold'em Limit ($3/$6 USD) - 2016/01/11 14:26:03 ET
Table 'Lohja II' 2-max Seat #2 is the button
Seat 1: MAGER911 ($163.96 in chips)
Seat 2: las59 ($382.40 in chips)
las59: posts small blind $1
MAGER911: posts big blind $3
*** HOLE CARDS ***
las59: raises $3 to $6
MAGER911: calls $3
*** FLOP *** [Tc 9s Ad]
MAGER911: bets $3
las59: raises $3 to $6
MAGER911: folds
Uncalled bet ($3) returned to las59
las59 collected $17.64 from pot
*** SUMMARY ***
Total pot $18 | Rake $0.36
Board [Tc 9s Ad]
Seat 1: MAGER911 (big blind) folded on the Flop
Seat 2: las59 (button) (small blind) collected ($17.64)


PokerStars Hand #146870245363:  Hold'em Limit ($3/$6 USD) - 2016/01/11 14:26:11 ET
Table 'Lohja II' 2-max Seat #1 is the button
Seat 1: MAGER911 ($154.96 in chips)
Seat 2: las59 ($391.04 in chips)
MAGER911: posts small blind $1
las59: posts big blind $3
*** HOLE CARDS ***
MAGER911: folds
Uncalled bet ($2) returned to las59
las59 collected $2 from pot
*** SUMMARY ***
Total pot $2 | Rake $0
Seat 1: MAGER911 (button) (small blind) folded before Flop
Seat 2: las59 (big blind) collected ($2)


PokerStars Hand #146870259985:  Hold'em Limit ($3/$6 USD) - 2016/01/11 14:26:25 ET
Table 'Lohja II' 2-max Seat #1 is the button
Seat 1: MAGER911 ($147.96 in chips)
Seat 2: las59 ($397.80 in chips)
MAGER911: posts small blind $1
las59: posts big blind $3
*** HOLE CARDS ***
MAGER911: raises $3 to $6
las59: calls $3
*** FLOP *** [4h Tc Js]
las59: checks
MAGER911: bets $3
las59: calls $3
*** TURN *** [4h Tc Js] [Ks]
las59: checks
MAGER911: checks
*** RIVER *** [4h Tc Js Ks] [Ad]
las59: checks
MAGER911: bets $6
las59: folds
Uncalled bet ($6) returned to MAGER911
MAGER911 collected $17.64 from pot
MAGER911: doesn't show hand
*** SUMMARY ***
Total pot $18 | Rake $0.36
Board [4h Tc Js Ks Ad]
Seat 1: MAGER911 (button) (small blind) collected ($17.64)
Seat 2: las59 (big blind) folded on the River


PokerStars Hand #146870249750:  Hold'em Limit ($3/$6 USD) - 2016/01/11 14:26:15 ET
Table 'Lohja II' 2-max Seat #2 is the button
Seat 1: MAGER911 ($153.96 in chips)
Seat 2: las59 ($392.04 in chips)
las59: posts small blind $1
MAGER911: posts big blind $3
*** HOLE CARDS ***
las59: raises $3 to $6
MAGER911: calls $3
*** FLOP *** [5d 7c Ks]
MAGER911: checks
las59: bets $3
MAGER911: folds
Uncalled bet ($3) returned to las59
las59 collected $11.76 from pot
*** SUMMARY ***
Total pot $12 | Rake $0.24
Board [5d 7c Ks]
Seat 1: MAGER911 (big blind) folded on the Flop
Seat 2: las59 (button) (small blind) collected ($11.76)


PokerStars Hand #146870274403:  Hold'em Limit ($3/$6 USD) - 2016/01/11 14:26:39 ET
Table 'Lohja II' 2-max Seat #2 is the button
Seat 1: MAGER911 ($156.60 in chips)
Seat 2: las59 ($388.80 in chips)
las59: posts small blind $1
MAGER911: posts big blind $3
*** HOLE CARDS ***
las59: raises $3 to $6
MAGER911: raises $3 to $9
las59: calls $3
*** FLOP *** [Qc Ac 8s]
MAGER911: bets $3
las59: calls $3
*** TURN *** [Qc Ac 8s] [Jd]
MAGER911: bets $6
las59: calls $6
*** RIVER *** [Qc Ac 8s Jd] [2d]
MAGER911: checks
las59: checks
*** SHOW DOWN ***
MAGER911: shows [6s Ks] (high card Ace)
las59: shows [Kc 8h] (a pair of Eights)
las59 collected $35.50 from pot
*** SUMMARY ***
Total pot $36 | Rake $0.50
Board [Qc Ac 8s Jd 2d]
Seat 1: MAGER911 (big blind) showed [6s Ks] and lost with high card Ace
Seat 2: las59 (button) (small blind) showed [Kc 8h] and won ($35.50) with a pair of Eights


PokerStars Hand #146870312998:  Hold'em Limit ($3/$6 USD) - 2016/01/11 14:27:16 ET
Table 'Lohja II' 2-max Seat #2 is the button
Seat 1: MAGER911 ($168.10 in chips)
Seat 2: las59 ($376.30 in chips)
las59: posts small blind $1
MAGER911: posts big blind $3
*** HOLE CARDS ***
las59: folds
Uncalled bet ($2) returned to MAGER911
MAGER911 collected $2 from pot
MAGER911: doesn't show hand
*** SUMMARY ***
Total pot $2 | Rake $0
Seat 1: MAGER911 (big blind) collected ($2)
Seat 2: las59 (button) (small blind) folded before Flop


PokerStars Hand #146870292805:  Hold'em Limit ($3/$6 USD) - 2016/01/11 14:26:57 ET
Table 'Lohja II' 2-max Seat #1 is the button
Seat 1: MAGER911 ($138.60 in chips)
Seat 2: las59 ($406.30 in chips)
MAGER911: posts small blind $1
las59: posts big blind $3
*** HOLE CARDS ***
MAGER911: raises $3 to $6
las59: raises $3 to $9
MAGER911: raises $3 to $12
Betting is capped
las59: calls $3
*** FLOP *** [2h Qh 5s]
las59: checks
MAGER911: bets $3
las59: raises $3 to $6
MAGER911: raises $3 to $9
las59: raises $3 to $12
Betting is capped
MAGER911: calls $3
*** TURN *** [2h Qh 5s] [Kh]
las59: checks
MAGER911: checks
*** RIVER *** [2h Qh 5s Kh] [8d]
las59: bets $6
MAGER911: calls $6
*** SHOW DOWN ***
las59: shows [6s 6h] (a pair of Sixes)
MAGER911: shows [Qd As] (a pair of Queens)
MAGER911 collected $59.50 from pot
*** SUMMARY ***
Total pot $60 | Rake $0.50
Board [2h Qh 5s Kh 8d]
Seat 1: MAGER911 (button) (small blind) showed [Qd As] and won ($59.50) with a pair of Queens
Seat 2: las59 (big blind) showed [6s 6h] and lost with a pair of Sixes


PokerStars Hand #146870402997:  Hold'em Limit ($3/$6 USD) - 2016/01/11 14:28:43 ET
Table 'Lohja II' 2-max Seat #1 is the button
Seat 1: MAGER911 ($169.10 in chips)
Seat 2: las59 ($375.30 in chips)
MAGER911: posts small blind $1
las59: posts big blind $3
*** HOLE CARDS ***
MAGER911: folds
Uncalled bet ($2) returned to las59
las59 collected $2 from pot
*** SUMMARY ***
Total pot $2 | Rake $0
Seat 1: MAGER911 (button) (small blind) folded before Flop
Seat 2: las59 (big blind) collected ($2)


PokerStars Hand #146870447876:  Hold'em Limit ($3/$6 USD) - 2016/01/11 14:29:26 ET
Table 'Lohja II' 2-max Seat #1 is the button
Seat 1: MAGER911 ($197.60 in chips)
Seat 2: las59 ($346.30 in chips)
MAGER911: posts small blind $1
las59: posts big blind $3
*** HOLE CARDS ***
MAGER911: folds
Uncalled bet ($2) returned to las59
las59 collected $2 from pot
*** SUMMARY ***
Total pot $2 | Rake $0
Seat 1: MAGER911 (button) (small blind) folded before Flop
Seat 2: las59 (big blind) collected ($2)


PokerStars Hand #146870418385:  Hold'em Limit ($3/$6 USD) - 2016/01/11 14:28:58 ET
Table 'Lohja II' 2-max Seat #2 is the button
Seat 1: MAGER911 ($168.10 in chips)
Seat 2: las59 ($376.30 in chips)
las59: posts small blind $1
MAGER911: posts big blind $3
*** HOLE CARDS ***
las59: raises $3 to $6
MAGER911: raises $3 to $9
las59: raises $3 to $12
Betting is capped
MAGER911: calls $3
*** FLOP *** [6c Jc Ks]
MAGER911: bets $3
las59: raises $3 to $6
MAGER911: raises $3 to $9
las59: raises $3 to $12
Betting is capped
MAGER911: calls $3
*** TURN *** [6c Jc Ks] [2h]
MAGER911: bets $6
las59: calls $6
*** RIVER *** [6c Jc Ks 2h] [7c]
MAGER911: checks
las59: checks
*** SHOW DOWN ***
MAGER911: shows [Ac Kd] (a pair of Kings)
las59: mucks hand
MAGER911 collected $59.50 from pot
*** SUMMARY ***
Total pot $60 | Rake $0.50
Board [6c Jc Ks 2h 7c]
Seat 1: MAGER911 (big blind) showed [Ac Kd] and won ($59.50) with a pair of Kings
Seat 2: las59 (button) (small blind) mucked


PokerStars Hand #146870476175:  Hold'em Limit ($3/$6 USD) - 2016/01/11 14:29:53 ET
Table 'Lohja II' 2-max Seat #1 is the button
Seat 1: MAGER911 ($208.12 in chips)
Seat 2: las59 ($335.30 in chips)
MAGER911: posts small blind $1
las59: posts big blind $3
*** HOLE CARDS ***
MAGER911: folds
Uncalled bet ($2) returned to las59
las59 collected $2 from pot
*** SUMMARY ***
Total pot $2 | Rake $0
Seat 1: MAGER911 (button) (small blind) folded before Flop
Seat 2: las59 (big blind) collected ($2)


PokerStars Hand #146870454447:  Hold'em Limit ($3/$6 USD) - 2016/01/11 14:29:32 ET
Table 'Lohja II' 2-max Seat #2 is the button
Seat 1: MAGER911 ($196.60 in chips)
Seat 2: las59 ($347.30 in chips)
las59: posts small blind $1
MAGER911: posts big blind $3
*** HOLE CARDS ***
las59: raises $3 to $6
MAGER911: raises $3 to $9
las59: calls $3
*** FLOP *** [7h Jd Qd]
MAGER911: bets $3
las59: calls $3
*** TURN *** [7h Jd Qd] [9h]
MAGER911: checks
las59: checks
*** RIVER *** [7h Jd Qd 9h] [3d]
MAGER911: bets $6
las59: folds
Uncalled bet ($6) returned to MAGER911
MAGER911 collected $23.52 from pot
MAGER911: doesn't show hand
*** SUMMARY ***
Total pot $24 | Rake $0.48
Board [7h Jd Qd 9h 3d]
Seat 1: MAGER911 (big blind) collected ($23.52)
Seat 2: las59 (button) (small blind) folded on the River


