PokerStars Hand #163237986567:  Hold'em Limit ($3/$6 USD) - 2016/12/20 8:50:54 ET
Table 'Lohja' 10-max Seat #2 is the button
Seat 2: Ale4o ($129.64 in chips)
Seat 3: B_loJkl ($150 in chips)
Ale4o: posts small blind $1
B_loJkl: posts big blind $3
*** HOLE CARDS ***
Ale4o: raises $3 to $6
B_loJkl: calls $3
*** FLOP *** [Kh Kd 9s]
B_loJkl: checks
Ale4o: bets $3
B_loJkl: calls $3
*** TURN *** [Kh Kd 9s] [8h]
B_loJkl: checks
Ale4o: bets $6
B_loJkl: raises $6 to $12
Ale4o: calls $6
*** RIVER *** [Kh Kd 9s 8h] [7h]
B_loJkl: bets $6
Ale4o: folds
Uncalled bet ($6) returned to B_loJkl
B_loJkl collected $41.50 from pot
B_loJkl: doesn't show hand
*** SUMMARY ***
Total pot $42 | Rake $0.50
Board [Kh Kd 9s 8h 7h]
Seat 2: Ale4o (button) (small blind) folded on the River
Seat 3: B_loJkl (big blind) collected ($41.50)


PokerStars Hand #163238120774:  Hold'em Limit ($3/$6 USD) - 2016/12/20 8:54:38 ET
Table 'Lohja' 10-max Seat #2 is the button
Seat 2: Ale4o ($77.64 in chips)
Seat 5: fsreibnitz ($107.50 in chips)
Ale4o: posts small blind $1
fsreibnitz: posts big blind $3
*** HOLE CARDS ***
Ale4o: raises $3 to $6
fsreibnitz: calls $3
*** FLOP *** [Td 2c 6d]
fsreibnitz: checks
Ale4o: checks
*** TURN *** [Td 2c 6d] [7d]
fsreibnitz: checks
Ale4o: checks
*** RIVER *** [Td 2c 6d 7d] [3d]
fsreibnitz: checks
Ale4o: checks
*** SHOW DOWN ***
fsreibnitz: shows [9c 8s] (a straight, Six to Ten)
Ale4o: mucks hand
fsreibnitz collected $11.76 from pot
*** SUMMARY ***
Total pot $12 | Rake $0.24
Board [Td 2c 6d 7d 3d]
Seat 2: Ale4o (button) (small blind) mucked
Seat 5: fsreibnitz (big blind) showed [9c 8s] and won ($11.76) with a straight, Six to Ten


PokerStars Hand #163238110970:  Hold'em Limit ($3/$6 USD) - 2016/12/20 8:54:22 ET
Table 'Lohja' 10-max Seat #5 is the button
Seat 2: Ale4o ($83.64 in chips)
Seat 5: fsreibnitz ($101.74 in chips)
fsreibnitz: posts small blind $1
Ale4o: posts big blind $3
*** HOLE CARDS ***
fsreibnitz: raises $3 to $6
Ale4o: calls $3
*** FLOP *** [Kd 4h 9d]
Ale4o: checks
fsreibnitz: bets $3
Ale4o: folds
Uncalled bet ($3) returned to fsreibnitz
fsreibnitz collected $11.76 from pot
*** SUMMARY ***
Total pot $12 | Rake $0.24
Board [Kd 4h 9d]
Seat 2: Ale4o (big blind) folded on the Flop
Seat 5: fsreibnitz (button) (small blind) collected ($11.76)


