PokerStars Hand #171461000027:  Hold'em Limit ($3/$6 USD) - 2017/06/07 9:18:51 ET
Table 'Lohmann' 6-max Seat #2 is the button
Seat 1: GustavoLaFig ($57.13 in chips)
Seat 2: B_loJkl ($122 in chips)
B_loJkl: posts small blind $1
GustavoLaFig: posts big blind $3
*** HOLE CARDS ***
B_loJkl: raises $3 to $6
MTails leaves the table
GustavoLaFig: raises $3 to $9
B_loJkl: calls $3
*** FLOP *** [4c 7s 8h]
GustavoLaFig: bets $3
B_loJkl: calls $3
*** TURN *** [4c 7s 8h] [2s]
GustavoLaFig: checks
B_loJkl: bets $6
GustavoLaFig: calls $6
*** RIVER *** [4c 7s 8h 2s] [Kc]
GustavoLaFig: checks
B_loJkl: bets $6
GustavoLaFig: calls $6
*** SHOW DOWN ***
B_loJkl: shows [8d 8s] (three of a kind, Eights)
GustavoLaFig: mucks hand
B_loJkl collected $47.50 from pot
*** SUMMARY ***
Total pot $48 | Rake $0.50
Board [4c 7s 8h 2s Kc]
Seat 1: GustavoLaFig (big blind) mucked
Seat 2: B_loJkl (button) (small blind) showed [8d 8s] and won ($47.50) with three of a kind, Eights


PokerStars Hand #171460996264:  Hold'em Limit ($3/$6 USD) - 2017/06/07 9:18:44 ET
Table 'Lohmann' 6-max Seat #1 is the button
Seat 1: GustavoLaFig ($58.13 in chips)
Seat 2: B_loJkl ($121 in chips)
GustavoLaFig: posts small blind $1
B_loJkl: posts big blind $3
*** HOLE CARDS ***
GustavoLaFig: folds
Uncalled bet ($2) returned to B_loJkl
B_loJkl collected $2 from pot
B_loJkl: doesn't show hand
*** SUMMARY ***
Total pot $2 | Rake $0
Seat 1: GustavoLaFig (button) (small blind) folded before Flop
Seat 2: B_loJkl (big blind) collected ($2)


PokerStars Hand #171460992033:  Hold'em Limit ($3/$6 USD) - 2017/06/07 9:18:36 ET
Table 'Lohmann' 6-max Seat #2 is the button
Seat 1: GustavoLaFig ($61.13 in chips)
Seat 2: B_loJkl ($118 in chips)
B_loJkl: posts small blind $1
MTails: is sitting out
GustavoLaFig: posts big blind $3
*** HOLE CARDS ***
GustavoLaFig said, "LOL"
B_loJkl: raises $3 to $6
GustavoLaFig: folds
Uncalled bet ($3) returned to B_loJkl
B_loJkl collected $6 from pot
B_loJkl: doesn't show hand
*** SUMMARY ***
Total pot $6 | Rake $0
Seat 1: GustavoLaFig (big blind) folded before Flop
Seat 2: B_loJkl (button) (small blind) collected ($6)


PokerStars Hand #171461016893:  Hold'em Limit ($3/$6 USD) - 2017/06/07 9:19:23 ET
Table 'Lohmann' 6-max Seat #1 is the button
Seat 1: GustavoLaFig ($33.13 in chips)
Seat 2: B_loJkl ($145.50 in chips)
GustavoLaFig: posts small blind $1
B_loJkl: posts big blind $3
*** HOLE CARDS ***
GustavoLaFig: raises $3 to $6
B_loJkl: calls $3
*** FLOP *** [Td Qs 8c]
B_loJkl: checks
GustavoLaFig: bets $3
B_loJkl: calls $3
*** TURN *** [Td Qs 8c] [9s]
B_loJkl: checks
GustavoLaFig: bets $6
B_loJkl: calls $6
*** RIVER *** [Td Qs 8c 9s] [6c]
B_loJkl: checks
GustavoLaFig: bets $6
B_loJkl: folds
Uncalled bet ($6) returned to GustavoLaFig
GustavoLaFig collected $29.50 from pot
GustavoLaFig: doesn't show hand
*** SUMMARY ***
Total pot $30 | Rake $0.50
Board [Td Qs 8c 9s 6c]
Seat 1: GustavoLaFig (button) (small blind) collected ($29.50)
Seat 2: B_loJkl (big blind) folded on the River


PokerStars Hand #171461056834:  Hold'em Limit ($3/$6 USD) - 2017/06/07 9:20:40 ET
Table 'Lohmann' 6-max Seat #1 is the button
Seat 1: GustavoLaFig ($56.27 in chips)
Seat 2: B_loJkl ($121.50 in chips)
GustavoLaFig: posts small blind $1
B_loJkl: posts big blind $3
*** HOLE CARDS ***
GustavoLaFig: raises $3 to $6
B_loJkl: calls $3
*** FLOP *** [4c Qh 7c]
B_loJkl: checks
GustavoLaFig: checks
*** TURN *** [4c Qh 7c] [5c]
B_loJkl: bets $6
GustavoLaFig: raises $6 to $12
B_loJkl: calls $6
*** RIVER *** [4c Qh 7c 5c] [8c]
B_loJkl: checks
GustavoLaFig: checks
*** SHOW DOWN ***
B_loJkl: shows [8s Tc] (a flush, Ten high)
GustavoLaFig: mucks hand
B_loJkl collected $35.50 from pot
*** SUMMARY ***
Total pot $36 | Rake $0.50
Board [4c Qh 7c 5c 8c]
Seat 1: GustavoLaFig (button) (small blind) mucked
Seat 2: B_loJkl (big blind) showed [8s Tc] and won ($35.50) with a flush, Ten high


PokerStars Hand #171461042542:  Hold'em Limit ($3/$6 USD) - 2017/06/07 9:20:12 ET
Table 'Lohmann' 6-max Seat #2 is the button
Seat 1: GustavoLaFig ($47.63 in chips)
Seat 2: B_loJkl ($130.50 in chips)
B_loJkl: posts small blind $1
GustavoLaFig: posts big blind $3
*** HOLE CARDS ***
B_loJkl: raises $3 to $6
GustavoLaFig: calls $3
*** FLOP *** [3d Tc 3h]
GustavoLaFig: checks
B_loJkl: bets $3
GustavoLaFig: calls $3
*** TURN *** [3d Tc 3h] [Jh]
GustavoLaFig: checks
B_loJkl: checks
*** RIVER *** [3d Tc 3h Jh] [8c]
GustavoLaFig: bets $6
B_loJkl: folds
Uncalled bet ($6) returned to GustavoLaFig
GustavoLaFig collected $17.64 from pot
GustavoLaFig: doesn't show hand
*** SUMMARY ***
Total pot $18 | Rake $0.36
Board [3d Tc 3h Jh 8c]
Seat 1: GustavoLaFig (big blind) collected ($17.64)
Seat 2: B_loJkl (button) (small blind) folded on the River


PokerStars Hand #171461086104:  Hold'em Limit ($3/$6 USD) - 2017/06/07 9:21:37 ET
Table 'Lohmann' 6-max Seat #1 is the button
Seat 1: GustavoLaFig ($38.02 in chips)
Seat 2: B_loJkl ($138.75 in chips)
GustavoLaFig: posts small blind $1
B_loJkl: posts big blind $3
*** HOLE CARDS ***
GustavoLaFig: raises $3 to $6
B_loJkl: calls $3
*** FLOP *** [Ah 6s Ts]
B_loJkl: checks
GustavoLaFig: bets $3
B_loJkl: calls $3
*** TURN *** [Ah 6s Ts] [6c]
B_loJkl: checks
GustavoLaFig: checks
*** RIVER *** [Ah 6s Ts 6c] [Td]
B_loJkl: checks
GustavoLaFig: checks
*** SHOW DOWN ***
B_loJkl: shows [2h Kh] (two pair, Tens and Sixes)
GustavoLaFig: shows [Qc Ks] (two pair, Tens and Sixes)
B_loJkl collected $8.82 from pot
GustavoLaFig collected $8.82 from pot
*** SUMMARY ***
Total pot $18 | Rake $0.36
Board [Ah 6s Ts 6c Td]
Seat 1: GustavoLaFig (button) (small blind) showed [Qc Ks] and won ($8.82) with two pair, Tens and Sixes
Seat 2: B_loJkl (big blind) showed [2h Kh] and won ($8.82) with two pair, Tens and Sixes


PokerStars Hand #171461093701:  Hold'em Limit ($3/$6 USD) - 2017/06/07 9:21:52 ET
Table 'Lohmann' 6-max Seat #2 is the button
Seat 1: GustavoLaFig ($37.84 in chips)
Seat 2: B_loJkl ($138.57 in chips)
B_loJkl: posts small blind $1
GustavoLaFig: posts big blind $3
*** HOLE CARDS ***
B_loJkl: raises $3 to $6
GustavoLaFig: calls $3
*** FLOP *** [6s 4h 7c]
GustavoLaFig: checks
B_loJkl: bets $3
GustavoLaFig: raises $3 to $6
B_loJkl: raises $3 to $9
GustavoLaFig: calls $3
*** TURN *** [6s 4h 7c] [9c]
GustavoLaFig: checks
B_loJkl: bets $6
GustavoLaFig: calls $6
*** RIVER *** [6s 4h 7c 9c] [Kd]
GustavoLaFig: checks
B_loJkl: bets $6
GustavoLaFig: calls $6
*** SHOW DOWN ***
B_loJkl: shows [7s Kc] (two pair, Kings and Sevens)
GustavoLaFig: mucks hand
B_loJkl collected $53.50 from pot
*** SUMMARY ***
Total pot $54 | Rake $0.50
Board [6s 4h 7c 9c Kd]
Seat 1: GustavoLaFig (big blind) mucked
Seat 2: B_loJkl (button) (small blind) showed [7s Kc] and won ($53.50) with two pair, Kings and Sevens


PokerStars Hand #171461104798:  Hold'em Limit ($3/$6 USD) - 2017/06/07 9:22:13 ET
Table 'Lohmann' 6-max Seat #1 is the button
Seat 1: GustavoLaFig ($10.84 in chips)
Seat 2: B_loJkl ($165.07 in chips)
GustavoLaFig: posts small blind $1
B_loJkl: posts big blind $3
*** HOLE CARDS ***
GustavoLaFig: folds
Uncalled bet ($2) returned to B_loJkl
B_loJkl collected $2 from pot
B_loJkl: doesn't show hand
*** SUMMARY ***
Total pot $2 | Rake $0
Seat 1: GustavoLaFig (button) (small blind) folded before Flop
Seat 2: B_loJkl (big blind) collected ($2)


PokerStars Hand #171461071163:  Hold'em Limit ($3/$6 USD) - 2017/06/07 9:21:08 ET
Table 'Lohmann' 6-max Seat #2 is the button
Seat 1: GustavoLaFig ($38.27 in chips)
Seat 2: B_loJkl ($139 in chips)
B_loJkl: posts small blind $1
GustavoLaFig: posts big blind $3
*** HOLE CARDS ***
B_loJkl: raises $3 to $6
GustavoLaFig: calls $3
*** FLOP *** [8h Kd Th]
GustavoLaFig: bets $3
B_loJkl: calls $3
*** TURN *** [8h Kd Th] [Jc]
GustavoLaFig: checks
B_loJkl: bets $6
GustavoLaFig: raises $6 to $12
B_loJkl: raises $6 to $18
GustavoLaFig: raises $6 to $24
Betting is capped
B_loJkl: calls $6
*** RIVER *** [8h Kd Th Jc] [5h]
GustavoLaFig: bets $5.27 and is all-in
B_loJkl: calls $5.27
*** SHOW DOWN ***
GustavoLaFig: shows [Qc 9h] (a straight, Nine to King)
B_loJkl: shows [Qh 9d] (a straight, Nine to King)
GustavoLaFig collected $38.02 from pot
B_loJkl collected $38.02 from pot
*** SUMMARY ***
Total pot $76.54 | Rake $0.50
Board [8h Kd Th Jc 5h]
Seat 1: GustavoLaFig (big blind) showed [Qc 9h] and won ($38.02) with a straight, Nine to King
Seat 2: B_loJkl (button) (small blind) showed [Qh 9d] and won ($38.02) with a straight, Nine to King


PokerStars Hand #171461135590:  Hold'em Limit ($3/$6 USD) - 2017/06/07 9:23:12 ET
Table 'Lohmann' 6-max Seat #2 is the button
Seat 1: GustavoLaFig ($35.08 in chips)
Seat 2: B_loJkl ($139.94 in chips)
B_loJkl: posts small blind $1
GustavoLaFig: posts big blind $3
*** HOLE CARDS ***
B_loJkl: raises $3 to $6
GustavoLaFig: folds
Uncalled bet ($3) returned to B_loJkl
B_loJkl collected $6 from pot
B_loJkl: doesn't show hand
*** SUMMARY ***
Total pot $6 | Rake $0
Seat 1: GustavoLaFig (big blind) folded before Flop
Seat 2: B_loJkl (button) (small blind) collected ($6)


PokerStars Hand #171461132635:  Hold'em Limit ($3/$6 USD) - 2017/06/07 9:23:06 ET
Table 'Lohmann' 6-max Seat #1 is the button
Seat 1: GustavoLaFig ($36.08 in chips)
Seat 2: B_loJkl ($138.94 in chips)
GustavoLaFig: posts small blind $1
B_loJkl: posts big blind $3
*** HOLE CARDS ***
GustavoLaFig: folds
Uncalled bet ($2) returned to B_loJkl
B_loJkl collected $2 from pot
B_loJkl: doesn't show hand
*** SUMMARY ***
Total pot $2 | Rake $0
Seat 1: GustavoLaFig (button) (small blind) folded before Flop
Seat 2: B_loJkl (big blind) collected ($2)


PokerStars Hand #171461119585:  Hold'em Limit ($3/$6 USD) - 2017/06/07 9:22:41 ET
Table 'Lohmann' 6-max Seat #2 is the button
Seat 1: GustavoLaFig ($18.29 in chips)
Seat 2: B_loJkl ($157.23 in chips)
B_loJkl: posts small blind $1
GustavoLaFig: posts big blind $3
*** HOLE CARDS ***
B_loJkl: raises $3 to $6
GustavoLaFig: raises $3 to $9
B_loJkl: calls $3
*** FLOP *** [9d 2s 2h]
GustavoLaFig: bets $3
B_loJkl: raises $3 to $6
GustavoLaFig: raises $3 to $9
B_loJkl: raises $3 to $12
Betting is capped
GustavoLaFig: calls $0.29 and is all-in
Uncalled bet ($2.71) returned to B_loJkl
*** TURN *** [9d 2s 2h] [Jh]
*** RIVER *** [9d 2s 2h Jh] [4c]
*** SHOW DOWN ***
GustavoLaFig: shows [6s Ah] (a pair of Deuces)
B_loJkl: shows [7d Ks] (a pair of Deuces - lower kicker)
GustavoLaFig collected $36.08 from pot
*** SUMMARY ***
Total pot $36.58 | Rake $0.50
Board [9d 2s 2h Jh 4c]
Seat 1: GustavoLaFig (big blind) showed [6s Ah] and won ($36.08) with a pair of Deuces
Seat 2: B_loJkl (button) (small blind) showed [7d Ks] and lost with a pair of Deuces


PokerStars Hand #171461116913:  Hold'em Limit ($3/$6 USD) - 2017/06/07 9:22:36 ET
Table 'Lohmann' 6-max Seat #1 is the button
Seat 1: GustavoLaFig ($19.29 in chips)
Seat 2: B_loJkl ($156.23 in chips)
GustavoLaFig: posts small blind $1
B_loJkl: posts big blind $3
*** HOLE CARDS ***
GustavoLaFig: folds
Uncalled bet ($2) returned to B_loJkl
B_loJkl collected $2 from pot
B_loJkl: doesn't show hand
*** SUMMARY ***
Total pot $2 | Rake $0
Seat 1: GustavoLaFig (button) (small blind) folded before Flop
Seat 2: B_loJkl (big blind) collected ($2)


PokerStars Hand #171461107509:  Hold'em Limit ($3/$6 USD) - 2017/06/07 9:22:18 ET
Table 'Lohmann' 6-max Seat #2 is the button
Seat 1: GustavoLaFig ($9.84 in chips)
Seat 2: B_loJkl ($166.07 in chips)
B_loJkl: posts small blind $1
GustavoLaFig said, "LOL"
GustavoLaFig: posts big blind $3
*** HOLE CARDS ***
B_loJkl: raises $3 to $6
GustavoLaFig: raises $3 to $9
GustavoLaFig said, "THIS IS MORE FUN"
B_loJkl: raises $3 to $12
Betting is capped
GustavoLaFig: calls $0.84 and is all-in
Uncalled bet ($2.16) returned to B_loJkl
*** FLOP *** [2c Td Qc]
*** TURN *** [2c Td Qc] [Ah]
*** RIVER *** [2c Td Qc Ah] [7h]
*** SHOW DOWN ***
GustavoLaFig: shows [Kc Ks] (a pair of Kings)
B_loJkl: shows [Jc 8s] (high card Ace)
GustavoLaFig collected $19.29 from pot
*** SUMMARY ***
Total pot $19.68 | Rake $0.39
Board [2c Td Qc Ah 7h]
Seat 1: GustavoLaFig (big blind) showed [Kc Ks] and won ($19.29) with a pair of Kings
Seat 2: B_loJkl (button) (small blind) showed [Jc 8s] and lost with high card Ace


PokerStars Hand #171461138806:  Hold'em Limit ($3/$6 USD) - 2017/06/07 9:23:18 ET
Table 'Lohmann' 6-max Seat #1 is the button
Seat 1: GustavoLaFig ($32.08 in chips)
Seat 2: B_loJkl ($142.94 in chips)
GustavoLaFig: posts small blind $1
B_loJkl: posts big blind $3
*** HOLE CARDS ***
GustavoLaFig: raises $3 to $6
B_loJkl: raises $3 to $9
GustavoLaFig: calls $3
*** FLOP *** [Ks 3s Kd]
B_loJkl: bets $3
GustavoLaFig: raises $3 to $6
B_loJkl: calls $3
*** TURN *** [Ks 3s Kd] [Js]
B_loJkl: checks
GustavoLaFig: bets $6
B_loJkl: raises $6 to $12
GustavoLaFig: raises $5.08 to $17.08 and is all-in
B_loJkl: calls $5.08
*** RIVER *** [Ks 3s Kd Js] [Qs]
*** SHOW DOWN ***
B_loJkl: shows [As 5s] (a flush, Ace high)
GustavoLaFig: shows [9c 3c] (two pair, Kings and Threes)
B_loJkl collected $63.66 from pot
*** SUMMARY ***
Total pot $64.16 | Rake $0.50
Board [Ks 3s Kd Js Qs]
Seat 1: GustavoLaFig (button) (small blind) showed [9c 3c] and lost with two pair, Kings and Threes
Seat 2: B_loJkl (big blind) showed [As 5s] and won ($63.66) with a flush, Ace high


