PokerStars Hand #146009317589:  Hold'em Limit ($3/$6 USD) - 2015/12/27 12:37:47 ET
Table 'Lohmann' 6-max Seat #2 is the button
Seat 2: heaththejoke ($102.50 in chips)
Seat 4: vestimokrec ($120 in chips)
heaththejoke: posts small blind $1
vestimokrec: posts big blind $3
*** HOLE CARDS ***
heaththejoke: raises $3 to $6
vestimokrec: calls $3
*** FLOP *** [7h Ah Qd]
vestimokrec: checks
heaththejoke: bets $3
vestimokrec: calls $3
*** TURN *** [7h Ah Qd] [7c]
vestimokrec: checks
heaththejoke: bets $6
vestimokrec: calls $6
*** RIVER *** [7h Ah Qd 7c] [4d]
vestimokrec: checks
heaththejoke: bets $6
vestimokrec: calls $6
*** SHOW DOWN ***
heaththejoke: shows [8h Jc] (a pair of Sevens)
vestimokrec: shows [5s 5c] (two pair, Sevens and Fives)
vestimokrec collected $41.50 from pot
*** SUMMARY ***
Total pot $42 | Rake $0.50
Board [7h Ah Qd 7c 4d]
Seat 2: heaththejoke (button) (small blind) showed [8h Jc] and lost with a pair of Sevens
Seat 4: vestimokrec (big blind) showed [5s 5c] and won ($41.50) with two pair, Sevens and Fives


PokerStars Hand #146009377776:  Hold'em Limit ($3/$6 USD) - 2015/12/27 12:38:45 ET
Table 'Lohmann' 6-max Seat #2 is the button
Seat 2: heaththejoke ($99 in chips)
Seat 4: vestimokrec ($122.50 in chips)
heaththejoke: posts small blind $1
vestimokrec: posts big blind $3
*** HOLE CARDS ***
heaththejoke: calls $2
vestimokrec: checks
*** FLOP *** [7h Qc Td]
vestimokrec: checks
heaththejoke: bets $3
Bonsey_1 joins the table at seat #1
vestimokrec: folds
Uncalled bet ($3) returned to heaththejoke
heaththejoke collected $5.88 from pot
heaththejoke: doesn't show hand
*** SUMMARY ***
Total pot $6 | Rake $0.12
Board [7h Qc Td]
Seat 2: heaththejoke (button) (small blind) collected ($5.88)
Seat 4: vestimokrec (big blind) folded on the Flop


PokerStars Hand #146009357547:  Hold'em Limit ($3/$6 USD) - 2015/12/27 12:38:25 ET
Table 'Lohmann' 6-max Seat #4 is the button
Seat 2: heaththejoke ($81.50 in chips)
Seat 4: vestimokrec ($140.50 in chips)
vestimokrec: posts small blind $1
heaththejoke: posts big blind $3
*** HOLE CARDS ***
vestimokrec: raises $3 to $6
edekyk joins the table at seat #6
heaththejoke: raises $3 to $9
vestimokrec: calls $3
*** FLOP *** [Ah 2s Qs]
heaththejoke: bets $3
vestimokrec: calls $3
*** TURN *** [Ah 2s Qs] [4c]
heaththejoke: bets $6
vestimokrec: calls $6
*** RIVER *** [Ah 2s Qs 4c] [Tc]
heaththejoke: bets $6
vestimokrec: folds
Uncalled bet ($6) returned to heaththejoke
heaththejoke collected $35.50 from pot
heaththejoke: doesn't show hand
*** SUMMARY ***
Total pot $36 | Rake $0.50
Board [Ah 2s Qs 4c Tc]
Seat 2: heaththejoke (big blind) collected ($35.50)
Seat 4: vestimokrec (button) (small blind) folded on the River


PokerStars Hand #146014003926:  Hold'em Limit ($3/$6 USD) - 2015/12/27 13:50:18 ET
Table 'Lohmann' 6-max Seat #1 is the button
Seat 1: PelonCabelao ($145.62 in chips)
Seat 3: oj_pimpson ($107.46 in chips)
PelonCabelao: posts small blind $1
oj_pimpson: posts big blind $3
*** HOLE CARDS ***
saut731 leaves the table
Karpik09 leaves the table
PelonCabelao: folds
Uncalled bet ($2) returned to oj_pimpson
oj_pimpson collected $2 from pot
*** SUMMARY ***
Total pot $2 | Rake $0
Seat 1: PelonCabelao (button) (small blind) folded before Flop
Seat 3: oj_pimpson (big blind) collected ($2)


PokerStars Hand #146026575583:  Hold'em Limit ($3/$6 USD) - 2015/12/27 17:00:29 ET
Table 'Lohmann' 6-max Seat #3 is the button
Seat 2: Pandakey ($95.51 in chips)
Seat 3: Dok2920 ($347.94 in chips)
Dok2920: posts small blind $1
Pandakey: posts big blind $3
*** HOLE CARDS ***
Dok2920: raises $3 to $6
Pandakey: calls $3
*** FLOP *** [7h 5c As]
Pandakey: checks
Dok2920: bets $3
FaStBluff joins the table at seat #6
Pandakey: folds
Uncalled bet ($3) returned to Dok2920
Dok2920 collected $11.76 from pot
*** SUMMARY ***
Total pot $12 | Rake $0.24
Board [7h 5c As]
Seat 2: Pandakey (big blind) folded on the Flop
Seat 3: Dok2920 (button) (small blind) collected ($11.76)


PokerStars Hand #146026549322:  Hold'em Limit ($3/$6 USD) - 2015/12/27 16:59:58 ET
Table 'Lohmann' 6-max Seat #3 is the button
Seat 2: Pandakey ($90.75 in chips)
Seat 3: Dok2920 ($352.94 in chips)
Dok2920: posts small blind $1
PelonCabelao: is sitting out
Pandakey: posts big blind $3
*** HOLE CARDS ***
Dok2920: raises $3 to $6
Pandakey: calls $3
*** FLOP *** [Qc Qd 4d]
Pandakey: checks
Dok2920: checks
*** TURN *** [Qc Qd 4d] [Ks]
Pandakey: checks
Dok2920: checks
*** RIVER *** [Qc Qd 4d Ks] [2s]
Pandakey: bets $6
Dok2920: folds
Uncalled bet ($6) returned to Pandakey
Pandakey collected $11.76 from pot
Pandakey: doesn't show hand
*** SUMMARY ***
Total pot $12 | Rake $0.24
Board [Qc Qd 4d Ks 2s]
Seat 2: Pandakey (big blind) collected ($11.76)
Seat 3: Dok2920 (button) (small blind) folded on the River


PokerStars Hand #146026571568:  Hold'em Limit ($3/$6 USD) - 2015/12/27 17:00:24 ET
Table 'Lohmann' 6-max Seat #2 is the button
Seat 2: Pandakey ($96.51 in chips)
Seat 3: Dok2920 ($346.94 in chips)
Pandakey: posts small blind $1
Dok2920: posts big blind $3
*** HOLE CARDS ***
Pandakey: folds
Uncalled bet ($2) returned to Dok2920
Dok2920 collected $2 from pot
*** SUMMARY ***
Total pot $2 | Rake $0
Seat 2: Pandakey (button) (small blind) folded before Flop
Seat 3: Dok2920 (big blind) collected ($2)


PokerStars Hand #146026590508:  Hold'em Limit ($3/$6 USD) - 2015/12/27 17:00:47 ET
Table 'Lohmann' 6-max Seat #2 is the button
Seat 2: Pandakey ($89.51 in chips)
Seat 6: FaStBluff ($120 in chips)
Pandakey: posts small blind $1
FaStBluff: posts big blind $3
*** HOLE CARDS ***
Pandakey: raises $3 to $6
FaStBluff: calls $3
*** FLOP *** [Tc 2d 3d]
FaStBluff: checks
Pandakey: bets $3
FaStBluff: calls $3
*** TURN *** [Tc 2d 3d] [9s]
FaStBluff: checks
Pandakey: checks
*** RIVER *** [Tc 2d 3d 9s] [2s]
FaStBluff: checks
Pandakey: checks
*** SHOW DOWN ***
FaStBluff: shows [7d Js] (a pair of Deuces)
Pandakey: shows [4c Jh] (a pair of Deuces)
FaStBluff collected $8.82 from pot
Pandakey collected $8.82 from pot
*** SUMMARY ***
Total pot $18 | Rake $0.36
Board [Tc 2d 3d 9s 2s]
Seat 2: Pandakey (button) (small blind) showed [4c Jh] and won ($8.82) with a pair of Deuces
Seat 6: FaStBluff (big blind) showed [7d Js] and won ($8.82) with a pair of Deuces


PokerStars Hand #146026606837:  Hold'em Limit ($3/$6 USD) - 2015/12/27 17:01:07 ET
Table 'Lohmann' 6-max Seat #6 is the button
Seat 2: Pandakey ($89.33 in chips)
Seat 6: FaStBluff ($119.82 in chips)
FaStBluff: posts small blind $1
Pandakey: posts big blind $3
*** HOLE CARDS ***
FaStBluff: raises $3 to $6
Pandakey: calls $3
*** FLOP *** [Ks Qd 8s]
Pandakey: checks
FaStBluff: bets $3
Pandakey: raises $3 to $6
FaStBluff: calls $3
*** TURN *** [Ks Qd 8s] [Qc]
Pandakey: bets $6
FaStBluff: calls $6
*** RIVER *** [Ks Qd 8s Qc] [3d]
Pandakey: bets $6
FaStBluff: calls $6
*** SHOW DOWN ***
Pandakey: shows [Kc 9s] (two pair, Kings and Queens)
FaStBluff: shows [Kd 9h] (two pair, Kings and Queens)
Pandakey collected $23.75 from pot
FaStBluff collected $23.75 from pot
*** SUMMARY ***
Total pot $48 | Rake $0.50
Board [Ks Qd 8s Qc 3d]
Seat 2: Pandakey (big blind) showed [Kc 9s] and won ($23.75) with two pair, Kings and Queens
Seat 6: FaStBluff (button) (small blind) showed [Kd 9h] and won ($23.75) with two pair, Kings and Queens


PokerStars Hand #146028681277:  Hold'em Limit ($3/$6 USD) - 2015/12/27 17:30:24 ET
Table 'Lohmann' 6-max Seat #3 is the button
Seat 3: Dok2920 ($458.67 in chips)
Seat 6: FaStBluff ($35.29 in chips)
Dok2920: posts small blind $1
korrnel: is sitting out
FaStBluff: posts big blind $3
*** HOLE CARDS ***
Dok2920: raises $3 to $6
korrnel leaves the table
FaStBluff: raises $3 to $9
Dok2920: calls $3
*** FLOP *** [2h Ts 3d]
FaStBluff: bets $3
Dok2920: raises $3 to $6
FaStBluff: raises $3 to $9
Dok2920: raises $3 to $12
Betting is capped
FaStBluff: calls $3
*** TURN *** [2h Ts 3d] [8c]
FaStBluff: bets $6
Dok2920: raises $6 to $12
FaStBluff: raises $2.29 to $14.29 and is all-in
Dok2920: calls $2.29
*** RIVER *** [2h Ts 3d 8c] [6h]
*** SHOW DOWN ***
FaStBluff: shows [7d Ah] (high card Ace)
Dok2920: shows [Ks Td] (a pair of Tens)
Dok2920 collected $70.08 from pot
*** SUMMARY ***
Total pot $70.58 | Rake $0.50
Board [2h Ts 3d 8c 6h]
Seat 3: Dok2920 (button) (small blind) showed [Ks Td] and won ($70.08) with a pair of Tens
Seat 6: FaStBluff (big blind) showed [7d Ah] and lost with high card Ace


