PokerStars Hand #170150278789:  Hold'em Limit ($3/$6 USD) - 2017/05/08 18:21:14 ET
Table 'Lohmann' 6-max Seat #1 is the button
Seat 1: florynoyu_f ($42 in chips)
Seat 4: MTails ($120 in chips)
florynoyu_f: posts small blind $1
MTails: posts big blind $3
*** HOLE CARDS ***
Jack_Wu1985 joins the table at seat #5
florynoyu_f: calls $2
MTails: raises $3 to $6
florynoyu_f: calls $3
*** FLOP *** [9c 4h Ts]
MTails: bets $3
florynoyu_f: calls $3
*** TURN *** [9c 4h Ts] [2s]
MTails: bets $6
florynoyu_f: calls $6
*** RIVER *** [9c 4h Ts 2s] [5s]
MTails: checks
florynoyu_f: bets $6
MTails: calls $6
*** SHOW DOWN ***
florynoyu_f: shows [2h 3c] (a pair of Deuces)
MTails: shows [6s 4d] (a pair of Fours)
MTails collected $41.50 from pot
*** SUMMARY ***
Total pot $42 | Rake $0.50
Board [9c 4h Ts 2s 5s]
Seat 1: florynoyu_f (button) (small blind) showed [2h 3c] and lost with a pair of Deuces
Seat 4: MTails (big blind) showed [6s 4d] and won ($41.50) with a pair of Fours


PokerStars Hand #170150352297:  Hold'em Limit ($3/$6 USD) - 2017/05/08 18:22:46 ET
Table 'Lohmann' 6-max Seat #5 is the button
Seat 1: florynoyu_f ($60.37 in chips)
Seat 5: Jack_Wu1985 ($63.85 in chips)
Jack_Wu1985: posts small blind $1
florynoyu_f: posts big blind $3
*** HOLE CARDS ***
Jack_Wu1985: folds
Uncalled bet ($2) returned to florynoyu_f
florynoyu_f collected $2 from pot
florynoyu_f: doesn't show hand
*** SUMMARY ***
Total pot $2 | Rake $0
Seat 1: florynoyu_f (big blind) collected ($2)
Seat 5: Jack_Wu1985 (button) (small blind) folded before Flop


PokerStars Hand #170150371909:  Hold'em Limit ($3/$6 USD) - 2017/05/08 18:23:12 ET
Table 'Lohmann' 6-max Seat #1 is the button
Seat 1: florynoyu_f ($55.37 in chips)
Seat 5: Jack_Wu1985 ($68.73 in chips)
florynoyu_f: posts small blind $1
Jack_Wu1985: posts big blind $3
*** HOLE CARDS ***
florynoyu_f: calls $2
Jack_Wu1985: checks
*** FLOP *** [7d 2d 8s]
Jack_Wu1985: checks
florynoyu_f: checks
*** TURN *** [7d 2d 8s] [6h]
Kasperla joins the table at seat #2
Jack_Wu1985: bets $6
florynoyu_f: calls $6
*** RIVER *** [7d 2d 8s 6h] [Ah]
Jack_Wu1985: bets $6
florynoyu_f: folds
Uncalled bet ($6) returned to Jack_Wu1985
Jack_Wu1985 collected $17.64 from pot
Jack_Wu1985: doesn't show hand
*** SUMMARY ***
Total pot $18 | Rake $0.36
Board [7d 2d 8s 6h Ah]
Seat 1: florynoyu_f (button) (small blind) folded on the River
Seat 5: Jack_Wu1985 (big blind) collected ($17.64)


PokerStars Hand #170150366877:  Hold'em Limit ($3/$6 USD) - 2017/05/08 18:23:06 ET
Table 'Lohmann' 6-max Seat #5 is the button
Seat 1: florynoyu_f ($58.37 in chips)
Seat 5: Jack_Wu1985 ($65.73 in chips)
Jack_Wu1985: posts small blind $1
florynoyu_f: posts big blind $3
*** HOLE CARDS ***
Jack_Wu1985: raises $3 to $6
florynoyu_f: folds
Uncalled bet ($3) returned to Jack_Wu1985
Jack_Wu1985 collected $6 from pot
Jack_Wu1985: doesn't show hand
*** SUMMARY ***
Total pot $6 | Rake $0
Seat 1: florynoyu_f (big blind) folded before Flop
Seat 5: Jack_Wu1985 (button) (small blind) collected ($6)


PokerStars Hand #170150356685:  Hold'em Limit ($3/$6 USD) - 2017/05/08 18:22:52 ET
Table 'Lohmann' 6-max Seat #1 is the button
Seat 1: florynoyu_f ($61.37 in chips)
Seat 5: Jack_Wu1985 ($62.85 in chips)
florynoyu_f: posts small blind $1
Jack_Wu1985: posts big blind $3
*** HOLE CARDS ***
florynoyu_f: calls $2
Jack_Wu1985: checks
*** FLOP *** [Qc 6d 3c]
Jack_Wu1985: bets $3
florynoyu_f: folds
Uncalled bet ($3) returned to Jack_Wu1985
Jack_Wu1985 collected $5.88 from pot
Jack_Wu1985: doesn't show hand
*** SUMMARY ***
Total pot $6 | Rake $0.12
Board [Qc 6d 3c]
Seat 1: florynoyu_f (button) (small blind) folded on the Flop
Seat 5: Jack_Wu1985 (big blind) collected ($5.88)


PokerStars Hand #170150390295:  Hold'em Limit ($3/$6 USD) - 2017/05/08 18:23:37 ET
Table 'Lohmann' 6-max Seat #5 is the button
Seat 1: florynoyu_f ($46.37 in chips)
Seat 5: Jack_Wu1985 ($77.37 in chips)
Jack_Wu1985: posts small blind $1
florynoyu_f: posts big blind $3
*** HOLE CARDS ***
Jack_Wu1985: raises $3 to $6
florynoyu_f: folds
Uncalled bet ($3) returned to Jack_Wu1985
Jack_Wu1985 collected $6 from pot
Jack_Wu1985: doesn't show hand
*** SUMMARY ***
Total pot $6 | Rake $0
Seat 1: florynoyu_f (big blind) folded before Flop
Seat 5: Jack_Wu1985 (button) (small blind) collected ($6)


