PokerStars Hand #165419087100:  Hold'em Limit ($3/$6 USD) - 2017/01/30 14:58:14 ET
Table 'Lohmann II' 6-max Seat #2 is the button
Seat 1: cebilakos ($29.50 in chips)
Seat 2: Velbor107 ($299.52 in chips)
Velbor107: posts small blind $1
cebilakos: posts big blind $3
*** HOLE CARDS ***
Velbor107: raises $3 to $6
cebilakos: calls $3
*** FLOP *** [3s 9c 2c]
cebilakos: bets $3
Velbor107: calls $3
*** TURN *** [3s 9c 2c] [Td]
cebilakos: bets $6
Velbor107: folds
Uncalled bet ($6) returned to cebilakos
cebilakos collected $17.64 from pot
cebilakos: doesn't show hand
*** SUMMARY ***
Total pot $18 | Rake $0.36
Board [3s 9c 2c Td]
Seat 1: cebilakos (big blind) collected ($17.64)
Seat 2: Velbor107 (button) (small blind) folded on the Turn


PokerStars Hand #165419072743:  Hold'em Limit ($3/$6 USD) - 2017/01/30 14:57:57 ET
Table 'Lohmann II' 6-max Seat #1 is the button
Seat 1: cebilakos ($15 in chips)
Seat 2: Velbor107 ($314.52 in chips)
cebilakos: posts small blind $1
Velbor107: posts big blind $3
*** HOLE CARDS ***
cebilakos: raises $3 to $6
Velbor107: raises $3 to $9
cebilakos: raises $3 to $12
Betting is capped
Velbor107: calls $3
*** FLOP *** [9c 7d 9s]
Velbor107: checks
cebilakos: bets $3 and is all-in
Velbor107: calls $3
*** TURN *** [9c 7d 9s] [8h]
*** RIVER *** [9c 7d 9s 8h] [7s]
*** SHOW DOWN ***
Velbor107: shows [Kd Qh] (two pair, Nines and Sevens)
cebilakos: shows [Ac Ad] (two pair, Aces and Nines)
cebilakos collected $29.50 from pot
*** SUMMARY ***
Total pot $30 | Rake $0.50
Board [9c 7d 9s 8h 7s]
Seat 1: cebilakos (button) (small blind) showed [Ac Ad] and won ($29.50) with two pair, Aces and Nines
Seat 2: Velbor107 (big blind) showed [Kd Qh] and lost with two pair, Nines and Sevens


PokerStars Hand #165419067459:  Hold'em Limit ($3/$6 USD) - 2017/01/30 14:57:50 ET
Table 'Lohmann II' 6-max Seat #2 is the button
Seat 1: cebilakos ($18 in chips)
Seat 2: Velbor107 ($311.52 in chips)
Velbor107: posts small blind $1
cebilakos: posts big blind $3
*** HOLE CARDS ***
Velbor107: raises $3 to $6
cebilakos: folds
Uncalled bet ($3) returned to Velbor107
Velbor107 collected $6 from pot
*** SUMMARY ***
Total pot $6 | Rake $0
Seat 1: cebilakos (big blind) folded before Flop
Seat 2: Velbor107 (button) (small blind) collected ($6)


PokerStars Hand #165419037311:  Hold'em Limit ($3/$6 USD) - 2017/01/30 14:57:13 ET
Table 'Lohmann II' 6-max Seat #1 is the button
Seat 1: cebilakos ($30 in chips)
Seat 2: Velbor107 ($300 in chips)
cebilakos: posts small blind $1
Velbor107: posts big blind $3
*** HOLE CARDS ***
cebilakos: raises $3 to $6
Velbor107: raises $3 to $9
cebilakos: calls $3
*** FLOP *** [3d 5h 5d]
Velbor107: bets $3
cebilakos: calls $3
*** TURN *** [3d 5h 5d] [Qd]
Velbor107: bets $6
cebilakos: folds
Uncalled bet ($6) returned to Velbor107
Velbor107 collected $23.52 from pot
*** SUMMARY ***
Total pot $24 | Rake $0.48
Board [3d 5h 5d Qd]
Seat 1: cebilakos (button) (small blind) folded on the Turn
Seat 2: Velbor107 (big blind) collected ($23.52)


PokerStars Hand #165419129000:  Hold'em Limit ($3/$6 USD) - 2017/01/30 14:59:05 ET
Table 'Lohmann II' 6-max Seat #1 is the button
Seat 1: cebilakos ($25.78 in chips)
Seat 2: Velbor107 ($302.02 in chips)
cebilakos: posts small blind $1
Velbor107: posts big blind $3
*** HOLE CARDS ***
cebilakos: raises $3 to $6
Velbor107: calls $3
*** FLOP *** [6s Ad 4h]
Velbor107: checks
cebilakos: bets $3
Velbor107: raises $3 to $6
cebilakos: folds
Uncalled bet ($3) returned to Velbor107
Velbor107 collected $17.64 from pot
*** SUMMARY ***
Total pot $18 | Rake $0.36
Board [6s Ad 4h]
Seat 1: cebilakos (button) (small blind) folded on the Flop
Seat 2: Velbor107 (big blind) collected ($17.64)


PokerStars Hand #165419118251:  Hold'em Limit ($3/$6 USD) - 2017/01/30 14:58:52 ET
Table 'Lohmann II' 6-max Seat #2 is the button
Seat 1: cebilakos ($17.14 in chips)
Seat 2: Velbor107 ($311.02 in chips)
Velbor107: posts small blind $1
cebilakos: posts big blind $3
*** HOLE CARDS ***
Velbor107: raises $3 to $6
cebilakos: raises $3 to $9
Velbor107: calls $3
*** FLOP *** [7h Kh Js]
cebilakos: bets $3
Velbor107: folds
Uncalled bet ($3) returned to cebilakos
cebilakos collected $17.64 from pot
cebilakos: doesn't show hand
*** SUMMARY ***
Total pot $18 | Rake $0.36
Board [7h Kh Js]
Seat 1: cebilakos (big blind) collected ($17.64)
Seat 2: Velbor107 (button) (small blind) folded on the Flop


PokerStars Hand #165419100128:  Hold'em Limit ($3/$6 USD) - 2017/01/30 14:58:30 ET
Table 'Lohmann II' 6-max Seat #1 is the button
Seat 1: cebilakos ($38.14 in chips)
Seat 2: Velbor107 ($290.52 in chips)
cebilakos: posts small blind $1
Velbor107: posts big blind $3
*** HOLE CARDS ***
cebilakos: raises $3 to $6
Velbor107: raises $3 to $9
cebilakos: raises $3 to $12
Betting is capped
Velbor107: calls $3
*** FLOP *** [Js Kh Qs]
Velbor107: checks
cebilakos: bets $3
Velbor107: calls $3
*** TURN *** [Js Kh Qs] [Ad]
Velbor107: checks
cebilakos: bets $6
Velbor107: raises $6 to $12
cebilakos: folds
Uncalled bet ($6) returned to Velbor107
Velbor107 collected $41.50 from pot
*** SUMMARY ***
Total pot $42 | Rake $0.50
Board [Js Kh Qs Ad]
Seat 1: cebilakos (button) (small blind) folded on the Turn
Seat 2: Velbor107 (big blind) collected ($41.50)


PokerStars Hand #165419199961:  Hold'em Limit ($3/$6 USD) - 2017/01/30 15:00:30 ET
Table 'Lohmann II' 6-max Seat #1 is the button
Seat 1: cebilakos ($18.54 in chips)
Seat 2: Velbor107 ($308.66 in chips)
cebilakos: posts small blind $1
Velbor107: posts big blind $3
*** HOLE CARDS ***
cebilakos: folds
Uncalled bet ($2) returned to Velbor107
Velbor107 collected $2 from pot
*** SUMMARY ***
Total pot $2 | Rake $0
Seat 1: cebilakos (button) (small blind) folded before Flop
Seat 2: Velbor107 (big blind) collected ($2)


PokerStars Hand #165419192623:  Hold'em Limit ($3/$6 USD) - 2017/01/30 15:00:22 ET
Table 'Lohmann II' 6-max Seat #2 is the button
Seat 1: cebilakos ($21.54 in chips)
Seat 2: Velbor107 ($305.66 in chips)
Velbor107: posts small blind $1
cebilakos: posts big blind $3
*** HOLE CARDS ***
Velbor107: raises $3 to $6
cebilakos: folds
Uncalled bet ($3) returned to Velbor107
Velbor107 collected $6 from pot
*** SUMMARY ***
Total pot $6 | Rake $0
Seat 1: cebilakos (big blind) folded before Flop
Seat 2: Velbor107 (button) (small blind) collected ($6)


PokerStars Hand #165419188096:  Hold'em Limit ($3/$6 USD) - 2017/01/30 15:00:16 ET
Table 'Lohmann II' 6-max Seat #1 is the button
Seat 1: cebilakos ($22.54 in chips)
Seat 2: Velbor107 ($304.66 in chips)
cebilakos: posts small blind $1
Velbor107: posts big blind $3
*** HOLE CARDS ***
cebilakos: folds
Uncalled bet ($2) returned to Velbor107
Velbor107 collected $2 from pot
*** SUMMARY ***
Total pot $2 | Rake $0
Seat 1: cebilakos (button) (small blind) folded before Flop
Seat 2: Velbor107 (big blind) collected ($2)


PokerStars Hand #165419167881:  Hold'em Limit ($3/$6 USD) - 2017/01/30 14:59:53 ET
Table 'Lohmann II' 6-max Seat #2 is the button
Seat 1: cebilakos ($16.78 in chips)
Seat 2: Velbor107 ($310.66 in chips)
Velbor107: posts small blind $1
cebilakos: posts big blind $3
*** HOLE CARDS ***
Velbor107: raises $3 to $6
cebilakos: calls $3
*** FLOP *** [2c 2h 3c]
cebilakos: checks
Velbor107: checks
*** TURN *** [2c 2h 3c] [8h]
cebilakos: checks
Velbor107: checks
*** RIVER *** [2c 2h 3c 8h] [Ad]
cebilakos: checks
Velbor107: checks
*** SHOW DOWN ***
cebilakos: shows [Kd Qs] (a pair of Deuces)
Velbor107: mucks hand
cebilakos collected $11.76 from pot
*** SUMMARY ***
Total pot $12 | Rake $0.24
Board [2c 2h 3c 8h Ad]
Seat 1: cebilakos (big blind) showed [Kd Qs] and won ($11.76) with a pair of Deuces
Seat 2: Velbor107 (button) (small blind) mucked


PokerStars Hand #165419161814:  Hold'em Limit ($3/$6 USD) - 2017/01/30 14:59:45 ET
Table 'Lohmann II' 6-max Seat #1 is the button
Seat 1: cebilakos ($13.78 in chips)
Seat 2: Velbor107 ($313.66 in chips)
cebilakos: posts small blind $1
Velbor107: posts big blind $3
*** HOLE CARDS ***
cebilakos: raises $3 to $6
Velbor107: folds
Uncalled bet ($3) returned to cebilakos
cebilakos collected $6 from pot
cebilakos: doesn't show hand
*** SUMMARY ***
Total pot $6 | Rake $0
Seat 1: cebilakos (button) (small blind) collected ($6)
Seat 2: Velbor107 (big blind) folded before Flop


PokerStars Hand #165419154593:  Hold'em Limit ($3/$6 USD) - 2017/01/30 14:59:36 ET
Table 'Lohmann II' 6-max Seat #2 is the button
Seat 1: cebilakos ($16.78 in chips)
Seat 2: Velbor107 ($310.66 in chips)
Velbor107: posts small blind $1
cebilakos: posts big blind $3
*** HOLE CARDS ***
Velbor107: raises $3 to $6
cebilakos: folds
Uncalled bet ($3) returned to Velbor107
Velbor107 collected $6 from pot
*** SUMMARY ***
Total pot $6 | Rake $0
Seat 1: cebilakos (big blind) folded before Flop
Seat 2: Velbor107 (button) (small blind) collected ($6)


PokerStars Hand #165419250486:  Hold'em Limit ($3/$6 USD) - 2017/01/30 15:01:26 ET
Table 'Lohmann II' 6-max Seat #2 is the button
Seat 1: cebilakos ($17.30 in chips)
Seat 2: Velbor107 ($309.42 in chips)
Velbor107: posts small blind $1
cebilakos: posts big blind $3
*** HOLE CARDS ***
Velbor107: raises $3 to $6
cebilakos: folds
Uncalled bet ($3) returned to Velbor107
Velbor107 collected $6 from pot
*** SUMMARY ***
Total pot $6 | Rake $0
Seat 1: cebilakos (big blind) folded before Flop
Seat 2: Velbor107 (button) (small blind) collected ($6)


PokerStars Hand #165419244916:  Hold'em Limit ($3/$6 USD) - 2017/01/30 15:01:20 ET
Table 'Lohmann II' 6-max Seat #1 is the button
Seat 1: cebilakos ($14.30 in chips)
Seat 2: Velbor107 ($312.42 in chips)
cebilakos: posts small blind $1
Velbor107: posts big blind $3
*** HOLE CARDS ***
cebilakos: raises $3 to $6
Velbor107: folds
Uncalled bet ($3) returned to cebilakos
cebilakos collected $6 from pot
cebilakos: doesn't show hand
*** SUMMARY ***
Total pot $6 | Rake $0
Seat 1: cebilakos (button) (small blind) collected ($6)
Seat 2: Velbor107 (big blind) folded before Flop


PokerStars Hand #165419230152:  Hold'em Limit ($3/$6 USD) - 2017/01/30 15:01:04 ET
Table 'Lohmann II' 6-max Seat #2 is the button
Seat 1: cebilakos ($20.30 in chips)
Seat 2: Velbor107 ($306.66 in chips)
Velbor107: posts small blind $1
cebilakos: posts big blind $3
*** HOLE CARDS ***
Velbor107: raises $3 to $6
cebilakos: calls $3
*** FLOP *** [5h 3h 5s]
cebilakos: checks
Velbor107: bets $3
cebilakos: folds
Uncalled bet ($3) returned to Velbor107
Velbor107 collected $11.76 from pot
*** SUMMARY ***
Total pot $12 | Rake $0.24
Board [5h 3h 5s]
Seat 1: cebilakos (big blind) folded on the Flop
Seat 2: Velbor107 (button) (small blind) collected ($11.76)


PokerStars Hand #165419215593:  Hold'em Limit ($3/$6 USD) - 2017/01/30 15:00:48 ET
Table 'Lohmann II' 6-max Seat #1 is the button
Seat 1: cebilakos ($14.54 in chips)
Seat 2: Velbor107 ($312.66 in chips)
cebilakos: posts small blind $1
Velbor107: posts big blind $3
*** HOLE CARDS ***
cebilakos: raises $3 to $6
Velbor107: calls $3
*** FLOP *** [Ts Ad 5c]
Velbor107: checks
cebilakos: bets $3
Velbor107: folds
Uncalled bet ($3) returned to cebilakos
cebilakos collected $11.76 from pot
cebilakos: doesn't show hand
*** SUMMARY ***
Total pot $12 | Rake $0.24
Board [Ts Ad 5c]
Seat 1: cebilakos (button) (small blind) collected ($11.76)
Seat 2: Velbor107 (big blind) folded on the Flop


PokerStars Hand #165419205661:  Hold'em Limit ($3/$6 USD) - 2017/01/30 15:00:37 ET
Table 'Lohmann II' 6-max Seat #2 is the button
Seat 1: cebilakos ($17.54 in chips)
Seat 2: Velbor107 ($309.66 in chips)
Velbor107: posts small blind $1
cebilakos: posts big blind $3
*** HOLE CARDS ***
Velbor107: raises $3 to $6
cebilakos: folds
Uncalled bet ($3) returned to Velbor107
Velbor107 collected $6 from pot
*** SUMMARY ***
Total pot $6 | Rake $0
Seat 1: cebilakos (big blind) folded before Flop
Seat 2: Velbor107 (button) (small blind) collected ($6)


PokerStars Hand #165419256565:  Hold'em Limit ($3/$6 USD) - 2017/01/30 15:01:32 ET
Table 'Lohmann II' 6-max Seat #1 is the button
Seat 1: cebilakos ($14.30 in chips)
Seat 2: Velbor107 ($312.42 in chips)
cebilakos: posts small blind $1
Velbor107: posts big blind $3
*** HOLE CARDS ***
cebilakos: raises $3 to $6
Velbor107: raises $3 to $9
cebilakos: raises $3 to $12
Betting is capped
Velbor107: calls $3
*** FLOP *** [Ah Ac Qs]
Velbor107: checks
cebilakos: bets $2.30 and is all-in
Velbor107: calls $2.30
*** TURN *** [Ah Ac Qs] [Th]
*** RIVER *** [Ah Ac Qs Th] [Jd]
*** SHOW DOWN ***
Velbor107: shows [Qd Ks] (a straight, Ten to Ace)
cebilakos: shows [4s Ts] (two pair, Aces and Tens)
Velbor107 collected $28.10 from pot
*** SUMMARY ***
Total pot $28.60 | Rake $0.50
Board [Ah Ac Qs Th Jd]
Seat 1: cebilakos (button) (small blind) showed [4s Ts] and lost with two pair, Aces and Tens
Seat 2: Velbor107 (big blind) showed [Qd Ks] and won ($28.10) with a straight, Ten to Ace


