PokerStars Hand #167341106049:  Hold'em Limit ($3/$6 USD) - 2017/03/09 11:55:39 ET
Table 'Lola III' 6-max Seat #1 is the button
Seat 1: vestimokrec ($120 in chips)
Seat 6: huracan mdp ($39 in chips)
TbIP-TbIP 88: is sitting out
vestimokrec: posts small blind $1
huracan mdp: posts big blind $3
*** HOLE CARDS ***
TbIP-TbIP 88 leaves the table
vestimokrec: raises $3 to $6
huracan mdp: folds
Uncalled bet ($3) returned to vestimokrec
vestimokrec collected $6 from pot
*** SUMMARY ***
Total pot $6 | Rake $0
Seat 1: vestimokrec (button) (small blind) collected ($6)
Seat 6: huracan mdp (big blind) folded before Flop


PokerStars Hand #167341133420:  Hold'em Limit ($3/$6 USD) - 2017/03/09 11:56:25 ET
Table 'Lola III' 6-max Seat #1 is the button
Seat 1: vestimokrec ($114.76 in chips)
Seat 6: huracan mdp ($43.50 in chips)
vestimokrec: posts small blind $1
huracan mdp: posts big blind $3
*** HOLE CARDS ***
vestimokrec: raises $3 to $6
huracan mdp: raises $3 to $9
vestimokrec: calls $3
*** FLOP *** [8s Ac 8h]
huracan mdp: checks
Jack_Wu1985 joins the table at seat #3
vestimokrec: checks
*** TURN *** [8s Ac 8h] [2c]
huracan mdp: checks
vestimokrec: checks
*** RIVER *** [8s Ac 8h 2c] [Kc]
huracan mdp: checks
vestimokrec: checks
*** SHOW DOWN ***
huracan mdp: shows [Ad As] (a full house, Aces full of Eights)
vestimokrec: mucks hand
huracan mdp collected $17.64 from pot
*** SUMMARY ***
Total pot $18 | Rake $0.36
Board [8s Ac 8h 2c Kc]
Seat 1: vestimokrec (button) (small blind) mucked
Seat 6: huracan mdp (big blind) showed [Ad As] and won ($17.64) with a full house, Aces full of Eights


PokerStars Hand #167341130405:  Hold'em Limit ($3/$6 USD) - 2017/03/09 11:56:20 ET
Table 'Lola III' 6-max Seat #6 is the button
Seat 1: vestimokrec ($113.76 in chips)
Seat 6: huracan mdp ($44.50 in chips)
huracan mdp: posts small blind $1
vestimokrec: posts big blind $3
*** HOLE CARDS ***
huracan mdp: folds
Uncalled bet ($2) returned to vestimokrec
vestimokrec collected $2 from pot
vestimokrec: doesn't show hand
*** SUMMARY ***
Total pot $2 | Rake $0
Seat 1: vestimokrec (big blind) collected ($2)
Seat 6: huracan mdp (button) (small blind) folded before Flop


PokerStars Hand #167341124458:  Hold'em Limit ($3/$6 USD) - 2017/03/09 11:56:10 ET
Table 'Lola III' 6-max Seat #1 is the button
Seat 1: vestimokrec ($108 in chips)
Seat 6: huracan mdp ($50.50 in chips)
vestimokrec: posts small blind $1
huracan mdp: posts big blind $3
*** HOLE CARDS ***
vestimokrec: raises $3 to $6
huracan mdp: calls $3
*** FLOP *** [Kc 4h 3d]
huracan mdp: checks
vestimokrec: bets $3
huracan mdp: folds
Uncalled bet ($3) returned to vestimokrec
vestimokrec collected $11.76 from pot
vestimokrec: doesn't show hand
*** SUMMARY ***
Total pot $12 | Rake $0.24
Board [Kc 4h 3d]
Seat 1: vestimokrec (button) (small blind) collected ($11.76)
Seat 6: huracan mdp (big blind) folded on the Flop


PokerStars Hand #167341113113:  Hold'em Limit ($3/$6 USD) - 2017/03/09 11:55:51 ET
Table 'Lola III' 6-max Seat #6 is the button
Seat 1: vestimokrec ($123 in chips)
Seat 6: huracan mdp ($36 in chips)
huracan mdp: posts small blind $1
vestimokrec: posts big blind $3
*** HOLE CARDS ***
huracan mdp: raises $3 to $6
vestimokrec: calls $3
*** FLOP *** [Ac 3d 8h]
vestimokrec: checks
huracan mdp: bets $3
vestimokrec: raises $3 to $6
huracan mdp: raises $3 to $9
vestimokrec: calls $3
*** TURN *** [Ac 3d 8h] [Kh]
vestimokrec: checks
huracan mdp: bets $6
vestimokrec: folds
Uncalled bet ($6) returned to huracan mdp
huracan mdp collected $29.50 from pot
*** SUMMARY ***
Total pot $30 | Rake $0.50
Board [Ac 3d 8h Kh]
Seat 1: vestimokrec (big blind) folded on the Turn
Seat 6: huracan mdp (button) (small blind) collected ($29.50)


PokerStars Hand #167341149432:  Hold'em Limit ($3/$6 USD) - 2017/03/09 11:56:51 ET
Table 'Lola III' 6-max Seat #6 is the button
Seat 1: vestimokrec ($105.76 in chips)
Seat 6: huracan mdp ($52.14 in chips)
huracan mdp: posts small blind $1
vestimokrec: posts big blind $3
*** HOLE CARDS ***
huracan mdp: raises $3 to $6
vestimokrec: calls $3
*** FLOP *** [5d Qc 3s]
vestimokrec: checks
huracan mdp: checks
*** TURN *** [5d Qc 3s] [6c]
vestimokrec: bets $6
huracan mdp: calls $6
*** RIVER *** [5d Qc 3s 6c] [Js]
vestimokrec: bets $6
LouisB joins the table at seat #2
huracan mdp: calls $6
*** SHOW DOWN ***
vestimokrec: shows [8c Jd] (a pair of Jacks)
huracan mdp: mucks hand
vestimokrec collected $35.50 from pot
*** SUMMARY ***
Total pot $36 | Rake $0.50
Board [5d Qc 3s 6c Js]
Seat 1: vestimokrec (big blind) showed [8c Jd] and won ($35.50) with a pair of Jacks
Seat 6: huracan mdp (button) (small blind) mucked


