PokerStars Hand #168698350007:  Hold'em Limit ($3/$6 USD) - 2017/04/07 8:13:10 ET
Table 'Lola II' 6-max Seat #1 is the button
Seat 1: Agrotait ($72 in chips)
Seat 2: diRon1980 ($120 in chips)
Agrotait: posts small blind $1
diRon1980: posts big blind $3
*** HOLE CARDS ***
Agrotait: raises $3 to $6
diRon1980: folds
Uncalled bet ($3) returned to Agrotait
Agrotait collected $6 from pot
Agrotait: doesn't show hand
*** SUMMARY ***
Total pot $6 | Rake $0
Seat 1: Agrotait (button) (small blind) collected ($6)
Seat 2: diRon1980 (big blind) folded before Flop


PokerStars Hand #168698358002:  Hold'em Limit ($3/$6 USD) - 2017/04/07 8:13:27 ET
Table 'Lola II' 6-max Seat #1 is the button
Seat 1: Agrotait ($76 in chips)
Seat 2: diRon1980 ($116 in chips)
Agrotait: posts small blind $1
diRon1980: posts big blind $3
*** HOLE CARDS ***
Agrotait: raises $3 to $6
diRon1980: folds
Uncalled bet ($3) returned to Agrotait
Agrotait collected $6 from pot
Agrotait: doesn't show hand
*** SUMMARY ***
Total pot $6 | Rake $0
Seat 1: Agrotait (button) (small blind) collected ($6)
Seat 2: diRon1980 (big blind) folded before Flop


PokerStars Hand #168698355437:  Hold'em Limit ($3/$6 USD) - 2017/04/07 8:13:21 ET
Table 'Lola II' 6-max Seat #2 is the button
Seat 1: Agrotait ($75 in chips)
Seat 2: diRon1980 ($117 in chips)
diRon1980: posts small blind $1
Agrotait: posts big blind $3
*** HOLE CARDS ***
diRon1980: folds
Uncalled bet ($2) returned to Agrotait
Agrotait collected $2 from pot
Agrotait: doesn't show hand
*** SUMMARY ***
Total pot $2 | Rake $0
Seat 1: Agrotait (big blind) collected ($2)
Seat 2: diRon1980 (button) (small blind) folded before Flop


PokerStars Hand #168698361161:  Hold'em Limit ($3/$6 USD) - 2017/04/07 8:13:33 ET
Table 'Lola II' 6-max Seat #2 is the button
Seat 1: Agrotait ($79 in chips)
Seat 2: diRon1980 ($113 in chips)
diRon1980: posts small blind $1
Agrotait: posts big blind $3
*** HOLE CARDS ***
diRon1980: raises $3 to $6
Agrotait: calls $3
*** FLOP *** [2d Ks Td]
Agrotait: checks
diRon1980: bets $3
Agrotait: raises $3 to $6
diRon1980: folds
Uncalled bet ($3) returned to Agrotait
Agrotait collected $17.64 from pot
Agrotait: doesn't show hand
*** SUMMARY ***
Total pot $18 | Rake $0.36
Board [2d Ks Td]
Seat 1: Agrotait (big blind) collected ($17.64)
Seat 2: diRon1980 (button) (small blind) folded on the Flop


PokerStars Hand #168698368560:  Hold'em Limit ($3/$6 USD) - 2017/04/07 8:13:48 ET
Table 'Lola II' 6-max Seat #1 is the button
Seat 1: Agrotait ($87.64 in chips)
Seat 2: diRon1980 ($104 in chips)
Agrotait: posts small blind $1
diRon1980: posts big blind $3
*** HOLE CARDS ***
Agrotait: raises $3 to $6
diRon1980: calls $3
*** FLOP *** [Ad 7d 5s]
diRon1980: checks
Agrotait: bets $3
Rednaxela05 joins the table at seat #3
diRon1980: raises $3 to $6
Agrotait: calls $3
*** TURN *** [Ad 7d 5s] [4d]
diRon1980: bets $6
Agrotait: calls $6
*** RIVER *** [Ad 7d 5s 4d] [7c]
diRon1980: bets $6
Agrotait: calls $6
*** SHOW DOWN ***
diRon1980: shows [Jd Ac] (two pair, Aces and Sevens)
Agrotait: mucks hand
diRon1980 collected $47.50 from pot
*** SUMMARY ***
Total pot $48 | Rake $0.50
Board [Ad 7d 5s 4d 7c]
Seat 1: Agrotait (button) (small blind) mucked
Seat 2: diRon1980 (big blind) showed [Jd Ac] and won ($47.50) with two pair, Aces and Sevens


PokerStars Hand #168701058879:  Hold'em Limit ($3/$6 USD) - 2017/04/07 9:38:23 ET
Table 'Lola II' 6-max Seat #3 is the button
Seat 1: Qvidde ($156.17 in chips)
Seat 3: Rednaxela05 ($186.94 in chips)
Rednaxela05: posts small blind $1
FTotti333: is sitting out
Qvidde: posts big blind $3
*** HOLE CARDS ***
FTotti333 leaves the table
Rednaxela05: folds
Uncalled bet ($2) returned to Qvidde
Qvidde collected $2 from pot
Qvidde: doesn't show hand
*** SUMMARY ***
Total pot $2 | Rake $0
Seat 1: Qvidde (big blind) collected ($2)
Seat 3: Rednaxela05 (button) (small blind) folded before Flop


PokerStars Hand #168701070941:  Hold'em Limit ($3/$6 USD) - 2017/04/07 9:38:44 ET
Table 'Lola II' 6-max Seat #3 is the button
Seat 1: Qvidde ($156.17 in chips)
Seat 3: Rednaxela05 ($186.94 in chips)
Rednaxela05: posts small blind $1
Qvidde: posts big blind $3
*** HOLE CARDS ***
Rednaxela05: folds
Uncalled bet ($2) returned to Qvidde
Qvidde collected $2 from pot
Qvidde: doesn't show hand
*** SUMMARY ***
Total pot $2 | Rake $0
Seat 1: Qvidde (big blind) collected ($2)
Seat 3: Rednaxela05 (button) (small blind) folded before Flop


PokerStars Hand #168701065658:  Hold'em Limit ($3/$6 USD) - 2017/04/07 9:38:35 ET
Table 'Lola II' 6-max Seat #1 is the button
Seat 1: Qvidde ($157.17 in chips)
Seat 3: Rednaxela05 ($185.94 in chips)
Qvidde: posts small blind $1
Rednaxela05: posts big blind $3
*** HOLE CARDS ***
Qvidde: folds
Uncalled bet ($2) returned to Rednaxela05
Rednaxela05 collected $2 from pot
*** SUMMARY ***
Total pot $2 | Rake $0
Seat 1: Qvidde (button) (small blind) folded before Flop
Seat 3: Rednaxela05 (big blind) collected ($2)


