PokerStars Hand #153233676844:  Hold'em Limit ($3/$6 USD) - 2016/05/12 20:30:57 ET
Table 'Lola' 6-max Seat #3 is the button
Seat 3: Maluf007 ($98.25 in chips)
Seat 4: BuzovaPro ($72 in chips)
Maluf007: posts small blind $1
BuzovaPro: posts big blind $3
*** HOLE CARDS ***
Maluf007: raises $3 to $6
BuzovaPro: calls $3
*** FLOP *** [Ah 2c 2s]
BuzovaPro: checks
Maluf007: checks
*** TURN *** [Ah 2c 2s] [6d]
BuzovaPro: checks
Maluf007: bets $6
BuzovaPro: calls $6
*** RIVER *** [Ah 2c 2s 6d] [8s]
BuzovaPro: checks
Maluf007: bets $6
BuzovaPro: calls $6
*** SHOW DOWN ***
Maluf007: shows [9c 9h] (two pair, Nines and Deuces)
BuzovaPro: mucks hand
Maluf007 collected $35.50 from pot
*** SUMMARY ***
Total pot $36 | Rake $0.50
Board [Ah 2c 2s 6d 8s]
Seat 3: Maluf007 (button) (small blind) showed [9c 9h] and won ($35.50) with two pair, Nines and Deuces
Seat 4: BuzovaPro (big blind) mucked


PokerStars Hand #153233674592:  Hold'em Limit ($3/$6 USD) - 2016/05/12 20:30:52 ET
Table 'Lola' 6-max Seat #4 is the button
Seat 3: Maluf007 ($97.25 in chips)
Seat 4: BuzovaPro ($72 in chips)
BuzovaPro: posts small blind $1
Maluf007: posts big blind $3
*** HOLE CARDS ***
BuzovaPro: folds
Uncalled bet ($2) returned to Maluf007
Maluf007 collected $2 from pot
Maluf007: doesn't show hand
*** SUMMARY ***
Total pot $2 | Rake $0
Seat 3: Maluf007 (big blind) collected ($2)
Seat 4: BuzovaPro (button) (small blind) folded before Flop


PokerStars Hand #153233671043:  Hold'em Limit ($3/$6 USD) - 2016/05/12 20:30:45 ET
Table 'Lola' 6-max Seat #3 is the button
Seat 3: Maluf007 ($94.25 in chips)
Seat 4: BuzovaPro ($72 in chips)
Maluf007: posts small blind $1
BuzovaPro: posts big blind $3
*** HOLE CARDS ***
Maluf007: raises $3 to $6
BuzovaPro: folds
Uncalled bet ($3) returned to Maluf007
Maluf007 collected $6 from pot
Maluf007: doesn't show hand
*** SUMMARY ***
Total pot $6 | Rake $0
Seat 3: Maluf007 (button) (small blind) collected ($6)
Seat 4: BuzovaPro (big blind) folded before Flop


PokerStars Hand #153233658397:  Hold'em Limit ($3/$6 USD) - 2016/05/12 20:30:18 ET
Table 'Lola' 6-max Seat #4 is the button
Seat 3: Maluf007 ($73.75 in chips)
Seat 4: BuzovaPro ($73 in chips)
BuzovaPro: posts small blind $1
Maluf007: posts big blind $3
*** HOLE CARDS ***
BuzovaPro: raises $3 to $6
Maluf007: calls $3
*** FLOP *** [5s Qs Ad]
Maluf007: checks
BuzovaPro: bets $3
Maluf007: calls $3
*** TURN *** [5s Qs Ad] [Js]
Maluf007: bets $6
BuzovaPro: calls $6
*** RIVER *** [5s Qs Ad Js] [2h]
Maluf007: bets $6
BuzovaPro: calls $6
*** SHOW DOWN ***
Maluf007: shows [3d 4h] (a straight, Ace to Five)
BuzovaPro: mucks hand
Maluf007 collected $41.50 from pot
*** SUMMARY ***
Total pot $42 | Rake $0.50
Board [5s Qs Ad Js 2h]
Seat 3: Maluf007 (big blind) showed [3d 4h] and won ($41.50) with a straight, Ace to Five
Seat 4: BuzovaPro (button) (small blind) mucked


PokerStars Hand #153233710416:  Hold'em Limit ($3/$6 USD) - 2016/05/12 20:32:07 ET
Table 'Lola' 6-max Seat #4 is the button
Seat 3: Maluf007 ($136.01 in chips)
Seat 4: BuzovaPro ($72 in chips)
BuzovaPro: posts small blind $1
Maluf007: posts big blind $3
*** HOLE CARDS ***
BuzovaPro: raises $3 to $6
Maluf007: folds
Uncalled bet ($3) returned to BuzovaPro
BuzovaPro collected $6 from pot
BuzovaPro: doesn't show hand
*** SUMMARY ***
Total pot $6 | Rake $0
Seat 3: Maluf007 (big blind) folded before Flop
Seat 4: BuzovaPro (button) (small blind) collected ($6)


PokerStars Hand #153233702323:  Hold'em Limit ($3/$6 USD) - 2016/05/12 20:31:50 ET
Table 'Lola' 6-max Seat #3 is the button
Seat 3: Maluf007 ($130.25 in chips)
Seat 4: BuzovaPro ($72 in chips)
Maluf007: posts small blind $1
BuzovaPro: posts big blind $3
*** HOLE CARDS ***
Maluf007: raises $3 to $6
BuzovaPro: calls $3
*** FLOP *** [Ah 6s 4h]
BuzovaPro: checks
Maluf007: bets $3
BuzovaPro: folds
Uncalled bet ($3) returned to Maluf007
Maluf007 collected $11.76 from pot
Maluf007: doesn't show hand
*** SUMMARY ***
Total pot $12 | Rake $0.24
Board [Ah 6s 4h]
Seat 3: Maluf007 (button) (small blind) collected ($11.76)
Seat 4: BuzovaPro (big blind) folded on the Flop


PokerStars Hand #153233687088:  Hold'em Limit ($3/$6 USD) - 2016/05/12 20:31:18 ET
Table 'Lola' 6-max Seat #4 is the button
Seat 3: Maluf007 ($115.75 in chips)
Seat 4: BuzovaPro ($72 in chips)
BuzovaPro: posts small blind $1
Maluf007: posts big blind $3
*** HOLE CARDS ***
BuzovaPro: raises $3 to $6
Maluf007: raises $3 to $9
BuzovaPro: calls $3
*** FLOP *** [8h Jd 5c]
Maluf007: checks
BuzovaPro: checks
*** TURN *** [8h Jd 5c] [5h]
Maluf007: bets $6
BuzovaPro: calls $6
*** RIVER *** [8h Jd 5c 5h] [Jc]
Maluf007: bets $6
BuzovaPro: folds
Uncalled bet ($6) returned to Maluf007
Maluf007 collected $29.50 from pot
Maluf007: doesn't show hand
*** SUMMARY ***
Total pot $30 | Rake $0.50
Board [8h Jd 5c 5h Jc]
Seat 3: Maluf007 (big blind) collected ($29.50)
Seat 4: BuzovaPro (button) (small blind) folded on the River


PokerStars Hand #153234385510:  Hold'em Limit ($3/$6 USD) - 2016/05/12 20:56:39 ET
Table 'Lola' 6-max Seat #4 is the button
Seat 1: Brama Br ($105.93 in chips)
Seat 4: Actionni13 ($150 in chips)
Actionni13: posts small blind $1
Brama Br: posts big blind $3
*** HOLE CARDS ***
Actionni13: folds
Uncalled bet ($2) returned to Brama Br
Brama Br collected $2 from pot
Brama Br: doesn't show hand
*** SUMMARY ***
Total pot $2 | Rake $0
Seat 1: Brama Br (big blind) collected ($2)
Seat 4: Actionni13 (button) (small blind) folded before Flop


PokerStars Hand #153234412096:  Hold'em Limit ($3/$6 USD) - 2016/05/12 20:57:53 ET
Table 'Lola' 6-max Seat #4 is the button
Seat 1: Brama Br ($82.69 in chips)
Seat 4: Actionni13 ($179.14 in chips)
Actionni13: posts small blind $1
Brama Br: posts big blind $3
*** HOLE CARDS ***
Actionni13: folds
Uncalled bet ($2) returned to Brama Br
Brama Br collected $2 from pot
Brama Br: doesn't show hand
*** SUMMARY ***
Total pot $2 | Rake $0
Seat 1: Brama Br (big blind) collected ($2)
Seat 4: Actionni13 (button) (small blind) folded before Flop


PokerStars Hand #153234410068:  Hold'em Limit ($3/$6 USD) - 2016/05/12 20:57:48 ET
Table 'Lola' 6-max Seat #1 is the button
Seat 1: Brama Br ($83.69 in chips)
Seat 4: Actionni13 ($178.14 in chips)
Brama Br: posts small blind $1
Actionni13: posts big blind $3
*** HOLE CARDS ***
Brama Br: folds
Uncalled bet ($2) returned to Actionni13
Actionni13 collected $2 from pot
Actionni13: doesn't show hand
*** SUMMARY ***
Total pot $2 | Rake $0
Seat 1: Brama Br (button) (small blind) folded before Flop
Seat 4: Actionni13 (big blind) collected ($2)


PokerStars Hand #153234408080:  Hold'em Limit ($3/$6 USD) - 2016/05/12 20:57:42 ET
Table 'Lola' 6-max Seat #4 is the button
Seat 1: Brama Br ($82.69 in chips)
Seat 4: Actionni13 ($179.14 in chips)
Actionni13: posts small blind $1
Brama Br: posts big blind $3
*** HOLE CARDS ***
Actionni13: folds
Uncalled bet ($2) returned to Brama Br
Brama Br collected $2 from pot
Brama Br: doesn't show hand
*** SUMMARY ***
Total pot $2 | Rake $0
Seat 1: Brama Br (big blind) collected ($2)
Seat 4: Actionni13 (button) (small blind) folded before Flop


PokerStars Hand #153234401099:  Hold'em Limit ($3/$6 USD) - 2016/05/12 20:57:23 ET
Table 'Lola' 6-max Seat #1 is the button
Seat 1: Brama Br ($91.69 in chips)
Seat 4: Actionni13 ($170.50 in chips)
Brama Br: posts small blind $1
Actionni13: posts big blind $3
*** HOLE CARDS ***
Brama Br: raises $3 to $6
Actionni13: raises $3 to $9
Brama Br: calls $3
*** FLOP *** [Qd 2d Ah]
Actionni13: bets $3
Brama Br: folds
Uncalled bet ($3) returned to Actionni13
Actionni13 collected $17.64 from pot
Actionni13: doesn't show hand
*** SUMMARY ***
Total pot $18 | Rake $0.36
Board [Qd 2d Ah]
Seat 1: Brama Br (button) (small blind) folded on the Flop
Seat 4: Actionni13 (big blind) collected ($17.64)


PokerStars Hand #153234393819:  Hold'em Limit ($3/$6 USD) - 2016/05/12 20:57:02 ET
Table 'Lola' 6-max Seat #4 is the button
Seat 1: Brama Br ($112.69 in chips)
Seat 4: Actionni13 ($150 in chips)
Actionni13: posts small blind $1
Brama Br: posts big blind $3
*** HOLE CARDS ***
Actionni13: raises $3 to $6
Brama Br: calls $3
*** FLOP *** [8h 2c Qs]
Brama Br: checks
Actionni13: bets $3
Brama Br: calls $3
*** TURN *** [8h 2c Qs] [6s]
Brama Br: checks
Actionni13: bets $6
Brama Br: calls $6
*** RIVER *** [8h 2c Qs 6s] [4c]
Brama Br: checks
Actionni13: bets $6
Brama Br: calls $6
*** SHOW DOWN ***
Actionni13: shows [8c Qd] (two pair, Queens and Eights)
Brama Br: mucks hand
Actionni13 collected $41.50 from pot
*** SUMMARY ***
Total pot $42 | Rake $0.50
Board [8h 2c Qs 6s 4c]
Seat 1: Brama Br (big blind) mucked
Seat 4: Actionni13 (button) (small blind) showed [8c Qd] and won ($41.50) with two pair, Queens and Eights


PokerStars Hand #153234425577:  Hold'em Limit ($3/$6 USD) - 2016/05/12 20:58:31 ET
Table 'Lola' 6-max Seat #4 is the button
Seat 1: Brama Br ($113.19 in chips)
Seat 4: Actionni13 ($150 in chips)
Actionni13: posts small blind $1
Brama Br: posts big blind $3
*** HOLE CARDS ***
Actionni13: folds
Uncalled bet ($2) returned to Brama Br
Brama Br collected $2 from pot
Brama Br: doesn't show hand
*** SUMMARY ***
Total pot $2 | Rake $0
Seat 1: Brama Br (big blind) collected ($2)
Seat 4: Actionni13 (button) (small blind) folded before Flop


PokerStars Hand #153234413997:  Hold'em Limit ($3/$6 USD) - 2016/05/12 20:57:59 ET
Table 'Lola' 6-max Seat #1 is the button
Seat 1: Brama Br ($83.69 in chips)
Seat 4: Actionni13 ($178.14 in chips)
Brama Br: posts small blind $1
Actionni13: posts big blind $3
*** HOLE CARDS ***
Brama Br: raises $3 to $6
Actionni13: calls $3
*** FLOP *** [Qh Qd 9s]
Actionni13: checks
Brama Br: bets $3
Actionni13: raises $3 to $6
Brama Br: calls $3
*** TURN *** [Qh Qd 9s] [Ad]
Actionni13: bets $6
Brama Br: calls $6
*** RIVER *** [Qh Qd 9s Ad] [4c]
Actionni13: bets $6
Brama Br: raises $6 to $12
ABATAPP joins the table at seat #2
Actionni13: calls $6
*** SHOW DOWN ***
Brama Br: shows [Qs Jh] (three of a kind, Queens)
Actionni13: mucks hand
Brama Br collected $59.50 from pot
*** SUMMARY ***
Total pot $60 | Rake $0.50
Board [Qh Qd 9s Ad 4c]
Seat 1: Brama Br (button) (small blind) showed [Qs Jh] and won ($59.50) with three of a kind, Queens
Seat 4: Actionni13 (big blind) mucked


PokerStars Hand #153240921640:  Hold'em Limit ($3/$6 USD) - 2016/05/13 3:02:30 ET
Table 'Lola' 6-max Seat #1 is the button
Seat 1: Ag3r0n ($72 in chips)
Seat 5: Velbor107 ($276.61 in chips)
J20jeremy will be allowed to play after the button
Ag3r0n: posts small blind $1
ChicagoBull4: is sitting out
JACKan_11: is sitting out
Velbor107: posts big blind $3
*** HOLE CARDS ***
Ag3r0n: folds
Uncalled bet ($2) returned to Velbor107
Velbor107 collected $2 from pot
*** SUMMARY ***
Total pot $2 | Rake $0
Seat 1: Ag3r0n (button) (small blind) folded before Flop
Seat 5: Velbor107 (big blind) collected ($2)


PokerStars Hand #153240927550:  Hold'em Limit ($3/$6 USD) - 2016/05/13 3:02:53 ET
Table 'Lola' 6-max Seat #5 is the button
Seat 1: Ag3r0n ($72 in chips)
Seat 5: Velbor107 ($280.61 in chips)
Velbor107: posts small blind $1
Ag3r0n: posts big blind $3
*** HOLE CARDS ***
Velbor107: raises $3 to $6
Ag3r0n: calls $3
*** FLOP *** [Ah 6h 6d]
Ag3r0n: checks
JACKan_11 leaves the table
Velbor107: bets $3
Ag3r0n: raises $3 to $6
Velbor107: folds
Uncalled bet ($3) returned to Ag3r0n
Ag3r0n collected $17.64 from pot
*** SUMMARY ***
Total pot $18 | Rake $0.36
Board [Ah 6h 6d]
Seat 1: Ag3r0n (big blind) collected ($17.64)
Seat 5: Velbor107 (button) (small blind) folded on the Flop


