PokerStars Hand #149799120457:  Hold'em Limit ($3/$6 USD) - 2016/03/03 19:18:19 ET
Table 'Lomia' 6-max Seat #6 is the button
Seat 2: poooohpooh ($374.04 in chips)
Seat 6: leavila2006 ($199.09 in chips)
leavila2006: posts small blind $1
poooohpooh: posts big blind $3
*** HOLE CARDS ***
leavila2006: folds
Uncalled bet ($2) returned to poooohpooh
poooohpooh collected $2 from pot
poooohpooh: doesn't show hand
*** SUMMARY ***
Total pot $2 | Rake $0
Seat 2: poooohpooh (big blind) collected ($2)
Seat 6: leavila2006 (button) (small blind) folded before Flop


PokerStars Hand #149799115841:  Hold'em Limit ($3/$6 USD) - 2016/03/03 19:18:12 ET
Table 'Lomia' 6-max Seat #2 is the button
Seat 2: poooohpooh ($371.04 in chips)
Seat 6: leavila2006 ($202.09 in chips)
poooohpooh: posts small blind $1
fsreibnitz: is sitting out
leavila2006: posts big blind $3
*** HOLE CARDS ***
poooohpooh: raises $3 to $6
leavila2006: folds
Uncalled bet ($3) returned to poooohpooh
poooohpooh collected $6 from pot
poooohpooh: doesn't show hand
*** SUMMARY ***
Total pot $6 | Rake $0
Seat 2: poooohpooh (button) (small blind) collected ($6)
Seat 6: leavila2006 (big blind) folded before Flop


PokerStars Hand #149799123920:  Hold'em Limit ($3/$6 USD) - 2016/03/03 19:18:24 ET
Table 'Lomia' 6-max Seat #2 is the button
Seat 2: poooohpooh ($375.04 in chips)
Seat 6: leavila2006 ($198.09 in chips)
poooohpooh: posts small blind $1
leavila2006: posts big blind $3
*** HOLE CARDS ***
poooohpooh: raises $3 to $6
leavila2006: calls $3
*** FLOP *** [2h 7h Ah]
leavila2006: checks
poooohpooh: bets $3
leavila2006: calls $3
*** TURN *** [2h 7h Ah] [Jd]
leavila2006: checks
poooohpooh: bets $6
leavila2006: calls $6
*** RIVER *** [2h 7h Ah Jd] [As]
leavila2006: checks
poooohpooh: bets $6
fsreibnitz leaves the table
leavila2006: calls $6
*** SHOW DOWN ***
poooohpooh: shows [Jh 4h] (a flush, Ace high)
leavila2006: mucks hand
poooohpooh collected $41.50 from pot
*** SUMMARY ***
Total pot $42 | Rake $0.50
Board [2h 7h Ah Jd As]
Seat 2: poooohpooh (button) (small blind) showed [Jh 4h] and won ($41.50) with a flush, Ace high
Seat 6: leavila2006 (big blind) mucked


PokerStars Hand #149799134682:  Hold'em Limit ($3/$6 USD) - 2016/03/03 19:18:41 ET
Table 'Lomia' 6-max Seat #6 is the button
Seat 2: poooohpooh ($395.54 in chips)
Seat 6: leavila2006 ($177.09 in chips)
leavila2006: posts small blind $1
poooohpooh: posts big blind $3
*** HOLE CARDS ***
leavila2006: raises $3 to $6
poooohpooh: folds
Uncalled bet ($3) returned to leavila2006
leavila2006 collected $6 from pot
leavila2006: doesn't show hand
*** SUMMARY ***
Total pot $6 | Rake $0
Seat 2: poooohpooh (big blind) folded before Flop
Seat 6: leavila2006 (button) (small blind) collected ($6)


PokerStars Hand #149799139237:  Hold'em Limit ($3/$6 USD) - 2016/03/03 19:18:48 ET
Table 'Lomia' 6-max Seat #2 is the button
Seat 2: poooohpooh ($392.54 in chips)
Seat 6: leavila2006 ($180.09 in chips)
poooohpooh: posts small blind $1
leavila2006: posts big blind $3
*** HOLE CARDS ***
poooohpooh: raises $3 to $6
leavila2006: calls $3
*** FLOP *** [Qc Ah Qs]
leavila2006: checks
poooohpooh: checks
*** TURN *** [Qc Ah Qs] [3c]
leavila2006: checks
poooohpooh: bets $6
leavila2006: folds
Uncalled bet ($6) returned to poooohpooh
poooohpooh collected $11.76 from pot
poooohpooh: doesn't show hand
*** SUMMARY ***
Total pot $12 | Rake $0.24
Board [Qc Ah Qs 3c]
Seat 2: poooohpooh (button) (small blind) collected ($11.76)
Seat 6: leavila2006 (big blind) folded on the Turn


PokerStars Hand #149799147076:  Hold'em Limit ($3/$6 USD) - 2016/03/03 19:19:00 ET
Table 'Lomia' 6-max Seat #6 is the button
Seat 2: poooohpooh ($398.30 in chips)
Seat 6: leavila2006 ($174.09 in chips)
ChicagoBull4 leaves the table
leavila2006: posts small blind $1
poooohpooh: posts big blind $3
*** HOLE CARDS ***
leavila2006: raises $3 to $6
poooohpooh: raises $3 to $9
leavila2006: calls $3
*** FLOP *** [5c Kh 9d]
poooohpooh: bets $3
leavila2006: calls $3
*** TURN *** [5c Kh 9d] [Ac]
poooohpooh: bets $6
leavila2006: calls $6
*** RIVER *** [5c Kh 9d Ac] [4d]
poooohpooh: bets $6
leavila2006: calls $6
*** SHOW DOWN ***
poooohpooh: shows [Jc As] (a pair of Aces)
leavila2006: mucks hand
fsreibnitz joins the table at seat #4
poooohpooh collected $47.50 from pot
*** SUMMARY ***
Total pot $48 | Rake $0.50
Board [5c Kh 9d Ac 4d]
Seat 2: poooohpooh (big blind) showed [Jc As] and won ($47.50) with a pair of Aces
Seat 6: leavila2006 (button) (small blind) mucked


PokerStars Hand #149806377827:  Hold'em Limit ($3/$6 USD) - 2016/03/04 0:14:27 ET
Table 'Lomia' 6-max Seat #1 is the button
Seat 1: jazh0le ($157.94 in chips)
Seat 6: gazzzzzza ($52.07 in chips)
jazh0le: posts small blind $1
skogsbarn: is sitting out
gazzzzzza: posts big blind $3
*** HOLE CARDS ***
skogsbarn leaves the table
jazh0le: raises $3 to $6
gazzzzzza: calls $3
*** FLOP *** [Ad 2c 7h]
gazzzzzza: checks
jazh0le: bets $3
gazzzzzza: raises $3 to $6
jazh0le: calls $3
*** TURN *** [Ad 2c 7h] [5d]
gazzzzzza: bets $6
jazh0le: calls $6
*** RIVER *** [Ad 2c 7h 5d] [Qh]
gazzzzzza: checks
jazh0le: bets $6
gazzzzzza: calls $6
*** SHOW DOWN ***
jazh0le: shows [Qd Jd] (a pair of Queens)
gazzzzzza: mucks hand
jazh0le collected $47.50 from pot
*** SUMMARY ***
Total pot $48 | Rake $0.50
Board [Ad 2c 7h 5d Qh]
Seat 1: jazh0le (button) (small blind) showed [Qd Jd] and won ($47.50) with a pair of Queens
Seat 6: gazzzzzza (big blind) mucked


