PokerStars Hand #159251856889:  Hold'em Limit ($3/$6 USD) - 2016/09/29 14:01:31 ET
Table 'Lomia' 6-max Seat #4 is the button
Seat 4: VolkovDmitri ($120 in chips)
Seat 6: pukuotukxx89 ($141.70 in chips)
VolkovDmitri: posts small blind $1
pukuotukxx89: posts big blind $3
*** HOLE CARDS ***
VolkovDmitri: raises $3 to $6
pukuotukxx89: calls $3
*** FLOP *** [Qc 5d 2c]
pukuotukxx89: checks
VolkovDmitri: bets $3
pukuotukxx89: calls $3
*** TURN *** [Qc 5d 2c] [Kd]
pukuotukxx89: checks
VolkovDmitri: checks
*** RIVER *** [Qc 5d 2c Kd] [9d]
pukuotukxx89: checks
VolkovDmitri: checks
*** SHOW DOWN ***
pukuotukxx89: shows [As 8d] (high card Ace)
VolkovDmitri: shows [Ad Th] (high card Ace - King+Queen+Ten kicker)
VolkovDmitri collected $17.64 from pot
*** SUMMARY ***
Total pot $18 | Rake $0.36
Board [Qc 5d 2c Kd 9d]
Seat 4: VolkovDmitri (button) (small blind) showed [Ad Th] and won ($17.64) with high card Ace
Seat 6: pukuotukxx89 (big blind) showed [As 8d] and lost with high card Ace


PokerStars Hand #159251932745:  Hold'em Limit ($3/$6 USD) - 2016/09/29 14:03:15 ET
Table 'Lomia' 6-max Seat #6 is the button
Seat 4: VolkovDmitri ($123 in chips)
Seat 6: pukuotukxx89 ($150.20 in chips)
pukuotukxx89: posts small blind $1
VolkovDmitri: posts big blind $3
*** HOLE CARDS ***
pukuotukxx89: folds
Uncalled bet ($2) returned to VolkovDmitri
VolkovDmitri collected $2 from pot
VolkovDmitri: doesn't show hand
*** SUMMARY ***
Total pot $2 | Rake $0
Seat 4: VolkovDmitri (big blind) collected ($2)
Seat 6: pukuotukxx89 (button) (small blind) folded before Flop


PokerStars Hand #159251912996:  Hold'em Limit ($3/$6 USD) - 2016/09/29 14:02:48 ET
Table 'Lomia' 6-max Seat #4 is the button
Seat 4: VolkovDmitri ($120 in chips)
Seat 6: pukuotukxx89 ($153.20 in chips)
VolkovDmitri: posts small blind $1
pukuotukxx89: posts big blind $3
*** HOLE CARDS ***
VolkovDmitri: raises $3 to $6
pukuotukxx89: folds
Uncalled bet ($3) returned to VolkovDmitri
VolkovDmitri collected $6 from pot
VolkovDmitri: doesn't show hand
*** SUMMARY ***
Total pot $6 | Rake $0
Seat 4: VolkovDmitri (button) (small blind) collected ($6)
Seat 6: pukuotukxx89 (big blind) folded before Flop


PokerStars Hand #159251875458:  Hold'em Limit ($3/$6 USD) - 2016/09/29 14:01:57 ET
Table 'Lomia' 6-max Seat #6 is the button
Seat 4: VolkovDmitri ($128.64 in chips)
Seat 6: pukuotukxx89 ($132.70 in chips)
pukuotukxx89: posts small blind $1
VolkovDmitri: posts big blind $3
*** HOLE CARDS ***
pukuotukxx89: calls $2
VolkovDmitri: checks
*** FLOP *** [Th 8d 3s]
VolkovDmitri: bets $3
pukuotukxx89: raises $3 to $6
VolkovDmitri: calls $3
*** TURN *** [Th 8d 3s] [8c]
VolkovDmitri: checks
pukuotukxx89: bets $6
VolkovDmitri: calls $6
*** RIVER *** [Th 8d 3s 8c] [8h]
VolkovDmitri: checks
pukuotukxx89: bets $6
VolkovDmitri: calls $6
*** SHOW DOWN ***
pukuotukxx89: shows [Ts Jd] (a full house, Eights full of Tens)
VolkovDmitri: mucks hand
pukuotukxx89 collected $41.50 from pot
*** SUMMARY ***
Total pot $42 | Rake $0.50
Board [Th 8d 3s 8c 8h]
Seat 4: VolkovDmitri (big blind) mucked
Seat 6: pukuotukxx89 (button) (small blind) showed [Ts Jd] and won ($41.50) with a full house, Eights full of Tens


PokerStars Hand #159251936244:  Hold'em Limit ($3/$6 USD) - 2016/09/29 14:03:19 ET
Table 'Lomia' 6-max Seat #4 is the button
Seat 4: VolkovDmitri ($124 in chips)
Seat 6: pukuotukxx89 ($149.20 in chips)
VolkovDmitri: posts small blind $1
pukuotukxx89: posts big blind $3
*** HOLE CARDS ***
VolkovDmitri: raises $3 to $6
pukuotukxx89: raises $3 to $9
VolkovDmitri: calls $3
*** FLOP *** [5s 2d 5d]
pukuotukxx89: bets $3
VolkovDmitri: raises $3 to $6
pukuotukxx89: calls $3
*** TURN *** [5s 2d 5d] [3h]
pukuotukxx89: checks
VolkovDmitri: bets $6
pukuotukxx89: folds
Uncalled bet ($6) returned to VolkovDmitri
VolkovDmitri collected $29.50 from pot
VolkovDmitri: doesn't show hand
*** SUMMARY ***
Total pot $30 | Rake $0.50
Board [5s 2d 5d 3h]
Seat 4: VolkovDmitri (button) (small blind) collected ($29.50)
Seat 6: pukuotukxx89 (big blind) folded on the Turn


PokerStars Hand #159251994475:  Hold'em Limit ($3/$6 USD) - 2016/09/29 14:04:37 ET
Table 'Lomia' 6-max Seat #4 is the button
Seat 4: VolkovDmitri ($123.50 in chips)
Seat 6: pukuotukxx89 ($148.70 in chips)
VolkovDmitri: posts small blind $1
pukuotukxx89: posts big blind $3
*** HOLE CARDS ***
VolkovDmitri: folds
Uncalled bet ($2) returned to pukuotukxx89
pukuotukxx89 collected $2 from pot
*** SUMMARY ***
Total pot $2 | Rake $0
Seat 4: VolkovDmitri (button) (small blind) folded before Flop
Seat 6: pukuotukxx89 (big blind) collected ($2)


PokerStars Hand #159251960173:  Hold'em Limit ($3/$6 USD) - 2016/09/29 14:03:51 ET
Table 'Lomia' 6-max Seat #6 is the button
Seat 4: VolkovDmitri ($138.50 in chips)
Seat 6: pukuotukxx89 ($134.20 in chips)
pukuotukxx89: posts small blind $1
VolkovDmitri: posts big blind $3
*** HOLE CARDS ***
turtlele joins the table at seat #1
pukuotukxx89: raises $3 to $6
VolkovDmitri: calls $3
*** FLOP *** [4d 8s 5h]
VolkovDmitri: checks
Fabulous108 joins the table at seat #2
turtlele leaves the table
turtlele joins the table at seat #3
pukuotukxx89: bets $3
VolkovDmitri: calls $3
*** TURN *** [4d 8s 5h] [6h]
VolkovDmitri: checks
pukuotukxx89: checks
*** RIVER *** [4d 8s 5h 6h] [9s]
VolkovDmitri: bets $6
pukuotukxx89: calls $6
*** SHOW DOWN ***
VolkovDmitri: shows [Qc 6d] (a pair of Sixes)
pukuotukxx89: shows [Kc 9c] (a pair of Nines)
pukuotukxx89 collected $29.50 from pot
*** SUMMARY ***
Total pot $30 | Rake $0.50
Board [4d 8s 5h 6h 9s]
Seat 4: VolkovDmitri (big blind) showed [Qc 6d] and lost with a pair of Sixes
Seat 6: pukuotukxx89 (button) (small blind) showed [Kc 9c] and won ($29.50) with a pair of Nines


