PokerStars Hand #159269917178:  Hold'em Limit ($3/$6 USD) - 2016/09/29 21:40:37 ET
Table 'Lomia' 6-max Seat #2 is the button
Seat 2: UNABELIEVE ($61.84 in chips)
Seat 5: krytalex ($122.68 in chips)
UNABELIEVE: posts small blind $1
krytalex: posts big blind $3
*** HOLE CARDS ***
UNABELIEVE: folds
Uncalled bet ($2) returned to krytalex
krytalex collected $2 from pot
*** SUMMARY ***
Total pot $2 | Rake $0
Seat 2: UNABELIEVE (button) (small blind) folded before Flop
Seat 5: krytalex (big blind) collected ($2)


PokerStars Hand #159269919144:  Hold'em Limit ($3/$6 USD) - 2016/09/29 21:40:42 ET
Table 'Lomia' 6-max Seat #5 is the button
Seat 2: UNABELIEVE ($60.84 in chips)
Seat 5: krytalex ($123.68 in chips)
krytalex: posts small blind $1
UNABELIEVE: posts big blind $3
*** HOLE CARDS ***
krytalex: raises $3 to $6
UNABELIEVE: calls $3
*** FLOP *** [Jc Th 7d]
UNABELIEVE: checks
krytalex: bets $3
UNABELIEVE: calls $3
*** TURN *** [Jc Th 7d] [2d]
UNABELIEVE: checks
krytalex: bets $6
UNABELIEVE: folds
Uncalled bet ($6) returned to krytalex
krytalex collected $17.64 from pot
*** SUMMARY ***
Total pot $18 | Rake $0.36
Board [Jc Th 7d 2d]
Seat 2: UNABELIEVE (big blind) folded on the Turn
Seat 5: krytalex (button) (small blind) collected ($17.64)


PokerStars Hand #159269939767:  Hold'em Limit ($3/$6 USD) - 2016/09/29 21:41:39 ET
Table 'Lomia' 6-max Seat #5 is the button
Seat 2: UNABELIEVE ($72.34 in chips)
Seat 5: krytalex ($111.32 in chips)
krytalex: posts small blind $1
UNABELIEVE: posts big blind $3
*** HOLE CARDS ***
krytalex: raises $3 to $6
UNABELIEVE: calls $3
*** FLOP *** [Jc Kc 6h]
UNABELIEVE: checks
krytalex: bets $3
UNABELIEVE: folds
Uncalled bet ($3) returned to krytalex
krytalex collected $11.76 from pot
*** SUMMARY ***
Total pot $12 | Rake $0.24
Board [Jc Kc 6h]
Seat 2: UNABELIEVE (big blind) folded on the Flop
Seat 5: krytalex (button) (small blind) collected ($11.76)


PokerStars Hand #159269927378:  Hold'em Limit ($3/$6 USD) - 2016/09/29 21:41:05 ET
Table 'Lomia' 6-max Seat #2 is the button
Seat 2: UNABELIEVE ($51.84 in chips)
Seat 5: krytalex ($132.32 in chips)
UNABELIEVE: posts small blind $1
fire852181 was removed from the table for failing to post
krytalex: posts big blind $3
*** HOLE CARDS ***
UNABELIEVE: raises $3 to $6
krytalex: calls $3
*** FLOP *** [7h Qc 4s]
krytalex: checks
UNABELIEVE: bets $3
krytalex: raises $3 to $6
UNABELIEVE: raises $3 to $9
krytalex: calls $3
*** TURN *** [7h Qc 4s] [9d]
krytalex: checks
UNABELIEVE: bets $6
krytalex: calls $6
*** RIVER *** [7h Qc 4s 9d] [8d]
krytalex: checks
UNABELIEVE: checks
*** SHOW DOWN ***
krytalex: shows [Jd 7s] (a pair of Sevens)
UNABELIEVE: shows [Qh 3c] (a pair of Queens)
UNABELIEVE collected $41.50 from pot
*** SUMMARY ***
Total pot $42 | Rake $0.50
Board [7h Qc 4s 9d 8d]
Seat 2: UNABELIEVE (button) (small blind) showed [Qh 3c] and won ($41.50) with a pair of Queens
Seat 5: krytalex (big blind) showed [Jd 7s] and lost with a pair of Sevens


PokerStars Hand #159269961122:  Hold'em Limit ($3/$6 USD) - 2016/09/29 21:42:38 ET
Table 'Lomia' 6-max Seat #5 is the button
Seat 2: UNABELIEVE ($95.84 in chips)
Seat 5: krytalex ($87.08 in chips)
krytalex: posts small blind $1
UNABELIEVE: posts big blind $3
*** HOLE CARDS ***
krytalex: folds
Uncalled bet ($2) returned to UNABELIEVE
UNABELIEVE collected $2 from pot
*** SUMMARY ***
Total pot $2 | Rake $0
Seat 2: UNABELIEVE (big blind) collected ($2)
Seat 5: krytalex (button) (small blind) folded before Flop


PokerStars Hand #159269948030:  Hold'em Limit ($3/$6 USD) - 2016/09/29 21:42:01 ET
Table 'Lomia' 6-max Seat #2 is the button
Seat 2: UNABELIEVE ($66.34 in chips)
Seat 5: krytalex ($117.08 in chips)
UNABELIEVE: posts small blind $1
krytalex: posts big blind $3
*** HOLE CARDS ***
UNABELIEVE: raises $3 to $6
krytalex: calls $3
*** FLOP *** [Ad Td 3c]
krytalex: checks
UNABELIEVE: bets $3
krytalex: raises $3 to $6
UNABELIEVE: calls $3
*** TURN *** [Ad Td 3c] [5s]
krytalex: bets $6
UNABELIEVE: raises $6 to $12
krytalex: calls $6
*** RIVER *** [Ad Td 3c 5s] [Kc]
krytalex: checks
UNABELIEVE: bets $6
krytalex: calls $6
*** SHOW DOWN ***
UNABELIEVE: shows [5c 5d] (three of a kind, Fives)
krytalex: mucks hand
UNABELIEVE collected $59.50 from pot
*** SUMMARY ***
Total pot $60 | Rake $0.50
Board [Ad Td 3c 5s Kc]
Seat 2: UNABELIEVE (button) (small blind) showed [5c 5d] and won ($59.50) with three of a kind, Fives
Seat 5: krytalex (big blind) mucked


PokerStars Hand #159269964216:  Hold'em Limit ($3/$6 USD) - 2016/09/29 21:42:47 ET
Table 'Lomia' 6-max Seat #2 is the button
Seat 2: UNABELIEVE ($96.84 in chips)
Seat 5: krytalex ($86.08 in chips)
UNABELIEVE: posts small blind $1
krytalex: posts big blind $3
*** HOLE CARDS ***
UNABELIEVE: raises $3 to $6
krytalex: calls $3
*** FLOP *** [3h 6c Th]
krytalex: checks
UNABELIEVE: bets $3
krytalex: raises $3 to $6
UNABELIEVE: raises $3 to $9
krytalex: calls $3
*** TURN *** [3h 6c Th] [6h]
krytalex: checks
UNABELIEVE: bets $6
krytalex: raises $6 to $12
UNABELIEVE: raises $6 to $18
krytalex: calls $6
*** RIVER *** [3h 6c Th 6h] [Ad]
krytalex: checks
UNABELIEVE: checks
*** SHOW DOWN ***
krytalex: shows [2h Jh] (a flush, Jack high)
UNABELIEVE: mucks hand
krytalex collected $65.50 from pot
*** SUMMARY ***
Total pot $66 | Rake $0.50
Board [3h 6c Th 6h Ad]
Seat 2: UNABELIEVE (button) (small blind) mucked
Seat 5: krytalex (big blind) showed [2h Jh] and won ($65.50) with a flush, Jack high


PokerStars Hand #159269975378:  Hold'em Limit ($3/$6 USD) - 2016/09/29 21:43:18 ET
Table 'Lomia' 6-max Seat #5 is the button
Seat 2: UNABELIEVE ($63.84 in chips)
Seat 5: krytalex ($118.58 in chips)
krytalex: posts small blind $1
UNABELIEVE: posts big blind $3
*** HOLE CARDS ***
krytalex: raises $3 to $6
UNABELIEVE: calls $3
*** FLOP *** [7d 6d Jd]
UNABELIEVE: checks
krytalex: bets $3
UNABELIEVE: folds
Uncalled bet ($3) returned to krytalex
krytalex collected $11.76 from pot
*** SUMMARY ***
Total pot $12 | Rake $0.24
Board [7d 6d Jd]
Seat 2: UNABELIEVE (big blind) folded on the Flop
Seat 5: krytalex (button) (small blind) collected ($11.76)


PokerStars Hand #159269980301:  Hold'em Limit ($3/$6 USD) - 2016/09/29 21:43:32 ET
Table 'Lomia' 6-max Seat #2 is the button
Seat 2: UNABELIEVE ($57.84 in chips)
Seat 5: krytalex ($124.34 in chips)
UNABELIEVE: posts small blind $1
krytalex: posts big blind $3
*** HOLE CARDS ***
UNABELIEVE: raises $3 to $6
krytalex: raises $3 to $9
UNABELIEVE: raises $3 to $12
Betting is capped
krytalex: calls $3
*** FLOP *** [7s 3h 4h]
krytalex: checks
UNABELIEVE: bets $3
krytalex: raises $3 to $6
UNABELIEVE: calls $3
*** TURN *** [7s 3h 4h] [9c]
krytalex: bets $6
UNABELIEVE: calls $6
*** RIVER *** [7s 3h 4h 9c] [6h]
krytalex: bets $6
UNABELIEVE: folds
Uncalled bet ($6) returned to krytalex
krytalex collected $47.50 from pot
*** SUMMARY ***
Total pot $48 | Rake $0.50
Board [7s 3h 4h 9c 6h]
Seat 2: UNABELIEVE (button) (small blind) folded on the River
Seat 5: krytalex (big blind) collected ($47.50)


PokerStars Hand #159270006505:  Hold'em Limit ($3/$6 USD) - 2016/09/29 21:44:43 ET
Table 'Lomia' 6-max Seat #5 is the button
Seat 2: UNABELIEVE ($30.84 in chips)
Seat 5: krytalex ($150.60 in chips)
krytalex: posts small blind $1
UNABELIEVE: posts big blind $3
*** HOLE CARDS ***
krytalex: raises $3 to $6
UNABELIEVE: raises $3 to $9
krytalex: calls $3
*** FLOP *** [9h Td 6d]
UNABELIEVE: bets $3
krytalex: folds
Uncalled bet ($3) returned to UNABELIEVE
UNABELIEVE collected $17.64 from pot
*** SUMMARY ***
Total pot $18 | Rake $0.36
Board [9h Td 6d]
Seat 2: UNABELIEVE (big blind) collected ($17.64)
Seat 5: krytalex (button) (small blind) folded on the Flop


PokerStars Hand #159269992682:  Hold'em Limit ($3/$6 USD) - 2016/09/29 21:44:05 ET
Table 'Lomia' 6-max Seat #5 is the button
Seat 2: UNABELIEVE ($33.84 in chips)
Seat 5: krytalex ($147.84 in chips)
krytalex: posts small blind $1
UNABELIEVE: posts big blind $3
*** HOLE CARDS ***
krytalex: raises $3 to $6
UNABELIEVE: calls $3
*** FLOP *** [Tc 8c Kc]
UNABELIEVE: checks
krytalex: bets $3
UNABELIEVE: folds
Uncalled bet ($3) returned to krytalex
krytalex collected $11.76 from pot
*** SUMMARY ***
Total pot $12 | Rake $0.24
Board [Tc 8c Kc]
Seat 2: UNABELIEVE (big blind) folded on the Flop
Seat 5: krytalex (button) (small blind) collected ($11.76)


PokerStars Hand #159270003129:  Hold'em Limit ($3/$6 USD) - 2016/09/29 21:44:34 ET
Table 'Lomia' 6-max Seat #2 is the button
Seat 2: UNABELIEVE ($27.84 in chips)
Seat 5: krytalex ($153.60 in chips)
UNABELIEVE: posts small blind $1
krytalex: posts big blind $3
*** HOLE CARDS ***
UNABELIEVE: raises $3 to $6
krytalex: folds
Uncalled bet ($3) returned to UNABELIEVE
UNABELIEVE collected $6 from pot
*** SUMMARY ***
Total pot $6 | Rake $0
Seat 2: UNABELIEVE (button) (small blind) collected ($6)
Seat 5: krytalex (big blind) folded before Flop


PokerStars Hand #159270035245:  Hold'em Limit ($3/$6 USD) - 2016/09/29 21:45:39 ET
Table 'Lomia' 6-max Seat #2 is the button
Seat 2: UNABELIEVE ($63.98 in chips)
Seat 5: krytalex ($116.60 in chips)
UNABELIEVE: posts small blind $1
krytalex: posts big blind $3
*** HOLE CARDS ***
UNABELIEVE: raises $3 to $6
krytalex: folds
Uncalled bet ($3) returned to UNABELIEVE
UNABELIEVE collected $6 from pot
*** SUMMARY ***
Total pot $6 | Rake $0
Seat 2: UNABELIEVE (button) (small blind) collected ($6)
Seat 5: krytalex (big blind) folded before Flop


PokerStars Hand #159270032888:  Hold'em Limit ($3/$6 USD) - 2016/09/29 21:45:33 ET
Table 'Lomia' 6-max Seat #5 is the button
Seat 2: UNABELIEVE ($62.98 in chips)
Seat 5: krytalex ($117.60 in chips)
krytalex: posts small blind $1
UNABELIEVE: posts big blind $3
*** HOLE CARDS ***
krytalex: folds
Uncalled bet ($2) returned to UNABELIEVE
UNABELIEVE collected $2 from pot
*** SUMMARY ***
Total pot $2 | Rake $0
Seat 2: UNABELIEVE (big blind) collected ($2)
Seat 5: krytalex (button) (small blind) folded before Flop


PokerStars Hand #159270015420:  Hold'em Limit ($3/$6 USD) - 2016/09/29 21:45:08 ET
Table 'Lomia' 6-max Seat #2 is the button
Seat 2: UNABELIEVE ($39.48 in chips)
Seat 5: krytalex ($141.60 in chips)
UNABELIEVE: posts small blind $1
krytalex: posts big blind $3
*** HOLE CARDS ***
UNABELIEVE: raises $3 to $6
krytalex: calls $3
*** FLOP *** [7d 3d Ts]
krytalex: checks
UNABELIEVE: bets $3
krytalex: raises $3 to $6
UNABELIEVE: calls $3
*** TURN *** [7d 3d Ts] [Ks]
krytalex: bets $6
UNABELIEVE: calls $6
*** RIVER *** [7d 3d Ts Ks] [Qs]
krytalex: bets $6
UNABELIEVE: calls $6
*** SHOW DOWN ***
krytalex: shows [2d 8d] (high card King)
UNABELIEVE: shows [4d 7h] (a pair of Sevens)
UNABELIEVE collected $47.50 from pot
*** SUMMARY ***
Total pot $48 | Rake $0.50
Board [7d 3d Ts Ks Qs]
Seat 2: UNABELIEVE (button) (small blind) showed [4d 7h] and won ($47.50) with a pair of Sevens
Seat 5: krytalex (big blind) showed [2d 8d] and lost with high card King


PokerStars Hand #159270038095:  Hold'em Limit ($3/$6 USD) - 2016/09/29 21:45:48 ET
Table 'Lomia' 6-max Seat #5 is the button
Seat 2: UNABELIEVE ($66.98 in chips)
Seat 5: krytalex ($113.60 in chips)
krytalex: posts small blind $1
UNABELIEVE: posts big blind $3
*** HOLE CARDS ***
krytalex: raises $3 to $6
UNABELIEVE: raises $3 to $9
krytalex: calls $3
*** FLOP *** [4h 3c 7d]
UNABELIEVE: bets $3
krytalex: calls $3
*** TURN *** [4h 3c 7d] [Qh]
UNABELIEVE: bets $6
krytalex: folds
Uncalled bet ($6) returned to UNABELIEVE
UNABELIEVE collected $23.52 from pot
*** SUMMARY ***
Total pot $24 | Rake $0.48
Board [4h 3c 7d Qh]
Seat 2: UNABELIEVE (big blind) collected ($23.52)
Seat 5: krytalex (button) (small blind) folded on the Turn


PokerStars Hand #159270043592:  Hold'em Limit ($3/$6 USD) - 2016/09/29 21:46:03 ET
Table 'Lomia' 6-max Seat #2 is the button
Seat 2: UNABELIEVE ($78.50 in chips)
Seat 5: krytalex ($101.60 in chips)
UNABELIEVE: posts small blind $1
krytalex: posts big blind $3
*** HOLE CARDS ***
UNABELIEVE: raises $3 to $6
krytalex: raises $3 to $9
UNABELIEVE: calls $3
*** FLOP *** [7h Qc 5d]
krytalex: bets $3
UNABELIEVE: raises $3 to $6
krytalex: calls $3
*** TURN *** [7h Qc 5d] [6c]
krytalex: checks
UNABELIEVE: bets $6
krytalex: folds
Uncalled bet ($6) returned to UNABELIEVE
UNABELIEVE collected $29.50 from pot
*** SUMMARY ***
Total pot $30 | Rake $0.50
Board [7h Qc 5d 6c]
Seat 2: UNABELIEVE (button) (small blind) collected ($29.50)
Seat 5: krytalex (big blind) folded on the Turn


PokerStars Hand #159270069470:  Hold'em Limit ($3/$6 USD) - 2016/09/29 21:47:15 ET
Table 'Lomia' 6-max Seat #2 is the button
Seat 2: UNABELIEVE ($126.26 in chips)
Seat 5: krytalex ($72 in chips)
UNABELIEVE: posts small blind $1
krytalex: posts big blind $3
*** HOLE CARDS ***
UNABELIEVE: folds
Uncalled bet ($2) returned to krytalex
krytalex collected $2 from pot
*** SUMMARY ***
Total pot $2 | Rake $0
Seat 2: UNABELIEVE (button) (small blind) folded before Flop
Seat 5: krytalex (big blind) collected ($2)


PokerStars Hand #159270065364:  Hold'em Limit ($3/$6 USD) - 2016/09/29 21:47:04 ET
Table 'Lomia' 6-max Seat #5 is the button
Seat 2: UNABELIEVE ($125.26 in chips)
Seat 5: krytalex ($72 in chips)
krytalex: posts small blind $1
UNABELIEVE: posts big blind $3
*** HOLE CARDS ***
krytalex: folds
Uncalled bet ($2) returned to UNABELIEVE
UNABELIEVE collected $2 from pot
*** SUMMARY ***
Total pot $2 | Rake $0
Seat 2: UNABELIEVE (big blind) collected ($2)
Seat 5: krytalex (button) (small blind) folded before Flop


PokerStars Hand #159270058543:  Hold'em Limit ($3/$6 USD) - 2016/09/29 21:46:45 ET
Table 'Lomia' 6-max Seat #2 is the button
Seat 2: UNABELIEVE ($119.50 in chips)
Seat 5: krytalex ($72 in chips)
UNABELIEVE: posts small blind $1
krytalex: posts big blind $3
*** HOLE CARDS ***
UNABELIEVE: raises $3 to $6
krytalex: calls $3
*** FLOP *** [4h 7d Tc]
krytalex: checks
UNABELIEVE: checks
*** TURN *** [4h 7d Tc] [8d]
krytalex: checks
UNABELIEVE: bets $6
krytalex: folds
Uncalled bet ($6) returned to UNABELIEVE
UNABELIEVE collected $11.76 from pot
*** SUMMARY ***
Total pot $12 | Rake $0.24
Board [4h 7d Tc 8d]
Seat 2: UNABELIEVE (button) (small blind) collected ($11.76)
Seat 5: krytalex (big blind) folded on the Turn


PokerStars Hand #159270049604:  Hold'em Limit ($3/$6 USD) - 2016/09/29 21:46:20 ET
Table 'Lomia' 6-max Seat #5 is the button
Seat 2: UNABELIEVE ($93 in chips)
Seat 5: krytalex ($86.60 in chips)
krytalex: posts small blind $1
UNABELIEVE: posts big blind $3
*** HOLE CARDS ***
krytalex: raises $3 to $6
UNABELIEVE: calls $3
*** FLOP *** [Jh Kc Td]
UNABELIEVE: checks
krytalex: bets $3
UNABELIEVE: calls $3
*** TURN *** [Jh Kc Td] [5d]
UNABELIEVE: checks
krytalex: bets $6
UNABELIEVE: calls $6
*** RIVER *** [Jh Kc Td 5d] [Ks]
UNABELIEVE: bets $6
krytalex: raises $6 to $12
UNABELIEVE: calls $6
*** SHOW DOWN ***
krytalex: shows [2d 4d] (a pair of Kings)
UNABELIEVE: shows [4c Th] (two pair, Kings and Tens)
UNABELIEVE collected $53.50 from pot
*** SUMMARY ***
Total pot $54 | Rake $0.50
Board [Jh Kc Td 5d Ks]
Seat 2: UNABELIEVE (big blind) showed [4c Th] and won ($53.50) with two pair, Kings and Tens
Seat 5: krytalex (button) (small blind) showed [2d 4d] and lost with a pair of Kings


PokerStars Hand #159270091098:  Hold'em Limit ($3/$6 USD) - 2016/09/29 21:48:16 ET
Table 'Lomia' 6-max Seat #5 is the button
Seat 2: UNABELIEVE ($94.02 in chips)
Seat 5: krytalex ($103.50 in chips)
krytalex: posts small blind $1
UNABELIEVE: posts big blind $3
*** HOLE CARDS ***
krytalex: folds
Uncalled bet ($2) returned to UNABELIEVE
UNABELIEVE collected $2 from pot
*** SUMMARY ***
Total pot $2 | Rake $0
Seat 2: UNABELIEVE (big blind) collected ($2)
Seat 5: krytalex (button) (small blind) folded before Flop


PokerStars Hand #159270086159:  Hold'em Limit ($3/$6 USD) - 2016/09/29 21:48:02 ET
Table 'Lomia' 6-max Seat #2 is the button
Seat 2: UNABELIEVE ($88.26 in chips)
Seat 5: krytalex ($109.50 in chips)
UNABELIEVE: posts small blind $1
krytalex: posts big blind $3
*** HOLE CARDS ***
UNABELIEVE: raises $3 to $6
krytalex: calls $3
*** FLOP *** [Ts 4d Kc]
krytalex: checks
UNABELIEVE: bets $3
krytalex: folds
Uncalled bet ($3) returned to UNABELIEVE
UNABELIEVE collected $11.76 from pot
*** SUMMARY ***
Total pot $12 | Rake $0.24
Board [Ts 4d Kc]
Seat 2: UNABELIEVE (button) (small blind) collected ($11.76)
Seat 5: krytalex (big blind) folded on the Flop


PokerStars Hand #159270081762:  Hold'em Limit ($3/$6 USD) - 2016/09/29 21:47:50 ET
Table 'Lomia' 6-max Seat #5 is the button
Seat 2: UNABELIEVE ($87.26 in chips)
Seat 5: krytalex ($110.50 in chips)
krytalex: posts small blind $1
UNABELIEVE: posts big blind $3
*** HOLE CARDS ***
krytalex: folds
Uncalled bet ($2) returned to UNABELIEVE
UNABELIEVE collected $2 from pot
*** SUMMARY ***
Total pot $2 | Rake $0
Seat 2: UNABELIEVE (big blind) collected ($2)
Seat 5: krytalex (button) (small blind) folded before Flop


PokerStars Hand #159270074688:  Hold'em Limit ($3/$6 USD) - 2016/09/29 21:47:30 ET
Table 'Lomia' 6-max Seat #2 is the button
Seat 2: UNABELIEVE ($126.26 in chips)
Seat 5: krytalex ($72 in chips)
UNABELIEVE: posts small blind $1
krytalex: posts big blind $3
*** HOLE CARDS ***
UNABELIEVE: raises $3 to $6
krytalex: calls $3
*** FLOP *** [2d 6s 4d]
krytalex: checks
UNABELIEVE: bets $3
krytalex: calls $3
*** TURN *** [2d 6s 4d] [Tc]
krytalex: checks
UNABELIEVE: bets $6
krytalex: raises $6 to $12
UNABELIEVE: raises $6 to $18
krytalex: raises $6 to $24
Betting is capped
UNABELIEVE: calls $6
*** RIVER *** [2d 6s 4d Tc] [8h]
krytalex: bets $6
UNABELIEVE: calls $6
*** SHOW DOWN ***
krytalex: shows [6h 4s] (two pair, Sixes and Fours)
UNABELIEVE: mucks hand
krytalex collected $77.50 from pot
*** SUMMARY ***
Total pot $78 | Rake $0.50
Board [2d 6s 4d Tc 8h]
Seat 2: UNABELIEVE (button) (small blind) mucked
Seat 5: krytalex (big blind) showed [6h 4s] and won ($77.50) with two pair, Sixes and Fours


PokerStars Hand #159270071509:  Hold'em Limit ($3/$6 USD) - 2016/09/29 21:47:21 ET
Table 'Lomia' 6-max Seat #5 is the button
Seat 2: UNABELIEVE ($125.26 in chips)
Seat 5: krytalex ($73 in chips)
krytalex: posts small blind $1
UNABELIEVE: posts big blind $3
*** HOLE CARDS ***
krytalex: folds
Uncalled bet ($2) returned to UNABELIEVE
UNABELIEVE collected $2 from pot
*** SUMMARY ***
Total pot $2 | Rake $0
Seat 2: UNABELIEVE (big blind) collected ($2)
Seat 5: krytalex (button) (small blind) folded before Flop


PokerStars Hand #159270105828:  Hold'em Limit ($3/$6 USD) - 2016/09/29 21:48:58 ET
Table 'Lomia' 6-max Seat #2 is the button
Seat 2: UNABELIEVE ($111.52 in chips)
Seat 5: krytalex ($85.50 in chips)
UNABELIEVE: posts small blind $1
krytalex: posts big blind $3
*** HOLE CARDS ***
UNABELIEVE: raises $3 to $6
krytalex: calls $3
*** FLOP *** [4h Qh 6c]
krytalex: checks
UNABELIEVE: bets $3
krytalex: folds
Uncalled bet ($3) returned to UNABELIEVE
UNABELIEVE collected $11.76 from pot
*** SUMMARY ***
Total pot $12 | Rake $0.24
Board [4h Qh 6c]
Seat 2: UNABELIEVE (button) (small blind) collected ($11.76)
Seat 5: krytalex (big blind) folded on the Flop


PokerStars Hand #159270094650:  Hold'em Limit ($3/$6 USD) - 2016/09/29 21:48:26 ET
Table 'Lomia' 6-max Seat #5 is the button
Seat 2: UNABELIEVE ($94.02 in chips)
Seat 5: krytalex ($103.50 in chips)
krytalex: posts small blind $1
UNABELIEVE: posts big blind $3
*** HOLE CARDS ***
krytalex: raises $3 to $6
UNABELIEVE: calls $3
*** FLOP *** [2d 7d Js]
UNABELIEVE: checks
krytalex: bets $3
UNABELIEVE: raises $3 to $6
krytalex: calls $3
*** TURN *** [2d 7d Js] [Td]
UNABELIEVE: bets $6
krytalex: calls $6
*** RIVER *** [2d 7d Js Td] [3s]
UNABELIEVE: checks
krytalex: checks
*** SHOW DOWN ***
UNABELIEVE: shows [7h 8s] (a pair of Sevens)
krytalex: mucks hand
UNABELIEVE collected $35.50 from pot
*** SUMMARY ***
Total pot $36 | Rake $0.50
Board [2d 7d Js Td 3s]
Seat 2: UNABELIEVE (big blind) showed [7h 8s] and won ($35.50) with a pair of Sevens
Seat 5: krytalex (button) (small blind) mucked


PokerStars Hand #159270092757:  Hold'em Limit ($3/$6 USD) - 2016/09/29 21:48:21 ET
Table 'Lomia' 6-max Seat #2 is the button
Seat 2: UNABELIEVE ($95.02 in chips)
Seat 5: krytalex ($102.50 in chips)
UNABELIEVE: posts small blind $1
krytalex: posts big blind $3
*** HOLE CARDS ***
UNABELIEVE: folds
Uncalled bet ($2) returned to krytalex
krytalex collected $2 from pot
*** SUMMARY ***
Total pot $2 | Rake $0
Seat 2: UNABELIEVE (button) (small blind) folded before Flop
Seat 5: krytalex (big blind) collected ($2)


PokerStars Hand #159270123109:  Hold'em Limit ($3/$6 USD) - 2016/09/29 21:49:47 ET
Table 'Lomia' 6-max Seat #5 is the button
Seat 2: UNABELIEVE ($124.92 in chips)
Seat 5: krytalex ($73 in chips)
krytalex: posts small blind $1
UNABELIEVE: posts big blind $3
*** HOLE CARDS ***
krytalex: raises $3 to $6
UNABELIEVE: calls $3
*** FLOP *** [3c 8h 5s]
UNABELIEVE: bets $3
krytalex: folds
Uncalled bet ($3) returned to UNABELIEVE
UNABELIEVE collected $11.76 from pot
*** SUMMARY ***
Total pot $12 | Rake $0.24
Board [3c 8h 5s]
Seat 2: UNABELIEVE (big blind) collected ($11.76)
Seat 5: krytalex (button) (small blind) folded on the Flop


PokerStars Hand #159270121058:  Hold'em Limit ($3/$6 USD) - 2016/09/29 21:49:41 ET
Table 'Lomia' 6-max Seat #2 is the button
Seat 2: UNABELIEVE ($125.92 in chips)
Seat 5: krytalex ($72 in chips)
UNABELIEVE: posts small blind $1
krytalex: posts big blind $3
*** HOLE CARDS ***
UNABELIEVE: folds
Uncalled bet ($2) returned to krytalex
krytalex collected $2 from pot
*** SUMMARY ***
Total pot $2 | Rake $0
Seat 2: UNABELIEVE (button) (small blind) folded before Flop
Seat 5: krytalex (big blind) collected ($2)


PokerStars Hand #159270115298:  Hold'em Limit ($3/$6 USD) - 2016/09/29 21:49:25 ET
Table 'Lomia' 6-max Seat #5 is the button
Seat 2: UNABELIEVE ($117.28 in chips)
Seat 5: krytalex ($79.50 in chips)
krytalex: posts small blind $1
UNABELIEVE: posts big blind $3
*** HOLE CARDS ***
krytalex: raises $3 to $6
UNABELIEVE: calls $3
*** FLOP *** [9s 6c Ah]
UNABELIEVE: checks
krytalex: bets $3
UNABELIEVE: raises $3 to $6
krytalex: folds
Uncalled bet ($3) returned to UNABELIEVE
UNABELIEVE collected $17.64 from pot
*** SUMMARY ***
Total pot $18 | Rake $0.36
Board [9s 6c Ah]
Seat 2: UNABELIEVE (big blind) collected ($17.64)
Seat 5: krytalex (button) (small blind) folded on the Flop


PokerStars Hand #159270127677:  Hold'em Limit ($3/$6 USD) - 2016/09/29 21:50:00 ET
Table 'Lomia' 6-max Seat #2 is the button
Seat 2: UNABELIEVE ($130.68 in chips)
Seat 5: krytalex ($72 in chips)
UNABELIEVE: posts small blind $1
krytalex: posts big blind $3
*** HOLE CARDS ***
UNABELIEVE: raises $3 to $6
krytalex: raises $3 to $9
UNABELIEVE: raises $3 to $12
Betting is capped
krytalex: calls $3
*** FLOP *** [Ah 6c 4c]
krytalex: checks
UNABELIEVE: bets $3
krytalex: calls $3
*** TURN *** [Ah 6c 4c] [Kh]
krytalex: checks
UNABELIEVE: bets $6
krytalex: calls $6
*** RIVER *** [Ah 6c 4c Kh] [2d]
krytalex: checks
UNABELIEVE: checks
*** SHOW DOWN ***
krytalex: shows [Kc 9d] (a pair of Kings)
UNABELIEVE: shows [Ks Jh] (a pair of Kings - Ace+Jack kicker)
UNABELIEVE collected $41.50 from pot
*** SUMMARY ***
Total pot $42 | Rake $0.50
Board [Ah 6c 4c Kh 2d]
Seat 2: UNABELIEVE (button) (small blind) showed [Ks Jh] and won ($41.50) with a pair of Kings
Seat 5: krytalex (big blind) showed [Kc 9d] and lost with a pair of Kings


PokerStars Hand #159270143848:  Hold'em Limit ($3/$6 USD) - 2016/09/29 21:50:47 ET
Table 'Lomia' 6-max Seat #5 is the button
Seat 2: UNABELIEVE ($151.18 in chips)
Seat 5: krytalex ($72 in chips)
krytalex: posts small blind $1
UNABELIEVE: posts big blind $3
*** HOLE CARDS ***
krytalex: raises $3 to $6
UNABELIEVE: calls $3
*** FLOP *** [6h Qs 6s]
UNABELIEVE: bets $3
krytalex: calls $3
*** TURN *** [6h Qs 6s] [Jd]
UNABELIEVE: checks
krytalex: bets $6
UNABELIEVE: raises $6 to $12
krytalex: calls $6
*** RIVER *** [6h Qs 6s Jd] [Tc]
UNABELIEVE: bets $6
krytalex: calls $6
*** SHOW DOWN ***
UNABELIEVE: shows [2d 6d] (three of a kind, Sixes)
krytalex: mucks hand
UNABELIEVE collected $53.50 from pot
*** SUMMARY ***
Total pot $54 | Rake $0.50
Board [6h Qs 6s Jd Tc]
Seat 2: UNABELIEVE (big blind) showed [2d 6d] and won ($53.50) with three of a kind, Sixes
Seat 5: krytalex (button) (small blind) mucked


PokerStars Hand #159270167220:  Hold'em Limit ($3/$6 USD) - 2016/09/29 21:51:53 ET
Table 'Lomia' 6-max Seat #2 is the button
Seat 2: UNABELIEVE ($180.32 in chips)
Seat 5: krytalex ($77.76 in chips)
UNABELIEVE: posts small blind $1
krytalex: posts big blind $3
*** HOLE CARDS ***
UNABELIEVE: raises $3 to $6
krytalex: calls $3
*** FLOP *** [9h 9s Ah]
krytalex: checks
UNABELIEVE: bets $3
krytalex: folds
Uncalled bet ($3) returned to UNABELIEVE
UNABELIEVE collected $11.76 from pot
*** SUMMARY ***
Total pot $12 | Rake $0.24
Board [9h 9s Ah]
Seat 2: UNABELIEVE (button) (small blind) collected ($11.76)
Seat 5: krytalex (big blind) folded on the Flop


PokerStars Hand #159270161662:  Hold'em Limit ($3/$6 USD) - 2016/09/29 21:51:37 ET
Table 'Lomia' 6-max Seat #5 is the button
Seat 2: UNABELIEVE ($186.32 in chips)
Seat 5: krytalex ($72 in chips)
krytalex: posts small blind $1
UNABELIEVE: posts big blind $3
*** HOLE CARDS ***
krytalex: raises $3 to $6
UNABELIEVE: calls $3
*** FLOP *** [Js 6h 6c]
UNABELIEVE: checks
krytalex: bets $3
UNABELIEVE: folds
Uncalled bet ($3) returned to krytalex
krytalex collected $11.76 from pot
*** SUMMARY ***
Total pot $12 | Rake $0.24
Board [Js 6h 6c]
Seat 2: UNABELIEVE (big blind) folded on the Flop
Seat 5: krytalex (button) (small blind) collected ($11.76)


PokerStars Hand #159270152597:  Hold'em Limit ($3/$6 USD) - 2016/09/29 21:51:12 ET
Table 'Lomia' 6-max Seat #2 is the button
Seat 2: UNABELIEVE ($177.68 in chips)
Seat 5: krytalex ($72 in chips)
UNABELIEVE: posts small blind $1
krytalex: posts big blind $3
*** HOLE CARDS ***
UNABELIEVE: raises $3 to $6
krytalex: calls $3
*** FLOP *** [4h Tc 2h]
krytalex: checks
UNABELIEVE: bets $3
krytalex: calls $3
*** TURN *** [4h Tc 2h] [Js]
krytalex: checks
UNABELIEVE: checks
*** RIVER *** [4h Tc 2h Js] [7c]
krytalex: checks
UNABELIEVE: bets $6
krytalex: folds
Uncalled bet ($6) returned to UNABELIEVE
UNABELIEVE collected $17.64 from pot
*** SUMMARY ***
Total pot $18 | Rake $0.36
Board [4h Tc 2h Js 7c]
Seat 2: UNABELIEVE (button) (small blind) collected ($17.64)
Seat 5: krytalex (big blind) folded on the River


PokerStars Hand #159270173545:  Hold'em Limit ($3/$6 USD) - 2016/09/29 21:52:11 ET
Table 'Lomia' 6-max Seat #5 is the button
Seat 2: UNABELIEVE ($186.08 in chips)
Seat 5: krytalex ($72 in chips)
krytalex: posts small blind $1
UNABELIEVE: posts big blind $3
*** HOLE CARDS ***
krytalex: raises $3 to $6
UNABELIEVE: calls $3
*** FLOP *** [5h Kd Qd]
UNABELIEVE: checks
krytalex: bets $3
UNABELIEVE: folds
Uncalled bet ($3) returned to krytalex
krytalex collected $11.76 from pot
*** SUMMARY ***
Total pot $12 | Rake $0.24
Board [5h Kd Qd]
Seat 2: UNABELIEVE (big blind) folded on the Flop
Seat 5: krytalex (button) (small blind) collected ($11.76)


PokerStars Hand #159270192586:  Hold'em Limit ($3/$6 USD) - 2016/09/29 21:53:06 ET
Table 'Lomia' 6-max Seat #2 is the button
Seat 2: UNABELIEVE ($176.72 in chips)
Seat 5: krytalex ($80.28 in chips)
UNABELIEVE: posts small blind $1
krytalex: posts big blind $3
*** HOLE CARDS ***
UNABELIEVE: folds
Uncalled bet ($2) returned to krytalex
krytalex collected $2 from pot
*** SUMMARY ***
Total pot $2 | Rake $0
Seat 2: UNABELIEVE (button) (small blind) folded before Flop
Seat 5: krytalex (big blind) collected ($2)


PokerStars Hand #159270185888:  Hold'em Limit ($3/$6 USD) - 2016/09/29 21:52:46 ET
Table 'Lomia' 6-max Seat #5 is the button
Seat 2: UNABELIEVE ($168.08 in chips)
Seat 5: krytalex ($89.28 in chips)
krytalex: posts small blind $1
UNABELIEVE: posts big blind $3
*** HOLE CARDS ***
krytalex: raises $3 to $6
UNABELIEVE: raises $3 to $9
krytalex: calls $3
*** FLOP *** [Td Jd Jc]
UNABELIEVE: bets $3
krytalex: folds
Uncalled bet ($3) returned to UNABELIEVE
UNABELIEVE collected $17.64 from pot
*** SUMMARY ***
Total pot $18 | Rake $0.36
Board [Td Jd Jc]
Seat 2: UNABELIEVE (big blind) collected ($17.64)
Seat 5: krytalex (button) (small blind) folded on the Flop


PokerStars Hand #159270177895:  Hold'em Limit ($3/$6 USD) - 2016/09/29 21:52:24 ET
Table 'Lomia' 6-max Seat #2 is the button
Seat 2: UNABELIEVE ($180.08 in chips)
Seat 5: krytalex ($77.76 in chips)
UNABELIEVE: posts small blind $1
krytalex: posts big blind $3
*** HOLE CARDS ***
UNABELIEVE: raises $3 to $6
krytalex: calls $3
*** FLOP *** [2s 4h Tc]
krytalex: checks
UNABELIEVE: bets $3
krytalex: raises $3 to $6
UNABELIEVE: calls $3
*** TURN *** [2s 4h Tc] [6d]
krytalex: bets $6
UNABELIEVE: folds
Uncalled bet ($6) returned to krytalex
krytalex collected $23.52 from pot
*** SUMMARY ***
Total pot $24 | Rake $0.48
Board [2s 4h Tc 6d]
Seat 2: UNABELIEVE (button) (small blind) folded on the Turn
Seat 5: krytalex (big blind) collected ($23.52)


PokerStars Hand #159270194459:  Hold'em Limit ($3/$6 USD) - 2016/09/29 21:53:11 ET
Table 'Lomia' 6-max Seat #5 is the button
Seat 2: UNABELIEVE ($175.72 in chips)
Seat 5: krytalex ($81.28 in chips)
krytalex: posts small blind $1
UNABELIEVE: posts big blind $3
*** HOLE CARDS ***
ABATAPP joins the table at seat #3
krytalex: raises $3 to $6
UNABELIEVE: calls $3
*** FLOP *** [8d As 9c]
UNABELIEVE: checks
krytalex: bets $3
UNABELIEVE: folds
Uncalled bet ($3) returned to krytalex
krytalex collected $11.76 from pot
*** SUMMARY ***
Total pot $12 | Rake $0.24
Board [8d As 9c]
Seat 2: UNABELIEVE (big blind) folded on the Flop
Seat 5: krytalex (button) (small blind) collected ($11.76)


PokerStars Hand #159274697790:  Hold'em Limit ($3/$6 USD) - 2016/09/30 2:36:03 ET
Table 'Lomia' 6-max Seat #5 is the button
Seat 5: knas4 ($103.64 in chips)
Seat 6: Masqb ($158.92 in chips)
knas4: posts small blind $1
Masqb: posts big blind $3
*** HOLE CARDS ***
knas4: folds
Uncalled bet ($2) returned to Masqb
Masqb collected $2 from pot
Masqb: doesn't show hand
knas4 leaves the table
*** SUMMARY ***
Total pot $2 | Rake $0
Seat 5: knas4 (button) (small blind) folded before Flop
Seat 6: Masqb (big blind) collected ($2)


PokerStars Hand #159274694042:  Hold'em Limit ($3/$6 USD) - 2016/09/30 2:35:48 ET
Table 'Lomia' 6-max Seat #6 is the button
Seat 5: knas4 ($106.64 in chips)
Seat 6: Masqb ($155.92 in chips)
Masqb: posts small blind $1
knas4: posts big blind $3
*** HOLE CARDS ***
AA_ILI leaves the table
Masqb: raises $3 to $6
knas4: folds
Uncalled bet ($3) returned to Masqb
Masqb collected $6 from pot
Masqb: doesn't show hand
*** SUMMARY ***
Total pot $6 | Rake $0
Seat 5: knas4 (big blind) folded before Flop
Seat 6: Masqb (button) (small blind) collected ($6)


