PokerStars Hand #151011387601:  Hold'em Limit ($3/$6 USD) - 2016/03/27 11:16:24 ET
Table 'Lomia II' 10-max Seat #6 is the button
Seat 6: Great_Kang ($198.79 in chips)
Seat 7: MobyDickDK ($15.81 in chips)
Great_Kang: posts small blind $1
MobyDickDK: posts big blind $3
*** HOLE CARDS ***
Great_Kang: raises $3 to $6
MobyDickDK: raises $3 to $9
Great_Kang: calls $3
*** FLOP *** [5s 4c Qs]
MobyDickDK: bets $3
Great_Kang: calls $3
*** TURN *** [5s 4c Qs] [Ad]
MobyDickDK: bets $3.81 and is all-in
Great_Kang: calls $3.81
*** RIVER *** [5s 4c Qs Ad] [Kd]
*** SHOW DOWN ***
MobyDickDK: shows [8s Jd] (high card Ace)
Great_Kang: shows [Th 4h] (a pair of Fours)
Great_Kang collected $31.12 from pot
*** SUMMARY ***
Total pot $31.62 | Rake $0.50
Board [5s 4c Qs Ad Kd]
Seat 6: Great_Kang (button) (small blind) showed [Th 4h] and won ($31.12) with a pair of Fours
Seat 7: MobyDickDK (big blind) showed [8s Jd] and lost with high card Ace


PokerStars Hand #151016461722:  Hold'em Limit ($3/$6 USD) - 2016/03/27 12:53:38 ET
Table 'Lomia II' 10-max Seat #5 is the button
Seat 5: 5PRUT5 ($34 in chips)
Seat 6: Agrotait ($71 in chips)
5PRUT5: posts small blind $1
Agrotait: posts big blind $3
*** HOLE CARDS ***
5PRUT5: raises $3 to $6
Agrotait: raises $3 to $9
5PRUT5: raises $3 to $12
Betting is capped
Agrotait: calls $3
*** FLOP *** [Jd 6s 2h]
Agrotait: checks
5PRUT5: bets $3
Agrotait: calls $3
*** TURN *** [Jd 6s 2h] [6d]
Agrotait: checks
5PRUT5: bets $6
Agrotait: calls $6
*** RIVER *** [Jd 6s 2h 6d] [Qd]
Agrotait: checks
5PRUT5: checks
*** SHOW DOWN ***
Agrotait: shows [Ts Ad] (a pair of Sixes)
5PRUT5: shows [7s 7c] (two pair, Sevens and Sixes)
5PRUT5 collected $41.50 from pot
*** SUMMARY ***
Total pot $42 | Rake $0.50
Board [Jd 6s 2h 6d Qd]
Seat 5: 5PRUT5 (button) (small blind) showed [7s 7c] and won ($41.50) with two pair, Sevens and Sixes
Seat 6: Agrotait (big blind) showed [Ts Ad] and lost with a pair of Sixes


PokerStars Hand #151016560204:  Hold'em Limit ($3/$6 USD) - 2016/03/27 12:55:24 ET
Table 'Lomia II' 10-max Seat #5 is the button
Seat 5: 5PRUT5 ($39.50 in chips)
Seat 6: Agrotait ($86.50 in chips)
5PRUT5: posts small blind $1
Agrotait: posts big blind $3
*** HOLE CARDS ***
5PRUT5: folds
Uncalled bet ($2) returned to Agrotait
Agrotait collected $2 from pot
Agrotait: doesn't show hand
*** SUMMARY ***
Total pot $2 | Rake $0
Seat 5: 5PRUT5 (button) (small blind) folded before Flop
Seat 6: Agrotait (big blind) collected ($2)


PokerStars Hand #151016509963:  Hold'em Limit ($3/$6 USD) - 2016/03/27 12:54:28 ET
Table 'Lomia II' 10-max Seat #6 is the button
Seat 5: 5PRUT5 ($54.50 in chips)
Seat 6: Agrotait ($72 in chips)
Agrotait: posts small blind $1
5PRUT5: posts big blind $3
*** HOLE CARDS ***
Agrotait: raises $3 to $6
5PRUT5: calls $3
*** FLOP *** [Ad Kh 2s]
5PRUT5: checks
Kitchensink0 joins the table at seat #7
GoliafUa joins the table at seat #8
Agrotait: bets $3
5PRUT5: calls $3
*** TURN *** [Ad Kh 2s] [9h]
5PRUT5: checks
Agrotait: checks
*** RIVER *** [Ad Kh 2s 9h] [Ac]
5PRUT5: bets $6
Agrotait: calls $6
*** SHOW DOWN ***
5PRUT5: shows [5c 4d] (a pair of Aces)
Agrotait: shows [6d 9s] (two pair, Aces and Nines)
Agrotait collected $29.50 from pot
*** SUMMARY ***
Total pot $30 | Rake $0.50
Board [Ad Kh 2s 9h Ac]
Seat 5: 5PRUT5 (big blind) showed [5c 4d] and lost with a pair of Aces
Seat 6: Agrotait (button) (small blind) showed [6d 9s] and won ($29.50) with two pair, Aces and Nines


PokerStars Hand #151016725015:  Hold'em Limit ($3/$6 USD) - 2016/03/27 12:59:21 ET
Table 'Lomia II' 10-max Seat #8 is the button
Seat 7: Kitchensink0 ($125.35 in chips)
Seat 8: GoliafUa ($104 in chips)
GoliafUa: posts small blind $1
Agrotait: is sitting out
Kitchensink0: posts big blind $3
*** HOLE CARDS ***
GoliafUa: folds
Uncalled bet ($2) returned to Kitchensink0
Kitchensink0 collected $2 from pot
*** SUMMARY ***
Total pot $2 | Rake $0
Seat 7: Kitchensink0 (big blind) collected ($2)
Seat 8: GoliafUa (button) (small blind) folded before Flop


PokerStars Hand #151016730278:  Hold'em Limit ($3/$6 USD) - 2016/03/27 12:59:29 ET
Table 'Lomia II' 10-max Seat #7 is the button
Seat 7: Kitchensink0 ($126.35 in chips)
Seat 8: GoliafUa ($103 in chips)
Kitchensink0: posts small blind $1
GoliafUa: posts big blind $3
*** HOLE CARDS ***
Agrotait leaves the table
Kitchensink0: calls $2
GoliafUa: raises $3 to $6
Kitchensink0: calls $3
*** FLOP *** [7d Qh 8d]
GoliafUa: bets $3
Kitchensink0: calls $3
*** TURN *** [7d Qh 8d] [6c]
GoliafUa: bets $6
Kitchensink0: raises $6 to $12
GoliafUa: folds
Uncalled bet ($6) returned to Kitchensink0
Kitchensink0 collected $29.50 from pot
*** SUMMARY ***
Total pot $30 | Rake $0.50
Board [7d Qh 8d 6c]
Seat 7: Kitchensink0 (button) (small blind) collected ($29.50)
Seat 8: GoliafUa (big blind) folded on the Turn


