PokerStars Hand #150586608949:  Hold'em Limit ($3/$6 USD) - 2016/03/19 8:47:33 ET
Table 'Lomia III' 6-max Seat #4 is the button
Seat 4: _fayzulllo_ ($30.97 in chips)
Seat 5: Ale4o ($158 in chips)
_fayzulllo_: posts small blind $1
Ale4o: posts big blind $3
*** HOLE CARDS ***
_fayzulllo_: calls $2
Ale4o: checks
*** FLOP *** [2h 5h Qs]
Ale4o: bets $3
_fayzulllo_: calls $3
*** TURN *** [2h 5h Qs] [Qc]
Ale4o: bets $6
tranduc joins the table at seat #1
_fayzulllo_: calls $6
*** RIVER *** [2h 5h Qs Qc] [4c]
Ale4o: bets $6
_fayzulllo_: calls $6
*** SHOW DOWN ***
Ale4o: shows [5s 7s] (two pair, Queens and Fives)
_fayzulllo_: mucks hand
Ale4o collected $35.50 from pot
*** SUMMARY ***
Total pot $36 | Rake $0.50
Board [2h 5h Qs Qc 4c]
Seat 4: _fayzulllo_ (button) (small blind) mucked
Seat 5: Ale4o (big blind) showed [5s 7s] and won ($35.50) with two pair, Queens and Fives


PokerStars Hand #150591695468:  Hold'em Limit ($3/$6 USD) - 2016/03/19 10:50:22 ET
Table 'Lomia III' 6-max Seat #3 is the button
Seat 3: mjs1982kr ($91.64 in chips)
Seat 5: Ale4o ($112 in chips)
mjs1982kr: posts small blind $1
Ale4o: posts big blind $3
*** HOLE CARDS ***
mjs1982kr: calls $2
Ale4o: checks
*** FLOP *** [Qh 3c 6d]
Ale4o: checks
mjs1982kr: checks
*** TURN *** [Qh 3c 6d] [7c]
Ale4o: bets $6
mjs1982kr: calls $6
*** RIVER *** [Qh 3c 6d 7c] [Ah]
Ale4o: bets $6
mjs1982kr: folds
Uncalled bet ($6) returned to Ale4o
Ale4o collected $17.64 from pot
Ale4o: doesn't show hand
*** SUMMARY ***
Total pot $18 | Rake $0.36
Board [Qh 3c 6d 7c Ah]
Seat 3: mjs1982kr (button) (small blind) folded on the River
Seat 5: Ale4o (big blind) collected ($17.64)


PokerStars Hand #150591738240:  Hold'em Limit ($3/$6 USD) - 2016/03/19 10:51:19 ET
Table 'Lomia III' 6-max Seat #5 is the button
Seat 3: mjs1982kr ($91.14 in chips)
Seat 5: Ale4o ($111.40 in chips)
Ale4o: posts small blind $1
mjs1982kr: posts big blind $3
*** HOLE CARDS ***
Ale4o: raises $3 to $6
mjs1982kr: calls $3
*** FLOP *** [Qh Ad 6c]
mjs1982kr: checks
Ale4o: bets $3
mjs1982kr: calls $3
*** TURN *** [Qh Ad 6c] [8h]
mjs1982kr: checks
Ale4o: checks
*** RIVER *** [Qh Ad 6c 8h] [3c]
mjs1982kr: checks
Ale4o: checks
*** SHOW DOWN ***
mjs1982kr: shows [Tc Kc] (high card Ace)
Ale4o: mucks hand
mjs1982kr collected $17.64 from pot
*** SUMMARY ***
Total pot $18 | Rake $0.36
Board [Qh Ad 6c 8h 3c]
Seat 3: mjs1982kr (big blind) showed [Tc Kc] and won ($17.64) with high card Ace
Seat 5: Ale4o (button) (small blind) mucked


PokerStars Hand #150591727993:  Hold'em Limit ($3/$6 USD) - 2016/03/19 10:51:05 ET
Table 'Lomia III' 6-max Seat #3 is the button
Seat 3: mjs1982kr ($97.14 in chips)
Seat 5: Ale4o ($105.64 in chips)
mjs1982kr: posts small blind $1
Ale4o: posts big blind $3
*** HOLE CARDS ***
mjs1982kr: calls $2
Ale4o: raises $3 to $6
mjs1982kr: calls $3
*** FLOP *** [Jd 5d 3c]
Ale4o: bets $3
mjs1982kr: folds
Uncalled bet ($3) returned to Ale4o
Ale4o collected $11.76 from pot
Ale4o: doesn't show hand
*** SUMMARY ***
Total pot $12 | Rake $0.24
Board [Jd 5d 3c]
Seat 3: mjs1982kr (button) (small blind) folded on the Flop
Seat 5: Ale4o (big blind) collected ($11.76)


PokerStars Hand #150591709429:  Hold'em Limit ($3/$6 USD) - 2016/03/19 10:50:40 ET
Table 'Lomia III' 6-max Seat #5 is the button
Seat 3: mjs1982kr ($82.64 in chips)
Seat 5: Ale4o ($120.64 in chips)
Ale4o: posts small blind $1
mjs1982kr: posts big blind $3
*** HOLE CARDS ***
Ale4o: raises $3 to $6
mjs1982kr: calls $3
*** FLOP *** [Ad 2s 6d]
mjs1982kr: checks
Ale4o: bets $3
mjs1982kr: calls $3
*** TURN *** [Ad 2s 6d] [2h]
mjs1982kr: checks
Ale4o: bets $6
mjs1982kr: calls $6
*** RIVER *** [Ad 2s 6d 2h] [5h]
mjs1982kr: checks
Ale4o: checks
*** SHOW DOWN ***
mjs1982kr: shows [8s 6c] (two pair, Sixes and Deuces)
Ale4o: mucks hand
mjs1982kr collected $29.50 from pot
*** SUMMARY ***
Total pot $30 | Rake $0.50
Board [Ad 2s 6d 2h 5h]
Seat 3: mjs1982kr (big blind) showed [8s 6c] and won ($29.50) with two pair, Sixes and Deuces
Seat 5: Ale4o (button) (small blind) mucked


PokerStars Hand #150591790673:  Hold'em Limit ($3/$6 USD) - 2016/03/19 10:52:30 ET
Table 'Lomia III' 6-max Seat #5 is the button
Seat 3: mjs1982kr ($92.66 in chips)
Seat 5: Ale4o ($109.04 in chips)
Ale4o: posts small blind $1
mjs1982kr: posts big blind $3
*** HOLE CARDS ***
Ale4o: raises $3 to $6
mjs1982kr: calls $3
*** FLOP *** [3c 5s 3h]
mjs1982kr: checks
Ale4o: bets $3
mjs1982kr: calls $3
*** TURN *** [3c 5s 3h] [Kd]
mjs1982kr: checks
Ale4o: bets $6
mjs1982kr: folds
Uncalled bet ($6) returned to Ale4o
Ale4o collected $17.64 from pot
Ale4o: doesn't show hand
*** SUMMARY ***
Total pot $18 | Rake $0.36
Board [3c 5s 3h Kd]
Seat 3: mjs1982kr (big blind) folded on the Turn
Seat 5: Ale4o (button) (small blind) collected ($17.64)


PokerStars Hand #150591778776:  Hold'em Limit ($3/$6 USD) - 2016/03/19 10:52:14 ET
Table 'Lomia III' 6-max Seat #3 is the button
Seat 3: mjs1982kr ($89.78 in chips)
Seat 5: Ale4o ($112.04 in chips)
mjs1982kr: posts small blind $1
Ale4o: posts big blind $3
*** HOLE CARDS ***
mjs1982kr: calls $2
Ale4o: checks
*** FLOP *** [2h 2c Tc]
Ale4o: checks
mjs1982kr: bets $3
Ale4o: folds
Uncalled bet ($3) returned to mjs1982kr
mjs1982kr collected $5.88 from pot
mjs1982kr: doesn't show hand
*** SUMMARY ***
Total pot $6 | Rake $0.12
Board [2h 2c Tc]
Seat 3: mjs1982kr (button) (small blind) collected ($5.88)
Seat 5: Ale4o (big blind) folded on the Flop


PokerStars Hand #150591764855:  Hold'em Limit ($3/$6 USD) - 2016/03/19 10:51:55 ET
Table 'Lomia III' 6-max Seat #5 is the button
Seat 3: mjs1982kr ($98.78 in chips)
Seat 5: Ale4o ($103.40 in chips)
Ale4o: posts small blind $1
mjs1982kr: posts big blind $3
*** HOLE CARDS ***
Ale4o: raises $3 to $6
mjs1982kr: calls $3
*** FLOP *** [Tc Jh 6d]
mjs1982kr: checks
Ale4o: bets $3
mjs1982kr: calls $3
*** TURN *** [Tc Jh 6d] [6c]
mjs1982kr: checks
Ale4o: bets $6
mjs1982kr: folds
Uncalled bet ($6) returned to Ale4o
Ale4o collected $17.64 from pot
Ale4o: doesn't show hand
*** SUMMARY ***
Total pot $18 | Rake $0.36
Board [Tc Jh 6d 6c]
Seat 3: mjs1982kr (big blind) folded on the Turn
Seat 5: Ale4o (button) (small blind) collected ($17.64)


PokerStars Hand #150591760123:  Hold'em Limit ($3/$6 USD) - 2016/03/19 10:51:49 ET
Table 'Lomia III' 6-max Seat #3 is the button
Seat 3: mjs1982kr ($99.78 in chips)
Seat 5: Ale4o ($102.40 in chips)
mjs1982kr: posts small blind $1
Ale4o: posts big blind $3
*** HOLE CARDS ***
mjs1982kr: folds
Uncalled bet ($2) returned to Ale4o
Ale4o collected $2 from pot
Ale4o: doesn't show hand
*** SUMMARY ***
Total pot $2 | Rake $0
Seat 3: mjs1982kr (button) (small blind) folded before Flop
Seat 5: Ale4o (big blind) collected ($2)


PokerStars Hand #150591831640:  Hold'em Limit ($3/$6 USD) - 2016/03/19 10:53:26 ET
Table 'Lomia III' 6-max Seat #5 is the button
Seat 3: mjs1982kr ($54.66 in chips)
Seat 5: Ale4o ($146.18 in chips)
Ale4o: posts small blind $1
mjs1982kr: posts big blind $3
*** HOLE CARDS ***
Ale4o: raises $3 to $6
mjs1982kr: calls $3
*** FLOP *** [3h Ah 5h]
mjs1982kr: bets $3
Ale4o: folds
Uncalled bet ($3) returned to mjs1982kr
Pandakey joins the table at seat #4
mjs1982kr collected $11.76 from pot
mjs1982kr: doesn't show hand
*** SUMMARY ***
Total pot $12 | Rake $0.24
Board [3h Ah 5h]
Seat 3: mjs1982kr (big blind) collected ($11.76)
Seat 5: Ale4o (button) (small blind) folded on the Flop


PokerStars Hand #150591827205:  Hold'em Limit ($3/$6 USD) - 2016/03/19 10:53:20 ET
Table 'Lomia III' 6-max Seat #3 is the button
Seat 3: mjs1982kr ($55.66 in chips)
Seat 5: Ale4o ($145.18 in chips)
mjs1982kr: posts small blind $1
Ale4o: posts big blind $3
*** HOLE CARDS ***
mjs1982kr: folds
Uncalled bet ($2) returned to Ale4o
Ale4o collected $2 from pot
Ale4o: doesn't show hand
*** SUMMARY ***
Total pot $2 | Rake $0
Seat 3: mjs1982kr (button) (small blind) folded before Flop
Seat 5: Ale4o (big blind) collected ($2)


PokerStars Hand #150591810301:  Hold'em Limit ($3/$6 USD) - 2016/03/19 10:52:57 ET
Table 'Lomia III' 6-max Seat #5 is the button
Seat 3: mjs1982kr ($82.66 in chips)
Seat 5: Ale4o ($118.68 in chips)
Ale4o: posts small blind $1
mjs1982kr: posts big blind $3
*** HOLE CARDS ***
Ale4o: raises $3 to $6
mjs1982kr: calls $3
*** FLOP *** [2h 8h 9s]
mjs1982kr: checks
Ale4o: bets $3
mjs1982kr: calls $3
*** TURN *** [2h 8h 9s] [4h]
mjs1982kr: checks
Ale4o: bets $6
mjs1982kr: calls $6
*** RIVER *** [2h 8h 9s 4h] [Ts]
mjs1982kr: checks
Ale4o: bets $6
mjs1982kr: raises $6 to $12
Ale4o: calls $6
*** SHOW DOWN ***
mjs1982kr: shows [Tc Qd] (a pair of Tens)
Ale4o: shows [Td Th] (three of a kind, Tens)
Ale4o collected $53.50 from pot
*** SUMMARY ***
Total pot $54 | Rake $0.50
Board [2h 8h 9s 4h Ts]
Seat 3: mjs1982kr (big blind) showed [Tc Qd] and lost with a pair of Tens
Seat 5: Ale4o (button) (small blind) showed [Td Th] and won ($53.50) with three of a kind, Tens


PokerStars Hand #150591804042:  Hold'em Limit ($3/$6 USD) - 2016/03/19 10:52:48 ET
Table 'Lomia III' 6-max Seat #3 is the button
Seat 3: mjs1982kr ($83.66 in chips)
Seat 5: Ale4o ($117.68 in chips)
mjs1982kr: posts small blind $1
Ale4o: posts big blind $3
*** HOLE CARDS ***
mjs1982kr: folds
Uncalled bet ($2) returned to Ale4o
Ale4o collected $2 from pot
Ale4o: doesn't show hand
*** SUMMARY ***
Total pot $2 | Rake $0
Seat 3: mjs1982kr (button) (small blind) folded before Flop
Seat 5: Ale4o (big blind) collected ($2)


PokerStars Hand #150606989714:  Hold'em Limit ($3/$6 USD) - 2016/03/19 15:31:01 ET
Table 'Lomia III' 6-max Seat #5 is the button
Seat 4: Bassie830 ($321.88 in chips)
Seat 5: Chessnok ($231.39 in chips)
Chessnok: posts small blind $1
krytalex: is sitting out
Ale4o: is sitting out
Agniosius: is sitting out
Bassie830: posts big blind $3
*** HOLE CARDS ***
krytalex leaves the table
Ale4o leaves the table
Chessnok: raises $3 to $6
Bassie830: calls $3
*** FLOP *** [4d Kd 8s]
Bassie830: checks
Chessnok: bets $3
Bassie830: calls $3
*** TURN *** [4d Kd 8s] [7c]
Bassie830: checks
Chessnok: bets $6
Bassie830: calls $6
*** RIVER *** [4d Kd 8s 7c] [Qh]
Bassie830: checks
Chessnok: bets $6
Bassie830: calls $6
*** SHOW DOWN ***
Chessnok: shows [8c 3c] (a pair of Eights)
Bassie830: mucks hand
Chessnok collected $41.50 from pot
*** SUMMARY ***
Total pot $42 | Rake $0.50
Board [4d Kd 8s 7c Qh]
Seat 4: Bassie830 (big blind) mucked
Seat 5: Chessnok (button) (small blind) showed [8c 3c] and won ($41.50) with a pair of Eights


PokerStars Hand #150607022063:  Hold'em Limit ($3/$6 USD) - 2016/03/19 15:31:33 ET
Table 'Lomia III' 6-max Seat #4 is the button
Seat 4: Bassie830 ($300.88 in chips)
Seat 5: Chessnok ($251.89 in chips)
Bassie830: posts small blind $1
Chessnok: posts big blind $3
*** HOLE CARDS ***
Bassie830: raises $3 to $6
Chessnok: raises $3 to $9
Bassie830: calls $3
*** FLOP *** [Jc 8c 6c]
Chessnok: bets $3
Bassie830: calls $3
*** TURN *** [Jc 8c 6c] [3s]
Chessnok: bets $6
Bassie830: calls $6
*** RIVER *** [Jc 8c 6c 3s] [Jd]
Chessnok: checks
Bassie830: bets $6
Chessnok: calls $6
*** SHOW DOWN ***
Bassie830: shows [Js 4s] (three of a kind, Jacks)
Chessnok: mucks hand
Bassie830 collected $47.50 from pot
*** SUMMARY ***
Total pot $48 | Rake $0.50
Board [Jc 8c 6c 3s Jd]
Seat 4: Bassie830 (button) (small blind) showed [Js 4s] and won ($47.50) with three of a kind, Jacks
Seat 5: Chessnok (big blind) mucked


PokerStars Hand #150607046278:  Hold'em Limit ($3/$6 USD) - 2016/03/19 15:31:56 ET
Table 'Lomia III' 6-max Seat #5 is the button
Seat 4: Bassie830 ($324.38 in chips)
Seat 5: Chessnok ($227.89 in chips)
Chessnok: posts small blind $1
Bassie830: posts big blind $3
*** HOLE CARDS ***
Chessnok: raises $3 to $6
Bassie830: raises $3 to $9
Chessnok: calls $3
*** FLOP *** [7h Th Jd]
Bassie830: bets $3
Chessnok: calls $3
*** TURN *** [7h Th Jd] [Jh]
Bassie830: bets $6
Chessnok: folds
Uncalled bet ($6) returned to Bassie830
Bassie830 collected $23.52 from pot
Bassie830: doesn't show hand
*** SUMMARY ***
Total pot $24 | Rake $0.48
Board [7h Th Jd Jh]
Seat 4: Bassie830 (big blind) collected ($23.52)
Seat 5: Chessnok (button) (small blind) folded on the Turn


PokerStars Hand #150607100477:  Hold'em Limit ($3/$6 USD) - 2016/03/19 15:32:49 ET
Table 'Lomia III' 6-max Seat #5 is the button
Seat 4: Bassie830 ($311.90 in chips)
Seat 5: Chessnok ($239.39 in chips)
Chessnok: posts small blind $1
Bassie830: posts big blind $3
*** HOLE CARDS ***
Chessnok: raises $3 to $6
Bassie830: folds
Uncalled bet ($3) returned to Chessnok
Chessnok collected $6 from pot
Chessnok: doesn't show hand
*** SUMMARY ***
Total pot $6 | Rake $0
Seat 4: Bassie830 (big blind) folded before Flop
Seat 5: Chessnok (button) (small blind) collected ($6)


PokerStars Hand #150607079043:  Hold'em Limit ($3/$6 USD) - 2016/03/19 15:32:28 ET
Table 'Lomia III' 6-max Seat #4 is the button
Seat 4: Bassie830 ($335.90 in chips)
Seat 5: Chessnok ($215.89 in chips)
Bassie830: posts small blind $1
Chessnok: posts big blind $3
*** HOLE CARDS ***
Bassie830: raises $3 to $6
Chessnok: calls $3
*** FLOP *** [Kc Jd Qh]
Chessnok: checks
Bassie830: bets $3
Chessnok: raises $3 to $6
Bassie830: calls $3
*** TURN *** [Kc Jd Qh] [7s]
Chessnok: bets $6
Bassie830: calls $6
*** RIVER *** [Kc Jd Qh 7s] [2h]
Chessnok: bets $6
Bassie830: calls $6
*** SHOW DOWN ***
Chessnok: shows [Kd 6c] (a pair of Kings)
Bassie830: mucks hand
Chessnok collected $47.50 from pot
*** SUMMARY ***
Total pot $48 | Rake $0.50
Board [Kc Jd Qh 7s 2h]
Seat 4: Bassie830 (button) (small blind) mucked
Seat 5: Chessnok (big blind) showed [Kd 6c] and won ($47.50) with a pair of Kings


PokerStars Hand #150607131693:  Hold'em Limit ($3/$6 USD) - 2016/03/19 15:33:20 ET
Table 'Lomia III' 6-max Seat #5 is the button
Seat 4: Bassie830 ($314.66 in chips)
Seat 5: Chessnok ($236.39 in chips)
Chessnok: posts small blind $1
Bassie830: posts big blind $3
*** HOLE CARDS ***
Chessnok: raises $3 to $6
Bassie830: folds
Uncalled bet ($3) returned to Chessnok
Chessnok collected $6 from pot
Chessnok: doesn't show hand
*** SUMMARY ***
Total pot $6 | Rake $0
Seat 4: Bassie830 (big blind) folded before Flop
Seat 5: Chessnok (button) (small blind) collected ($6)


PokerStars Hand #150607106870:  Hold'em Limit ($3/$6 USD) - 2016/03/19 15:32:56 ET
Table 'Lomia III' 6-max Seat #4 is the button
Seat 4: Bassie830 ($308.90 in chips)
Seat 5: Chessnok ($242.39 in chips)
Bassie830: posts small blind $1
Chessnok: posts big blind $3
*** HOLE CARDS ***
Bassie830: raises $3 to $6
Chessnok: calls $3
*** FLOP *** [9d 6d Ks]
Chessnok: checks
Bassie830: bets $3
Chessnok: folds
Uncalled bet ($3) returned to Bassie830
Bassie830 collected $11.76 from pot
Bassie830: doesn't show hand
*** SUMMARY ***
Total pot $12 | Rake $0.24
Board [9d 6d Ks]
Seat 4: Bassie830 (button) (small blind) collected ($11.76)
Seat 5: Chessnok (big blind) folded on the Flop


PokerStars Hand #150607138132:  Hold'em Limit ($3/$6 USD) - 2016/03/19 15:33:26 ET
Table 'Lomia III' 6-max Seat #4 is the button
Seat 4: Bassie830 ($311.66 in chips)
Seat 5: Chessnok ($239.39 in chips)
Bassie830: posts small blind $1
Chessnok: posts big blind $3
*** HOLE CARDS ***
Bassie830: raises $3 to $6
Chessnok: calls $3
*** FLOP *** [Qc Kd 5c]
Chessnok: checks
Bassie830: bets $3
Chessnok: calls $3
*** TURN *** [Qc Kd 5c] [Kh]
Chessnok: checks
Bassie830: bets $6
Chessnok: calls $6
*** RIVER *** [Qc Kd 5c Kh] [8h]
Chessnok: checks
Bassie830: checks
*** SHOW DOWN ***
Chessnok: shows [Ah 4d] (a pair of Kings)
Bassie830: shows [8d Jd] (two pair, Kings and Eights)
Bassie830 collected $29.50 from pot
*** SUMMARY ***
Total pot $30 | Rake $0.50
Board [Qc Kd 5c Kh 8h]
Seat 4: Bassie830 (button) (small blind) showed [8d Jd] and won ($29.50) with two pair, Kings and Eights
Seat 5: Chessnok (big blind) showed [Ah 4d] and lost with a pair of Kings


PokerStars Hand #150607160356:  Hold'em Limit ($3/$6 USD) - 2016/03/19 15:33:48 ET
Table 'Lomia III' 6-max Seat #5 is the button
Seat 4: Bassie830 ($326.16 in chips)
Seat 5: Chessnok ($224.39 in chips)
Chessnok: posts small blind $1
Bassie830: posts big blind $3
*** HOLE CARDS ***
Chessnok: raises $3 to $6
Bassie830: calls $3
*** FLOP *** [5c 3c 7s]
Bassie830: checks
Chessnok: bets $3
Bassie830: calls $3
*** TURN *** [5c 3c 7s] [9h]
Bassie830: checks
Chessnok: checks
*** RIVER *** [5c 3c 7s 9h] [2c]
Bassie830: bets $6
Chessnok: raises $6 to $12
Bassie830: calls $6
*** SHOW DOWN ***
Chessnok: shows [4d Ah] (a straight, Ace to Five)
Bassie830: mucks hand
Chessnok collected $41.50 from pot
*** SUMMARY ***
Total pot $42 | Rake $0.50
Board [5c 3c 7s 9h 2c]
Seat 4: Bassie830 (big blind) mucked
Seat 5: Chessnok (button) (small blind) showed [4d Ah] and won ($41.50) with a straight, Ace to Five


PokerStars Hand #150607184089:  Hold'em Limit ($3/$6 USD) - 2016/03/19 15:34:12 ET
Table 'Lomia III' 6-max Seat #4 is the button
Seat 4: Bassie830 ($305.16 in chips)
Seat 5: Chessnok ($244.89 in chips)
Bassie830: posts small blind $1
Chessnok: posts big blind $3
*** HOLE CARDS ***
Bassie830: raises $3 to $6
Chessnok: calls $3
*** FLOP *** [Th Kd 3c]
Chessnok: checks
Bassie830: bets $3
Chessnok: raises $3 to $6
Bassie830: calls $3
*** TURN *** [Th Kd 3c] [5d]
Chessnok: bets $6
Bassie830: calls $6
*** RIVER *** [Th Kd 3c 5d] [Qc]
Chessnok: bets $6
Bassie830: calls $6
*** SHOW DOWN ***
Chessnok: shows [Kh 5s] (two pair, Kings and Fives)
Bassie830: mucks hand
Chessnok collected $47.50 from pot
*** SUMMARY ***
Total pot $48 | Rake $0.50
Board [Th Kd 3c 5d Qc]
Seat 4: Bassie830 (button) (small blind) mucked
Seat 5: Chessnok (big blind) showed [Kh 5s] and won ($47.50) with two pair, Kings and Fives


PokerStars Hand #150607206994:  Hold'em Limit ($3/$6 USD) - 2016/03/19 15:34:34 ET
Table 'Lomia III' 6-max Seat #5 is the button
Seat 4: Bassie830 ($281.16 in chips)
Seat 5: Chessnok ($268.39 in chips)
Chessnok: posts small blind $1
Bassie830: posts big blind $3
*** HOLE CARDS ***
Chessnok: raises $3 to $6
Bassie830: raises $3 to $9
loserbooser joins the table at seat #6
Chessnok: calls $3
*** FLOP *** [Ah Jd 6c]
Bassie830: bets $3
Chessnok: folds
Uncalled bet ($3) returned to Bassie830
Bassie830 collected $17.64 from pot
Bassie830: doesn't show hand
*** SUMMARY ***
Total pot $18 | Rake $0.36
Board [Ah Jd 6c]
Seat 4: Bassie830 (big blind) collected ($17.64)
Seat 5: Chessnok (button) (small blind) folded on the Flop


PokerStars Hand #150607229511:  Hold'em Limit ($3/$6 USD) - 2016/03/19 15:34:57 ET
Table 'Lomia III' 6-max Seat #4 is the button
Seat 4: Bassie830 ($289.80 in chips)
Seat 5: Chessnok ($259.39 in chips)
Bassie830: posts small blind $1
Chessnok: posts big blind $3
*** HOLE CARDS ***
Bassie830: folds
Uncalled bet ($2) returned to Chessnok
Chessnok collected $2 from pot
Chessnok: doesn't show hand
$eledka joins the table at seat #2
*** SUMMARY ***
Total pot $2 | Rake $0
Seat 4: Bassie830 (button) (small blind) folded before Flop
Seat 5: Chessnok (big blind) collected ($2)


