PokerStars Hand #171297891123:  Hold'em Limit ($3/$6 USD) - 2017/06/03 15:05:25 ET
Table 'Lomia' 6-max Seat #6 is the button
Seat 1: Chessnok ($122.76 in chips)
Seat 6: terrapevt73 ($48.27 in chips)
terrapevt73: posts small blind $1
Chessnok: posts big blind $3
*** HOLE CARDS ***
terrapevt73: raises $3 to $6
Chessnok: raises $3 to $9
terrapevt73: raises $3 to $12
Betting is capped
Jack_Wu1985 joins the table at seat #3
Chessnok: calls $3
*** FLOP *** [2h 7c 8c]
Chessnok: bets $3
vestimokrec joins the table at seat #4
terrapevt73: raises $3 to $6
Chessnok: calls $3
*** TURN *** [2h 7c 8c] [4s]
Chessnok: checks
terrapevt73: bets $6
Chessnok: calls $6
*** RIVER *** [2h 7c 8c 4s] [Ks]
Chessnok: checks
terrapevt73: checks
*** SHOW DOWN ***
Chessnok: shows [6c 6s] (a pair of Sixes)
terrapevt73: shows [Qd 7s] (a pair of Sevens)
terrapevt73 collected $47.50 from pot
*** SUMMARY ***
Total pot $48 | Rake $0.50
Board [2h 7c 8c 4s Ks]
Seat 1: Chessnok (big blind) showed [6c 6s] and lost with a pair of Sixes
Seat 6: terrapevt73 (button) (small blind) showed [Qd 7s] and won ($47.50) with a pair of Sevens


PokerStars Hand #171297875976:  Hold'em Limit ($3/$6 USD) - 2017/06/03 15:05:00 ET
Table 'Lomia' 6-max Seat #1 is the button
Seat 1: Chessnok ($117 in chips)
Seat 6: terrapevt73 ($54.27 in chips)
Chessnok: posts small blind $1
terrapevt73: posts big blind $3
*** HOLE CARDS ***
Chessnok: raises $3 to $6
terrapevt73: calls $3
*** FLOP *** [Td 3c Jh]
terrapevt73: checks
Chessnok: bets $3
terrapevt73: folds
Uncalled bet ($3) returned to Chessnok
Chessnok collected $11.76 from pot
Chessnok: doesn't show hand
*** SUMMARY ***
Total pot $12 | Rake $0.24
Board [Td 3c Jh]
Seat 1: Chessnok (button) (small blind) collected ($11.76)
Seat 6: terrapevt73 (big blind) folded on the Flop


PokerStars Hand #171298175127:  Hold'em Limit ($3/$6 USD) - 2017/06/03 15:13:11 ET
Table 'Lomia' 6-max Seat #1 is the button
Seat 1: Chessnok ($67.10 in chips)
Seat 2: swesder ($122.76 in chips)
Chessnok: posts small blind $1
swesder: posts big blind $3
*** HOLE CARDS ***
Chessnok: raises $3 to $6
swesder: calls $3
*** FLOP *** [Kc Qs 5h]
swesder: checks
Chessnok: bets $3
swesder: calls $3
*** TURN *** [Kc Qs 5h] [9h]
swesder: checks
Chessnok: bets $6
swesder: folds
Uncalled bet ($6) returned to Chessnok
Chessnok collected $17.64 from pot
Chessnok: doesn't show hand
*** SUMMARY ***
Total pot $18 | Rake $0.36
Board [Kc Qs 5h 9h]
Seat 1: Chessnok (button) (small blind) collected ($17.64)
Seat 2: swesder (big blind) folded on the Turn


PokerStars Hand #171298160958:  Hold'em Limit ($3/$6 USD) - 2017/06/03 15:12:49 ET
Table 'Lomia' 6-max Seat #2 is the button
Seat 1: Chessnok ($73.10 in chips)
Seat 2: swesder ($117 in chips)
swesder: posts small blind $1
vestimokrec: is sitting out
Bedard: is sitting out
Chessnok: posts big blind $3
*** HOLE CARDS ***
swesder: raises $3 to $6
vestimokrec leaves the table
Chessnok: calls $3
*** FLOP *** [Jd Th 7c]
Chessnok: checks
swesder: checks
*** TURN *** [Jd Th 7c] [5d]
Chessnok: checks
vestimokrec joins the table at seat #4
swesder: checks
*** RIVER *** [Jd Th 7c 5d] [9c]
Chessnok: checks
swesder: checks
*** SHOW DOWN ***
Chessnok: shows [Kh 3h] (high card King)
swesder: shows [As 2s] (high card Ace)
swesder collected $11.76 from pot
*** SUMMARY ***
Total pot $12 | Rake $0.24
Board [Jd Th 7c 5d 9c]
Seat 1: Chessnok (big blind) showed [Kh 3h] and lost with high card King
Seat 2: swesder (button) (small blind) showed [As 2s] and won ($11.76) with high card Ace


