PokerStars Hand #148559216213:  Hold'em Limit ($3/$6 USD) - 2016/02/10 9:54:11 ET
Table 'Lonnrot' 6-max Seat #6 is the button
Seat 4: Agrotait ($72 in chips)
Seat 6: DeKirov ($90 in chips)
DeKirov: posts small blind $1
Agrotait: posts big blind $3
*** HOLE CARDS ***
DeKirov: raises $3 to $6
Agrotait: raises $3 to $9
DeKirov: folds
Uncalled bet ($3) returned to Agrotait
Agrotait collected $12 from pot
Agrotait: doesn't show hand
*** SUMMARY ***
Total pot $12 | Rake $0
Seat 4: Agrotait (big blind) collected ($12)
Seat 6: DeKirov (button) (small blind) folded before Flop


PokerStars Hand #148559232668:  Hold'em Limit ($3/$6 USD) - 2016/02/10 9:54:33 ET
Table 'Lonnrot' 6-max Seat #6 is the button
Seat 4: Agrotait ($77 in chips)
Seat 6: DeKirov ($85 in chips)
DeKirov: posts small blind $1
Agrotait: posts big blind $3
*** HOLE CARDS ***
DeKirov: folds
Uncalled bet ($2) returned to Agrotait
Agrotait collected $2 from pot
Agrotait: doesn't show hand
*** SUMMARY ***
Total pot $2 | Rake $0
Seat 4: Agrotait (big blind) collected ($2)
Seat 6: DeKirov (button) (small blind) folded before Flop


PokerStars Hand #148559240229:  Hold'em Limit ($3/$6 USD) - 2016/02/10 9:54:43 ET
Table 'Lonnrot' 6-max Seat #6 is the button
Seat 4: Agrotait ($77 in chips)
Seat 6: DeKirov ($85 in chips)
DeKirov: posts small blind $1
Agrotait: posts big blind $3
*** HOLE CARDS ***
DeKirov: raises $3 to $6
Agrotait: calls $3
*** FLOP *** [As Kh 8d]
Yan1983k joins the table at seat #5
Agrotait: checks
DeKirov: bets $3
Ale4o joins the table at seat #1
Agrotait: calls $3
*** TURN *** [As Kh 8d] [9d]
Agrotait: checks
DeKirov: bets $6
Agrotait: calls $6
*** RIVER *** [As Kh 8d 9d] [2s]
Agrotait: checks
DeKirov: bets $6
Agrotait: calls $6
*** SHOW DOWN ***
DeKirov: shows [Js Kc] (a pair of Kings)
Agrotait: mucks hand
DeKirov collected $41.50 from pot
*** SUMMARY ***
Total pot $42 | Rake $0.50
Board [As Kh 8d 9d 2s]
Seat 4: Agrotait (big blind) mucked
Seat 6: DeKirov (button) (small blind) showed [Js Kc] and won ($41.50) with a pair of Kings


PokerStars Hand #148560529941:  Hold'em Limit ($3/$6 USD) - 2016/02/10 10:22:37 ET
Table 'Lonnrot' 6-max Seat #6 is the button
Seat 5: pecs680 ($138.56 in chips)
Seat 6: iskambil ($76 in chips)
iskambil: posts small blind $1
LolDnkaments: is sitting out
pecs680: posts big blind $3
*** HOLE CARDS ***
iskambil: folds
Uncalled bet ($2) returned to pecs680
pecs680 collected $2 from pot
pecs680: doesn't show hand
*** SUMMARY ***
Total pot $2 | Rake $0
Seat 5: pecs680 (big blind) collected ($2)
Seat 6: iskambil (button) (small blind) folded before Flop


