PokerStars Hand #173819203681:  Hold'em Limit ($3/$6 USD) - 2017/08/02 3:36:50 ET
Table 'Lonnrot' 6-max Seat #1 is the button
Seat 1: LTTsci-tech ($123.60 in chips)
Seat 4: VolkovDmitri ($120 in chips)
LTTsci-tech: posts small blind $1
VolkovDmitri: posts big blind $3
*** HOLE CARDS ***
LTTsci-tech: calls $2
VolkovDmitri: raises $3 to $6
LTTsci-tech: calls $3
*** FLOP *** [Qc 5c Th]
VolkovDmitri: bets $3
LTTsci-tech: raises $3 to $6
VolkovDmitri: calls $3
*** TURN *** [Qc 5c Th] [2s]
VolkovDmitri: checks
LTTsci-tech: bets $6
VolkovDmitri: calls $6
*** RIVER *** [Qc 5c Th 2s] [7h]
VolkovDmitri: checks
LTTsci-tech: bets $6
VolkovDmitri: calls $6
*** SHOW DOWN ***
LTTsci-tech: shows [6c 5s] (a pair of Fives)
VolkovDmitri: shows [7s Ks] (a pair of Sevens)
VolkovDmitri collected $47.50 from pot
*** SUMMARY ***
Total pot $48 | Rake $0.50
Board [Qc 5c Th 2s 7h]
Seat 1: LTTsci-tech (button) (small blind) showed [6c 5s] and lost with a pair of Fives
Seat 4: VolkovDmitri (big blind) showed [7s Ks] and won ($47.50) with a pair of Sevens


PokerStars Hand #173819211425:  Hold'em Limit ($3/$6 USD) - 2017/08/02 3:37:20 ET
Table 'Lonnrot' 6-max Seat #4 is the button
Seat 1: LTTsci-tech ($99.60 in chips)
Seat 4: VolkovDmitri ($143.50 in chips)
VolkovDmitri: posts small blind $1
LTTsci-tech: posts big blind $3
*** HOLE CARDS ***
VolkovDmitri: raises $3 to $6
LTTsci-tech: raises $3 to $9
VolkovDmitri: calls $3
*** FLOP *** [Ts 2h 8d]
LTTsci-tech: bets $3
VolkovDmitri: calls $3
*** TURN *** [Ts 2h 8d] [6d]
LTTsci-tech: bets $6
VolkovDmitri: calls $6
*** RIVER *** [Ts 2h 8d 6d] [7s]
LTTsci-tech: checks
VolkovDmitri: checks
*** SHOW DOWN ***
LTTsci-tech: shows [3s Ad] (high card Ace)
VolkovDmitri: shows [Jh 8s] (a pair of Eights)
VolkovDmitri collected $35.50 from pot
*** SUMMARY ***
Total pot $36 | Rake $0.50
Board [Ts 2h 8d 6d 7s]
Seat 1: LTTsci-tech (big blind) showed [3s Ad] and lost with high card Ace
Seat 4: VolkovDmitri (button) (small blind) showed [Jh 8s] and won ($35.50) with a pair of Eights


PokerStars Hand #173819231146:  Hold'em Limit ($3/$6 USD) - 2017/08/02 3:38:36 ET
Table 'Lonnrot' 6-max Seat #4 is the button
Seat 1: LTTsci-tech ($54.60 in chips)
Seat 4: VolkovDmitri ($187.50 in chips)
VolkovDmitri: posts small blind $1
LTTsci-tech: posts big blind $3
*** HOLE CARDS ***
VolkovDmitri: raises $3 to $6
LTTsci-tech: folds
Uncalled bet ($3) returned to VolkovDmitri
VolkovDmitri collected $6 from pot
VolkovDmitri: doesn't show hand
*** SUMMARY ***
Total pot $6 | Rake $0
Seat 1: LTTsci-tech (big blind) folded before Flop
Seat 4: VolkovDmitri (button) (small blind) collected ($6)


PokerStars Hand #173819219125:  Hold'em Limit ($3/$6 USD) - 2017/08/02 3:37:50 ET
Table 'Lonnrot' 6-max Seat #1 is the button
Seat 1: LTTsci-tech ($81.60 in chips)
Seat 4: VolkovDmitri ($161 in chips)
LTTsci-tech: posts small blind $1
VolkovDmitri: posts big blind $3
*** HOLE CARDS ***
LTTsci-tech: raises $3 to $6
VolkovDmitri: raises $3 to $9
LTTsci-tech: calls $3
*** FLOP *** [7s 4d Td]
VolkovDmitri: bets $3
LTTsci-tech: raises $3 to $6
VolkovDmitri: calls $3
*** TURN *** [7s 4d Td] [7h]
VolkovDmitri: checks
LTTsci-tech: bets $6
VolkovDmitri: calls $6
*** RIVER *** [7s 4d Td 7h] [Qh]
VolkovDmitri: checks
LTTsci-tech: bets $6
VolkovDmitri: calls $6
*** SHOW DOWN ***
LTTsci-tech: shows [Kh 5c] (a pair of Sevens)
VolkovDmitri: shows [2c 2d] (two pair, Sevens and Deuces)
VolkovDmitri collected $53.50 from pot
*** SUMMARY ***
Total pot $54 | Rake $0.50
Board [7s 4d Td 7h Qh]
Seat 1: LTTsci-tech (button) (small blind) showed [Kh 5c] and lost with a pair of Sevens
Seat 4: VolkovDmitri (big blind) showed [2c 2d] and won ($53.50) with two pair, Sevens and Deuces


PokerStars Hand #173819232924:  Hold'em Limit ($3/$6 USD) - 2017/08/02 3:38:43 ET
Table 'Lonnrot' 6-max Seat #1 is the button
Seat 1: LTTsci-tech ($51.60 in chips)
Seat 4: VolkovDmitri ($190.50 in chips)
LTTsci-tech: posts small blind $1
VolkovDmitri: posts big blind $3
*** HOLE CARDS ***
LTTsci-tech: raises $3 to $6
VolkovDmitri: calls $3
*** FLOP *** [7d 9h 6d]
VolkovDmitri: checks
LTTsci-tech: checks
*** TURN *** [7d 9h 6d] [5s]
VolkovDmitri: bets $6
LTTsci-tech: folds
Uncalled bet ($6) returned to VolkovDmitri
VolkovDmitri collected $11.76 from pot
VolkovDmitri: doesn't show hand
*** SUMMARY ***
Total pot $12 | Rake $0.24
Board [7d 9h 6d 5s]
Seat 1: LTTsci-tech (button) (small blind) folded on the Turn
Seat 4: VolkovDmitri (big blind) collected ($11.76)


PokerStars Hand #173819238399:  Hold'em Limit ($3/$6 USD) - 2017/08/02 3:39:04 ET
Table 'Lonnrot' 6-max Seat #4 is the button
Seat 1: LTTsci-tech ($45.60 in chips)
Seat 4: VolkovDmitri ($196.26 in chips)
VolkovDmitri: posts small blind $1
LTTsci-tech: posts big blind $3
*** HOLE CARDS ***
VolkovDmitri: raises $3 to $6
LTTsci-tech: raises $3 to $9
VolkovDmitri: calls $3
*** FLOP *** [8s Tc 7s]
LTTsci-tech: checks
VolkovDmitri: bets $3
LTTsci-tech: folds
Uncalled bet ($3) returned to VolkovDmitri
VolkovDmitri collected $17.64 from pot
VolkovDmitri: doesn't show hand
*** SUMMARY ***
Total pot $18 | Rake $0.36
Board [8s Tc 7s]
Seat 1: LTTsci-tech (big blind) folded on the Flop
Seat 4: VolkovDmitri (button) (small blind) collected ($17.64)


PokerStars Hand #173819244501:  Hold'em Limit ($3/$6 USD) - 2017/08/02 3:39:27 ET
Table 'Lonnrot' 6-max Seat #1 is the button
Seat 1: LTTsci-tech ($36.60 in chips)
Seat 4: VolkovDmitri ($204.90 in chips)
LTTsci-tech: posts small blind $1
VolkovDmitri: posts big blind $3
*** HOLE CARDS ***
LTTsci-tech: raises $3 to $6
VolkovDmitri: calls $3
*** FLOP *** [9c Ts Jc]
VolkovDmitri: checks
LTTsci-tech: bets $3
VolkovDmitri: calls $3
*** TURN *** [9c Ts Jc] [5s]
VolkovDmitri: checks
LTTsci-tech: bets $6
VolkovDmitri: calls $6
*** RIVER *** [9c Ts Jc 5s] [8d]
VolkovDmitri: checks
LTTsci-tech: bets $6
VolkovDmitri: folds
Uncalled bet ($6) returned to LTTsci-tech
LTTsci-tech collected $29.50 from pot
*** SUMMARY ***
Total pot $30 | Rake $0.50
Board [9c Ts Jc 5s 8d]
Seat 1: LTTsci-tech (button) (small blind) collected ($29.50)
Seat 4: VolkovDmitri (big blind) folded on the River


PokerStars Hand #173819259186:  Hold'em Limit ($3/$6 USD) - 2017/08/02 3:40:23 ET
Table 'Lonnrot' 6-max Seat #1 is the button
Seat 1: LTTsci-tech ($48.10 in chips)
Seat 4: VolkovDmitri ($192.90 in chips)
LTTsci-tech: posts small blind $1
VolkovDmitri: posts big blind $3
*** HOLE CARDS ***
LTTsci-tech: raises $3 to $6
VolkovDmitri: calls $3
*** FLOP *** [Qh Jc 9d]
VolkovDmitri: checks
LTTsci-tech: bets $3
VolkovDmitri: folds
Uncalled bet ($3) returned to LTTsci-tech
LTTsci-tech collected $11.76 from pot
*** SUMMARY ***
Total pot $12 | Rake $0.24
Board [Qh Jc 9d]
Seat 1: LTTsci-tech (button) (small blind) collected ($11.76)
Seat 4: VolkovDmitri (big blind) folded on the Flop


PokerStars Hand #173819255831:  Hold'em Limit ($3/$6 USD) - 2017/08/02 3:40:10 ET
Table 'Lonnrot' 6-max Seat #4 is the button
Seat 1: LTTsci-tech ($51.10 in chips)
Seat 4: VolkovDmitri ($189.90 in chips)
VolkovDmitri: posts small blind $1
LTTsci-tech: posts big blind $3
*** HOLE CARDS ***
VolkovDmitri: raises $3 to $6
LTTsci-tech: folds
Uncalled bet ($3) returned to VolkovDmitri
VolkovDmitri collected $6 from pot
VolkovDmitri: doesn't show hand
*** SUMMARY ***
Total pot $6 | Rake $0
Seat 1: LTTsci-tech (big blind) folded before Flop
Seat 4: VolkovDmitri (button) (small blind) collected ($6)


PokerStars Hand #173819267115:  Hold'em Limit ($3/$6 USD) - 2017/08/02 3:40:53 ET
Table 'Lonnrot' 6-max Seat #4 is the button
Seat 1: LTTsci-tech ($53.86 in chips)
Seat 4: VolkovDmitri ($186.90 in chips)
VolkovDmitri: posts small blind $1
LTTsci-tech: posts big blind $3
*** HOLE CARDS ***
VolkovDmitri: raises $3 to $6
LTTsci-tech: raises $3 to $9
VolkovDmitri: calls $3
*** FLOP *** [As 2c 9h]
LTTsci-tech: bets $3
VolkovDmitri: calls $3
*** TURN *** [As 2c 9h] [2s]
LTTsci-tech: checks
VolkovDmitri: bets $6
LTTsci-tech: folds
Uncalled bet ($6) returned to VolkovDmitri
VolkovDmitri collected $23.52 from pot
VolkovDmitri: doesn't show hand
*** SUMMARY ***
Total pot $24 | Rake $0.48
Board [As 2c 9h 2s]
Seat 1: LTTsci-tech (big blind) folded on the Turn
Seat 4: VolkovDmitri (button) (small blind) collected ($23.52)


PokerStars Hand #173819284764:  Hold'em Limit ($3/$6 USD) - 2017/08/02 3:41:59 ET
Table 'Lonnrot' 6-max Seat #4 is the button
Seat 1: LTTsci-tech ($53.38 in chips)
Seat 4: VolkovDmitri ($186.42 in chips)
VolkovDmitri: posts small blind $1
LTTsci-tech: posts big blind $3
*** HOLE CARDS ***
VolkovDmitri: raises $3 to $6
LTTsci-tech: raises $3 to $9
VolkovDmitri: raises $3 to $12
Betting is capped
LTTsci-tech: calls $3
*** FLOP *** [Qd 7c Kd]
Icecold joins the table at seat #5
LTTsci-tech: checks
VolkovDmitri: checks
*** TURN *** [Qd 7c Kd] [Ad]
LTTsci-tech: bets $6
VolkovDmitri: calls $6
*** RIVER *** [Qd 7c Kd Ad] [Qh]
LTTsci-tech: bets $6
VolkovDmitri: calls $6
*** SHOW DOWN ***
LTTsci-tech: shows [5d Td] (a flush, Ace high)
VolkovDmitri: mucks hand
LTTsci-tech collected $47.50 from pot
*** SUMMARY ***
Total pot $48 | Rake $0.50
Board [Qd 7c Kd Ad Qh]
Seat 1: LTTsci-tech (big blind) showed [5d Td] and won ($47.50) with a flush, Ace high
Seat 4: VolkovDmitri (button) (small blind) mucked


PokerStars Hand #173819293081:  Hold'em Limit ($3/$6 USD) - 2017/08/02 3:42:31 ET
Table 'Lonnrot' 6-max Seat #1 is the button
Seat 1: LTTsci-tech ($76.88 in chips)
Seat 4: VolkovDmitri ($162.42 in chips)
LTTsci-tech: posts small blind $1
VolkovDmitri: posts big blind $3
*** HOLE CARDS ***
LTTsci-tech: raises $3 to $6
VolkovDmitri: calls $3
*** FLOP *** [2c Th 4h]
VolkovDmitri: checks
LTTsci-tech: bets $3
VolkovDmitri: calls $3
*** TURN *** [2c Th 4h] [5c]
VolkovDmitri: checks
LTTsci-tech: bets $6
VolkovDmitri: calls $6
*** RIVER *** [2c Th 4h 5c] [4c]
VolkovDmitri: checks
LTTsci-tech: bets $6
VolkovDmitri: calls $6
*** SHOW DOWN ***
LTTsci-tech: shows [8c Ts] (two pair, Tens and Fours)
VolkovDmitri: mucks hand
LTTsci-tech collected $41.50 from pot
*** SUMMARY ***
Total pot $42 | Rake $0.50
Board [2c Th 4h 5c 4c]
Seat 1: LTTsci-tech (button) (small blind) showed [8c Ts] and won ($41.50) with two pair, Tens and Fours
Seat 4: VolkovDmitri (big blind) mucked


PokerStars Hand #173819410608:  Hold'em Limit ($3/$6 USD) - 2017/08/02 3:49:47 ET
Table 'Lonnrot' 6-max Seat #5 is the button
Seat 2: SEQUOIA2012 ($172 in chips)
Seat 5: Icecold ($292.04 in chips)
Icecold: posts small blind $1
SEQUOIA2012: posts big blind $3
*** HOLE CARDS ***
Icecold: raises $3 to $6
SEQUOIA2012: calls $3
*** FLOP *** [4h 9h 5s]
SEQUOIA2012: checks
Icecold: checks
*** TURN *** [4h 9h 5s] [Qh]
SEQUOIA2012: bets $6
Icecold: folds
Uncalled bet ($6) returned to SEQUOIA2012
SEQUOIA2012 collected $11.76 from pot
SEQUOIA2012: doesn't show hand
*** SUMMARY ***
Total pot $12 | Rake $0.24
Board [4h 9h 5s Qh]
Seat 2: SEQUOIA2012 (big blind) collected ($11.76)
Seat 5: Icecold (button) (small blind) folded on the Turn


PokerStars Hand #173819433340:  Hold'em Limit ($3/$6 USD) - 2017/08/02 3:51:11 ET
Table 'Lonnrot' 6-max Seat #2 is the button
Seat 2: SEQUOIA2012 ($242.65 in chips)
Seat 5: Icecold ($327.04 in chips)
SEQUOIA2012: posts small blind $1
Icecold: posts big blind $3
*** HOLE CARDS ***
SEQUOIA2012: folds
Uncalled bet ($2) returned to Icecold
Icecold collected $2 from pot
*** SUMMARY ***
Total pot $2 | Rake $0
Seat 2: SEQUOIA2012 (button) (small blind) folded before Flop
Seat 5: Icecold (big blind) collected ($2)


PokerStars Hand #173819432018:  Hold'em Limit ($3/$6 USD) - 2017/08/02 3:51:06 ET
Table 'Lonnrot' 6-max Seat #5 is the button
Seat 2: SEQUOIA2012 ($241.65 in chips)
Seat 5: Icecold ($328.04 in chips)
Icecold: posts small blind $1
SEQUOIA2012: posts big blind $3
*** HOLE CARDS ***
Icecold: folds
Uncalled bet ($2) returned to SEQUOIA2012
SEQUOIA2012 collected $2 from pot
SEQUOIA2012: doesn't show hand
*** SUMMARY ***
Total pot $2 | Rake $0
Seat 2: SEQUOIA2012 (big blind) collected ($2)
Seat 5: Icecold (button) (small blind) folded before Flop


PokerStars Hand #173819420506:  Hold'em Limit ($3/$6 USD) - 2017/08/02 3:50:23 ET
Table 'Lonnrot' 6-max Seat #5 is the button
Seat 2: SEQUOIA2012 ($153.76 in chips)
Seat 5: Icecold ($309.54 in chips)
Icecold: posts small blind $1
SEQUOIA2012: posts big blind $3
*** HOLE CARDS ***
Icecold: raises $3 to $6
SEQUOIA2012: calls $3
*** FLOP *** [8h 5d Jh]
SEQUOIA2012: checks
Icecold: checks
*** TURN *** [8h 5d Jh] [Jd]
SEQUOIA2012: bets $6
Icecold: calls $6
*** RIVER *** [8h 5d Jh Jd] [3d]
SEQUOIA2012: bets $6
Icecold: raises $6 to $12
SEQUOIA2012: folds
Uncalled bet ($6) returned to Icecold
Icecold collected $35.50 from pot
*** SUMMARY ***
Total pot $36 | Rake $0.50
Board [8h 5d Jh Jd 3d]
Seat 2: SEQUOIA2012 (big blind) folded on the River
Seat 5: Icecold (button) (small blind) collected ($35.50)


PokerStars Hand #173819414999:  Hold'em Limit ($3/$6 USD) - 2017/08/02 3:50:03 ET
Table 'Lonnrot' 6-max Seat #2 is the button
Seat 2: SEQUOIA2012 ($177.76 in chips)
Seat 5: Icecold ($286.04 in chips)
SEQUOIA2012: posts small blind $1
Icecold: posts big blind $3
*** HOLE CARDS ***
SEQUOIA2012: calls $2
Icecold: checks
*** FLOP *** [7h 8s Tc]
Icecold: bets $3
SEQUOIA2012: calls $3
*** TURN *** [7h 8s Tc] [5s]
Icecold: bets $6
SEQUOIA2012: raises $6 to $12
Icecold: calls $6
*** RIVER *** [7h 8s Tc 5s] [Ts]
Icecold: checks
SEQUOIA2012: bets $6
Icecold: calls $6
*** SHOW DOWN ***
SEQUOIA2012: shows [7d 5c] (two pair, Tens and Sevens)
Icecold: shows [Js 8c] (two pair, Tens and Eights)
Icecold collected $47.50 from pot
*** SUMMARY ***
Total pot $48 | Rake $0.50
Board [7h 8s Tc 5s Ts]
Seat 2: SEQUOIA2012 (button) (small blind) showed [7d 5c] and lost with two pair, Tens and Sevens
Seat 5: Icecold (big blind) showed [Js 8c] and won ($47.50) with two pair, Tens and Eights


PokerStars Hand #173819426306:  Hold'em Limit ($3/$6 USD) - 2017/08/02 3:50:45 ET
Table 'Lonnrot' 6-max Seat #2 is the button
Seat 2: SEQUOIA2012 ($242.65 in chips)
Seat 5: Icecold ($327.04 in chips)
SEQUOIA2012: posts small blind $1
Fetish73 is disconnected
Fetish73 has timed out while disconnected
Fetish73: is sitting out
Icecold: posts big blind $3
*** HOLE CARDS ***
SEQUOIA2012: folds
Uncalled bet ($2) returned to Icecold
Icecold collected $2 from pot
*** SUMMARY ***
Total pot $2 | Rake $0
Seat 2: SEQUOIA2012 (button) (small blind) folded before Flop
Seat 5: Icecold (big blind) collected ($2)


PokerStars Hand #173819443088:  Hold'em Limit ($3/$6 USD) - 2017/08/02 3:51:46 ET
Table 'Lonnrot' 6-max Seat #5 is the button
Seat 2: SEQUOIA2012 ($232.65 in chips)
Seat 5: Icecold ($336.56 in chips)
Icecold: posts small blind $1
SEQUOIA2012: posts big blind $3
*** HOLE CARDS ***
Icecold: folds
Uncalled bet ($2) returned to SEQUOIA2012
Icecold leaves the table
SEQUOIA2012 collected $2 from pot
SEQUOIA2012: doesn't show hand
*** SUMMARY ***
Total pot $2 | Rake $0
Seat 2: SEQUOIA2012 (big blind) collected ($2)
Seat 5: Icecold (button) (small blind) folded before Flop


PokerStars Hand #173819440999:  Hold'em Limit ($3/$6 USD) - 2017/08/02 3:51:38 ET
Table 'Lonnrot' 6-max Seat #2 is the button
Seat 2: SEQUOIA2012 ($229.65 in chips)
Seat 5: Icecold ($339.56 in chips)
SEQUOIA2012: posts small blind $1
Icecold: posts big blind $3
*** HOLE CARDS ***
SEQUOIA2012: raises $3 to $6
Icecold: folds
Uncalled bet ($3) returned to SEQUOIA2012
SEQUOIA2012 collected $6 from pot
SEQUOIA2012: doesn't show hand
*** SUMMARY ***
Total pot $6 | Rake $0
Seat 2: SEQUOIA2012 (button) (small blind) collected ($6)
Seat 5: Icecold (big blind) folded before Flop


PokerStars Hand #173819435195:  Hold'em Limit ($3/$6 USD) - 2017/08/02 3:51:17 ET
Table 'Lonnrot' 6-max Seat #5 is the button
Seat 2: SEQUOIA2012 ($241.65 in chips)
Seat 5: Icecold ($328.04 in chips)
Icecold: posts small blind $1
SEQUOIA2012: posts big blind $3
*** HOLE CARDS ***
Icecold: raises $3 to $6
SEQUOIA2012: calls $3
*** FLOP *** [3c 6c 9c]
SEQUOIA2012: checks
Icecold: checks
*** TURN *** [3c 6c 9c] [4d]
SEQUOIA2012: checks
Icecold: bets $6
SEQUOIA2012: calls $6
*** RIVER *** [3c 6c 9c 4d] [Ah]
SEQUOIA2012: checks
Icecold: bets $6
SEQUOIA2012: folds
Uncalled bet ($6) returned to Icecold
Icecold collected $23.52 from pot
*** SUMMARY ***
Total pot $24 | Rake $0.48
Board [3c 6c 9c 4d Ah]
Seat 2: SEQUOIA2012 (big blind) folded on the River
Seat 5: Icecold (button) (small blind) collected ($23.52)


