PokerStars Hand #156539545701:  Hold'em Limit ($3/$6 USD) - 2016/07/28 2:53:54 ET
Table 'Lorbach' 6-max Seat #4 is the button
Seat 3: $liwamor ($52.79 in chips)
Seat 4: Mordnilap ($231.56 in chips)
Mordnilap: posts small blind $1
$liwamor: posts big blind $3
*** HOLE CARDS ***
Mordnilap: raises $3 to $6
ralf64 joins the table at seat #2
$liwamor: calls $3
*** FLOP *** [Kd Ad Jd]
$liwamor: checks
Mordnilap: bets $3
$liwamor: calls $3
*** TURN *** [Kd Ad Jd] [8d]
$liwamor: checks
Mordnilap: bets $6
$liwamor: calls $6
*** RIVER *** [Kd Ad Jd 8d] [9s]
$liwamor: checks
Mordnilap: bets $6
$liwamor: calls $6
*** SHOW DOWN ***
Mordnilap: shows [5d 4h] (a flush, Ace high)
$liwamor: mucks hand
Mordnilap collected $41.50 from pot
*** SUMMARY ***
Total pot $42 | Rake $0.50
Board [Kd Ad Jd 8d 9s]
Seat 3: $liwamor (big blind) mucked
Seat 4: Mordnilap (button) (small blind) showed [5d 4h] and won ($41.50) with a flush, Ace high


PokerStars Hand #156539554394:  Hold'em Limit ($3/$6 USD) - 2016/07/28 2:54:30 ET
Table 'Lorbach' 6-max Seat #3 is the button
Seat 3: $liwamor ($31.79 in chips)
Seat 4: Mordnilap ($252.06 in chips)
$liwamor: posts small blind $1
Mordnilap: posts big blind $3
*** HOLE CARDS ***
$liwamor: folds
Uncalled bet ($2) returned to Mordnilap
Mordnilap collected $2 from pot
Mordnilap: doesn't show hand
*** SUMMARY ***
Total pot $2 | Rake $0
Seat 3: $liwamor (button) (small blind) folded before Flop
Seat 4: Mordnilap (big blind) collected ($2)


PokerStars Hand #156539560808:  Hold'em Limit ($3/$6 USD) - 2016/07/28 2:54:57 ET
Table 'Lorbach' 6-max Seat #2 is the button
Seat 2: ralf64 ($69 in chips)
Seat 4: Mordnilap ($258.70 in chips)
ralf64: posts small blind $1
Mordnilap: posts big blind $3
*** HOLE CARDS ***
ralf64: folds
Uncalled bet ($2) returned to Mordnilap
Mordnilap collected $2 from pot
Mordnilap: doesn't show hand
*** SUMMARY ***
Total pot $2 | Rake $0
Seat 2: ralf64 (button) (small blind) folded before Flop
Seat 4: Mordnilap (big blind) collected ($2)


PokerStars Hand #156539562022:  Hold'em Limit ($3/$6 USD) - 2016/07/28 2:55:02 ET
Table 'Lorbach' 6-max Seat #4 is the button
Seat 2: ralf64 ($68 in chips)
Seat 4: Mordnilap ($259.70 in chips)
Mordnilap: posts small blind $1
ralf64: posts big blind $3
*** HOLE CARDS ***
Mordnilap: raises $3 to $6
ralf64: raises $3 to $9
Mordnilap: calls $3
*** FLOP *** [3s As 4c]
ralf64: bets $3
Mordnilap: calls $3
*** TURN *** [3s As 4c] [9c]
ralf64: bets $6
Mordnilap: calls $6
*** RIVER *** [3s As 4c 9c] [7d]
ralf64: bets $6
Mordnilap: calls $6
*** SHOW DOWN ***
ralf64: shows [6s Ks] (high card Ace)
Mordnilap: shows [5h Ac] (a pair of Aces)
Mordnilap collected $47.50 from pot
*** SUMMARY ***
Total pot $48 | Rake $0.50
Board [3s As 4c 9c 7d]
Seat 2: ralf64 (big blind) showed [6s Ks] and lost with high card Ace
Seat 4: Mordnilap (button) (small blind) showed [5h Ac] and won ($47.50) with a pair of Aces


PokerStars Hand #156539566939:  Hold'em Limit ($3/$6 USD) - 2016/07/28 2:55:24 ET
Table 'Lorbach' 6-max Seat #2 is the button
Seat 2: ralf64 ($44 in chips)
Seat 4: Mordnilap ($283.20 in chips)
ralf64: posts small blind $1
Mordnilap: posts big blind $3
*** HOLE CARDS ***
ralf64: calls $2
Mordnilap: checks
*** FLOP *** [Qh 6d Ts]
Mordnilap: bets $3
ralf64: folds
Uncalled bet ($3) returned to Mordnilap
Mordnilap collected $5.88 from pot
Mordnilap: doesn't show hand
*** SUMMARY ***
Total pot $6 | Rake $0.12
Board [Qh 6d Ts]
Seat 2: ralf64 (button) (small blind) folded on the Flop
Seat 4: Mordnilap (big blind) collected ($5.88)


PokerStars Hand #156539581232:  Hold'em Limit ($3/$6 USD) - 2016/07/28 2:56:33 ET
Table 'Lorbach' 6-max Seat #2 is the button
Seat 2: ralf64 ($67 in chips)
Seat 4: Mordnilap ($258.58 in chips)
ralf64: posts small blind $1
Mordnilap: posts big blind $3
*** HOLE CARDS ***
ralf64: folds
Uncalled bet ($2) returned to Mordnilap
Mordnilap collected $2 from pot
Mordnilap: doesn't show hand
*** SUMMARY ***
Total pot $2 | Rake $0
Seat 2: ralf64 (button) (small blind) folded before Flop
Seat 4: Mordnilap (big blind) collected ($2)


PokerStars Hand #156539578030:  Hold'em Limit ($3/$6 USD) - 2016/07/28 2:56:18 ET
Table 'Lorbach' 6-max Seat #4 is the button
Seat 2: ralf64 ($43.50 in chips)
Seat 4: Mordnilap ($282.58 in chips)
Mordnilap: posts small blind $1
ralf64: posts big blind $3
*** HOLE CARDS ***
Mordnilap: raises $3 to $6
ralf64: calls $3
*** FLOP *** [4h 7h 7d]
ralf64: checks
Mordnilap: bets $3
ralf64: raises $3 to $6
Mordnilap: calls $3
*** TURN *** [4h 7h 7d] [Qs]
ralf64: bets $6
Mordnilap: calls $6
*** RIVER *** [4h 7h 7d Qs] [6s]
ralf64: bets $6
Mordnilap: calls $6
*** SHOW DOWN ***
ralf64: shows [5h 7c] (three of a kind, Sevens)
Mordnilap: mucks hand
ralf64 collected $47.50 from pot
*** SUMMARY ***
Total pot $48 | Rake $0.50
Board [4h 7h 7d Qs 6s]
Seat 2: ralf64 (big blind) showed [5h 7c] and won ($47.50) with three of a kind, Sevens
Seat 4: Mordnilap (button) (small blind) mucked


PokerStars Hand #156539574347:  Hold'em Limit ($3/$6 USD) - 2016/07/28 2:56:00 ET
Table 'Lorbach' 6-max Seat #2 is the button
Seat 2: ralf64 ($23 in chips)
Seat 4: Mordnilap ($303.58 in chips)
ralf64: posts small blind $1
Mordnilap: posts big blind $3
*** HOLE CARDS ***
ralf64: raises $3 to $6
Mordnilap: calls $3
*** FLOP *** [5d 6h 3c]
Mordnilap: checks
ralf64: bets $3
Mordnilap: calls $3
*** TURN *** [5d 6h 3c] [4c]
Mordnilap: checks
ralf64: bets $6
Mordnilap: calls $6
*** RIVER *** [5d 6h 3c 4c] [8c]
Mordnilap: checks
ralf64: bets $6
Mordnilap: calls $6
*** SHOW DOWN ***
ralf64: shows [Ks Kd] (a pair of Kings)
Mordnilap: mucks hand
ralf64 collected $41.50 from pot
*** SUMMARY ***
Total pot $42 | Rake $0.50
Board [5d 6h 3c 4c 8c]
Seat 2: ralf64 (button) (small blind) showed [Ks Kd] and won ($41.50) with a pair of Kings
Seat 4: Mordnilap (big blind) mucked


PokerStars Hand #156539584426:  Hold'em Limit ($3/$6 USD) - 2016/07/28 2:56:48 ET
Table 'Lorbach' 6-max Seat #2 is the button
Seat 2: ralf64 ($74.64 in chips)
Seat 4: Mordnilap ($250.58 in chips)
ralf64: posts small blind $1
Mordnilap: posts big blind $3
*** HOLE CARDS ***
ralf64: folds
Uncalled bet ($2) returned to Mordnilap
Mordnilap collected $2 from pot
Mordnilap: doesn't show hand
*** SUMMARY ***
Total pot $2 | Rake $0
Seat 2: ralf64 (button) (small blind) folded before Flop
Seat 4: Mordnilap (big blind) collected ($2)


PokerStars Hand #156539582246:  Hold'em Limit ($3/$6 USD) - 2016/07/28 2:56:38 ET
Table 'Lorbach' 6-max Seat #4 is the button
Seat 2: ralf64 ($66 in chips)
Seat 4: Mordnilap ($259.58 in chips)
Mordnilap: posts small blind $1
ralf64: posts big blind $3
*** HOLE CARDS ***
Mordnilap: raises $3 to $6
ralf64: calls $3
*** FLOP *** [Th 4s Ks]
ralf64: checks
Mordnilap: bets $3
ralf64: raises $3 to $6
Mordnilap: folds
Uncalled bet ($3) returned to ralf64
ralf64 collected $17.64 from pot
ralf64: doesn't show hand
*** SUMMARY ***
Total pot $18 | Rake $0.36
Board [Th 4s Ks]
Seat 2: ralf64 (big blind) collected ($17.64)
Seat 4: Mordnilap (button) (small blind) folded on the Flop


PokerStars Hand #156539585471:  Hold'em Limit ($3/$6 USD) - 2016/07/28 2:56:53 ET
Table 'Lorbach' 6-max Seat #4 is the button
Seat 2: ralf64 ($73.64 in chips)
Seat 4: Mordnilap ($251.58 in chips)
Mordnilap: posts small blind $1
ralf64: posts big blind $3
*** HOLE CARDS ***
Mordnilap: folds
Uncalled bet ($2) returned to ralf64
ralf64 collected $2 from pot
ralf64: doesn't show hand
*** SUMMARY ***
Total pot $2 | Rake $0
Seat 2: ralf64 (big blind) collected ($2)
Seat 4: Mordnilap (button) (small blind) folded before Flop


PokerStars Hand #156539598194:  Hold'em Limit ($3/$6 USD) - 2016/07/28 2:57:52 ET
Table 'Lorbach' 6-max Seat #2 is the button
Seat 2: ralf64 ($95.80 in chips)
Seat 4: Mordnilap ($228.58 in chips)
ralf64: posts small blind $1
Mordnilap: posts big blind $3
*** HOLE CARDS ***
ralf64: calls $2
Mordnilap: checks
*** FLOP *** [5c 9c 7d]
Mordnilap: bets $3
ralf64: folds
Uncalled bet ($3) returned to Mordnilap
Mordnilap collected $5.88 from pot
Mordnilap: doesn't show hand
*** SUMMARY ***
Total pot $6 | Rake $0.12
Board [5c 9c 7d]
Seat 2: ralf64 (button) (small blind) folded on the Flop
Seat 4: Mordnilap (big blind) collected ($5.88)


PokerStars Hand #156539586425:  Hold'em Limit ($3/$6 USD) - 2016/07/28 2:56:57 ET
Table 'Lorbach' 6-max Seat #2 is the button
Seat 2: ralf64 ($74.64 in chips)
Seat 4: Mordnilap ($250.58 in chips)
ralf64: posts small blind $1
Mordnilap: posts big blind $3
*** HOLE CARDS ***
ralf64: calls $2
Mordnilap: checks
*** FLOP *** [8d Td 7d]
Mordnilap: checks
ralf64: checks
*** TURN *** [8d Td 7d] [2c]
Mordnilap: checks
ralf64: bets $6
Mordnilap: calls $6
*** RIVER *** [8d Td 7d 2c] [Tc]
Mordnilap: checks
ralf64: checks
*** SHOW DOWN ***
Mordnilap: shows [2d 6c] (two pair, Tens and Deuces)
ralf64: shows [Ac 2s] (two pair, Tens and Deuces - Ace kicker)
ralf64 collected $17.64 from pot
*** SUMMARY ***
Total pot $18 | Rake $0.36
Board [8d Td 7d 2c Tc]
Seat 2: ralf64 (button) (small blind) showed [Ac 2s] and won ($17.64) with two pair, Tens and Deuces
Seat 4: Mordnilap (big blind) showed [2d 6c] and lost with two pair, Tens and Deuces


PokerStars Hand #156539595267:  Hold'em Limit ($3/$6 USD) - 2016/07/28 2:57:39 ET
Table 'Lorbach' 6-max Seat #4 is the button
Seat 2: ralf64 ($90.04 in chips)
Seat 4: Mordnilap ($234.58 in chips)
Mordnilap: posts small blind $1
ralf64: posts big blind $3
*** HOLE CARDS ***
Mordnilap: raises $3 to $6
ralf64: calls $3
*** FLOP *** [2s 5h Jh]
ralf64: checks
Mordnilap: checks
*** TURN *** [2s 5h Jh] [Ks]
ralf64: checks
Mordnilap: checks
*** RIVER *** [2s 5h Jh Ks] [6s]
ralf64: checks
Mordnilap: checks
*** SHOW DOWN ***
ralf64: shows [2d Qd] (a pair of Deuces)
Mordnilap: mucks hand
ralf64 collected $11.76 from pot
*** SUMMARY ***
Total pot $12 | Rake $0.24
Board [2s 5h Jh Ks 6s]
Seat 2: ralf64 (big blind) showed [2d Qd] and won ($11.76) with a pair of Deuces
Seat 4: Mordnilap (button) (small blind) mucked


PokerStars Hand #156539591105:  Hold'em Limit ($3/$6 USD) - 2016/07/28 2:57:20 ET
Table 'Lorbach' 6-max Seat #4 is the button
Seat 2: ralf64 ($83.28 in chips)
Seat 4: Mordnilap ($241.58 in chips)
Mordnilap: posts small blind $1
ralf64: posts big blind $3
*** HOLE CARDS ***
Mordnilap: folds
Uncalled bet ($2) returned to ralf64
ralf64 collected $2 from pot
ralf64: doesn't show hand
*** SUMMARY ***
Total pot $2 | Rake $0
Seat 2: ralf64 (big blind) collected ($2)
Seat 4: Mordnilap (button) (small blind) folded before Flop


PokerStars Hand #156539592852:  Hold'em Limit ($3/$6 USD) - 2016/07/28 2:57:28 ET
Table 'Lorbach' 6-max Seat #2 is the button
Seat 2: ralf64 ($84.28 in chips)
Seat 4: Mordnilap ($240.58 in chips)
ralf64: posts small blind $1
Mordnilap: posts big blind $3
*** HOLE CARDS ***
ralf64: calls $2
Mordnilap: checks
*** FLOP *** [Jh 9s Ad]
Mordnilap: bets $3
ralf64: raises $3 to $6
Mordnilap: folds
Uncalled bet ($3) returned to ralf64
ralf64 collected $11.76 from pot
ralf64: doesn't show hand
*** SUMMARY ***
Total pot $12 | Rake $0.24
Board [Jh 9s Ad]
Seat 2: ralf64 (button) (small blind) collected ($11.76)
Seat 4: Mordnilap (big blind) folded on the Flop


PokerStars Hand #156539604785:  Hold'em Limit ($3/$6 USD) - 2016/07/28 2:58:23 ET
Table 'Lorbach' 6-max Seat #4 is the button
Seat 2: ralf64 ($92.80 in chips)
Seat 4: Mordnilap ($231.46 in chips)
Mordnilap: posts small blind $1
ralf64: posts big blind $3
*** HOLE CARDS ***
Mordnilap: raises $3 to $6
ralf64: calls $3
*** FLOP *** [Ah 5h Kh]
ralf64: checks
Mordnilap: bets $3
ralf64: folds
Uncalled bet ($3) returned to Mordnilap
Mordnilap collected $11.76 from pot
Mordnilap: doesn't show hand
*** SUMMARY ***
Total pot $12 | Rake $0.24
Board [Ah 5h Kh]
Seat 2: ralf64 (big blind) folded on the Flop
Seat 4: Mordnilap (button) (small blind) collected ($11.76)


PokerStars Hand #156539603549:  Hold'em Limit ($3/$6 USD) - 2016/07/28 2:58:17 ET
Table 'Lorbach' 6-max Seat #2 is the button
Seat 2: ralf64 ($93.80 in chips)
Seat 4: Mordnilap ($230.46 in chips)
ralf64: posts small blind $1
Mordnilap: posts big blind $3
*** HOLE CARDS ***
ralf64: folds
Uncalled bet ($2) returned to Mordnilap
Mordnilap collected $2 from pot
Mordnilap: doesn't show hand
*** SUMMARY ***
Total pot $2 | Rake $0
Seat 2: ralf64 (button) (small blind) folded before Flop
Seat 4: Mordnilap (big blind) collected ($2)


PokerStars Hand #156539602560:  Hold'em Limit ($3/$6 USD) - 2016/07/28 2:58:12 ET
Table 'Lorbach' 6-max Seat #4 is the button
Seat 2: ralf64 ($92.80 in chips)
Seat 4: Mordnilap ($231.46 in chips)
Mordnilap: posts small blind $1
ralf64: posts big blind $3
*** HOLE CARDS ***
Mordnilap: folds
Uncalled bet ($2) returned to ralf64
ralf64 collected $2 from pot
ralf64: doesn't show hand
*** SUMMARY ***
Total pot $2 | Rake $0
Seat 2: ralf64 (big blind) collected ($2)
Seat 4: Mordnilap (button) (small blind) folded before Flop


PokerStars Hand #156539601438:  Hold'em Limit ($3/$6 USD) - 2016/07/28 2:58:07 ET
Table 'Lorbach' 6-max Seat #2 is the button
Seat 2: ralf64 ($93.80 in chips)
Seat 4: Mordnilap ($230.46 in chips)
ralf64: posts small blind $1
Mordnilap: posts big blind $3
*** HOLE CARDS ***
ralf64: folds
Uncalled bet ($2) returned to Mordnilap
Mordnilap collected $2 from pot
Mordnilap: doesn't show hand
*** SUMMARY ***
Total pot $2 | Rake $0
Seat 2: ralf64 (button) (small blind) folded before Flop
Seat 4: Mordnilap (big blind) collected ($2)


PokerStars Hand #156539600473:  Hold'em Limit ($3/$6 USD) - 2016/07/28 2:58:03 ET
Table 'Lorbach' 6-max Seat #4 is the button
Seat 2: ralf64 ($92.80 in chips)
Seat 4: Mordnilap ($231.46 in chips)
Mordnilap: posts small blind $1
ralf64: posts big blind $3
*** HOLE CARDS ***
Mordnilap: folds
Uncalled bet ($2) returned to ralf64
ralf64 collected $2 from pot
ralf64: doesn't show hand
*** SUMMARY ***
Total pot $2 | Rake $0
Seat 2: ralf64 (big blind) collected ($2)
Seat 4: Mordnilap (button) (small blind) folded before Flop


PokerStars Hand #156539606924:  Hold'em Limit ($3/$6 USD) - 2016/07/28 2:58:33 ET
Table 'Lorbach' 6-max Seat #2 is the button
Seat 2: ralf64 ($86.80 in chips)
Seat 4: Mordnilap ($237.22 in chips)
ralf64: posts small blind $1
Mordnilap: posts big blind $3
*** HOLE CARDS ***
ralf64: raises $3 to $6
Mordnilap: calls $3
*** FLOP *** [5h Ac Ah]
Mordnilap: checks
ralf64: bets $3
Mordnilap: calls $3
*** TURN *** [5h Ac Ah] [5s]
Mordnilap: checks
ralf64: bets $6
Mordnilap: calls $6
*** RIVER *** [5h Ac Ah 5s] [8h]
Mordnilap: checks
ralf64: bets $6
Mordnilap: calls $6
*** SHOW DOWN ***
ralf64: shows [As Th] (a full house, Aces full of Fives)
Mordnilap: mucks hand
ralf64 collected $41.50 from pot
*** SUMMARY ***
Total pot $42 | Rake $0.50
Board [5h Ac Ah 5s 8h]
Seat 2: ralf64 (button) (small blind) showed [As Th] and won ($41.50) with a full house, Aces full of Fives
Seat 4: Mordnilap (big blind) mucked


PokerStars Hand #156539612011:  Hold'em Limit ($3/$6 USD) - 2016/07/28 2:58:56 ET
Table 'Lorbach' 6-max Seat #4 is the button
Seat 2: ralf64 ($107.30 in chips)
Seat 4: Mordnilap ($216.22 in chips)
Mordnilap: posts small blind $1
ralf64: posts big blind $3
*** HOLE CARDS ***
Mordnilap: folds
Uncalled bet ($2) returned to ralf64
ralf64 collected $2 from pot
ralf64: doesn't show hand
*** SUMMARY ***
Total pot $2 | Rake $0
Seat 2: ralf64 (big blind) collected ($2)
Seat 4: Mordnilap (button) (small blind) folded before Flop


PokerStars Hand #156539625781:  Hold'em Limit ($3/$6 USD) - 2016/07/28 3:00:00 ET
Table 'Lorbach' 6-max Seat #4 is the button
Seat 2: ralf64 ($79.06 in chips)
Seat 4: Mordnilap ($243.72 in chips)
Mordnilap: posts small blind $1
ralf64: posts big blind $3
*** HOLE CARDS ***
Mordnilap: raises $3 to $6
ralf64: folds
Uncalled bet ($3) returned to Mordnilap
Mordnilap collected $6 from pot
Mordnilap: doesn't show hand
*** SUMMARY ***
Total pot $6 | Rake $0
Seat 2: ralf64 (big blind) folded before Flop
Seat 4: Mordnilap (button) (small blind) collected ($6)


PokerStars Hand #156539624405:  Hold'em Limit ($3/$6 USD) - 2016/07/28 2:59:53 ET
Table 'Lorbach' 6-max Seat #2 is the button
Seat 2: ralf64 ($76.06 in chips)
Seat 4: Mordnilap ($246.72 in chips)
ralf64: posts small blind $1
Mordnilap: posts big blind $3
*** HOLE CARDS ***
ralf64: raises $3 to $6
TheU10 joins the table at seat #3
Mordnilap: folds
Uncalled bet ($3) returned to ralf64
ralf64 collected $6 from pot
ralf64: doesn't show hand
*** SUMMARY ***
Total pot $6 | Rake $0
Seat 2: ralf64 (button) (small blind) collected ($6)
Seat 4: Mordnilap (big blind) folded before Flop


PokerStars Hand #156539617994:  Hold'em Limit ($3/$6 USD) - 2016/07/28 2:59:24 ET
Table 'Lorbach' 6-max Seat #2 is the button
Seat 2: ralf64 ($100.30 in chips)
Seat 4: Mordnilap ($223.22 in chips)
ralf64: posts small blind $1
Mordnilap: posts big blind $3
*** HOLE CARDS ***
ralf64: raises $3 to $6
Mordnilap: calls $3
*** FLOP *** [4s As Td]
Mordnilap: checks
ralf64: bets $3
Mordnilap: folds
Uncalled bet ($3) returned to ralf64
ralf64 collected $11.76 from pot
ralf64: doesn't show hand
*** SUMMARY ***
Total pot $12 | Rake $0.24
Board [4s As Td]
Seat 2: ralf64 (button) (small blind) collected ($11.76)
Seat 4: Mordnilap (big blind) folded on the Flop


PokerStars Hand #156539616758:  Hold'em Limit ($3/$6 USD) - 2016/07/28 2:59:18 ET
Table 'Lorbach' 6-max Seat #4 is the button
Seat 2: ralf64 ($103.30 in chips)
Seat 4: Mordnilap ($220.22 in chips)
Mordnilap: posts small blind $1
ralf64: posts big blind $3
*** HOLE CARDS ***
Mordnilap: raises $3 to $6
ralf64: folds
Uncalled bet ($3) returned to Mordnilap
Mordnilap collected $6 from pot
Mordnilap: doesn't show hand
*** SUMMARY ***
Total pot $6 | Rake $0
Seat 2: ralf64 (big blind) folded before Flop
Seat 4: Mordnilap (button) (small blind) collected ($6)


PokerStars Hand #156539615674:  Hold'em Limit ($3/$6 USD) - 2016/07/28 2:59:13 ET
Table 'Lorbach' 6-max Seat #2 is the button
Seat 2: ralf64 ($104.30 in chips)
Seat 4: Mordnilap ($219.22 in chips)
ralf64: posts small blind $1
Mordnilap: posts big blind $3
*** HOLE CARDS ***
ralf64: folds
Uncalled bet ($2) returned to Mordnilap
Mordnilap collected $2 from pot
Mordnilap: doesn't show hand
*** SUMMARY ***
Total pot $2 | Rake $0
Seat 2: ralf64 (button) (small blind) folded before Flop
Seat 4: Mordnilap (big blind) collected ($2)


PokerStars Hand #156539614441:  Hold'em Limit ($3/$6 USD) - 2016/07/28 2:59:07 ET
Table 'Lorbach' 6-max Seat #4 is the button
Seat 2: ralf64 ($107.30 in chips)
Seat 4: Mordnilap ($216.22 in chips)
Mordnilap: posts small blind $1
ralf64: posts big blind $3
*** HOLE CARDS ***
Mordnilap: raises $3 to $6
ralf64: folds
Uncalled bet ($3) returned to Mordnilap
Mordnilap collected $6 from pot
Mordnilap: doesn't show hand
*** SUMMARY ***
Total pot $6 | Rake $0
Seat 2: ralf64 (big blind) folded before Flop
Seat 4: Mordnilap (button) (small blind) collected ($6)


PokerStars Hand #156539613299:  Hold'em Limit ($3/$6 USD) - 2016/07/28 2:59:02 ET
Table 'Lorbach' 6-max Seat #2 is the button
Seat 2: ralf64 ($108.30 in chips)
Seat 4: Mordnilap ($215.22 in chips)
ralf64: posts small blind $1
Mordnilap: posts big blind $3
*** HOLE CARDS ***
ralf64: folds
Uncalled bet ($2) returned to Mordnilap
Mordnilap collected $2 from pot
Mordnilap: doesn't show hand
*** SUMMARY ***
Total pot $2 | Rake $0
Seat 2: ralf64 (button) (small blind) folded before Flop
Seat 4: Mordnilap (big blind) collected ($2)


PokerStars Hand #156539620267:  Hold'em Limit ($3/$6 USD) - 2016/07/28 2:59:35 ET
Table 'Lorbach' 6-max Seat #4 is the button
Seat 2: ralf64 ($106.06 in chips)
Seat 4: Mordnilap ($217.22 in chips)
Mordnilap: posts small blind $1
ralf64: posts big blind $3
*** HOLE CARDS ***
Mordnilap: raises $3 to $6
ralf64: calls $3
*** FLOP *** [2d 3c Qd]
ralf64: checks
Mordnilap: bets $3
ralf64: raises $3 to $6
Mordnilap: calls $3
*** TURN *** [2d 3c Qd] [8s]
ralf64: bets $6
Mordnilap: calls $6
*** RIVER *** [2d 3c Qd 8s] [6c]
ralf64: bets $6
Mordnilap: raises $6 to $12
ralf64: calls $6
*** SHOW DOWN ***
Mordnilap: shows [6h 3d] (two pair, Sixes and Threes)
ralf64: mucks hand
Mordnilap collected $59.50 from pot
*** SUMMARY ***
Total pot $60 | Rake $0.50
Board [2d 3c Qd 8s 6c]
Seat 2: ralf64 (big blind) mucked
Seat 4: Mordnilap (button) (small blind) showed [6h 3d] and won ($59.50) with two pair, Sixes and Threes


PokerStars Hand #156540258764:  Hold'em Limit ($3/$6 USD) - 2016/07/28 3:41:25 ET
Table 'Lorbach' 6-max Seat #3 is the button
Seat 2: ralf64 ($124.60 in chips)
Seat 3: TheU10 ($62.88 in chips)
TheU10: posts small blind $1
wobetting: is sitting out
ralf64: posts big blind $3
*** HOLE CARDS ***
TheU10: raises $3 to $6
ralf64: calls $3
*** FLOP *** [3d 3c 6h]
ralf64: checks
TheU10: bets $3
ralf64: raises $3 to $6
TheU10: calls $3
*** TURN *** [3d 3c 6h] [3h]
ralf64: bets $6
TheU10: folds
Uncalled bet ($6) returned to ralf64
ralf64 collected $23.52 from pot
ralf64: doesn't show hand
*** SUMMARY ***
Total pot $24 | Rake $0.48
Board [3d 3c 6h 3h]
Seat 2: ralf64 (big blind) collected ($23.52)
Seat 3: TheU10 (button) (small blind) folded on the Turn


PokerStars Hand #156540274848:  Hold'em Limit ($3/$6 USD) - 2016/07/28 3:42:26 ET
Table 'Lorbach' 6-max Seat #2 is the button
Seat 2: ralf64 ($124.12 in chips)
Seat 3: TheU10 ($62.40 in chips)
ralf64: posts small blind $1
TheU10: posts big blind $3
*** HOLE CARDS ***
ralf64: calls $2
TheU10: raises $3 to $6
ralf64: raises $3 to $9
TheU10: calls $3
*** FLOP *** [Js Kh 5s]
TheU10: checks
ralf64: bets $3
TheU10: folds
Uncalled bet ($3) returned to ralf64
ralf64 collected $17.64 from pot
ralf64: doesn't show hand
*** SUMMARY ***
Total pot $18 | Rake $0.36
Board [Js Kh 5s]
Seat 2: ralf64 (button) (small blind) collected ($17.64)
Seat 3: TheU10 (big blind) folded on the Flop


PokerStars Hand #156540264081:  Hold'em Limit ($3/$6 USD) - 2016/07/28 3:41:46 ET
Table 'Lorbach' 6-max Seat #2 is the button
Seat 2: ralf64 ($136.12 in chips)
Seat 3: TheU10 ($50.88 in chips)
ralf64: posts small blind $1
TheU10: posts big blind $3
*** HOLE CARDS ***
ralf64: calls $2
TheU10: checks
*** FLOP *** [Ks 4h 8c]
TheU10: checks
ralf64: bets $3
TheU10: raises $3 to $6
ralf64: folds
Uncalled bet ($3) returned to TheU10
TheU10 collected $11.76 from pot
TheU10: doesn't show hand
*** SUMMARY ***
Total pot $12 | Rake $0.24
Board [Ks 4h 8c]
Seat 2: ralf64 (button) (small blind) folded on the Flop
Seat 3: TheU10 (big blind) collected ($11.76)


PokerStars Hand #156540271240:  Hold'em Limit ($3/$6 USD) - 2016/07/28 3:42:13 ET
Table 'Lorbach' 6-max Seat #3 is the button
Seat 2: ralf64 ($130.12 in chips)
Seat 3: TheU10 ($56.64 in chips)
TheU10: posts small blind $1
ralf64: posts big blind $3
*** HOLE CARDS ***
TheU10: raises $3 to $6
ralf64: calls $3
*** FLOP *** [9c 9h 6h]
ralf64: checks
TheU10: bets $3
ralf64: folds
Uncalled bet ($3) returned to TheU10
TheU10 collected $11.76 from pot
TheU10: doesn't show hand
*** SUMMARY ***
Total pot $12 | Rake $0.24
Board [9c 9h 6h]
Seat 2: ralf64 (big blind) folded on the Flop
Seat 3: TheU10 (button) (small blind) collected ($11.76)


