PokerStars Hand #170264767148:  Hold'em Limit ($3/$6 USD) - 2017/05/11 9:50:49 ET
Table 'Lorcia' 6-max Seat #3 is the button
Seat 2: kiwi/mike ($127.54 in chips)
Seat 3: tttzzz ($78.61 in chips)
tttzzz: posts small blind $1
Ale4o: is sitting out
kiwi/mike: posts big blind $3
*** HOLE CARDS ***
Ale4o leaves the table
tttzzz: folds
Uncalled bet ($2) returned to kiwi/mike
kiwi/mike collected $2 from pot
kiwi/mike: doesn't show hand
*** SUMMARY ***
Total pot $2 | Rake $0
Seat 2: kiwi/mike (big blind) collected ($2)
Seat 3: tttzzz (button) (small blind) folded before Flop


PokerStars Hand #170264797323:  Hold'em Limit ($3/$6 USD) - 2017/05/11 9:51:43 ET
Table 'Lorcia' 6-max Seat #5 is the button
Seat 5: Labolina77 ($42.93 in chips)
Seat 6: Ale4o ($120 in chips)
Labolina77: posts small blind $1
Ale4o: posts big blind $3
*** HOLE CARDS ***
Labolina77: folds
Uncalled bet ($2) returned to Ale4o
Ale4o collected $2 from pot
Ale4o: doesn't show hand
*** SUMMARY ***
Total pot $2 | Rake $0
Seat 5: Labolina77 (button) (small blind) folded before Flop
Seat 6: Ale4o (big blind) collected ($2)


PokerStars Hand #170264801299:  Hold'em Limit ($3/$6 USD) - 2017/05/11 9:51:50 ET
Table 'Lorcia' 6-max Seat #6 is the button
Seat 5: Labolina77 ($41.93 in chips)
Seat 6: Ale4o ($121 in chips)
Ale4o: posts small blind $1
Labolina77: posts big blind $3
*** HOLE CARDS ***
Ale4o: raises $3 to $6
Labolina77: calls $3
*** FLOP *** [7s 2s Qs]
Labolina77: checks
Ale4o: bets $3
Labolina77: folds
Uncalled bet ($3) returned to Ale4o
Ale4o collected $11.76 from pot
Ale4o: doesn't show hand
*** SUMMARY ***
Total pot $12 | Rake $0.24
Board [7s 2s Qs]
Seat 5: Labolina77 (big blind) folded on the Flop
Seat 6: Ale4o (button) (small blind) collected ($11.76)


PokerStars Hand #170264836500:  Hold'em Limit ($3/$6 USD) - 2017/05/11 9:52:54 ET
Table 'Lorcia' 6-max Seat #6 is the button
Seat 5: Labolina77 ($34.93 in chips)
Seat 6: Ale4o ($127.76 in chips)
Ale4o: posts small blind $1
Labolina77: posts big blind $3
*** HOLE CARDS ***
Ale4o: folds
Uncalled bet ($2) returned to Labolina77
Labolina77 collected $2 from pot
Labolina77: doesn't show hand
*** SUMMARY ***
Total pot $2 | Rake $0
Seat 5: Labolina77 (big blind) collected ($2)
Seat 6: Ale4o (button) (small blind) folded before Flop


PokerStars Hand #170264832205:  Hold'em Limit ($3/$6 USD) - 2017/05/11 9:52:46 ET
Table 'Lorcia' 6-max Seat #5 is the button
Seat 5: Labolina77 ($35.93 in chips)
Seat 6: Ale4o ($126.76 in chips)
Labolina77: posts small blind $1
Ale4o: posts big blind $3
*** HOLE CARDS ***
Labolina77: folds
Uncalled bet ($2) returned to Ale4o
Ale4o collected $2 from pot
Ale4o: doesn't show hand
*** SUMMARY ***
Total pot $2 | Rake $0
Seat 5: Labolina77 (button) (small blind) folded before Flop
Seat 6: Ale4o (big blind) collected ($2)


PokerStars Hand #170264871714:  Hold'em Limit ($3/$6 USD) - 2017/05/11 9:53:56 ET
Table 'Lorcia' 6-max Seat #5 is the button
Seat 5: Labolina77 ($26.57 in chips)
Seat 6: Ale4o ($135.26 in chips)
Labolina77: posts small blind $1
Ale4o: posts big blind $3
*** HOLE CARDS ***
Labolina77: raises $3 to $6
Ale4o: folds
Uncalled bet ($3) returned to Labolina77
Labolina77 collected $6 from pot
Labolina77: doesn't show hand
*** SUMMARY ***
Total pot $6 | Rake $0
Seat 5: Labolina77 (button) (small blind) collected ($6)
Seat 6: Ale4o (big blind) folded before Flop


PokerStars Hand #170264855762:  Hold'em Limit ($3/$6 USD) - 2017/05/11 9:53:28 ET
Table 'Lorcia' 6-max Seat #6 is the button
Seat 5: Labolina77 ($17.93 in chips)
Seat 6: Ale4o ($144.26 in chips)
Ale4o: posts small blind $1
Labolina77: posts big blind $3
*** HOLE CARDS ***
Ale4o: raises $3 to $6
Labolina77: calls $3
*** FLOP *** [3s Ad 4h]
Labolina77: checks
Ale4o: bets $3
Labolina77: calls $3
*** TURN *** [3s Ad 4h] [4s]
Labolina77: checks
Ale4o: checks
*** RIVER *** [3s Ad 4h 4s] [8s]
Labolina77: bets $6
Ale4o: folds
Uncalled bet ($6) returned to Labolina77
Labolina77 collected $17.64 from pot
Labolina77: doesn't show hand
*** SUMMARY ***
Total pot $18 | Rake $0.36
Board [3s Ad 4h 4s 8s]
Seat 5: Labolina77 (big blind) collected ($17.64)
Seat 6: Ale4o (button) (small blind) folded on the River


PokerStars Hand #170264838907:  Hold'em Limit ($3/$6 USD) - 2017/05/11 9:52:58 ET
Table 'Lorcia' 6-max Seat #5 is the button
Seat 5: Labolina77 ($35.93 in chips)
Seat 6: Ale4o ($126.76 in chips)
Labolina77: posts small blind $1
Ale4o: posts big blind $3
*** HOLE CARDS ***
Labolina77: raises $3 to $6
Ale4o: calls $3
*** FLOP *** [6h 7h 4d]
Ale4o: checks
Labolina77: bets $3
Ale4o: raises $3 to $6
Labolina77: raises $3 to $9
Ale4o: raises $3 to $12
Betting is capped
Labolina77: calls $3
*** TURN *** [6h 7h 4d] [Kh]
Ale4o: checks
Labolina77: checks
*** RIVER *** [6h 7h 4d Kh] [4h]
Ale4o: checks
Labolina77: checks
*** SHOW DOWN ***
Ale4o: shows [7c 8d] (two pair, Sevens and Fours)
Labolina77: mucks hand
Ale4o collected $35.50 from pot
*** SUMMARY ***
Total pot $36 | Rake $0.50
Board [6h 7h 4d Kh 4h]
Seat 5: Labolina77 (button) (small blind) mucked
Seat 6: Ale4o (big blind) showed [7c 8d] and won ($35.50) with two pair, Sevens and Fours


PokerStars Hand #170264890135:  Hold'em Limit ($3/$6 USD) - 2017/05/11 9:54:29 ET
Table 'Lorcia' 6-max Seat #6 is the button
Seat 5: Labolina77 ($22.57 in chips)
Seat 6: Ale4o ($139.02 in chips)
Ale4o: posts small blind $1
Labolina77: posts big blind $3
*** HOLE CARDS ***
Ale4o: raises $3 to $6
Labolina77: calls $3
*** FLOP *** [8d Th 6c]
Labolina77: checks
Ale4o: bets $3
Labolina77: raises $3 to $6
Ale4o: raises $3 to $9
Labolina77: calls $3
*** TURN *** [8d Th 6c] [7c]
Labolina77: checks
Ale4o: bets $6
Labolina77: raises $1.57 to $7.57 and is all-in
Ale4o: calls $1.57
*** RIVER *** [8d Th 6c 7c] [Ac]
*** SHOW DOWN ***
Labolina77: shows [Qh 8c] (a pair of Eights)
Ale4o: shows [9c Tc] (a flush, Ace high)
Ale4o collected $44.64 from pot
*** SUMMARY ***
Total pot $45.14 | Rake $0.50
Board [8d Th 6c 7c Ac]
Seat 5: Labolina77 (big blind) showed [Qh 8c] and lost with a pair of Eights
Seat 6: Ale4o (button) (small blind) showed [9c Tc] and won ($44.64) with a flush, Ace high


PokerStars Hand #170264886209:  Hold'em Limit ($3/$6 USD) - 2017/05/11 9:54:23 ET
Table 'Lorcia' 6-max Seat #5 is the button
Seat 5: Labolina77 ($23.57 in chips)
Seat 6: Ale4o ($138.02 in chips)
Labolina77: posts small blind $1
Ale4o: posts big blind $3
*** HOLE CARDS ***
Labolina77: folds
Uncalled bet ($2) returned to Ale4o
Ale4o collected $2 from pot
Ale4o: doesn't show hand
*** SUMMARY ***
Total pot $2 | Rake $0
Seat 5: Labolina77 (button) (small blind) folded before Flop
Seat 6: Ale4o (big blind) collected ($2)


PokerStars Hand #170264875394:  Hold'em Limit ($3/$6 USD) - 2017/05/11 9:54:03 ET
Table 'Lorcia' 6-max Seat #6 is the button
Seat 5: Labolina77 ($29.57 in chips)
Seat 6: Ale4o ($132.26 in chips)
Ale4o: posts small blind $1
Labolina77: posts big blind $3
*** HOLE CARDS ***
Ale4o: raises $3 to $6
Labolina77: calls $3
*** FLOP *** [5c 8d Ks]
Labolina77: checks
Ale4o: checks
*** TURN *** [5c 8d Ks] [6d]
Labolina77: checks
Ale4o: bets $6
Labolina77: folds
Uncalled bet ($6) returned to Ale4o
Ale4o collected $11.76 from pot
Ale4o: doesn't show hand
*** SUMMARY ***
Total pot $12 | Rake $0.24
Board [5c 8d Ks 6d]
Seat 5: Labolina77 (big blind) folded on the Turn
Seat 6: Ale4o (button) (small blind) collected ($11.76)


