PokerStars Hand #150692379633:  Hold'em Limit ($3/$6 USD) - 2016/03/21 3:35:27 ET
Table 'Loreley II' 6-max Seat #4 is the button
Seat 1: 333ball ($18 in chips)
Seat 4: Agrotait ($83.52 in chips)
Agrotait: posts small blind $1
333ball: posts big blind $3
*** HOLE CARDS ***
Agrotait: raises $3 to $6
333ball: folds
Uncalled bet ($3) returned to Agrotait
Agrotait collected $6 from pot
Agrotait: doesn't show hand
*** SUMMARY ***
Total pot $6 | Rake $0
Seat 1: 333ball (big blind) folded before Flop
Seat 4: Agrotait (button) (small blind) collected ($6)


PokerStars Hand #150692370612:  Hold'em Limit ($3/$6 USD) - 2016/03/21 3:34:53 ET
Table 'Loreley II' 6-max Seat #1 is the button
Seat 1: 333ball ($30 in chips)
Seat 4: Agrotait ($72 in chips)
333ball: posts small blind $1
Agrotait: posts big blind $3
*** HOLE CARDS ***
333ball: raises $3 to $6
Agrotait: calls $3
*** FLOP *** [8d 5c 3h]
Agrotait: checks
RinaFox joins the table at seat #2
333ball: bets $3
Agrotait: raises $3 to $6
333ball: calls $3
*** TURN *** [8d 5c 3h] [4c]
Agrotait: bets $6
333ball: folds
Uncalled bet ($6) returned to Agrotait
Agrotait collected $23.52 from pot
Agrotait: doesn't show hand
*** SUMMARY ***
Total pot $24 | Rake $0.48
Board [8d 5c 3h 4c]
Seat 1: 333ball (button) (small blind) folded on the Turn
Seat 4: Agrotait (big blind) collected ($23.52)


PokerStars Hand #150692473657:  Hold'em Limit ($3/$6 USD) - 2016/03/21 3:41:23 ET
Table 'Loreley II' 6-max Seat #1 is the button
Seat 1: 333ball ($24 in chips)
Seat 2: RinaFox ($194.53 in chips)
333ball: posts small blind $1
RinaFox: posts big blind $3
*** HOLE CARDS ***
333ball: folds
Uncalled bet ($2) returned to RinaFox
RinaFox collected $2 from pot
RinaFox: doesn't show hand
*** SUMMARY ***
Total pot $2 | Rake $0
Seat 1: 333ball (button) (small blind) folded before Flop
Seat 2: RinaFox (big blind) collected ($2)


PokerStars Hand #150692470391:  Hold'em Limit ($3/$6 USD) - 2016/03/21 3:41:11 ET
Table 'Loreley II' 6-max Seat #2 is the button
Seat 1: 333ball ($30 in chips)
Seat 2: RinaFox ($188.77 in chips)
RinaFox: posts small blind $1
Agrotait: is sitting out
333ball: posts big blind $3
*** HOLE CARDS ***
RinaFox: raises $3 to $6
333ball: calls $3
*** FLOP *** [7h 8d 7s]
333ball: checks
RinaFox: bets $3
333ball: folds
Uncalled bet ($3) returned to RinaFox
RinaFox collected $11.76 from pot
RinaFox: doesn't show hand
*** SUMMARY ***
Total pot $12 | Rake $0.24
Board [7h 8d 7s]
Seat 1: 333ball (big blind) folded on the Flop
Seat 2: RinaFox (button) (small blind) collected ($11.76)


PokerStars Hand #150692553515:  Hold'em Limit ($3/$6 USD) - 2016/03/21 3:46:21 ET
Table 'Loreley II' 6-max Seat #4 is the button
Seat 3: kr.poker8029 ($262.34 in chips)
Seat 4: Agrotait ($135.95 in chips)
Agrotait: posts small blind $1
kr.poker8029: posts big blind $3
*** HOLE CARDS ***
Agrotait: raises $3 to $6
kr.poker8029: calls $3
*** FLOP *** [3c 5s Qs]
kr.poker8029: checks
Agrotait: bets $3
kr.poker8029: folds
Uncalled bet ($3) returned to Agrotait
Agrotait collected $11.76 from pot
Agrotait: doesn't show hand
*** SUMMARY ***
Total pot $12 | Rake $0.24
Board [3c 5s Qs]
Seat 3: kr.poker8029 (big blind) folded on the Flop
Seat 4: Agrotait (button) (small blind) collected ($11.76)


PokerStars Hand #150692558578:  Hold'em Limit ($3/$6 USD) - 2016/03/21 3:46:39 ET
Table 'Loreley II' 6-max Seat #3 is the button
Seat 3: kr.poker8029 ($256.34 in chips)
Seat 4: Agrotait ($141.71 in chips)
kr.poker8029: posts small blind $1
Agrotait: posts big blind $3
*** HOLE CARDS ***
kr.poker8029: raises $3 to $6
Agrotait: calls $3
*** FLOP *** [Kh 4c Jh]
Agrotait: checks
kr.poker8029: bets $3
Agrotait: folds
Uncalled bet ($3) returned to kr.poker8029
kr.poker8029 collected $11.76 from pot
*** SUMMARY ***
Total pot $12 | Rake $0.24
Board [Kh 4c Jh]
Seat 3: kr.poker8029 (button) (small blind) collected ($11.76)
Seat 4: Agrotait (big blind) folded on the Flop


PokerStars Hand #150693406535:  Hold'em Limit ($3/$6 USD) - 2016/03/21 4:36:00 ET
Table 'Loreley II' 6-max Seat #1 is the button
Seat 1: bentinck113 ($108 in chips)
Seat 5: billl649 ($32.30 in chips)
Agrotait will be allowed to play after the button
bentinck113: posts small blind $1
Johnliu: is sitting out
billl649: posts big blind $3
*** HOLE CARDS ***
bentinck113: raises $3 to $6
billl649: calls $3
*** FLOP *** [Jh Js Qs]
billl649: checks
bentinck113: bets $3
billl649: folds
Uncalled bet ($3) returned to bentinck113
bentinck113 collected $11.76 from pot
bentinck113: doesn't show hand
*** SUMMARY ***
Total pot $12 | Rake $0.24
Board [Jh Js Qs]
Seat 1: bentinck113 (button) (small blind) collected ($11.76)
Seat 5: billl649 (big blind) folded on the Flop


PokerStars Hand #150693473140:  Hold'em Limit ($3/$6 USD) - 2016/03/21 4:39:35 ET
Table 'Loreley II' 6-max Seat #6 is the button
Seat 5: billl649 ($18.76 in chips)
Seat 6: Agrotait ($76.76 in chips)
Agrotait: posts small blind $1
billl649: posts big blind $3
*** HOLE CARDS ***
Agrotait: raises $3 to $6
billl649: folds
Uncalled bet ($3) returned to Agrotait
Agrotait collected $6 from pot
Agrotait: doesn't show hand
*** SUMMARY ***
Total pot $6 | Rake $0
Seat 5: billl649 (big blind) folded before Flop
Seat 6: Agrotait (button) (small blind) collected ($6)


PokerStars Hand #150693459357:  Hold'em Limit ($3/$6 USD) - 2016/03/21 4:38:50 ET
Table 'Loreley II' 6-max Seat #5 is the button
Seat 5: billl649 ($24.76 in chips)
Seat 6: Agrotait ($71 in chips)
billl649: posts small blind $1
Agrotait: posts big blind $3
*** HOLE CARDS ***
billl649: calls $2
Agrotait: raises $3 to $6
billl649: calls $3
*** FLOP *** [8c Qh Ts]
Agrotait: checks
billl649: checks
*** TURN *** [8c Qh Ts] [Qd]
Agrotait: bets $6
billl649: folds
Uncalled bet ($6) returned to Agrotait
Agrotait collected $11.76 from pot
Agrotait: doesn't show hand
*** SUMMARY ***
Total pot $12 | Rake $0.24
Board [8c Qh Ts Qd]
Seat 5: billl649 (button) (small blind) folded on the Turn
Seat 6: Agrotait (big blind) collected ($11.76)


PokerStars Hand #150693454045:  Hold'em Limit ($3/$6 USD) - 2016/03/21 4:38:33 ET
Table 'Loreley II' 6-max Seat #6 is the button
Seat 5: billl649 ($23.76 in chips)
Seat 6: Agrotait ($72 in chips)
Agrotait: posts small blind $1
bentinck113: is sitting out
billl649: posts big blind $3
*** HOLE CARDS ***
bentinck113 leaves the table
Agrotait: folds
Uncalled bet ($2) returned to billl649
billl649 collected $2 from pot
billl649: doesn't show hand
*** SUMMARY ***
Total pot $2 | Rake $0
Seat 5: billl649 (big blind) collected ($2)
Seat 6: Agrotait (button) (small blind) folded before Flop


PokerStars Hand #150693489928:  Hold'em Limit ($3/$6 USD) - 2016/03/21 4:40:29 ET
Table 'Loreley II' 6-max Seat #6 is the button
Seat 5: billl649 ($30.26 in chips)
Seat 6: Agrotait ($64.76 in chips)
Agrotait: posts small blind $1
billl649: posts big blind $3
*** HOLE CARDS ***
Agrotait: raises $3 to $6
billl649: folds
Uncalled bet ($3) returned to Agrotait
Agrotait collected $6 from pot
Agrotait: doesn't show hand
*** SUMMARY ***
Total pot $6 | Rake $0
Seat 5: billl649 (big blind) folded before Flop
Seat 6: Agrotait (button) (small blind) collected ($6)


PokerStars Hand #150693487780:  Hold'em Limit ($3/$6 USD) - 2016/03/21 4:40:22 ET
Table 'Loreley II' 6-max Seat #5 is the button
Seat 5: billl649 ($31.26 in chips)
Seat 6: Agrotait ($63.76 in chips)
billl649: posts small blind $1
Agrotait: posts big blind $3
*** HOLE CARDS ***
billl649: folds
Uncalled bet ($2) returned to Agrotait
Agrotait collected $2 from pot
Agrotait: doesn't show hand
*** SUMMARY ***
Total pot $2 | Rake $0
Seat 5: billl649 (button) (small blind) folded before Flop
Seat 6: Agrotait (big blind) collected ($2)


PokerStars Hand #150693483736:  Hold'em Limit ($3/$6 USD) - 2016/03/21 4:40:09 ET
Table 'Loreley II' 6-max Seat #6 is the button
Seat 5: billl649 ($30.26 in chips)
Seat 6: Agrotait ($64.76 in chips)
Agrotait: posts small blind $1
billl649: posts big blind $3
*** HOLE CARDS ***
Agrotait: folds
Uncalled bet ($2) returned to billl649
billl649 collected $2 from pot
billl649: doesn't show hand
*** SUMMARY ***
Total pot $2 | Rake $0
Seat 5: billl649 (big blind) collected ($2)
Seat 6: Agrotait (button) (small blind) folded before Flop


PokerStars Hand #150693475687:  Hold'em Limit ($3/$6 USD) - 2016/03/21 4:39:43 ET
Table 'Loreley II' 6-max Seat #5 is the button
Seat 5: billl649 ($15.76 in chips)
Seat 6: Agrotait ($79.76 in chips)
billl649: posts small blind $1
Agrotait: posts big blind $3
*** HOLE CARDS ***
billl649: calls $2
Agrotait: raises $3 to $6
billl649: calls $3
*** FLOP *** [Ac 8d Ad]
Agrotait: bets $3
billl649: calls $3
*** TURN *** [Ac 8d Ad] [6s]
Agrotait: bets $6
billl649: calls $6
*** RIVER *** [Ac 8d Ad 6s] [9c]
Agrotait: checks
billl649: checks
*** SHOW DOWN ***
Agrotait: shows [Jc Tc] (a pair of Aces)
billl649: shows [Kh 8h] (two pair, Aces and Eights)
billl649 collected $29.50 from pot
*** SUMMARY ***
Total pot $30 | Rake $0.50
Board [Ac 8d Ad 6s 9c]
Seat 5: billl649 (button) (small blind) showed [Kh 8h] and won ($29.50) with two pair, Aces and Eights
Seat 6: Agrotait (big blind) showed [Jc Tc] and lost with a pair of Aces


PokerStars Hand #150693503737:  Hold'em Limit ($3/$6 USD) - 2016/03/21 4:41:14 ET
Table 'Loreley II' 6-max Seat #6 is the button
Seat 5: billl649 ($24.26 in chips)
Seat 6: Agrotait ($70.64 in chips)
Agrotait: posts small blind $1
billl649: posts big blind $3
*** HOLE CARDS ***
Agrotait: folds
Uncalled bet ($2) returned to billl649
billl649 collected $2 from pot
billl649: doesn't show hand
*** SUMMARY ***
Total pot $2 | Rake $0
Seat 5: billl649 (big blind) collected ($2)
Seat 6: Agrotait (button) (small blind) folded before Flop


PokerStars Hand #150693493073:  Hold'em Limit ($3/$6 USD) - 2016/03/21 4:40:39 ET
Table 'Loreley II' 6-max Seat #5 is the button
Seat 5: billl649 ($27.26 in chips)
Seat 6: Agrotait ($67.76 in chips)
billl649: posts small blind $1
Agrotait: posts big blind $3
*** HOLE CARDS ***
billl649: calls $2
Agrotait: checks
*** FLOP *** [9c 2d Th]
Agrotait: checks
billl649: checks
*** TURN *** [9c 2d Th] [Jc]
Agrotait: bets $6
billl649: folds
Uncalled bet ($6) returned to Agrotait
Agrotait collected $5.88 from pot
Agrotait: doesn't show hand
*** SUMMARY ***
Total pot $6 | Rake $0.12
Board [9c 2d Th Jc]
Seat 5: billl649 (button) (small blind) folded on the Turn
Seat 6: Agrotait (big blind) collected ($5.88)


PokerStars Hand #150693517174:  Hold'em Limit ($3/$6 USD) - 2016/03/21 4:41:56 ET
Table 'Loreley II' 6-max Seat #6 is the button
Seat 5: billl649 ($22.26 in chips)
Seat 6: Agrotait ($72.52 in chips)
Agrotait: posts small blind $1
billl649: posts big blind $3
*** HOLE CARDS ***
Agrotait: folds
Uncalled bet ($2) returned to billl649
billl649 collected $2 from pot
billl649: doesn't show hand
*** SUMMARY ***
Total pot $2 | Rake $0
Seat 5: billl649 (big blind) collected ($2)
Seat 6: Agrotait (button) (small blind) folded before Flop


PokerStars Hand #150693524339:  Hold'em Limit ($3/$6 USD) - 2016/03/21 4:42:19 ET
Table 'Loreley II' 6-max Seat #6 is the button
Seat 5: billl649 ($22.26 in chips)
Seat 6: Agrotait ($72.52 in chips)
Agrotait: posts small blind $1
billl649: posts big blind $3
*** HOLE CARDS ***
Agrotait: folds
Uncalled bet ($2) returned to billl649
billl649 collected $2 from pot
billl649: doesn't show hand
*** SUMMARY ***
Total pot $2 | Rake $0
Seat 5: billl649 (big blind) collected ($2)
Seat 6: Agrotait (button) (small blind) folded before Flop


PokerStars Hand #150693522200:  Hold'em Limit ($3/$6 USD) - 2016/03/21 4:42:12 ET
Table 'Loreley II' 6-max Seat #5 is the button
Seat 5: billl649 ($23.26 in chips)
Seat 6: Agrotait ($71.52 in chips)
billl649: posts small blind $1
Agrotait: posts big blind $3
*** HOLE CARDS ***
billl649: folds
Uncalled bet ($2) returned to Agrotait
Agrotait collected $2 from pot
Agrotait: doesn't show hand
*** SUMMARY ***
Total pot $2 | Rake $0
Seat 5: billl649 (button) (small blind) folded before Flop
Seat 6: Agrotait (big blind) collected ($2)


PokerStars Hand #150693505613:  Hold'em Limit ($3/$6 USD) - 2016/03/21 4:41:20 ET
Table 'Loreley II' 6-max Seat #5 is the button
Seat 5: billl649 ($25.26 in chips)
Seat 6: Agrotait ($69.64 in chips)
billl649: posts small blind $1
Agrotait: posts big blind $3
*** HOLE CARDS ***
billl649: calls $2
Agrotait: checks
*** FLOP *** [7s 6s 4h]
Agrotait: checks
billl649: checks
*** TURN *** [7s 6s 4h] [3d]
Agrotait: bets $6
billl649: folds
Uncalled bet ($6) returned to Agrotait
Agrotait collected $5.88 from pot
Agrotait: doesn't show hand
*** SUMMARY ***
Total pot $6 | Rake $0.12
Board [7s 6s 4h 3d]
Seat 5: billl649 (button) (small blind) folded on the Turn
Seat 6: Agrotait (big blind) collected ($5.88)


PokerStars Hand #150693526109:  Hold'em Limit ($3/$6 USD) - 2016/03/21 4:42:25 ET
Table 'Loreley II' 6-max Seat #5 is the button
Seat 5: billl649 ($23.26 in chips)
Seat 6: Agrotait ($71.52 in chips)
billl649: posts small blind $1
Agrotait: posts big blind $3
*** HOLE CARDS ***
billl649: folds
Uncalled bet ($2) returned to Agrotait
Agrotait collected $2 from pot
Agrotait: doesn't show hand
*** SUMMARY ***
Total pot $2 | Rake $0
Seat 5: billl649 (button) (small blind) folded before Flop
Seat 6: Agrotait (big blind) collected ($2)


PokerStars Hand #150693542545:  Hold'em Limit ($3/$6 USD) - 2016/03/21 4:43:18 ET
Table 'Loreley II' 6-max Seat #6 is the button
Seat 5: billl649 ($12.26 in chips)
Seat 6: Agrotait ($82.16 in chips)
Agrotait: posts small blind $1
billl649: posts big blind $3
*** HOLE CARDS ***
Agrotait: folds
Uncalled bet ($2) returned to billl649
billl649 collected $2 from pot
billl649: doesn't show hand
*** SUMMARY ***
Total pot $2 | Rake $0
Seat 5: billl649 (big blind) collected ($2)
Seat 6: Agrotait (button) (small blind) folded before Flop


PokerStars Hand #150693540838:  Hold'em Limit ($3/$6 USD) - 2016/03/21 4:43:12 ET
Table 'Loreley II' 6-max Seat #5 is the button
Seat 5: billl649 ($13.26 in chips)
Seat 6: Agrotait ($81.16 in chips)
billl649: posts small blind $1
Agrotait: posts big blind $3
*** HOLE CARDS ***
billl649: folds
Uncalled bet ($2) returned to Agrotait
Agrotait collected $2 from pot
Agrotait: doesn't show hand
*** SUMMARY ***
Total pot $2 | Rake $0
Seat 5: billl649 (button) (small blind) folded before Flop
Seat 6: Agrotait (big blind) collected ($2)


PokerStars Hand #150693527966:  Hold'em Limit ($3/$6 USD) - 2016/03/21 4:42:31 ET
Table 'Loreley II' 6-max Seat #6 is the button
Seat 5: billl649 ($22.26 in chips)
Seat 6: Agrotait ($72.52 in chips)
Agrotait: posts small blind $1
billl649: posts big blind $3
*** HOLE CARDS ***
Agrotait: raises $3 to $6
billl649: calls $3
*** FLOP *** [6h 3h 3c]
billl649: checks
Agrotait: bets $3
billl649: calls $3
*** TURN *** [6h 3h 3c] [Th]
billl649: checks
Agrotait: bets $6
billl649: folds
Uncalled bet ($6) returned to Agrotait
Agrotait collected $17.64 from pot
Agrotait: doesn't show hand
*** SUMMARY ***
Total pot $18 | Rake $0.36
Board [6h 3h 3c Th]
Seat 5: billl649 (big blind) folded on the Turn
Seat 6: Agrotait (button) (small blind) collected ($17.64)


PokerStars Hand #150693547007:  Hold'em Limit ($3/$6 USD) - 2016/03/21 4:43:32 ET
Table 'Loreley II' 6-max Seat #6 is the button
Seat 5: billl649 ($12.26 in chips)
Seat 6: Agrotait ($82.16 in chips)
Agrotait: posts small blind $1
billl649: posts big blind $3
*** HOLE CARDS ***
Agrotait: raises $3 to $6
billl649: calls $3
*** FLOP *** [Kd 4d 9h]
billl649: checks
Agrotait: bets $3
billl649: folds
Uncalled bet ($3) returned to Agrotait
Agrotait collected $11.76 from pot
Agrotait: doesn't show hand
*** SUMMARY ***
Total pot $12 | Rake $0.24
Board [Kd 4d 9h]
Seat 5: billl649 (big blind) folded on the Flop
Seat 6: Agrotait (button) (small blind) collected ($11.76)


PokerStars Hand #150693560203:  Hold'em Limit ($3/$6 USD) - 2016/03/21 4:44:13 ET
Table 'Loreley II' 6-max Seat #5 is the button
Seat 5: billl649 ($6.26 in chips)
Seat 6: Agrotait ($87.92 in chips)
billl649: posts small blind $1
Agrotait: posts big blind $3
*** HOLE CARDS ***
billl649: calls $2
Agrotait: raises $3 to $6
billl649: calls $3
*** FLOP *** [4s 6h Kd]
Agrotait: bets $3
billl649: calls $0.26 and is all-in
Uncalled bet ($2.74) returned to Agrotait
*** TURN *** [4s 6h Kd] [4d]
*** RIVER *** [4s 6h Kd 4d] [Tc]
*** SHOW DOWN ***
Agrotait: shows [Qc Ah] (a pair of Fours)
billl649: shows [Ac 2d] (a pair of Fours - lower kicker)
Agrotait collected $12.27 from pot
*** SUMMARY ***
Total pot $12.52 | Rake $0.25
Board [4s 6h Kd 4d Tc]
Seat 5: billl649 (button) (small blind) showed [Ac 2d] and lost with a pair of Fours
Seat 6: Agrotait (big blind) showed [Qc Ah] and won ($12.27) with a pair of Fours


