PokerStars Hand #169005356113:  Hold'em Limit ($3/$6 USD) - 2017/04/13 20:46:47 ET
Table 'Loreley II' 6-max Seat #1 is the button
Seat 1: Zubasa07 ($300 in chips)
Seat 3: gabiruboy ($42 in chips)
B_loJkl joins the table at seat #4
Zubasa07: posts small blind $1
gabiruboy: posts big blind $3
*** HOLE CARDS ***
Zubasa07: raises $3 to $6
gabiruboy: calls $3
*** FLOP *** [7c 2c 7s]
gabiruboy: checks
Zubasa07: bets $3
gabiruboy: calls $3
*** TURN *** [7c 2c 7s] [2d]
gabiruboy: checks
Zubasa07: bets $6
gabiruboy: folds
Uncalled bet ($6) returned to Zubasa07
Zubasa07 collected $17.64 from pot
Zubasa07: doesn't show hand
*** SUMMARY ***
Total pot $18 | Rake $0.36
Board [7c 2c 7s 2d]
Seat 1: Zubasa07 (button) (small blind) collected ($17.64)
Seat 3: gabiruboy (big blind) folded on the Turn


PokerStars Hand #169005497790:  Hold'em Limit ($3/$6 USD) - 2017/04/13 20:51:49 ET
Table 'Loreley II' 6-max Seat #5 is the button
Seat 4: B_loJkl ($185.03 in chips)
Seat 5: Chessnok ($134.28 in chips)
Chessnok: posts small blind $1
B_loJkl: posts big blind $3
*** HOLE CARDS ***
Chessnok: raises $3 to $6
gabiruboy leaves the table
B_loJkl: folds
Uncalled bet ($3) returned to Chessnok
Chessnok collected $6 from pot
Chessnok: doesn't show hand
*** SUMMARY ***
Total pot $6 | Rake $0
Seat 4: B_loJkl (big blind) folded before Flop
Seat 5: Chessnok (button) (small blind) collected ($6)


PokerStars Hand #169011353166:  Hold'em Limit ($3/$6 USD) - 2017/04/14 1:26:13 ET
Table 'Loreley II' 6-max Seat #4 is the button
Seat 3: ARARAT ANAPA ($61.86 in chips)
Seat 4: Agrotait ($72 in chips)
Agrotait: posts small blind $1
ARARAT ANAPA: posts big blind $3
*** HOLE CARDS ***
Agrotait: raises $3 to $6
ARARAT ANAPA: calls $3
*** FLOP *** [Kd Kc 7c]
ARARAT ANAPA: checks
Agrotait: bets $3
ARARAT ANAPA: folds
Uncalled bet ($3) returned to Agrotait
Agrotait collected $11.76 from pot
Agrotait: doesn't show hand
*** SUMMARY ***
Total pot $12 | Rake $0.24
Board [Kd Kc 7c]
Seat 3: ARARAT ANAPA (big blind) folded on the Flop
Seat 4: Agrotait (button) (small blind) collected ($11.76)


PokerStars Hand #169011357905:  Hold'em Limit ($3/$6 USD) - 2017/04/14 1:26:29 ET
Table 'Loreley II' 6-max Seat #3 is the button
Seat 3: ARARAT ANAPA ($55.86 in chips)
Seat 4: Agrotait ($77.76 in chips)
ARARAT ANAPA: posts small blind $1
Agrotait: posts big blind $3
*** HOLE CARDS ***
ARARAT ANAPA: raises $3 to $6
Agrotait: calls $3
*** FLOP *** [Tc Qh 6d]
B_loJkl joins the table at seat #5
Agrotait: checks
ARARAT ANAPA: bets $3
Agrotait: calls $3
*** TURN *** [Tc Qh 6d] [3s]
Agrotait: checks
ARARAT ANAPA: checks
*** RIVER *** [Tc Qh 6d 3s] [Th]
Agrotait: bets $6
ARARAT ANAPA: folds
Uncalled bet ($6) returned to Agrotait
Agrotait collected $17.64 from pot
Agrotait: doesn't show hand
*** SUMMARY ***
Total pot $18 | Rake $0.36
Board [Tc Qh 6d 3s Th]
Seat 3: ARARAT ANAPA (button) (small blind) folded on the River
Seat 4: Agrotait (big blind) collected ($17.64)


PokerStars Hand #169011577481:  Hold'em Limit ($3/$6 USD) - 2017/04/14 1:38:47 ET
Table 'Loreley II' 6-max Seat #4 is the button
Seat 4: Agrotait ($105.61 in chips)
Seat 5: B_loJkl ($149.39 in chips)
Agrotait: posts small blind $1
B_loJkl: posts big blind $3
*** HOLE CARDS ***
ARARAT ANAPA leaves the table
Agrotait: raises $3 to $6
B_loJkl: raises $3 to $9
Agrotait: calls $3
*** FLOP *** [3s 5s 4c]
B_loJkl: bets $3
Agrotait: calls $3
*** TURN *** [3s 5s 4c] [2h]
B_loJkl: checks
Agrotait: bets $6
B_loJkl: calls $6
*** RIVER *** [3s 5s 4c 2h] [7d]
B_loJkl: checks
Agrotait: checks
*** SHOW DOWN ***
B_loJkl: shows [4d 4s] (three of a kind, Fours)
Agrotait: mucks hand
B_loJkl collected $35.50 from pot
*** SUMMARY ***
Total pot $36 | Rake $0.50
Board [3s 5s 4c 2h 7d]
Seat 4: Agrotait (button) (small blind) mucked
Seat 5: B_loJkl (big blind) showed [4d 4s] and won ($35.50) with three of a kind, Fours


