PokerStars Hand #173716796405:  Hold'em Limit ($3/$6 USD) - 2017/07/30 15:44:09 ET
Table 'Loreley III' 6-max Seat #6 is the button
Seat 1: Velbor107 ($300 in chips)
Seat 6: roxy1362 ($36.36 in chips)
roxy1362: posts small blind $1
Velbor107: posts big blind $3
*** HOLE CARDS ***
roxy1362: folds
Uncalled bet ($2) returned to Velbor107
Velbor107 collected $2 from pot
Great_Kang joins the table at seat #2
*** SUMMARY ***
Total pot $2 | Rake $0
Seat 1: Velbor107 (big blind) collected ($2)
Seat 6: roxy1362 (button) (small blind) folded before Flop


PokerStars Hand #173720539498:  Hold'em Limit ($3/$6 USD) - 2017/07/30 16:49:31 ET
Table 'Loreley III' 6-max Seat #4 is the button
Seat 2: Great_Kang ($217.67 in chips)
Seat 4: **Geka**555 ($50.18 in chips)
**Geka**555: posts small blind $1
Great_Kang: posts big blind $3
*** HOLE CARDS ***
**Geka**555: folds
Uncalled bet ($2) returned to Great_Kang
Great_Kang collected $2 from pot
Great_Kang: doesn't show hand
*** SUMMARY ***
Total pot $2 | Rake $0
Seat 2: Great_Kang (big blind) collected ($2)
Seat 4: **Geka**555 (button) (small blind) folded before Flop


PokerStars Hand #173720475376:  Hold'em Limit ($3/$6 USD) - 2017/07/30 16:48:25 ET
Table 'Loreley III' 6-max Seat #4 is the button
Seat 2: Great_Kang ($218.15 in chips)
Seat 4: **Geka**555 ($50.66 in chips)
**Geka**555: posts small blind $1
Great_Kang: posts big blind $3
*** HOLE CARDS ***
**Geka**555: calls $2
Great_Kang: checks
*** FLOP *** [Qd 2h 4h]
Great_Kang: bets $3
**Geka**555: calls $3
*** TURN *** [Qd 2h 4h] [8c]
Great_Kang: bets $6
**Geka**555: calls $6
*** RIVER *** [Qd 2h 4h 8c] [9d]
Great_Kang: checks
**Geka**555: checks
*** SHOW DOWN ***
Great_Kang: shows [5d 4c] (a pair of Fours)
**Geka**555: mucks hand
Great_Kang collected $23.52 from pot
*** SUMMARY ***
Total pot $24 | Rake $0.48
Board [Qd 2h 4h 8c 9d]
Seat 2: Great_Kang (big blind) showed [5d 4c] and won ($23.52) with a pair of Fours
Seat 4: **Geka**555 (button) (small blind) mucked


PokerStars Hand #173720498751:  Hold'em Limit ($3/$6 USD) - 2017/07/30 16:48:49 ET
Table 'Loreley III' 6-max Seat #2 is the button
Seat 2: Great_Kang ($229.67 in chips)
Seat 4: **Geka**555 ($38.66 in chips)
Great_Kang: posts small blind $1
**Geka**555: posts big blind $3
*** HOLE CARDS ***
Great_Kang: raises $3 to $6
**Geka**555: raises $3 to $9
Great_Kang: calls $3
*** FLOP *** [5c 6s 6c]
**Geka**555: bets $3
Great_Kang: calls $3
*** TURN *** [5c 6s 6c] [Th]
**Geka**555: bets $6
Great_Kang: folds
Uncalled bet ($6) returned to **Geka**555
**Geka**555 collected $23.52 from pot
**Geka**555: doesn't show hand
*** SUMMARY ***
Total pot $24 | Rake $0.48
Board [5c 6s 6c Th]
Seat 2: Great_Kang (button) (small blind) folded on the Turn
Seat 4: **Geka**555 (big blind) collected ($23.52)


PokerStars Hand #173720543824:  Hold'em Limit ($3/$6 USD) - 2017/07/30 16:49:35 ET
Table 'Loreley III' 6-max Seat #2 is the button
Seat 2: Great_Kang ($218.67 in chips)
Seat 4: **Geka**555 ($49.18 in chips)
Great_Kang: posts small blind $1
**Geka**555: posts big blind $3
*** HOLE CARDS ***
Great_Kang: raises $3 to $6
**Geka**555: calls $3
*** FLOP *** [4d Ts 7s]
**Geka**555: checks
Great_Kang: bets $3
**Geka**555: calls $3
*** TURN *** [4d Ts 7s] [5s]
**Geka**555: checks
Great_Kang: checks
*** RIVER *** [4d Ts 7s 5s] [9h]
**Geka**555: bets $6
Great_Kang: folds
Uncalled bet ($6) returned to **Geka**555
**Geka**555 collected $17.64 from pot
**Geka**555: doesn't show hand
*** SUMMARY ***
Total pot $18 | Rake $0.36
Board [4d Ts 7s 5s 9h]
Seat 2: Great_Kang (button) (small blind) folded on the River
Seat 4: **Geka**555 (big blind) collected ($17.64)


PokerStars Hand #173720632473:  Hold'em Limit ($3/$6 USD) - 2017/07/30 16:51:09 ET
Table 'Loreley III' 6-max Seat #2 is the button
Seat 2: Great_Kang ($206.67 in chips)
Seat 4: **Geka**555 ($60.70 in chips)
Great_Kang: posts small blind $1
**Geka**555: posts big blind $3
*** HOLE CARDS ***
Great_Kang: folds
Uncalled bet ($2) returned to **Geka**555
**Geka**555 collected $2 from pot
**Geka**555: doesn't show hand
*** SUMMARY ***
Total pot $2 | Rake $0
Seat 2: Great_Kang (button) (small blind) folded before Flop
Seat 4: **Geka**555 (big blind) collected ($2)


PokerStars Hand #173720586588:  Hold'em Limit ($3/$6 USD) - 2017/07/30 16:50:21 ET
Table 'Loreley III' 6-max Seat #4 is the button
Seat 2: Great_Kang ($209.67 in chips)
Seat 4: **Geka**555 ($57.82 in chips)
**Geka**555: posts small blind $1
Great_Kang: posts big blind $3
*** HOLE CARDS ***
**Geka**555: calls $2
Great_Kang: checks
*** FLOP *** [8d Qs 2c]
Great_Kang: checks
**Geka**555: checks
*** TURN *** [8d Qs 2c] [6d]
Great_Kang: checks
**Geka**555: checks
*** RIVER *** [8d Qs 2c 6d] [2h]
Great_Kang: checks
**Geka**555: checks
*** SHOW DOWN ***
Great_Kang: shows [Tc 4h] (a pair of Deuces)
**Geka**555: shows [Jc Ts] (a pair of Deuces - Queen+Jack kicker)
**Geka**555 collected $5.88 from pot
*** SUMMARY ***
Total pot $6 | Rake $0.12
Board [8d Qs 2c 6d 2h]
Seat 2: Great_Kang (big blind) showed [Tc 4h] and lost with a pair of Deuces
Seat 4: **Geka**555 (button) (small blind) showed [Jc Ts] and won ($5.88) with a pair of Deuces


PokerStars Hand #173720638575:  Hold'em Limit ($3/$6 USD) - 2017/07/30 16:51:16 ET
Table 'Loreley III' 6-max Seat #4 is the button
Seat 2: Great_Kang ($205.67 in chips)
Seat 4: **Geka**555 ($61.70 in chips)
**Geka**555: posts small blind $1
Great_Kang: posts big blind $3
*** HOLE CARDS ***
**Geka**555: folds
Uncalled bet ($2) returned to Great_Kang
Great_Kang collected $2 from pot
Great_Kang: doesn't show hand
*** SUMMARY ***
Total pot $2 | Rake $0
Seat 2: Great_Kang (big blind) collected ($2)
Seat 4: **Geka**555 (button) (small blind) folded before Flop


PokerStars Hand #173720666895:  Hold'em Limit ($3/$6 USD) - 2017/07/30 16:51:46 ET
Table 'Loreley III' 6-max Seat #4 is the button
Seat 2: Great_Kang ($212.43 in chips)
Seat 4: **Geka**555 ($54.70 in chips)
**Geka**555: posts small blind $1
Great_Kang: posts big blind $3
*** HOLE CARDS ***
**Geka**555: raises $3 to $6
Great_Kang: calls $3
*** FLOP *** [7c Tc 7s]
Great_Kang: checks
**Geka**555: bets $3
Great_Kang: folds
Uncalled bet ($3) returned to **Geka**555
**Geka**555 collected $11.76 from pot
**Geka**555: doesn't show hand
*** SUMMARY ***
Total pot $12 | Rake $0.24
Board [7c Tc 7s]
Seat 2: Great_Kang (big blind) folded on the Flop
Seat 4: **Geka**555 (button) (small blind) collected ($11.76)


PokerStars Hand #173720643327:  Hold'em Limit ($3/$6 USD) - 2017/07/30 16:51:21 ET
Table 'Loreley III' 6-max Seat #2 is the button
Seat 2: Great_Kang ($206.67 in chips)
Seat 4: **Geka**555 ($60.70 in chips)
Great_Kang: posts small blind $1
**Geka**555: posts big blind $3
*** HOLE CARDS ***
Great_Kang: raises $3 to $6
**Geka**555: calls $3
*** FLOP *** [4d Jh 7c]
**Geka**555: checks
Great_Kang: bets $3
**Geka**555: folds
Uncalled bet ($3) returned to Great_Kang
Great_Kang collected $11.76 from pot
Great_Kang: doesn't show hand
*** SUMMARY ***
Total pot $12 | Rake $0.24
Board [4d Jh 7c]
Seat 2: Great_Kang (button) (small blind) collected ($11.76)
Seat 4: **Geka**555 (big blind) folded on the Flop


PokerStars Hand #173720685105:  Hold'em Limit ($3/$6 USD) - 2017/07/30 16:52:05 ET
Table 'Loreley III' 6-max Seat #2 is the button
Seat 2: Great_Kang ($206.43 in chips)
Seat 4: **Geka**555 ($60.46 in chips)
Great_Kang: posts small blind $1
**Geka**555: posts big blind $3
*** HOLE CARDS ***
Great_Kang: raises $3 to $6
**Geka**555: calls $3
*** FLOP *** [Ad 9d 6d]
**Geka**555: checks
Great_Kang: bets $3
**Geka**555: calls $3
*** TURN *** [Ad 9d 6d] [8h]
**Geka**555: bets $6
Great_Kang: raises $6 to $12
**Geka**555: calls $6
*** RIVER *** [Ad 9d 6d 8h] [9h]
**Geka**555: checks
Great_Kang: bets $6
**Geka**555: folds
Uncalled bet ($6) returned to Great_Kang
Great_Kang collected $41.50 from pot
Great_Kang: doesn't show hand
*** SUMMARY ***
Total pot $42 | Rake $0.50
Board [Ad 9d 6d 8h 9h]
Seat 2: Great_Kang (button) (small blind) collected ($41.50)
Seat 4: **Geka**555 (big blind) folded on the River


PokerStars Hand #173720710750:  Hold'em Limit ($3/$6 USD) - 2017/07/30 16:52:33 ET
Table 'Loreley III' 6-max Seat #4 is the button
Seat 2: Great_Kang ($226.93 in chips)
Seat 4: **Geka**555 ($39.46 in chips)
**Geka**555: posts small blind $1
Great_Kang: posts big blind $3
*** HOLE CARDS ***
**Geka**555: raises $3 to $6
Great_Kang: calls $3
*** FLOP *** [9s 8s 6d]
Great_Kang: checks
**Geka**555: bets $3
Great_Kang: calls $3
*** TURN *** [9s 8s 6d] [Td]
Great_Kang: bets $6
**Geka**555: calls $6
*** RIVER *** [9s 8s 6d Td] [3c]
Great_Kang: bets $6
**Geka**555: calls $6
*** SHOW DOWN ***
Great_Kang: shows [7s Ah] (a straight, Six to Ten)
**Geka**555: mucks hand
Great_Kang collected $41.50 from pot
*** SUMMARY ***
Total pot $42 | Rake $0.50
Board [9s 8s 6d Td 3c]
Seat 2: Great_Kang (big blind) showed [7s Ah] and won ($41.50) with a straight, Six to Ten
Seat 4: **Geka**555 (button) (small blind) mucked


PokerStars Hand #173720756472:  Hold'em Limit ($3/$6 USD) - 2017/07/30 16:53:23 ET
Table 'Loreley III' 6-max Seat #4 is the button
Seat 2: Great_Kang ($238.43 in chips)
Seat 4: **Geka**555 ($27.10 in chips)
**Geka**555: posts small blind $1
Great_Kang: posts big blind $3
*** HOLE CARDS ***
**Geka**555: raises $3 to $6
Great_Kang: folds
Uncalled bet ($3) returned to **Geka**555
**Geka**555 collected $6 from pot
**Geka**555: doesn't show hand
*** SUMMARY ***
Total pot $6 | Rake $0
Seat 2: Great_Kang (big blind) folded before Flop
Seat 4: **Geka**555 (button) (small blind) collected ($6)


PokerStars Hand #173720774893:  Hold'em Limit ($3/$6 USD) - 2017/07/30 16:53:42 ET
Table 'Loreley III' 6-max Seat #4 is the button
Seat 2: Great_Kang ($238.43 in chips)
Seat 4: **Geka**555 ($27.10 in chips)
**Geka**555: posts small blind $1
Great_Kang: posts big blind $3
*** HOLE CARDS ***
**Geka**555: folds
Uncalled bet ($2) returned to Great_Kang
Great_Kang collected $2 from pot
Great_Kang: doesn't show hand
*** SUMMARY ***
Total pot $2 | Rake $0
Seat 2: Great_Kang (big blind) collected ($2)
Seat 4: **Geka**555 (button) (small blind) folded before Flop


PokerStars Hand #173720769191:  Hold'em Limit ($3/$6 USD) - 2017/07/30 16:53:36 ET
Table 'Loreley III' 6-max Seat #2 is the button
Seat 2: Great_Kang ($235.43 in chips)
Seat 4: **Geka**555 ($30.10 in chips)
Great_Kang: posts small blind $1
**Geka**555: posts big blind $3
*** HOLE CARDS ***
Great_Kang: raises $3 to $6
**Geka**555: folds
Uncalled bet ($3) returned to Great_Kang
Great_Kang collected $6 from pot
Great_Kang: doesn't show hand
*** SUMMARY ***
Total pot $6 | Rake $0
Seat 2: Great_Kang (button) (small blind) collected ($6)
Seat 4: **Geka**555 (big blind) folded before Flop


PokerStars Hand #173720792569:  Hold'em Limit ($3/$6 USD) - 2017/07/30 16:54:02 ET
Table 'Loreley III' 6-max Seat #4 is the button
Seat 2: Great_Kang ($230.43 in chips)
Seat 4: **Geka**555 ($34.74 in chips)
**Geka**555: posts small blind $1
Great_Kang: posts big blind $3
*** HOLE CARDS ***
**Geka**555: raises $3 to $6
Great_Kang: folds
Uncalled bet ($3) returned to **Geka**555
**Geka**555 collected $6 from pot
**Geka**555: doesn't show hand
*** SUMMARY ***
Total pot $6 | Rake $0
Seat 2: Great_Kang (big blind) folded before Flop
Seat 4: **Geka**555 (button) (small blind) collected ($6)


PokerStars Hand #173720779610:  Hold'em Limit ($3/$6 USD) - 2017/07/30 16:53:48 ET
Table 'Loreley III' 6-max Seat #2 is the button
Seat 2: Great_Kang ($239.43 in chips)
Seat 4: **Geka**555 ($26.10 in chips)
Great_Kang: posts small blind $1
**Geka**555: posts big blind $3
*** HOLE CARDS ***
Great_Kang: raises $3 to $6
**Geka**555: raises $3 to $9
Great_Kang: calls $3
*** FLOP *** [Qh 6c Qc]
**Geka**555: bets $3
Great_Kang: folds
Uncalled bet ($3) returned to **Geka**555
**Geka**555 collected $17.64 from pot
**Geka**555: doesn't show hand
*** SUMMARY ***
Total pot $18 | Rake $0.36
Board [Qh 6c Qc]
Seat 2: Great_Kang (button) (small blind) folded on the Flop
Seat 4: **Geka**555 (big blind) collected ($17.64)


PokerStars Hand #173720818990:  Hold'em Limit ($3/$6 USD) - 2017/07/30 16:54:31 ET
Table 'Loreley III' 6-max Seat #4 is the button
Seat 2: Great_Kang ($218.43 in chips)
Seat 4: **Geka**555 ($46.38 in chips)
**Geka**555: posts small blind $1
Great_Kang: posts big blind $3
*** HOLE CARDS ***
**Geka**555: folds
Uncalled bet ($2) returned to Great_Kang
Great_Kang collected $2 from pot
Great_Kang: doesn't show hand
*** SUMMARY ***
Total pot $2 | Rake $0
Seat 2: Great_Kang (big blind) collected ($2)
Seat 4: **Geka**555 (button) (small blind) folded before Flop


PokerStars Hand #173720798630:  Hold'em Limit ($3/$6 USD) - 2017/07/30 16:54:08 ET
Table 'Loreley III' 6-max Seat #2 is the button
Seat 2: Great_Kang ($227.43 in chips)
Seat 4: **Geka**555 ($37.74 in chips)
Great_Kang: posts small blind $1
**Geka**555: posts big blind $3
*** HOLE CARDS ***
Great_Kang: raises $3 to $6
**Geka**555: calls $3
*** FLOP *** [6h 9c 8h]
**Geka**555: checks
Great_Kang: bets $3
**Geka**555: raises $3 to $6
Great_Kang: folds
Uncalled bet ($3) returned to **Geka**555
**Geka**555 collected $17.64 from pot
**Geka**555: doesn't show hand
*** SUMMARY ***
Total pot $18 | Rake $0.36
Board [6h 9c 8h]
Seat 2: Great_Kang (button) (small blind) folded on the Flop
Seat 4: **Geka**555 (big blind) collected ($17.64)


PokerStars Hand #173720840862:  Hold'em Limit ($3/$6 USD) - 2017/07/30 16:54:55 ET
Table 'Loreley III' 6-max Seat #4 is the button
Seat 2: Great_Kang ($210.43 in chips)
Seat 4: **Geka**555 ($54.02 in chips)
**Geka**555: posts small blind $1
Great_Kang: posts big blind $3
*** HOLE CARDS ***
**Geka**555: folds
Uncalled bet ($2) returned to Great_Kang
Great_Kang collected $2 from pot
Great_Kang: doesn't show hand
*** SUMMARY ***
Total pot $2 | Rake $0
Seat 2: Great_Kang (big blind) collected ($2)
Seat 4: **Geka**555 (button) (small blind) folded before Flop


PokerStars Hand #173720826313:  Hold'em Limit ($3/$6 USD) - 2017/07/30 16:54:39 ET
Table 'Loreley III' 6-max Seat #2 is the button
Seat 2: Great_Kang ($219.43 in chips)
Seat 4: **Geka**555 ($45.38 in chips)
Great_Kang: posts small blind $1
**Geka**555: posts big blind $3
*** HOLE CARDS ***
Great_Kang: raises $3 to $6
**Geka**555: calls $3
*** FLOP *** [Ks 8d 9d]
**Geka**555: checks
Great_Kang: bets $3
**Geka**555: raises $3 to $6
Great_Kang: folds
Uncalled bet ($3) returned to **Geka**555
**Geka**555 collected $17.64 from pot
**Geka**555: doesn't show hand
*** SUMMARY ***
Total pot $18 | Rake $0.36
Board [Ks 8d 9d]
Seat 2: Great_Kang (button) (small blind) folded on the Flop
Seat 4: **Geka**555 (big blind) collected ($17.64)


PokerStars Hand #173720858760:  Hold'em Limit ($3/$6 USD) - 2017/07/30 16:55:15 ET
Table 'Loreley III' 6-max Seat #4 is the button
Seat 2: Great_Kang ($217.19 in chips)
Seat 4: **Geka**555 ($47.02 in chips)
**Geka**555: posts small blind $1
Great_Kang: posts big blind $3
*** HOLE CARDS ***
**Geka**555: folds
Uncalled bet ($2) returned to Great_Kang
Great_Kang collected $2 from pot
Great_Kang: doesn't show hand
*** SUMMARY ***
Total pot $2 | Rake $0
Seat 2: Great_Kang (big blind) collected ($2)
Seat 4: **Geka**555 (button) (small blind) folded before Flop


PokerStars Hand #173720845381:  Hold'em Limit ($3/$6 USD) - 2017/07/30 16:54:59 ET
Table 'Loreley III' 6-max Seat #2 is the button
Seat 2: Great_Kang ($211.43 in chips)
Seat 4: **Geka**555 ($53.02 in chips)
Great_Kang: posts small blind $1
**Geka**555: posts big blind $3
*** HOLE CARDS ***
Great_Kang: raises $3 to $6
**Geka**555: calls $3
*** FLOP *** [8h Th 2d]
**Geka**555: checks
Great_Kang: bets $3
**Geka**555: folds
Uncalled bet ($3) returned to Great_Kang
Great_Kang collected $11.76 from pot
Great_Kang: doesn't show hand
*** SUMMARY ***
Total pot $12 | Rake $0.24
Board [8h Th 2d]
Seat 2: Great_Kang (button) (small blind) collected ($11.76)
Seat 4: **Geka**555 (big blind) folded on the Flop


PokerStars Hand #173720870837:  Hold'em Limit ($3/$6 USD) - 2017/07/30 16:55:35 ET
Table 'Loreley III' 6-max Seat #4 is the button
Seat 2: Great_Kang ($209.19 in chips)
Seat 4: **Geka**555 ($54.66 in chips)
**Geka**555: posts small blind $1
Great_Kang: posts big blind $3
*** HOLE CARDS ***
**Geka**555: calls $2
Great_Kang: raises $3 to $6
**Geka**555: calls $3
*** FLOP *** [Ts Jd 3c]
Great_Kang: bets $3
**Geka**555: folds
Uncalled bet ($3) returned to Great_Kang
Great_Kang collected $11.76 from pot
Great_Kang: doesn't show hand
*** SUMMARY ***
Total pot $12 | Rake $0.24
Board [Ts Jd 3c]
Seat 2: Great_Kang (big blind) collected ($11.76)
Seat 4: **Geka**555 (button) (small blind) folded on the Flop


PokerStars Hand #173720880327:  Hold'em Limit ($3/$6 USD) - 2017/07/30 16:55:50 ET
Table 'Loreley III' 6-max Seat #2 is the button
Seat 2: Great_Kang ($214.95 in chips)
Seat 4: **Geka**555 ($48.66 in chips)
Great_Kang: posts small blind $1
**Geka**555: posts big blind $3
*** HOLE CARDS ***
Great_Kang: raises $3 to $6
**Geka**555: calls $3
*** FLOP *** [4h 4c Js]
**Geka**555: checks
Great_Kang: checks
*** TURN *** [4h 4c Js] [3h]
**Geka**555: bets $6
Great_Kang: calls $6
*** RIVER *** [4h 4c Js 3h] [7c]
**Geka**555: bets $6
rascal_319 joins the table at seat #5
Great_Kang: calls $6
*** SHOW DOWN ***
**Geka**555: shows [8s Kd] (a pair of Fours)
Great_Kang: shows [Ts Th] (two pair, Tens and Fours)
Great_Kang collected $35.50 from pot
*** SUMMARY ***
Total pot $36 | Rake $0.50
Board [4h 4c Js 3h 7c]
Seat 2: Great_Kang (button) (small blind) showed [Ts Th] and won ($35.50) with two pair, Tens and Fours
Seat 4: **Geka**555 (big blind) showed [8s Kd] and lost with a pair of Fours


PokerStars Hand #173720861698:  Hold'em Limit ($3/$6 USD) - 2017/07/30 16:55:20 ET
Table 'Loreley III' 6-max Seat #2 is the button
Seat 2: Great_Kang ($218.19 in chips)
Seat 4: **Geka**555 ($46.02 in chips)
Great_Kang: posts small blind $1
**Geka**555: posts big blind $3
*** HOLE CARDS ***
Great_Kang: raises $3 to $6
**Geka**555: calls $3
*** FLOP *** [Qh 3s Td]
**Geka**555: checks
Great_Kang: bets $3
**Geka**555: raises $3 to $6
Great_Kang: folds
Uncalled bet ($3) returned to **Geka**555
**Geka**555 collected $17.64 from pot
**Geka**555: doesn't show hand
*** SUMMARY ***
Total pot $18 | Rake $0.36
Board [Qh 3s Td]
Seat 2: Great_Kang (button) (small blind) folded on the Flop
Seat 4: **Geka**555 (big blind) collected ($17.64)


