PokerStars Hand #161068546851:  Hold'em Limit ($3/$6 USD) - 2016/11/07 19:02:20 ET
Table 'Loreley' 6-max Seat #6 is the button
Seat 4: Actionni13 ($155.76 in chips)
Seat 6: barranqueiro ($268.25 in chips)
barranqueiro: posts small blind $1
Actionni13: posts big blind $3
*** HOLE CARDS ***
barranqueiro: folds
Uncalled bet ($2) returned to Actionni13
Actionni13 collected $2 from pot
Actionni13: doesn't show hand
*** SUMMARY ***
Total pot $2 | Rake $0
Seat 4: Actionni13 (big blind) collected ($2)
Seat 6: barranqueiro (button) (small blind) folded before Flop


PokerStars Hand #161068530276:  Hold'em Limit ($3/$6 USD) - 2016/11/07 19:01:54 ET
Table 'Loreley' 6-max Seat #4 is the button
Seat 4: Actionni13 ($150 in chips)
Seat 6: barranqueiro ($274.25 in chips)
Actionni13: posts small blind $1
barranqueiro: posts big blind $3
*** HOLE CARDS ***
Actionni13: raises $3 to $6
barranqueiro: calls $3
*** FLOP *** [8h 4s 2c]
barranqueiro: checks
Actionni13: checks
*** TURN *** [8h 4s 2c] [9h]
barranqueiro: checks
Actionni13: checks
*** RIVER *** [8h 4s 2c 9h] [9d]
barranqueiro: checks
Actionni13: checks
*** SHOW DOWN ***
barranqueiro: shows [Kh Td] (a pair of Nines)
Actionni13: shows [6c Ad] (a pair of Nines - Ace kicker)
Actionni13 collected $11.76 from pot
*** SUMMARY ***
Total pot $12 | Rake $0.24
Board [8h 4s 2c 9h 9d]
Seat 4: Actionni13 (button) (small blind) showed [6c Ad] and won ($11.76) with a pair of Nines
Seat 6: barranqueiro (big blind) showed [Kh Td] and lost with a pair of Nines


PokerStars Hand #161068579706:  Hold'em Limit ($3/$6 USD) - 2016/11/07 19:03:00 ET
Table 'Loreley' 6-max Seat #6 is the button
Seat 4: Actionni13 ($165.40 in chips)
Seat 6: barranqueiro ($258.25 in chips)
barranqueiro: posts small blind $1
Actionni13: posts big blind $3
*** HOLE CARDS ***
barranqueiro: raises $3 to $6
Actionni13: calls $3
*** FLOP *** [Th 3s 4h]
Actionni13: checks
barranqueiro: bets $3
Actionni13: calls $3
*** TURN *** [Th 3s 4h] [8h]
Actionni13: checks
barranqueiro: checks
*** RIVER *** [Th 3s 4h 8h] [Ts]
Actionni13: checks
barranqueiro: checks
*** SHOW DOWN ***
Actionni13: shows [9h 5d] (a pair of Tens)
barranqueiro: shows [Js 7d] (a pair of Tens - Jack kicker)
barranqueiro collected $17.64 from pot
*** SUMMARY ***
Total pot $18 | Rake $0.36
Board [Th 3s 4h 8h Ts]
Seat 4: Actionni13 (big blind) showed [9h 5d] and lost with a pair of Tens
Seat 6: barranqueiro (button) (small blind) showed [Js 7d] and won ($17.64) with a pair of Tens


PokerStars Hand #161068574564:  Hold'em Limit ($3/$6 USD) - 2016/11/07 19:02:53 ET
Table 'Loreley' 6-max Seat #4 is the button
Seat 4: Actionni13 ($162.40 in chips)
Seat 6: barranqueiro ($261.25 in chips)
Actionni13: posts small blind $1
barranqueiro: posts big blind $3
*** HOLE CARDS ***
Actionni13: raises $3 to $6
barranqueiro: folds
Uncalled bet ($3) returned to Actionni13
Actionni13 collected $6 from pot
Actionni13: doesn't show hand
*** SUMMARY ***
Total pot $6 | Rake $0
Seat 4: Actionni13 (button) (small blind) collected ($6)
Seat 6: barranqueiro (big blind) folded before Flop


PokerStars Hand #161068570337:  Hold'em Limit ($3/$6 USD) - 2016/11/07 19:02:46 ET
Table 'Loreley' 6-max Seat #6 is the button
Seat 4: Actionni13 ($165.40 in chips)
Seat 6: barranqueiro ($258.25 in chips)
barranqueiro: posts small blind $1
Actionni13: posts big blind $3
*** HOLE CARDS ***
barranqueiro: raises $3 to $6
Actionni13: folds
Uncalled bet ($3) returned to barranqueiro
barranqueiro collected $6 from pot
*** SUMMARY ***
Total pot $6 | Rake $0
Seat 4: Actionni13 (big blind) folded before Flop
Seat 6: barranqueiro (button) (small blind) collected ($6)


PokerStars Hand #161068550641:  Hold'em Limit ($3/$6 USD) - 2016/11/07 19:02:25 ET
Table 'Loreley' 6-max Seat #4 is the button
Seat 4: Actionni13 ($156.76 in chips)
Seat 6: barranqueiro ($267.25 in chips)
Actionni13: posts small blind $1
barranqueiro: posts big blind $3
*** HOLE CARDS ***
Actionni13: raises $3 to $6
barranqueiro: calls $3
*** FLOP *** [4d 9s 4c]
barranqueiro: checks
Actionni13: bets $3
barranqueiro: calls $3
*** TURN *** [4d 9s 4c] [9d]
barranqueiro: checks
Actionni13: bets $6
barranqueiro: folds
Uncalled bet ($6) returned to Actionni13
Actionni13 collected $17.64 from pot
Actionni13: doesn't show hand
*** SUMMARY ***
Total pot $18 | Rake $0.36
Board [4d 9s 4c 9d]
Seat 4: Actionni13 (button) (small blind) collected ($17.64)
Seat 6: barranqueiro (big blind) folded on the Turn


PokerStars Hand #161068628390:  Hold'em Limit ($3/$6 USD) - 2016/11/07 19:04:15 ET
Table 'Loreley' 6-max Seat #4 is the button
Seat 4: Actionni13 ($158.64 in chips)
Seat 6: barranqueiro ($277.39 in chips)
Actionni13: posts small blind $1
barranqueiro: posts big blind $3
*** HOLE CARDS ***
Actionni13: raises $3 to $6
barranqueiro: folds
Uncalled bet ($3) returned to Actionni13
Actionni13 collected $6 from pot
Actionni13: doesn't show hand
*** SUMMARY ***
Total pot $6 | Rake $0
Seat 4: Actionni13 (button) (small blind) collected ($6)
Seat 6: barranqueiro (big blind) folded before Flop


PokerStars Hand #161068616631:  Hold'em Limit ($3/$6 USD) - 2016/11/07 19:03:57 ET
Table 'Loreley' 6-max Seat #6 is the button
Seat 4: Actionni13 ($150 in chips)
Seat 6: barranqueiro ($286.39 in chips)
barranqueiro: posts small blind $1
Actionni13: posts big blind $3
*** HOLE CARDS ***
barranqueiro: raises $3 to $6
Actionni13: raises $3 to $9
barranqueiro: calls $3
*** FLOP *** [Ad 2d 4d]
Actionni13: bets $3
barranqueiro: folds
Uncalled bet ($3) returned to Actionni13
Actionni13 collected $17.64 from pot
Actionni13: doesn't show hand
*** SUMMARY ***
Total pot $18 | Rake $0.36
Board [Ad 2d 4d]
Seat 4: Actionni13 (big blind) collected ($17.64)
Seat 6: barranqueiro (button) (small blind) folded on the Flop


PokerStars Hand #161068603212:  Hold'em Limit ($3/$6 USD) - 2016/11/07 19:03:36 ET
Table 'Loreley' 6-max Seat #4 is the button
Seat 4: Actionni13 ($160.40 in chips)
Seat 6: barranqueiro ($262.89 in chips)
Actionni13: posts small blind $1
barranqueiro: posts big blind $3
*** HOLE CARDS ***
Actionni13: raises $3 to $6
barranqueiro: calls $3
*** FLOP *** [Qs 4d 7c]
barranqueiro: checks
Actionni13: bets $3
barranqueiro: raises $3 to $6
Actionni13: calls $3
*** TURN *** [Qs 4d 7c] [3h]
barranqueiro: bets $6
Actionni13: calls $6
*** RIVER *** [Qs 4d 7c 3h] [Tc]
barranqueiro: bets $6
Actionni13: calls $6
*** SHOW DOWN ***
barranqueiro: shows [Qd 9d] (a pair of Queens)
Actionni13: mucks hand
barranqueiro collected $47.50 from pot
*** SUMMARY ***
Total pot $48 | Rake $0.50
Board [Qs 4d 7c 3h Tc]
Seat 4: Actionni13 (button) (small blind) mucked
Seat 6: barranqueiro (big blind) showed [Qd 9d] and won ($47.50) with a pair of Queens


PokerStars Hand #161068599115:  Hold'em Limit ($3/$6 USD) - 2016/11/07 19:03:30 ET
Table 'Loreley' 6-max Seat #6 is the button
Seat 4: Actionni13 ($159.40 in chips)
Seat 6: barranqueiro ($263.89 in chips)
barranqueiro: posts small blind $1
Actionni13: posts big blind $3
*** HOLE CARDS ***
barranqueiro: folds
Uncalled bet ($2) returned to Actionni13
Actionni13 collected $2 from pot
Actionni13: doesn't show hand
*** SUMMARY ***
Total pot $2 | Rake $0
Seat 4: Actionni13 (big blind) collected ($2)
Seat 6: barranqueiro (button) (small blind) folded before Flop


PokerStars Hand #161068595288:  Hold'em Limit ($3/$6 USD) - 2016/11/07 19:03:24 ET
Table 'Loreley' 6-max Seat #4 is the button
Seat 4: Actionni13 ($156.40 in chips)
Seat 6: barranqueiro ($266.89 in chips)
Actionni13: posts small blind $1
barranqueiro: posts big blind $3
*** HOLE CARDS ***
Actionni13: raises $3 to $6
barranqueiro: folds
Uncalled bet ($3) returned to Actionni13
Actionni13 collected $6 from pot
Actionni13: doesn't show hand
*** SUMMARY ***
Total pot $6 | Rake $0
Seat 4: Actionni13 (button) (small blind) collected ($6)
Seat 6: barranqueiro (big blind) folded before Flop


PokerStars Hand #161068643814:  Hold'em Limit ($3/$6 USD) - 2016/11/07 19:04:38 ET
Table 'Loreley' 6-max Seat #6 is the button
Seat 4: Actionni13 ($154.64 in chips)
Seat 6: barranqueiro ($281.15 in chips)
barranqueiro: posts small blind $1
Actionni13: posts big blind $3
*** HOLE CARDS ***
barranqueiro: raises $3 to $6
Actionni13: calls $3
*** FLOP *** [6s Th Ts]
Actionni13: checks
barranqueiro: bets $3
Actionni13: calls $3
*** TURN *** [6s Th Ts] [2c]
Actionni13: checks
barranqueiro: bets $6
Actionni13: raises $6 to $12
barranqueiro: calls $6
*** RIVER *** [6s Th Ts 2c] [8c]
Actionni13: bets $6
barranqueiro: calls $6
*** SHOW DOWN ***
Actionni13: shows [Jd Tc] (three of a kind, Tens)
barranqueiro: mucks hand
Actionni13 collected $53.50 from pot
*** SUMMARY ***
Total pot $54 | Rake $0.50
Board [6s Th Ts 2c 8c]
Seat 4: Actionni13 (big blind) showed [Jd Tc] and won ($53.50) with three of a kind, Tens
Seat 6: barranqueiro (button) (small blind) mucked


PokerStars Hand #161068640676:  Hold'em Limit ($3/$6 USD) - 2016/11/07 19:04:33 ET
Table 'Loreley' 6-max Seat #4 is the button
Seat 4: Actionni13 ($155.64 in chips)
Seat 6: barranqueiro ($280.15 in chips)
Actionni13: posts small blind $1
barranqueiro: posts big blind $3
*** HOLE CARDS ***
Actionni13: folds
Uncalled bet ($2) returned to barranqueiro
barranqueiro collected $2 from pot
*** SUMMARY ***
Total pot $2 | Rake $0
Seat 4: Actionni13 (button) (small blind) folded before Flop
Seat 6: barranqueiro (big blind) collected ($2)


PokerStars Hand #161068632049:  Hold'em Limit ($3/$6 USD) - 2016/11/07 19:04:20 ET
Table 'Loreley' 6-max Seat #6 is the button
Seat 4: Actionni13 ($161.64 in chips)
Seat 6: barranqueiro ($274.39 in chips)
barranqueiro: posts small blind $1
Actionni13: posts big blind $3
*** HOLE CARDS ***
barranqueiro: raises $3 to $6
Actionni13: calls $3
*** FLOP *** [9h 3d Qh]
Actionni13: checks
barranqueiro: bets $3
Actionni13: folds
Uncalled bet ($3) returned to barranqueiro
barranqueiro collected $11.76 from pot
*** SUMMARY ***
Total pot $12 | Rake $0.24
Board [9h 3d Qh]
Seat 4: Actionni13 (big blind) folded on the Flop
Seat 6: barranqueiro (button) (small blind) collected ($11.76)


PokerStars Hand #161068683763:  Hold'em Limit ($3/$6 USD) - 2016/11/07 19:05:38 ET
Table 'Loreley' 6-max Seat #4 is the button
Seat 4: Actionni13 ($201.64 in chips)
Seat 6: barranqueiro ($233.15 in chips)
Actionni13: posts small blind $1
barranqueiro: posts big blind $3
*** HOLE CARDS ***
Actionni13: folds
Uncalled bet ($2) returned to barranqueiro
barranqueiro collected $2 from pot
barranqueiro: doesn't show hand
*** SUMMARY ***
Total pot $2 | Rake $0
Seat 4: Actionni13 (button) (small blind) folded before Flop
Seat 6: barranqueiro (big blind) collected ($2)


PokerStars Hand #161068678254:  Hold'em Limit ($3/$6 USD) - 2016/11/07 19:05:29 ET
Table 'Loreley' 6-max Seat #6 is the button
Seat 4: Actionni13 ($204.64 in chips)
Seat 6: barranqueiro ($230.15 in chips)
barranqueiro: posts small blind $1
Actionni13: posts big blind $3
*** HOLE CARDS ***
barranqueiro: raises $3 to $6
Actionni13: folds
Uncalled bet ($3) returned to barranqueiro
barranqueiro collected $6 from pot
*** SUMMARY ***
Total pot $6 | Rake $0
Seat 4: Actionni13 (big blind) folded before Flop
Seat 6: barranqueiro (button) (small blind) collected ($6)


PokerStars Hand #161068659085:  Hold'em Limit ($3/$6 USD) - 2016/11/07 19:05:01 ET
Table 'Loreley' 6-max Seat #4 is the button
Seat 4: Actionni13 ($181.14 in chips)
Seat 6: barranqueiro ($254.15 in chips)
Actionni13: posts small blind $1
barranqueiro: posts big blind $3
*** HOLE CARDS ***
Actionni13: raises $3 to $6
barranqueiro: raises $3 to $9
Actionni13: calls $3
*** FLOP *** [3c 7d Jd]
barranqueiro: bets $3
Actionni13: calls $3
*** TURN *** [3c 7d Jd] [Kd]
barranqueiro: bets $6
Actionni13: calls $6
*** RIVER *** [3c 7d Jd Kd] [8c]
barranqueiro: checks
Actionni13: bets $6
barranqueiro: calls $6
*** SHOW DOWN ***
Actionni13: shows [6h Jc] (a pair of Jacks)
barranqueiro: mucks hand
Actionni13 collected $47.50 from pot
*** SUMMARY ***
Total pot $48 | Rake $0.50
Board [3c 7d Jd Kd 8c]
Seat 4: Actionni13 (button) (small blind) showed [6h Jc] and won ($47.50) with a pair of Jacks
Seat 6: barranqueiro (big blind) mucked


PokerStars Hand #161068701227:  Hold'em Limit ($3/$6 USD) - 2016/11/07 19:06:04 ET
Table 'Loreley' 6-max Seat #4 is the button
Seat 4: Actionni13 ($200.39 in chips)
Seat 6: barranqueiro ($233.90 in chips)
Actionni13: posts small blind $1
barranqueiro: posts big blind $3
*** HOLE CARDS ***
Actionni13: raises $3 to $6
barranqueiro: raises $3 to $9
Actionni13: calls $3
*** FLOP *** [4h 9c 2h]
barranqueiro: bets $3
Actionni13: calls $3
*** TURN *** [4h 9c 2h] [6h]
barranqueiro: bets $6
Actionni13: calls $6
*** RIVER *** [4h 9c 2h 6h] [5c]
barranqueiro: bets $6
Actionni13: folds
Uncalled bet ($6) returned to barranqueiro
barranqueiro collected $35.50 from pot
*** SUMMARY ***
Total pot $36 | Rake $0.50
Board [4h 9c 2h 6h 5c]
Seat 4: Actionni13 (button) (small blind) folded on the River
Seat 6: barranqueiro (big blind) collected ($35.50)


PokerStars Hand #161068807007:  Hold'em Limit ($3/$6 USD) - 2016/11/07 19:08:44 ET
Table 'Loreley' 6-max Seat #1 is the button
Seat 1: ToDaFelt ($139.65 in chips)
Seat 6: barranqueiro ($226.59 in chips)
ToDaFelt: posts small blind $1
barranqueiro: posts big blind $3
*** HOLE CARDS ***
ToDaFelt: raises $3 to $6
barranqueiro: calls $3
*** FLOP *** [5h 6c 3c]
barranqueiro: checks
ToDaFelt: bets $3
barranqueiro: calls $3
*** TURN *** [5h 6c 3c] [Qs]
barranqueiro: checks
ToDaFelt: checks
*** RIVER *** [5h 6c 3c Qs] [Ks]
barranqueiro: checks
ToDaFelt: checks
*** SHOW DOWN ***
barranqueiro: shows [9h Ad] (high card Ace)
ToDaFelt: mucks hand
barranqueiro collected $17.64 from pot
*** SUMMARY ***
Total pot $18 | Rake $0.36
Board [5h 6c 3c Qs Ks]
Seat 1: ToDaFelt (button) (small blind) mucked
Seat 6: barranqueiro (big blind) showed [9h Ad] and won ($17.64) with high card Ace


PokerStars Hand #161068895339:  Hold'em Limit ($3/$6 USD) - 2016/11/07 19:11:00 ET
Table 'Loreley' 6-max Seat #6 is the button
Seat 1: ToDaFelt ($118.65 in chips)
Seat 6: barranqueiro ($246.73 in chips)
barranqueiro: posts small blind $1
ToDaFelt: posts big blind $3
*** HOLE CARDS ***
barranqueiro: raises $3 to $6
ToDaFelt: calls $3
*** FLOP *** [3d 4c 7s]
ToDaFelt: checks
barranqueiro: checks
*** TURN *** [3d 4c 7s] [Tc]
ToDaFelt: bets $6
barranqueiro: calls $6
*** RIVER *** [3d 4c 7s Tc] [Ad]
ToDaFelt: bets $6
barranqueiro: folds
Uncalled bet ($6) returned to ToDaFelt
ToDaFelt collected $23.52 from pot
ToDaFelt: doesn't show hand
*** SUMMARY ***
Total pot $24 | Rake $0.48
Board [3d 4c 7s Tc Ad]
Seat 1: ToDaFelt (big blind) collected ($23.52)
Seat 6: barranqueiro (button) (small blind) folded on the River


PokerStars Hand #161068890539:  Hold'em Limit ($3/$6 USD) - 2016/11/07 19:10:53 ET
Table 'Loreley' 6-max Seat #1 is the button
Seat 1: ToDaFelt ($115.65 in chips)
Seat 6: barranqueiro ($249.73 in chips)
ToDaFelt: posts small blind $1
barranqueiro: posts big blind $3
*** HOLE CARDS ***
ToDaFelt: raises $3 to $6
barranqueiro: folds
Uncalled bet ($3) returned to ToDaFelt
ToDaFelt collected $6 from pot
ToDaFelt: doesn't show hand
*** SUMMARY ***
Total pot $6 | Rake $0
Seat 1: ToDaFelt (button) (small blind) collected ($6)
Seat 6: barranqueiro (big blind) folded before Flop


PokerStars Hand #161068854879:  Hold'em Limit ($3/$6 USD) - 2016/11/07 19:09:58 ET
Table 'Loreley' 6-max Seat #6 is the button
Seat 1: ToDaFelt ($130.65 in chips)
Seat 6: barranqueiro ($235.23 in chips)
barranqueiro: posts small blind $1
ToDaFelt: posts big blind $3
*** HOLE CARDS ***
barranqueiro: raises $3 to $6
ToDaFelt: calls $3
*** FLOP *** [9s Qh 7h]
ToDaFelt: checks
barranqueiro: bets $3
ToDaFelt: calls $3
*** TURN *** [9s Qh 7h] [Td]
ToDaFelt: checks
barranqueiro: checks
*** RIVER *** [9s Qh 7h Td] [2c]
ToDaFelt: bets $6
barranqueiro: calls $6
*** SHOW DOWN ***
ToDaFelt: shows [4c 7c] (a pair of Sevens)
barranqueiro: shows [9h Jc] (a pair of Nines)
barranqueiro collected $29.50 from pot
*** SUMMARY ***
Total pot $30 | Rake $0.50
Board [9s Qh 7h Td 2c]
Seat 1: ToDaFelt (big blind) showed [4c 7c] and lost with a pair of Sevens
Seat 6: barranqueiro (button) (small blind) showed [9h Jc] and won ($29.50) with a pair of Nines


PokerStars Hand #161068928726:  Hold'em Limit ($3/$6 USD) - 2016/11/07 19:11:52 ET
Table 'Loreley' 6-max Seat #6 is the button
Seat 1: ToDaFelt ($147.67 in chips)
Seat 6: barranqueiro ($216.73 in chips)
barranqueiro: posts small blind $1
ToDaFelt: posts big blind $3
*** HOLE CARDS ***
barranqueiro: calls $2
ToDaFelt: checks
*** FLOP *** [Qd 9c As]
ToDaFelt: bets $3
barranqueiro: raises $3 to $6
ToDaFelt: calls $3
*** TURN *** [Qd 9c As] [4d]
ToDaFelt: checks
barranqueiro: bets $6
ToDaFelt: calls $6
*** RIVER *** [Qd 9c As 4d] [7s]
ToDaFelt: checks
barranqueiro: bets $6
ToDaFelt: calls $6
*** SHOW DOWN ***
barranqueiro: shows [7d Qh] (two pair, Queens and Sevens)
ToDaFelt: mucks hand
barranqueiro collected $41.50 from pot
*** SUMMARY ***
Total pot $42 | Rake $0.50
Board [Qd 9c As 4d 7s]
Seat 1: ToDaFelt (big blind) mucked
Seat 6: barranqueiro (button) (small blind) showed [7d Qh] and won ($41.50) with two pair, Queens and Sevens


PokerStars Hand #161068910483:  Hold'em Limit ($3/$6 USD) - 2016/11/07 19:11:24 ET
Table 'Loreley' 6-max Seat #1 is the button
Seat 1: ToDaFelt ($130.17 in chips)
Seat 6: barranqueiro ($234.73 in chips)
ToDaFelt: posts small blind $1
barranqueiro: posts big blind $3
*** HOLE CARDS ***
ToDaFelt: raises $3 to $6
barranqueiro: raises $3 to $9
ToDaFelt: calls $3
*** FLOP *** [7c 6s 2c]
barranqueiro: bets $3
ToDaFelt: calls $3
*** TURN *** [7c 6s 2c] [Kc]
barranqueiro: bets $6
ToDaFelt: raises $6 to $12
barranqueiro: folds
Uncalled bet ($6) returned to ToDaFelt
ToDaFelt collected $35.50 from pot
ToDaFelt: doesn't show hand
*** SUMMARY ***
Total pot $36 | Rake $0.50
Board [7c 6s 2c Kc]
Seat 1: ToDaFelt (button) (small blind) collected ($35.50)
Seat 6: barranqueiro (big blind) folded on the Turn


PokerStars Hand #161068947768:  Hold'em Limit ($3/$6 USD) - 2016/11/07 19:12:21 ET
Table 'Loreley' 6-max Seat #1 is the button
Seat 1: ToDaFelt ($126.67 in chips)
Seat 6: barranqueiro ($237.23 in chips)
ToDaFelt: posts small blind $1
barranqueiro: posts big blind $3
*** HOLE CARDS ***
ToDaFelt: raises $3 to $6
barranqueiro: calls $3
*** FLOP *** [5h Qd 3c]
barranqueiro: checks
ToDaFelt: bets $3
barranqueiro: calls $3
*** TURN *** [5h Qd 3c] [4d]
barranqueiro: checks
ToDaFelt: bets $6
barranqueiro: calls $6
*** RIVER *** [5h Qd 3c 4d] [8d]
barranqueiro: checks
ToDaFelt: bets $6
barranqueiro: calls $6
*** SHOW DOWN ***
ToDaFelt: shows [Ah 2s] (a straight, Ace to Five)
barranqueiro: mucks hand
ToDaFelt collected $41.50 from pot
*** SUMMARY ***
Total pot $42 | Rake $0.50
Board [5h Qd 3c 4d 8d]
Seat 1: ToDaFelt (button) (small blind) showed [Ah 2s] and won ($41.50) with a straight, Ace to Five
Seat 6: barranqueiro (big blind) mucked


PokerStars Hand #161068963198:  Hold'em Limit ($3/$6 USD) - 2016/11/07 19:12:46 ET
Table 'Loreley' 6-max Seat #6 is the button
Seat 1: ToDaFelt ($147.17 in chips)
Seat 6: barranqueiro ($216.23 in chips)
barranqueiro: posts small blind $1
ToDaFelt: posts big blind $3
*** HOLE CARDS ***
barranqueiro: raises $3 to $6
ToDaFelt: raises $3 to $9
barranqueiro: raises $3 to $12
Betting is capped
ToDaFelt: calls $3
*** FLOP *** [8h 2d 9c]
ToDaFelt: checks
barranqueiro: bets $3
ToDaFelt: calls $3
*** TURN *** [8h 2d 9c] [6c]
ToDaFelt: checks
barranqueiro: bets $6
ToDaFelt: calls $6
*** RIVER *** [8h 2d 9c 6c] [7c]
ToDaFelt: checks
barranqueiro: checks
*** SHOW DOWN ***
ToDaFelt: shows [Kd Qc] (high card King)
barranqueiro: shows [Ac Qs] (high card Ace)
barranqueiro collected $41.50 from pot
*** SUMMARY ***
Total pot $42 | Rake $0.50
Board [8h 2d 9c 6c 7c]
Seat 1: ToDaFelt (big blind) showed [Kd Qc] and lost with high card King
Seat 6: barranqueiro (button) (small blind) showed [Ac Qs] and won ($41.50) with high card Ace


PokerStars Hand #161068993299:  Hold'em Limit ($3/$6 USD) - 2016/11/07 19:13:33 ET
Table 'Loreley' 6-max Seat #1 is the button
Seat 1: ToDaFelt ($126.17 in chips)
Seat 6: barranqueiro ($236.73 in chips)
ToDaFelt: posts small blind $1
barranqueiro: posts big blind $3
*** HOLE CARDS ***
ToDaFelt: raises $3 to $6
barranqueiro: raises $3 to $9
ToDaFelt: calls $3
*** FLOP *** [Jh Ad 9c]
barranqueiro: bets $3
ToDaFelt: folds
Uncalled bet ($3) returned to barranqueiro
barranqueiro collected $17.64 from pot
*** SUMMARY ***
Total pot $18 | Rake $0.36
Board [Jh Ad 9c]
Seat 1: ToDaFelt (button) (small blind) folded on the Flop
Seat 6: barranqueiro (big blind) collected ($17.64)


PokerStars Hand #161069000926:  Hold'em Limit ($3/$6 USD) - 2016/11/07 19:13:45 ET
Table 'Loreley' 6-max Seat #6 is the button
Seat 1: ToDaFelt ($117.17 in chips)
Seat 6: barranqueiro ($245.37 in chips)
barranqueiro: posts small blind $1
ToDaFelt: posts big blind $3
*** HOLE CARDS ***
barranqueiro: raises $3 to $6
ToDaFelt: calls $3
*** FLOP *** [Qd 4d Jh]
ToDaFelt: checks
barranqueiro: bets $3
ToDaFelt: calls $3
*** TURN *** [Qd 4d Jh] [2c]
ToDaFelt: checks
barranqueiro: bets $6
ToDaFelt: calls $6
*** RIVER *** [Qd 4d Jh 2c] [As]
ToDaFelt: checks
barranqueiro: checks
*** SHOW DOWN ***
ToDaFelt: shows [Ks 3d] (high card Ace)
barranqueiro: shows [2h 7c] (a pair of Deuces)
barranqueiro collected $29.50 from pot
*** SUMMARY ***
Total pot $30 | Rake $0.50
Board [Qd 4d Jh 2c As]
Seat 1: ToDaFelt (big blind) showed [Ks 3d] and lost with high card Ace
Seat 6: barranqueiro (button) (small blind) showed [2h 7c] and won ($29.50) with a pair of Deuces


PokerStars Hand #161069024762:  Hold'em Limit ($3/$6 USD) - 2016/11/07 19:14:22 ET
Table 'Loreley' 6-max Seat #1 is the button
Seat 1: ToDaFelt ($102.17 in chips)
Seat 6: barranqueiro ($259.87 in chips)
ToDaFelt: posts small blind $1
barranqueiro: posts big blind $3
*** HOLE CARDS ***
ToDaFelt: raises $3 to $6
barranqueiro: calls $3
*** FLOP *** [4h Ac 2s]
barranqueiro: checks
ToDaFelt: checks
*** TURN *** [4h Ac 2s] [9c]
barranqueiro: checks
ToDaFelt: bets $6
barranqueiro: calls $6
*** RIVER *** [4h Ac 2s 9c] [6c]
barranqueiro: checks
ToDaFelt: bets $6
barranqueiro: raises $6 to $12
ToDaFelt: calls $6
*** SHOW DOWN ***
barranqueiro: shows [4c 6h] (two pair, Sixes and Fours)
ToDaFelt: mucks hand
barranqueiro collected $47.50 from pot
*** SUMMARY ***
Total pot $48 | Rake $0.50
Board [4h Ac 2s 9c 6c]
Seat 1: ToDaFelt (button) (small blind) mucked
Seat 6: barranqueiro (big blind) showed [4c 6h] and won ($47.50) with two pair, Sixes and Fours


PokerStars Hand #161069045943:  Hold'em Limit ($3/$6 USD) - 2016/11/07 19:14:55 ET
Table 'Loreley' 6-max Seat #6 is the button
Seat 1: ToDaFelt ($78.17 in chips)
Seat 6: barranqueiro ($283.37 in chips)
barranqueiro: posts small blind $1
ToDaFelt: posts big blind $3
*** HOLE CARDS ***
barranqueiro: raises $3 to $6
ToDaFelt: calls $3
*** FLOP *** [6s 2d 9h]
ToDaFelt: checks
barranqueiro: bets $3
ToDaFelt: raises $3 to $6
barranqueiro: calls $3
*** TURN *** [6s 2d 9h] [Th]
ToDaFelt: bets $6
barranqueiro: raises $6 to $12
ToDaFelt: calls $6
*** RIVER *** [6s 2d 9h Th] [2h]
ToDaFelt: checks
barranqueiro: bets $6
ToDaFelt: calls $6
*** SHOW DOWN ***
barranqueiro: shows [Qh Kd] (a pair of Deuces)
ToDaFelt: shows [6d 8c] (two pair, Sixes and Deuces)
ToDaFelt collected $59.50 from pot
*** SUMMARY ***
Total pot $60 | Rake $0.50
Board [6s 2d 9h Th 2h]
Seat 1: ToDaFelt (big blind) showed [6d 8c] and won ($59.50) with two pair, Sixes and Deuces
Seat 6: barranqueiro (button) (small blind) showed [Qh Kd] and lost with a pair of Deuces


PokerStars Hand #161069070655:  Hold'em Limit ($3/$6 USD) - 2016/11/07 19:15:34 ET
Table 'Loreley' 6-max Seat #1 is the button
Seat 1: ToDaFelt ($107.67 in chips)
Seat 6: barranqueiro ($253.37 in chips)
ToDaFelt: posts small blind $1
barranqueiro: posts big blind $3
*** HOLE CARDS ***
ToDaFelt: raises $3 to $6
barranqueiro: raises $3 to $9
ToDaFelt: calls $3
*** FLOP *** [4h 6h Qc]
barranqueiro: bets $3
ToDaFelt: calls $3
*** TURN *** [4h 6h Qc] [7c]
barranqueiro: bets $6
ToDaFelt: calls $6
*** RIVER *** [4h 6h Qc 7c] [Jd]
barranqueiro: bets $6
ToDaFelt: calls $6
*** SHOW DOWN ***
barranqueiro: shows [Kd Qs] (a pair of Queens)
ToDaFelt: mucks hand
barranqueiro collected $47.50 from pot
*** SUMMARY ***
Total pot $48 | Rake $0.50
Board [4h 6h Qc 7c Jd]
Seat 1: ToDaFelt (button) (small blind) mucked
Seat 6: barranqueiro (big blind) showed [Kd Qs] and won ($47.50) with a pair of Queens


PokerStars Hand #161069080803:  Hold'em Limit ($3/$6 USD) - 2016/11/07 19:15:50 ET
Table 'Loreley' 6-max Seat #6 is the button
Seat 1: ToDaFelt ($83.67 in chips)
Seat 6: barranqueiro ($276.87 in chips)
barranqueiro: posts small blind $1
ToDaFelt: posts big blind $3
*** HOLE CARDS ***
barranqueiro: raises $3 to $6
ToDaFelt: raises $3 to $9
barranqueiro: raises $3 to $12
Betting is capped
ToDaFelt: calls $3
*** FLOP *** [Ac 3d 5s]
ToDaFelt: checks
barranqueiro: bets $3
ToDaFelt: raises $3 to $6
barranqueiro: calls $3
*** TURN *** [Ac 3d 5s] [4d]
ToDaFelt: bets $6
barranqueiro: calls $6
*** RIVER *** [Ac 3d 5s 4d] [5c]
ToDaFelt: bets $6
barranqueiro: folds
Uncalled bet ($6) returned to ToDaFelt
ToDaFelt collected $47.50 from pot
ToDaFelt: doesn't show hand
*** SUMMARY ***
Total pot $48 | Rake $0.50
Board [Ac 3d 5s 4d 5c]
Seat 1: ToDaFelt (big blind) collected ($47.50)
Seat 6: barranqueiro (button) (small blind) folded on the River


PokerStars Hand #161069113457:  Hold'em Limit ($3/$6 USD) - 2016/11/07 19:16:41 ET
Table 'Loreley' 6-max Seat #6 is the button
Seat 1: ToDaFelt ($112.93 in chips)
Seat 6: barranqueiro ($246.87 in chips)
barranqueiro: posts small blind $1
ToDaFelt: posts big blind $3
*** HOLE CARDS ***
barranqueiro: folds
Uncalled bet ($2) returned to ToDaFelt
ToDaFelt collected $2 from pot
ToDaFelt: doesn't show hand
*** SUMMARY ***
Total pot $2 | Rake $0
Seat 1: ToDaFelt (big blind) collected ($2)
Seat 6: barranqueiro (button) (small blind) folded before Flop


PokerStars Hand #161069094837:  Hold'em Limit ($3/$6 USD) - 2016/11/07 19:16:12 ET
Table 'Loreley' 6-max Seat #1 is the button
Seat 1: ToDaFelt ($107.17 in chips)
Seat 6: barranqueiro ($252.87 in chips)
ToDaFelt: posts small blind $1
barranqueiro: posts big blind $3
*** HOLE CARDS ***
ToDaFelt: raises $3 to $6
barranqueiro: calls $3
*** FLOP *** [6d 2h 3s]
barranqueiro: checks
ToDaFelt: checks
*** TURN *** [6d 2h 3s] [6s]
barranqueiro: checks
ToDaFelt: checks
*** RIVER *** [6d 2h 3s 6s] [4c]
barranqueiro: checks
ToDaFelt: bets $6
barranqueiro: folds
Uncalled bet ($6) returned to ToDaFelt
ToDaFelt collected $11.76 from pot
ToDaFelt: doesn't show hand
*** SUMMARY ***
Total pot $12 | Rake $0.24
Board [6d 2h 3s 6s 4c]
Seat 1: ToDaFelt (button) (small blind) collected ($11.76)
Seat 6: barranqueiro (big blind) folded on the River


PokerStars Hand #161069116992:  Hold'em Limit ($3/$6 USD) - 2016/11/07 19:16:47 ET
Table 'Loreley' 6-max Seat #1 is the button
Seat 1: ToDaFelt ($113.93 in chips)
Seat 6: barranqueiro ($245.87 in chips)
ToDaFelt: posts small blind $1
barranqueiro: posts big blind $3
*** HOLE CARDS ***
ToDaFelt: raises $3 to $6
barranqueiro: calls $3
*** FLOP *** [Tc 7h 4d]
barranqueiro: checks
ToDaFelt: bets $3
barranqueiro: raises $3 to $6
ToDaFelt: calls $3
*** TURN *** [Tc 7h 4d] [8h]
barranqueiro: bets $6
ToDaFelt: calls $6
*** RIVER *** [Tc 7h 4d 8h] [Td]
barranqueiro: bets $6
ToDaFelt: calls $6
*** SHOW DOWN ***
barranqueiro: shows [As Ah] (two pair, Aces and Tens)
ToDaFelt: mucks hand
barranqueiro collected $47.50 from pot
*** SUMMARY ***
Total pot $48 | Rake $0.50
Board [Tc 7h 4d 8h Td]
Seat 1: ToDaFelt (button) (small blind) mucked
Seat 6: barranqueiro (big blind) showed [As Ah] and won ($47.50) with two pair, Aces and Tens


PokerStars Hand #161069139423:  Hold'em Limit ($3/$6 USD) - 2016/11/07 19:17:22 ET
Table 'Loreley' 6-max Seat #6 is the button
Seat 1: ToDaFelt ($89.93 in chips)
Seat 6: barranqueiro ($269.37 in chips)
barranqueiro: posts small blind $1
ToDaFelt: posts big blind $3
*** HOLE CARDS ***
barranqueiro: raises $3 to $6
ToDaFelt: calls $3
*** FLOP *** [2c 7c 3d]
ToDaFelt: checks
barranqueiro: bets $3
ToDaFelt: folds
Uncalled bet ($3) returned to barranqueiro
barranqueiro collected $11.76 from pot
*** SUMMARY ***
Total pot $12 | Rake $0.24
Board [2c 7c 3d]
Seat 1: ToDaFelt (big blind) folded on the Flop
Seat 6: barranqueiro (button) (small blind) collected ($11.76)


PokerStars Hand #161069153288:  Hold'em Limit ($3/$6 USD) - 2016/11/07 19:17:45 ET
Table 'Loreley' 6-max Seat #1 is the button
Seat 1: ToDaFelt ($83.93 in chips)
Seat 6: barranqueiro ($275.13 in chips)
ToDaFelt: posts small blind $1
barranqueiro: posts big blind $3
*** HOLE CARDS ***
ToDaFelt: raises $3 to $6
barranqueiro: calls $3
*** FLOP *** [9h 6d 8c]
barranqueiro: checks
ToDaFelt: bets $3
barranqueiro: folds
Uncalled bet ($3) returned to ToDaFelt
ToDaFelt collected $11.76 from pot
ToDaFelt: doesn't show hand
*** SUMMARY ***
Total pot $12 | Rake $0.24
Board [9h 6d 8c]
Seat 1: ToDaFelt (button) (small blind) collected ($11.76)
Seat 6: barranqueiro (big blind) folded on the Flop


PokerStars Hand #161069161490:  Hold'em Limit ($3/$6 USD) - 2016/11/07 19:17:58 ET
Table 'Loreley' 6-max Seat #6 is the button
Seat 1: ToDaFelt ($89.69 in chips)
Seat 6: barranqueiro ($269.13 in chips)
barranqueiro: posts small blind $1
ToDaFelt: posts big blind $3
*** HOLE CARDS ***
barranqueiro: calls $2
ToDaFelt: checks
*** FLOP *** [6h 7s 5s]
ToDaFelt: bets $3
barranqueiro: calls $3
*** TURN *** [6h 7s 5s] [9c]
ToDaFelt: checks
barranqueiro: checks
*** RIVER *** [6h 7s 5s 9c] [As]
ToDaFelt: checks
barranqueiro: checks
*** SHOW DOWN ***
ToDaFelt: shows [7c Td] (a pair of Sevens)
barranqueiro: mucks hand
ToDaFelt collected $11.76 from pot
*** SUMMARY ***
Total pot $12 | Rake $0.24
Board [6h 7s 5s 9c As]
Seat 1: ToDaFelt (big blind) showed [7c Td] and won ($11.76) with a pair of Sevens
Seat 6: barranqueiro (button) (small blind) mucked


PokerStars Hand #161069180916:  Hold'em Limit ($3/$6 USD) - 2016/11/07 19:18:28 ET
Table 'Loreley' 6-max Seat #1 is the button
Seat 1: ToDaFelt ($95.45 in chips)
Seat 6: barranqueiro ($263.13 in chips)
ToDaFelt: posts small blind $1
barranqueiro: posts big blind $3
*** HOLE CARDS ***
ToDaFelt: raises $3 to $6
barranqueiro: raises $3 to $9
ToDaFelt: calls $3
*** FLOP *** [Jd 2h 4h]
barranqueiro: bets $3
ToDaFelt: calls $3
*** TURN *** [Jd 2h 4h] [Ks]
barranqueiro: bets $6
ToDaFelt: raises $6 to $12
barranqueiro: calls $6
*** RIVER *** [Jd 2h 4h Ks] [9d]
barranqueiro: checks
ToDaFelt: bets $6
barranqueiro: raises $6 to $12
ToDaFelt: calls $6
*** SHOW DOWN ***
barranqueiro: shows [9s 9c] (three of a kind, Nines)
ToDaFelt: mucks hand
barranqueiro collected $71.50 from pot
*** SUMMARY ***
Total pot $72 | Rake $0.50
Board [Jd 2h 4h Ks 9d]
Seat 1: ToDaFelt (button) (small blind) mucked
Seat 6: barranqueiro (big blind) showed [9s 9c] and won ($71.50) with three of a kind, Nines


PokerStars Hand #161069196895:  Hold'em Limit ($3/$6 USD) - 2016/11/07 19:18:54 ET
Table 'Loreley' 6-max Seat #6 is the button
Seat 1: ToDaFelt ($120 in chips)
Seat 6: barranqueiro ($298.63 in chips)
barranqueiro: posts small blind $1
ToDaFelt: posts big blind $3
*** HOLE CARDS ***
Mr Snugfit joins the table at seat #2
barranqueiro: raises $3 to $6
ToDaFelt: calls $3
*** FLOP *** [2c Qc 3s]
ToDaFelt: checks
barranqueiro: bets $3
ToDaFelt: raises $3 to $6
barranqueiro: folds
Uncalled bet ($3) returned to ToDaFelt
ToDaFelt collected $17.64 from pot
ToDaFelt: doesn't show hand
*** SUMMARY ***
Total pot $18 | Rake $0.36
Board [2c Qc 3s]
Seat 1: ToDaFelt (big blind) collected ($17.64)
Seat 6: barranqueiro (button) (small blind) folded on the Flop


PokerStars Hand #161070233883:  Hold'em Limit ($3/$6 USD) - 2016/11/07 19:47:48 ET
Table 'Loreley' 6-max Seat #1 is the button
Seat 1: ToDaFelt ($164.14 in chips)
Seat 3: kasa575 ($146.53 in chips)
juswnttoplay leaves the table
ToDaFelt: posts small blind $1
kasa575: posts big blind $3
*** HOLE CARDS ***
ToDaFelt: raises $3 to $6
kasa575: folds
Uncalled bet ($3) returned to ToDaFelt
ToDaFelt collected $6 from pot
ToDaFelt: doesn't show hand
*** SUMMARY ***
Total pot $6 | Rake $0
Seat 1: ToDaFelt (button) (small blind) collected ($6)
Seat 3: kasa575 (big blind) folded before Flop


PokerStars Hand #161070237552:  Hold'em Limit ($3/$6 USD) - 2016/11/07 19:47:55 ET
Table 'Loreley' 6-max Seat #3 is the button
Seat 1: ToDaFelt ($167.14 in chips)
Seat 3: kasa575 ($143.53 in chips)
kasa575: posts small blind $1
ToDaFelt: posts big blind $3
*** HOLE CARDS ***
kasa575: raises $3 to $6
ToDaFelt: calls $3
*** FLOP *** [9d Qh 2c]
ToDaFelt: checks
kasa575: bets $3
ToDaFelt: folds
Uncalled bet ($3) returned to kasa575
kasa575 collected $11.76 from pot
kasa575: doesn't show hand
*** SUMMARY ***
Total pot $12 | Rake $0.24
Board [9d Qh 2c]
Seat 1: ToDaFelt (big blind) folded on the Flop
Seat 3: kasa575 (button) (small blind) collected ($11.76)


PokerStars Hand #161070249103:  Hold'em Limit ($3/$6 USD) - 2016/11/07 19:48:15 ET
Table 'Loreley' 6-max Seat #1 is the button
Seat 1: ToDaFelt ($161.14 in chips)
Seat 3: kasa575 ($149.29 in chips)
ToDaFelt: posts small blind $1
kasa575: posts big blind $3
*** HOLE CARDS ***
ToDaFelt: raises $3 to $6
kasa575: raises $3 to $9
ToDaFelt: calls $3
*** FLOP *** [4d 2c Td]
kasa575: bets $3
ToDaFelt: calls $3
*** TURN *** [4d 2c Td] [2h]
kasa575: bets $6
ToDaFelt: folds
Uncalled bet ($6) returned to kasa575
kasa575 collected $23.52 from pot
kasa575: doesn't show hand
*** SUMMARY ***
Total pot $24 | Rake $0.48
Board [4d 2c Td 2h]
Seat 1: ToDaFelt (button) (small blind) folded on the Turn
Seat 3: kasa575 (big blind) collected ($23.52)


