PokerStars Hand #154217053049:  Hold'em Limit ($3/$6 USD) - 2016/06/03 1:15:29 ET
Table 'Losaka' 6-max Seat #3 is the button
Seat 3: Garuda Black ($47.48 in chips)
Seat 6: pogi74 ($73.36 in chips)
Garuda Black: posts small blind $1
pogi74: posts big blind $3
*** HOLE CARDS ***
Garuda Black: folds
Uncalled bet ($2) returned to pogi74
pogi74 collected $2 from pot
pogi74: doesn't show hand
*** SUMMARY ***
Total pot $2 | Rake $0
Seat 3: Garuda Black (button) (small blind) folded before Flop
Seat 6: pogi74 (big blind) collected ($2)


PokerStars Hand #154217048379:  Hold'em Limit ($3/$6 USD) - 2016/06/03 1:15:11 ET
Table 'Losaka' 6-max Seat #6 is the button
Seat 3: Garuda Black ($56.48 in chips)
Seat 6: pogi74 ($64.72 in chips)
pogi74: posts small blind $1
Garuda Black: posts big blind $3
*** HOLE CARDS ***
pogi74: raises $3 to $6
Garuda Black: calls $3
*** FLOP *** [Ts 3d 6d]
Garuda Black: checks
pogi74: bets $3
Garuda Black: calls $3
*** TURN *** [Ts 3d 6d] [Th]
Garuda Black: checks
pogi74: bets $6
Garuda Black: folds
Uncalled bet ($6) returned to pogi74
pogi74 collected $17.64 from pot
pogi74: doesn't show hand
*** SUMMARY ***
Total pot $18 | Rake $0.36
Board [Ts 3d 6d Th]
Seat 3: Garuda Black (big blind) folded on the Turn
Seat 6: pogi74 (button) (small blind) collected ($17.64)


PokerStars Hand #154217046915:  Hold'em Limit ($3/$6 USD) - 2016/06/03 1:15:05 ET
Table 'Losaka' 6-max Seat #3 is the button
Seat 3: Garuda Black ($57.48 in chips)
Seat 6: pogi74 ($63.72 in chips)
Garuda Black: posts small blind $1
pogi74: posts big blind $3
*** HOLE CARDS ***
Garuda Black: folds
Uncalled bet ($2) returned to pogi74
pogi74 collected $2 from pot
pogi74: doesn't show hand
*** SUMMARY ***
Total pot $2 | Rake $0
Seat 3: Garuda Black (button) (small blind) folded before Flop
Seat 6: pogi74 (big blind) collected ($2)


PokerStars Hand #154217056598:  Hold'em Limit ($3/$6 USD) - 2016/06/03 1:15:43 ET
Table 'Losaka' 6-max Seat #6 is the button
Seat 3: Garuda Black ($46.48 in chips)
Seat 6: pogi74 ($74.36 in chips)
pogi74: posts small blind $1
Garuda Black: posts big blind $3
*** HOLE CARDS ***
pogi74: raises $3 to $6
Garuda Black: calls $3
*** FLOP *** [4s 5c 5h]
Garuda Black: checks
pogi74: bets $3
Garuda Black: calls $3
*** TURN *** [4s 5c 5h] [8h]
Garuda Black: checks
pogi74: bets $6
Garuda Black: raises $6 to $12
pogi74: folds
Uncalled bet ($6) returned to Garuda Black
Garuda Black collected $29.50 from pot
Garuda Black: doesn't show hand
*** SUMMARY ***
Total pot $30 | Rake $0.50
Board [4s 5c 5h 8h]
Seat 3: Garuda Black (big blind) collected ($29.50)
Seat 6: pogi74 (button) (small blind) folded on the Turn


PokerStars Hand #154217065530:  Hold'em Limit ($3/$6 USD) - 2016/06/03 1:16:19 ET
Table 'Losaka' 6-max Seat #6 is the button
Seat 3: Garuda Black ($59.98 in chips)
Seat 6: pogi74 ($60.36 in chips)
pogi74: posts small blind $1
Garuda Black: posts big blind $3
*** HOLE CARDS ***
pogi74: folds
Uncalled bet ($2) returned to Garuda Black
Garuda Black collected $2 from pot
Garuda Black: doesn't show hand
*** SUMMARY ***
Total pot $2 | Rake $0
Seat 3: Garuda Black (big blind) collected ($2)
Seat 6: pogi74 (button) (small blind) folded before Flop


PokerStars Hand #154217064100:  Hold'em Limit ($3/$6 USD) - 2016/06/03 1:16:13 ET
Table 'Losaka' 6-max Seat #3 is the button
Seat 3: Garuda Black ($60.98 in chips)
Seat 6: pogi74 ($59.36 in chips)
Garuda Black: posts small blind $1
pogi74: posts big blind $3
*** HOLE CARDS ***
Garuda Black: folds
Uncalled bet ($2) returned to pogi74
pogi74 collected $2 from pot
pogi74: doesn't show hand
*** SUMMARY ***
Total pot $2 | Rake $0
Seat 3: Garuda Black (button) (small blind) folded before Flop
Seat 6: pogi74 (big blind) collected ($2)


PokerStars Hand #154217066949:  Hold'em Limit ($3/$6 USD) - 2016/06/03 1:16:25 ET
Table 'Losaka' 6-max Seat #3 is the button
Seat 3: Garuda Black ($60.98 in chips)
Seat 6: pogi74 ($59.36 in chips)
Garuda Black: posts small blind $1
pogi74: posts big blind $3
*** HOLE CARDS ***
Garuda Black: folds
Uncalled bet ($2) returned to pogi74
pogi74 collected $2 from pot
pogi74: doesn't show hand
*** SUMMARY ***
Total pot $2 | Rake $0
Seat 3: Garuda Black (button) (small blind) folded before Flop
Seat 6: pogi74 (big blind) collected ($2)


PokerStars Hand #154217069683:  Hold'em Limit ($3/$6 USD) - 2016/06/03 1:16:36 ET
Table 'Losaka' 6-max Seat #6 is the button
Seat 3: Garuda Black ($59.98 in chips)
Seat 6: pogi74 ($60.36 in chips)
pogi74: posts small blind $1
Garuda Black: posts big blind $3
*** HOLE CARDS ***
pogi74: raises $3 to $6
Garuda Black: folds
Uncalled bet ($3) returned to pogi74
pogi74 collected $6 from pot
pogi74: doesn't show hand
*** SUMMARY ***
Total pot $6 | Rake $0
Seat 3: Garuda Black (big blind) folded before Flop
Seat 6: pogi74 (button) (small blind) collected ($6)


PokerStars Hand #154217072486:  Hold'em Limit ($3/$6 USD) - 2016/06/03 1:16:47 ET
Table 'Losaka' 6-max Seat #3 is the button
Seat 3: Garuda Black ($56.98 in chips)
Seat 6: pogi74 ($63.36 in chips)
Garuda Black: posts small blind $1
pogi74: posts big blind $3
*** HOLE CARDS ***
Garuda Black: raises $3 to $6
pogi74: folds
Uncalled bet ($3) returned to Garuda Black
Garuda Black collected $6 from pot
Garuda Black: doesn't show hand
*** SUMMARY ***
Total pot $6 | Rake $0
Seat 3: Garuda Black (button) (small blind) collected ($6)
Seat 6: pogi74 (big blind) folded before Flop


PokerStars Hand #154217076620:  Hold'em Limit ($3/$6 USD) - 2016/06/03 1:17:03 ET
Table 'Losaka' 6-max Seat #6 is the button
Seat 3: Garuda Black ($59.98 in chips)
Seat 6: pogi74 ($60.36 in chips)
pogi74: posts small blind $1
Garuda Black: posts big blind $3
*** HOLE CARDS ***
pogi74: raises $3 to $6
Garuda Black: raises $3 to $9
pogi74: calls $3
*** FLOP *** [3h 9h 9d]
Garuda Black: bets $3
pogi74: calls $3
*** TURN *** [3h 9h 9d] [Js]
Garuda Black: bets $6
pogi74: folds
Uncalled bet ($6) returned to Garuda Black
Garuda Black collected $23.52 from pot
Garuda Black: doesn't show hand
*** SUMMARY ***
Total pot $24 | Rake $0.48
Board [3h 9h 9d Js]
Seat 3: Garuda Black (big blind) collected ($23.52)
Seat 6: pogi74 (button) (small blind) folded on the Turn


PokerStars Hand #154217083219:  Hold'em Limit ($3/$6 USD) - 2016/06/03 1:17:30 ET
Table 'Losaka' 6-max Seat #3 is the button
Seat 3: Garuda Black ($71.50 in chips)
Seat 6: pogi74 ($48.36 in chips)
Garuda Black: posts small blind $1
pogi74: posts big blind $3
*** HOLE CARDS ***
Garuda Black: raises $3 to $6
pogi74: calls $3
*** FLOP *** [4s Ad Qd]
7superpoker joins the table at seat #2
pogi74: checks
Garuda Black: bets $3
pogi74: folds
Uncalled bet ($3) returned to Garuda Black
Garuda Black collected $11.76 from pot
Garuda Black: doesn't show hand
*** SUMMARY ***
Total pot $12 | Rake $0.24
Board [4s Ad Qd]
Seat 3: Garuda Black (button) (small blind) collected ($11.76)
Seat 6: pogi74 (big blind) folded on the Flop


PokerStars Hand #154217132343:  Hold'em Limit ($3/$6 USD) - 2016/06/03 1:20:46 ET
Table 'Losaka' 6-max Seat #3 is the button
Seat 3: Garuda Black ($14.26 in chips)
Seat 6: pogi74 ($44.58 in chips)
Garuda Black: posts small blind $1
pogi74: posts big blind $3
*** HOLE CARDS ***
Garuda Black: raises $3 to $6
pogi74: calls $3
*** FLOP *** [2h Qs 2d]
pogi74: checks
Garuda Black: checks
*** TURN *** [2h Qs 2d] [Ad]
pogi74: checks
Garuda Black: bets $6
pogi74: folds
Uncalled bet ($6) returned to Garuda Black
Garuda Black collected $11.76 from pot
Garuda Black: doesn't show hand
*** SUMMARY ***
Total pot $12 | Rake $0.24
Board [2h Qs 2d Ad]
Seat 3: Garuda Black (button) (small blind) collected ($11.76)
Seat 6: pogi74 (big blind) folded on the Turn


PokerStars Hand #154217967981:  Hold'em Limit ($3/$6 USD) - 2016/06/03 2:15:49 ET
Table 'Losaka' 6-max Seat #3 is the button
Seat 3: owenheadch ($116 in chips)
Seat 4: VolkovDmitri ($124 in chips)
owenheadch: posts small blind $1
VolkovDmitri: posts big blind $3
*** HOLE CARDS ***
owenheadch: raises $3 to $6
VolkovDmitri: folds
Uncalled bet ($3) returned to owenheadch
owenheadch collected $6 from pot
owenheadch: doesn't show hand
*** SUMMARY ***
Total pot $6 | Rake $0
Seat 3: owenheadch (button) (small blind) collected ($6)
Seat 4: VolkovDmitri (big blind) folded before Flop


PokerStars Hand #154217965476:  Hold'em Limit ($3/$6 USD) - 2016/06/03 2:15:39 ET
Table 'Losaka' 6-max Seat #4 is the button
Seat 3: owenheadch ($119 in chips)
Seat 4: VolkovDmitri ($121 in chips)
VolkovDmitri: posts small blind $1
owenheadch: posts big blind $3
*** HOLE CARDS ***
VolkovDmitri: raises $3 to $6
owenheadch: folds
Uncalled bet ($3) returned to VolkovDmitri
VolkovDmitri collected $6 from pot
VolkovDmitri: doesn't show hand
*** SUMMARY ***
Total pot $6 | Rake $0
Seat 3: owenheadch (big blind) folded before Flop
Seat 4: VolkovDmitri (button) (small blind) collected ($6)


PokerStars Hand #154217963174:  Hold'em Limit ($3/$6 USD) - 2016/06/03 2:15:30 ET
Table 'Losaka' 6-max Seat #3 is the button
Seat 3: owenheadch ($120 in chips)
Seat 4: VolkovDmitri ($120 in chips)
owenheadch: posts small blind $1
VolkovDmitri: posts big blind $3
*** HOLE CARDS ***
owenheadch: folds
Uncalled bet ($2) returned to VolkovDmitri
VolkovDmitri collected $2 from pot
VolkovDmitri: doesn't show hand
*** SUMMARY ***
Total pot $2 | Rake $0
Seat 3: owenheadch (button) (small blind) folded before Flop
Seat 4: VolkovDmitri (big blind) collected ($2)


PokerStars Hand #154217969371:  Hold'em Limit ($3/$6 USD) - 2016/06/03 2:15:54 ET
Table 'Losaka' 6-max Seat #4 is the button
Seat 3: owenheadch ($119 in chips)
Seat 4: VolkovDmitri ($121 in chips)
VolkovDmitri: posts small blind $1
owenheadch: posts big blind $3
*** HOLE CARDS ***
VolkovDmitri: raises $3 to $6
owenheadch: raises $3 to $9
VolkovDmitri: calls $3
*** FLOP *** [5c Jh 3h]
owenheadch: bets $3
VolkovDmitri: calls $3
*** TURN *** [5c Jh 3h] [5s]
owenheadch: bets $6
VolkovDmitri: calls $6
*** RIVER *** [5c Jh 3h 5s] [Qs]
owenheadch: bets $6
VolkovDmitri: calls $6
*** SHOW DOWN ***
owenheadch: shows [Jc Ks] (two pair, Jacks and Fives)
VolkovDmitri: mucks hand
owenheadch collected $47.50 from pot
*** SUMMARY ***
Total pot $48 | Rake $0.50
Board [5c Jh 3h 5s Qs]
Seat 3: owenheadch (big blind) showed [Jc Ks] and won ($47.50) with two pair, Jacks and Fives
Seat 4: VolkovDmitri (button) (small blind) mucked


