PokerStars Hand #164536606636:  Hold'em Limit ($3/$6 USD) - 2017/01/13 20:27:56 ET
Table 'Losaka' 6-max Seat #6 is the button
Seat 4: AzureCaper ($72 in chips)
Seat 6: LotsaBalls12 ($50.25 in chips)
LotsaBalls12: posts small blind $1
AzureCaper: posts big blind $3
*** HOLE CARDS ***
LotsaBalls12: raises $3 to $6
AzureCaper: folds
Uncalled bet ($3) returned to LotsaBalls12
LotsaBalls12 collected $6 from pot
LotsaBalls12: doesn't show hand
*** SUMMARY ***
Total pot $6 | Rake $0
Seat 4: AzureCaper (big blind) folded before Flop
Seat 6: LotsaBalls12 (button) (small blind) collected ($6)


PokerStars Hand #164536616961:  Hold'em Limit ($3/$6 USD) - 2017/01/13 20:28:14 ET
Table 'Losaka' 6-max Seat #4 is the button
Seat 4: AzureCaper ($72 in chips)
Seat 6: LotsaBalls12 ($53.25 in chips)
AzureCaper: posts small blind $1
LotsaBalls12: posts big blind $3
*** HOLE CARDS ***
AzureCaper: raises $3 to $6
LotsaBalls12: calls $3
*** FLOP *** [5c 4s Qc]
LotsaBalls12: checks
AzureCaper: bets $3
LotsaBalls12: calls $3
*** TURN *** [5c 4s Qc] [5d]
LotsaBalls12: checks
AzureCaper: checks
*** RIVER *** [5c 4s Qc 5d] [Qh]
LotsaBalls12: bets $6
AzureCaper: calls $6
*** SHOW DOWN ***
LotsaBalls12: shows [Jd Ts] (two pair, Queens and Fives)
AzureCaper: shows [As 7h] (two pair, Queens and Fives - Ace kicker)
AzureCaper collected $29.50 from pot
*** SUMMARY ***
Total pot $30 | Rake $0.50
Board [5c 4s Qc 5d Qh]
Seat 4: AzureCaper (button) (small blind) showed [As 7h] and won ($29.50) with two pair, Queens and Fives
Seat 6: LotsaBalls12 (big blind) showed [Jd Ts] and lost with two pair, Queens and Fives


PokerStars Hand #164536632035:  Hold'em Limit ($3/$6 USD) - 2017/01/13 20:28:39 ET
Table 'Losaka' 6-max Seat #6 is the button
Seat 4: AzureCaper ($86.50 in chips)
Seat 6: LotsaBalls12 ($38.25 in chips)
LotsaBalls12: posts small blind $1
AzureCaper: posts big blind $3
*** HOLE CARDS ***
LotsaBalls12: raises $3 to $6
AzureCaper: calls $3
*** FLOP *** [6c 3s 2s]
AzureCaper: checks
LotsaBalls12: bets $3
AzureCaper: folds
Uncalled bet ($3) returned to LotsaBalls12
LotsaBalls12 collected $11.76 from pot
LotsaBalls12: doesn't show hand
*** SUMMARY ***
Total pot $12 | Rake $0.24
Board [6c 3s 2s]
Seat 4: AzureCaper (big blind) folded on the Flop
Seat 6: LotsaBalls12 (button) (small blind) collected ($11.76)


PokerStars Hand #164536647463:  Hold'em Limit ($3/$6 USD) - 2017/01/13 20:28:53 ET
Table 'Losaka' 6-max Seat #4 is the button
Seat 4: AzureCaper ($80.50 in chips)
Seat 6: LotsaBalls12 ($44.01 in chips)
AzureCaper: posts small blind $1
LotsaBalls12: posts big blind $3
*** HOLE CARDS ***
AzureCaper: raises $3 to $6
LotsaBalls12: calls $3
*** FLOP *** [Td 5h 3s]
LotsaBalls12: checks
AzureCaper: bets $3
LotsaBalls12: calls $3
*** TURN *** [Td 5h 3s] [2s]
LotsaBalls12: checks
AzureCaper: bets $6
LotsaBalls12: calls $6
*** RIVER *** [Td 5h 3s 2s] [Jh]
LotsaBalls12: checks
AzureCaper: bets $6
LotsaBalls12: folds
Uncalled bet ($6) returned to AzureCaper
AzureCaper collected $29.50 from pot
AzureCaper: doesn't show hand
*** SUMMARY ***
Total pot $30 | Rake $0.50
Board [Td 5h 3s 2s Jh]
Seat 4: AzureCaper (button) (small blind) collected ($29.50)
Seat 6: LotsaBalls12 (big blind) folded on the River


PokerStars Hand #164536664097:  Hold'em Limit ($3/$6 USD) - 2017/01/13 20:29:21 ET
Table 'Losaka' 6-max Seat #6 is the button
Seat 4: AzureCaper ($95 in chips)
Seat 6: LotsaBalls12 ($29.01 in chips)
LotsaBalls12: posts small blind $1
AzureCaper: posts big blind $3
*** HOLE CARDS ***
LotsaBalls12: folds
Uncalled bet ($2) returned to AzureCaper
AzureCaper collected $2 from pot
AzureCaper: doesn't show hand
*** SUMMARY ***
Total pot $2 | Rake $0
Seat 4: AzureCaper (big blind) collected ($2)
Seat 6: LotsaBalls12 (button) (small blind) folded before Flop


PokerStars Hand #164536684354:  Hold'em Limit ($3/$6 USD) - 2017/01/13 20:29:55 ET
Table 'Losaka' 6-max Seat #6 is the button
Seat 4: AzureCaper ($81 in chips)
Seat 6: LotsaBalls12 ($42.51 in chips)
LotsaBalls12: posts small blind $1
AzureCaper: posts big blind $3
*** HOLE CARDS ***
LotsaBalls12: raises $3 to $6
AzureCaper: folds
Uncalled bet ($3) returned to LotsaBalls12
LotsaBalls12 collected $6 from pot
LotsaBalls12: doesn't show hand
*** SUMMARY ***
Total pot $6 | Rake $0
Seat 4: AzureCaper (big blind) folded before Flop
Seat 6: LotsaBalls12 (button) (small blind) collected ($6)


PokerStars Hand #164536667002:  Hold'em Limit ($3/$6 USD) - 2017/01/13 20:29:26 ET
Table 'Losaka' 6-max Seat #4 is the button
Seat 4: AzureCaper ($96 in chips)
Seat 6: LotsaBalls12 ($28.01 in chips)
AzureCaper: posts small blind $1
LotsaBalls12: posts big blind $3
*** HOLE CARDS ***
AzureCaper: raises $3 to $6
LotsaBalls12: calls $3
*** FLOP *** [Jh 7h 9s]
LotsaBalls12: checks
AzureCaper: bets $3
LotsaBalls12: calls $3
*** TURN *** [Jh 7h 9s] [2c]
LotsaBalls12: checks
AzureCaper: bets $6
LotsaBalls12: raises $6 to $12
AzureCaper: folds
Uncalled bet ($6) returned to LotsaBalls12
LotsaBalls12 collected $29.50 from pot
LotsaBalls12: doesn't show hand
*** SUMMARY ***
Total pot $30 | Rake $0.50
Board [Jh 7h 9s 2c]
Seat 4: AzureCaper (button) (small blind) folded on the Turn
Seat 6: LotsaBalls12 (big blind) collected ($29.50)


PokerStars Hand #164536703157:  Hold'em Limit ($3/$6 USD) - 2017/01/13 20:30:26 ET
Table 'Losaka' 6-max Seat #6 is the button
Seat 4: AzureCaper ($72 in chips)
Seat 6: LotsaBalls12 ($66.01 in chips)
LotsaBalls12: posts small blind $1
AzureCaper: posts big blind $3
*** HOLE CARDS ***
LotsaBalls12: folds
Uncalled bet ($2) returned to AzureCaper
AzureCaper collected $2 from pot
*** SUMMARY ***
Total pot $2 | Rake $0
Seat 4: AzureCaper (big blind) collected ($2)
Seat 6: LotsaBalls12 (button) (small blind) folded before Flop


PokerStars Hand #164536688631:  Hold'em Limit ($3/$6 USD) - 2017/01/13 20:30:02 ET
Table 'Losaka' 6-max Seat #4 is the button
Seat 4: AzureCaper ($78 in chips)
Seat 6: LotsaBalls12 ($45.51 in chips)
AzureCaper: posts small blind $1
LotsaBalls12: posts big blind $3
*** HOLE CARDS ***
AzureCaper: raises $3 to $6
LotsaBalls12: calls $3
*** FLOP *** [5s 7c 5c]
LotsaBalls12: checks
AzureCaper: bets $3
LotsaBalls12: calls $3
*** TURN *** [5s 7c 5c] [6c]
LotsaBalls12: checks
AzureCaper: bets $6
LotsaBalls12: calls $6
*** RIVER *** [5s 7c 5c 6c] [8s]
LotsaBalls12: checks
AzureCaper: bets $6
LotsaBalls12: calls $6
*** SHOW DOWN ***
AzureCaper: shows [8h Th] (two pair, Eights and Fives)
LotsaBalls12: shows [Js 8c] (two pair, Eights and Fives - Jack kicker)
LotsaBalls12 collected $41.50 from pot
*** SUMMARY ***
Total pot $42 | Rake $0.50
Board [5s 7c 5c 6c 8s]
Seat 4: AzureCaper (button) (small blind) showed [8h Th] and lost with two pair, Eights and Fives
Seat 6: LotsaBalls12 (big blind) showed [Js 8c] and won ($41.50) with two pair, Eights and Fives


PokerStars Hand #164536706627:  Hold'em Limit ($3/$6 USD) - 2017/01/13 20:30:32 ET
Table 'Losaka' 6-max Seat #4 is the button
Seat 4: AzureCaper ($73 in chips)
Seat 6: LotsaBalls12 ($65.01 in chips)
AzureCaper: posts small blind $1
LotsaBalls12: posts big blind $3
*** HOLE CARDS ***
AzureCaper: folds
Uncalled bet ($2) returned to LotsaBalls12
LotsaBalls12 collected $2 from pot
LotsaBalls12: doesn't show hand
*** SUMMARY ***
Total pot $2 | Rake $0
Seat 4: AzureCaper (button) (small blind) folded before Flop
Seat 6: LotsaBalls12 (big blind) collected ($2)


PokerStars Hand #164536722582:  Hold'em Limit ($3/$6 USD) - 2017/01/13 20:30:58 ET
Table 'Losaka' 6-max Seat #4 is the button
Seat 4: AzureCaper ($95.50 in chips)
Seat 6: LotsaBalls12 ($42.01 in chips)
AzureCaper: posts small blind $1
LotsaBalls12: posts big blind $3
*** HOLE CARDS ***
AzureCaper: folds
Uncalled bet ($2) returned to LotsaBalls12
LotsaBalls12 collected $2 from pot
LotsaBalls12: doesn't show hand
*** SUMMARY ***
Total pot $2 | Rake $0
Seat 4: AzureCaper (button) (small blind) folded before Flop
Seat 6: LotsaBalls12 (big blind) collected ($2)


PokerStars Hand #164536711381:  Hold'em Limit ($3/$6 USD) - 2017/01/13 20:30:40 ET
Table 'Losaka' 6-max Seat #6 is the button
Seat 4: AzureCaper ($72 in chips)
Seat 6: LotsaBalls12 ($66.01 in chips)
LotsaBalls12: posts small blind $1
AzureCaper: posts big blind $3
*** HOLE CARDS ***
LotsaBalls12: raises $3 to $6
AzureCaper: calls $3
*** FLOP *** [Jc 2h 5h]
AzureCaper: checks
LotsaBalls12: bets $3
AzureCaper: raises $3 to $6
LotsaBalls12: calls $3
*** TURN *** [Jc 2h 5h] [4c]
AzureCaper: bets $6
LotsaBalls12: calls $6
*** RIVER *** [Jc 2h 5h 4c] [3d]
AzureCaper: bets $6
LotsaBalls12: calls $6
*** SHOW DOWN ***
AzureCaper: shows [Kh 6h] (a straight, Deuce to Six)
LotsaBalls12: mucks hand
AzureCaper collected $47.50 from pot
*** SUMMARY ***
Total pot $48 | Rake $0.50
Board [Jc 2h 5h 4c 3d]
Seat 4: AzureCaper (big blind) showed [Kh 6h] and won ($47.50) with a straight, Deuce to Six
Seat 6: LotsaBalls12 (button) (small blind) mucked


PokerStars Hand #164536725882:  Hold'em Limit ($3/$6 USD) - 2017/01/13 20:31:04 ET
Table 'Losaka' 6-max Seat #6 is the button
Seat 4: AzureCaper ($94.50 in chips)
Seat 6: LotsaBalls12 ($43.01 in chips)
LotsaBalls12: posts small blind $1
AzureCaper: posts big blind $3
*** HOLE CARDS ***
LotsaBalls12: folds
Uncalled bet ($2) returned to AzureCaper
AzureCaper collected $2 from pot
AzureCaper: doesn't show hand
*** SUMMARY ***
Total pot $2 | Rake $0
Seat 4: AzureCaper (big blind) collected ($2)
Seat 6: LotsaBalls12 (button) (small blind) folded before Flop


PokerStars Hand #164536729194:  Hold'em Limit ($3/$6 USD) - 2017/01/13 20:31:09 ET
Table 'Losaka' 6-max Seat #4 is the button
Seat 4: AzureCaper ($95.50 in chips)
Seat 6: LotsaBalls12 ($42.01 in chips)
AzureCaper: posts small blind $1
LotsaBalls12: posts big blind $3
*** HOLE CARDS ***
AzureCaper: raises $3 to $6
LotsaBalls12: calls $3
*** FLOP *** [Jd Ac Ks]
LotsaBalls12: checks
AzureCaper: bets $3
LotsaBalls12: calls $3
*** TURN *** [Jd Ac Ks] [Th]
LotsaBalls12: checks
AzureCaper: checks
*** RIVER *** [Jd Ac Ks Th] [3s]
LotsaBalls12: bets $6
AzureCaper: folds
Uncalled bet ($6) returned to LotsaBalls12
LotsaBalls12 collected $17.64 from pot
LotsaBalls12: doesn't show hand
*** SUMMARY ***
Total pot $18 | Rake $0.36
Board [Jd Ac Ks Th 3s]
Seat 4: AzureCaper (button) (small blind) folded on the River
Seat 6: LotsaBalls12 (big blind) collected ($17.64)


PokerStars Hand #164536742694:  Hold'em Limit ($3/$6 USD) - 2017/01/13 20:31:32 ET
Table 'Losaka' 6-max Seat #6 is the button
Seat 4: AzureCaper ($86.50 in chips)
Seat 6: LotsaBalls12 ($50.65 in chips)
LotsaBalls12: posts small blind $1
AzureCaper: posts big blind $3
*** HOLE CARDS ***
LotsaBalls12: raises $3 to $6
AzureCaper: calls $3
*** FLOP *** [9h 2h 6c]
AzureCaper: checks
LotsaBalls12: bets $3
AzureCaper: raises $3 to $6
LotsaBalls12: calls $3
*** TURN *** [9h 2h 6c] [Qh]
AzureCaper: bets $6
LotsaBalls12: calls $6
*** RIVER *** [9h 2h 6c Qh] [Js]
AzureCaper: checks
LotsaBalls12: bets $6
AzureCaper: folds
Uncalled bet ($6) returned to LotsaBalls12
LotsaBalls12 collected $35.50 from pot
LotsaBalls12: doesn't show hand
*** SUMMARY ***
Total pot $36 | Rake $0.50
Board [9h 2h 6c Qh Js]
Seat 4: AzureCaper (big blind) folded on the River
Seat 6: LotsaBalls12 (button) (small blind) collected ($35.50)


PokerStars Hand #164536761439:  Hold'em Limit ($3/$6 USD) - 2017/01/13 20:32:03 ET
Table 'Losaka' 6-max Seat #4 is the button
Seat 4: AzureCaper ($72 in chips)
Seat 6: LotsaBalls12 ($68.15 in chips)
AzureCaper: posts small blind $1
LotsaBalls12: posts big blind $3
*** HOLE CARDS ***
AzureCaper: folds
Uncalled bet ($2) returned to LotsaBalls12
LotsaBalls12 collected $2 from pot
LotsaBalls12: doesn't show hand
*** SUMMARY ***
Total pot $2 | Rake $0
Seat 4: AzureCaper (button) (small blind) folded before Flop
Seat 6: LotsaBalls12 (big blind) collected ($2)


PokerStars Hand #164536768746:  Hold'em Limit ($3/$6 USD) - 2017/01/13 20:32:16 ET
Table 'Losaka' 6-max Seat #4 is the button
Seat 4: AzureCaper ($73 in chips)
Seat 6: LotsaBalls12 ($68.15 in chips)
AzureCaper: posts small blind $1
LotsaBalls12: posts big blind $3
*** HOLE CARDS ***
AzureCaper: raises $3 to $6
LotsaBalls12: calls $3
*** FLOP *** [3d 7d 4s]
LotsaBalls12: checks
AzureCaper: bets $3
LotsaBalls12: calls $3
*** TURN *** [3d 7d 4s] [Td]
LotsaBalls12: checks
AzureCaper: bets $6
LotsaBalls12: folds
Uncalled bet ($6) returned to AzureCaper
AzureCaper collected $17.64 from pot
AzureCaper: doesn't show hand
*** SUMMARY ***
Total pot $18 | Rake $0.36
Board [3d 7d 4s Td]
Seat 4: AzureCaper (button) (small blind) collected ($17.64)
Seat 6: LotsaBalls12 (big blind) folded on the Turn


PokerStars Hand #164536779165:  Hold'em Limit ($3/$6 USD) - 2017/01/13 20:32:34 ET
Table 'Losaka' 6-max Seat #6 is the button
Seat 4: AzureCaper ($81.64 in chips)
Seat 6: LotsaBalls12 ($59.15 in chips)
LotsaBalls12: posts small blind $1
AzureCaper: posts big blind $3
*** HOLE CARDS ***
LotsaBalls12: raises $3 to $6
AzureCaper: calls $3
*** FLOP *** [Jc Td 8d]
AzureCaper: checks
LotsaBalls12: bets $3
AzureCaper: folds
Uncalled bet ($3) returned to LotsaBalls12
LotsaBalls12 collected $11.76 from pot
LotsaBalls12: doesn't show hand
*** SUMMARY ***
Total pot $12 | Rake $0.24
Board [Jc Td 8d]
Seat 4: AzureCaper (big blind) folded on the Flop
Seat 6: LotsaBalls12 (button) (small blind) collected ($11.76)


PokerStars Hand #164536765755:  Hold'em Limit ($3/$6 USD) - 2017/01/13 20:32:11 ET
Table 'Losaka' 6-max Seat #6 is the button
Seat 4: AzureCaper ($72 in chips)
Seat 6: LotsaBalls12 ($69.15 in chips)
LotsaBalls12: posts small blind $1
AzureCaper: posts big blind $3
*** HOLE CARDS ***
LotsaBalls12: folds
Uncalled bet ($2) returned to AzureCaper
AzureCaper collected $2 from pot
AzureCaper: doesn't show hand
*** SUMMARY ***
Total pot $2 | Rake $0
Seat 4: AzureCaper (big blind) collected ($2)
Seat 6: LotsaBalls12 (button) (small blind) folded before Flop


PokerStars Hand #164536788035:  Hold'em Limit ($3/$6 USD) - 2017/01/13 20:32:49 ET
Table 'Losaka' 6-max Seat #4 is the button
Seat 4: AzureCaper ($75.64 in chips)
Seat 6: LotsaBalls12 ($64.91 in chips)
AzureCaper: posts small blind $1
LotsaBalls12: posts big blind $3
*** HOLE CARDS ***
AzureCaper: raises $3 to $6
LotsaBalls12: calls $3
*** FLOP *** [6s 8s Ac]
LotsaBalls12: checks
AzureCaper: bets $3
LotsaBalls12: calls $3
*** TURN *** [6s 8s Ac] [9h]
LotsaBalls12: checks
AzureCaper: checks
*** RIVER *** [6s 8s Ac 9h] [Kh]
LotsaBalls12: checks
AzureCaper: checks
*** SHOW DOWN ***
LotsaBalls12: shows [Js Jd] (a pair of Jacks)
AzureCaper: mucks hand
LotsaBalls12 collected $17.64 from pot
*** SUMMARY ***
Total pot $18 | Rake $0.36
Board [6s 8s Ac 9h Kh]
Seat 4: AzureCaper (button) (small blind) mucked
Seat 6: LotsaBalls12 (big blind) showed [Js Jd] and won ($17.64) with a pair of Jacks


PokerStars Hand #164536806384:  Hold'em Limit ($3/$6 USD) - 2017/01/13 20:33:20 ET
Table 'Losaka' 6-max Seat #4 is the button
Seat 4: AzureCaper ($72 in chips)
Seat 6: LotsaBalls12 ($76.55 in chips)
AzureCaper: posts small blind $1
LotsaBalls12: posts big blind $3
*** HOLE CARDS ***
AzureCaper: folds
Uncalled bet ($2) returned to LotsaBalls12
LotsaBalls12 collected $2 from pot
LotsaBalls12: doesn't show hand
*** SUMMARY ***
Total pot $2 | Rake $0
Seat 4: AzureCaper (button) (small blind) folded before Flop
Seat 6: LotsaBalls12 (big blind) collected ($2)


PokerStars Hand #164536801361:  Hold'em Limit ($3/$6 USD) - 2017/01/13 20:33:11 ET
Table 'Losaka' 6-max Seat #6 is the button
Seat 4: AzureCaper ($72 in chips)
Seat 6: LotsaBalls12 ($73.55 in chips)
LotsaBalls12: posts small blind $1
AzureCaper: posts big blind $3
*** HOLE CARDS ***
LotsaBalls12: raises $3 to $6
AzureCaper: folds
Uncalled bet ($3) returned to LotsaBalls12
LotsaBalls12 collected $6 from pot
LotsaBalls12: doesn't show hand
*** SUMMARY ***
Total pot $6 | Rake $0
Seat 4: AzureCaper (big blind) folded before Flop
Seat 6: LotsaBalls12 (button) (small blind) collected ($6)


PokerStars Hand #164536809849:  Hold'em Limit ($3/$6 USD) - 2017/01/13 20:33:26 ET
Table 'Losaka' 6-max Seat #6 is the button
Seat 4: AzureCaper ($72 in chips)
Seat 6: LotsaBalls12 ($77.55 in chips)
LotsaBalls12: posts small blind $1
AzureCaper: posts big blind $3
*** HOLE CARDS ***
LotsaBalls12: calls $2
AzureCaper: raises $3 to $6
LotsaBalls12: calls $3
*** FLOP *** [4d Qh Js]
AzureCaper: bets $3
LotsaBalls12: calls $3
*** TURN *** [4d Qh Js] [Jc]
AzureCaper: bets $6
LotsaBalls12: calls $6
*** RIVER *** [4d Qh Js Jc] [Tc]
AzureCaper: bets $6
LotsaBalls12: folds
Uncalled bet ($6) returned to AzureCaper
AzureCaper collected $29.50 from pot
AzureCaper: doesn't show hand
*** SUMMARY ***
Total pot $30 | Rake $0.50
Board [4d Qh Js Jc Tc]
Seat 4: AzureCaper (big blind) collected ($29.50)
Seat 6: LotsaBalls12 (button) (small blind) folded on the River


PokerStars Hand #164536822956:  Hold'em Limit ($3/$6 USD) - 2017/01/13 20:33:48 ET
Table 'Losaka' 6-max Seat #4 is the button
Seat 4: AzureCaper ($86.50 in chips)
Seat 6: LotsaBalls12 ($62.55 in chips)
AzureCaper: posts small blind $1
LotsaBalls12: posts big blind $3
*** HOLE CARDS ***
AzureCaper: raises $3 to $6
LotsaBalls12: raises $3 to $9
AzureCaper: calls $3
*** FLOP *** [2d Kd 5h]
LotsaBalls12: bets $3
AzureCaper: folds
Uncalled bet ($3) returned to LotsaBalls12
LotsaBalls12 collected $17.64 from pot
LotsaBalls12: doesn't show hand
*** SUMMARY ***
Total pot $18 | Rake $0.36
Board [2d Kd 5h]
Seat 4: AzureCaper (button) (small blind) folded on the Flop
Seat 6: LotsaBalls12 (big blind) collected ($17.64)


PokerStars Hand #164536861090:  Hold'em Limit ($3/$6 USD) - 2017/01/13 20:34:52 ET
Table 'Losaka' 6-max Seat #6 is the button
Seat 4: AzureCaper ($96.76 in chips)
Seat 6: LotsaBalls12 ($51.19 in chips)
LotsaBalls12: posts small blind $1
AzureCaper: posts big blind $3
*** HOLE CARDS ***
LotsaBalls12: raises $3 to $6
AzureCaper: calls $3
*** FLOP *** [Ad Qd 5s]
AzureCaper: checks
LotsaBalls12: bets $3
AzureCaper: folds
Uncalled bet ($3) returned to LotsaBalls12
LotsaBalls12 collected $11.76 from pot
LotsaBalls12: doesn't show hand
*** SUMMARY ***
Total pot $12 | Rake $0.24
Board [Ad Qd 5s]
Seat 4: AzureCaper (big blind) folded on the Flop
Seat 6: LotsaBalls12 (button) (small blind) collected ($11.76)


PokerStars Hand #164536830947:  Hold'em Limit ($3/$6 USD) - 2017/01/13 20:34:01 ET
Table 'Losaka' 6-max Seat #6 is the button
Seat 4: AzureCaper ($77.50 in chips)
Seat 6: LotsaBalls12 ($71.19 in chips)
LotsaBalls12: posts small blind $1
AzureCaper: posts big blind $3
*** HOLE CARDS ***
LotsaBalls12: raises $3 to $6
AzureCaper: calls $3
*** FLOP *** [7s 4h Js]
AzureCaper: checks
LotsaBalls12: bets $3
AzureCaper: raises $3 to $6
LotsaBalls12: calls $3
*** TURN *** [7s 4h Js] [4d]
AzureCaper: bets $6
LotsaBalls12: calls $6
*** RIVER *** [7s 4h Js 4d] [Kc]
AzureCaper: bets $6
LotsaBalls12: folds
Uncalled bet ($6) returned to AzureCaper
AzureCaper collected $35.50 from pot
*** SUMMARY ***
Total pot $36 | Rake $0.50
Board [7s 4h Js 4d Kc]
Seat 4: AzureCaper (big blind) collected ($35.50)
Seat 6: LotsaBalls12 (button) (small blind) folded on the River


PokerStars Hand #164536853742:  Hold'em Limit ($3/$6 USD) - 2017/01/13 20:34:40 ET
Table 'Losaka' 6-max Seat #6 is the button
Seat 4: AzureCaper ($100.76 in chips)
Seat 6: LotsaBalls12 ($47.19 in chips)
LotsaBalls12: posts small blind $1
AzureCaper: posts big blind $3
*** HOLE CARDS ***
LotsaBalls12: raises $3 to $6
AzureCaper: folds
Uncalled bet ($3) returned to LotsaBalls12
LotsaBalls12 collected $6 from pot
LotsaBalls12: doesn't show hand
*** SUMMARY ***
Total pot $6 | Rake $0
Seat 4: AzureCaper (big blind) folded before Flop
Seat 6: LotsaBalls12 (button) (small blind) collected ($6)


PokerStars Hand #164536843641:  Hold'em Limit ($3/$6 USD) - 2017/01/13 20:34:23 ET
Table 'Losaka' 6-max Seat #4 is the button
Seat 4: AzureCaper ($95 in chips)
Seat 6: LotsaBalls12 ($53.19 in chips)
AzureCaper: posts small blind $1
LotsaBalls12: posts big blind $3
*** HOLE CARDS ***
AzureCaper: raises $3 to $6
LotsaBalls12: calls $3
*** FLOP *** [Kd Td 2h]
LotsaBalls12: checks
AzureCaper: bets $3
LotsaBalls12: folds
Uncalled bet ($3) returned to AzureCaper
AzureCaper collected $11.76 from pot
AzureCaper: doesn't show hand
*** SUMMARY ***
Total pot $12 | Rake $0.24
Board [Kd Td 2h]
Seat 4: AzureCaper (button) (small blind) collected ($11.76)
Seat 6: LotsaBalls12 (big blind) folded on the Flop


PokerStars Hand #164536857165:  Hold'em Limit ($3/$6 USD) - 2017/01/13 20:34:46 ET
Table 'Losaka' 6-max Seat #4 is the button
Seat 4: AzureCaper ($97.76 in chips)
Seat 6: LotsaBalls12 ($50.19 in chips)
AzureCaper: posts small blind $1
LotsaBalls12: posts big blind $3
*** HOLE CARDS ***
AzureCaper: folds
Uncalled bet ($2) returned to LotsaBalls12
LotsaBalls12 collected $2 from pot
LotsaBalls12: doesn't show hand
*** SUMMARY ***
Total pot $2 | Rake $0
Seat 4: AzureCaper (button) (small blind) folded before Flop
Seat 6: LotsaBalls12 (big blind) collected ($2)


PokerStars Hand #164536870662:  Hold'em Limit ($3/$6 USD) - 2017/01/13 20:35:09 ET
Table 'Losaka' 6-max Seat #4 is the button
Seat 4: AzureCaper ($90.76 in chips)
Seat 6: LotsaBalls12 ($56.95 in chips)
AzureCaper: posts small blind $1
LotsaBalls12: posts big blind $3
*** HOLE CARDS ***
AzureCaper: raises $3 to $6
LotsaBalls12: raises $3 to $9
AzureCaper: calls $3
*** FLOP *** [4s 9h Qh]
LotsaBalls12: bets $3
AzureCaper: calls $3
*** TURN *** [4s 9h Qh] [7d]
LotsaBalls12: bets $6
AzureCaper: folds
Uncalled bet ($6) returned to LotsaBalls12
LotsaBalls12 collected $23.52 from pot
LotsaBalls12: doesn't show hand
*** SUMMARY ***
Total pot $24 | Rake $0.48
Board [4s 9h Qh 7d]
Seat 4: AzureCaper (button) (small blind) folded on the Turn
Seat 6: LotsaBalls12 (big blind) collected ($23.52)


PokerStars Hand #164536904208:  Hold'em Limit ($3/$6 USD) - 2017/01/13 20:36:05 ET
Table 'Losaka' 6-max Seat #4 is the button
Seat 4: AzureCaper ($96.26 in chips)
Seat 6: LotsaBalls12 ($50.47 in chips)
AzureCaper: posts small blind $1
LotsaBalls12: posts big blind $3
*** HOLE CARDS ***
AzureCaper: folds
Uncalled bet ($2) returned to LotsaBalls12
LotsaBalls12 collected $2 from pot
LotsaBalls12: doesn't show hand
*** SUMMARY ***
Total pot $2 | Rake $0
Seat 4: AzureCaper (button) (small blind) folded before Flop
Seat 6: LotsaBalls12 (big blind) collected ($2)


PokerStars Hand #164536892867:  Hold'em Limit ($3/$6 USD) - 2017/01/13 20:35:46 ET
Table 'Losaka' 6-max Seat #6 is the button
Seat 4: AzureCaper ($78.76 in chips)
Seat 6: LotsaBalls12 ($68.47 in chips)
LotsaBalls12: posts small blind $1
AzureCaper: posts big blind $3
*** HOLE CARDS ***
LotsaBalls12: raises $3 to $6
AzureCaper: raises $3 to $9
LotsaBalls12: calls $3
*** FLOP *** [4s 8d 6h]
AzureCaper: bets $3
LotsaBalls12: calls $3
*** TURN *** [4s 8d 6h] [Jd]
AzureCaper: bets $6
LotsaBalls12: calls $6
*** RIVER *** [4s 8d 6h Jd] [Qh]
AzureCaper: checks
LotsaBalls12: checks
*** SHOW DOWN ***
AzureCaper: shows [Ad Td] (high card Ace)
LotsaBalls12: mucks hand
AzureCaper collected $35.50 from pot
*** SUMMARY ***
Total pot $36 | Rake $0.50
Board [4s 8d 6h Jd Qh]
Seat 4: AzureCaper (big blind) showed [Ad Td] and won ($35.50) with high card Ace
Seat 6: LotsaBalls12 (button) (small blind) mucked


PokerStars Hand #164536937328:  Hold'em Limit ($3/$6 USD) - 2017/01/13 20:37:01 ET
Table 'Losaka' 6-max Seat #4 is the button
Seat 4: AzureCaper ($72 in chips)
Seat 6: LotsaBalls12 ($93.47 in chips)
AzureCaper: posts small blind $1
LotsaBalls12: posts big blind $3
*** HOLE CARDS ***
AzureCaper: raises $3 to $6
LotsaBalls12: calls $3
*** FLOP *** [Jd 3h 4d]
LotsaBalls12: checks
AzureCaper: bets $3
LotsaBalls12: folds
Uncalled bet ($3) returned to AzureCaper
AzureCaper collected $11.76 from pot
AzureCaper: doesn't show hand
*** SUMMARY ***
Total pot $12 | Rake $0.24
Board [Jd 3h 4d]
Seat 4: AzureCaper (button) (small blind) collected ($11.76)
Seat 6: LotsaBalls12 (big blind) folded on the Flop


PokerStars Hand #164536923230:  Hold'em Limit ($3/$6 USD) - 2017/01/13 20:36:37 ET
Table 'Losaka' 6-max Seat #6 is the button
Seat 4: AzureCaper ($79.26 in chips)
Seat 6: LotsaBalls12 ($66.97 in chips)
LotsaBalls12: posts small blind $1
AzureCaper: posts big blind $3
*** HOLE CARDS ***
LotsaBalls12: raises $3 to $6
AzureCaper: calls $3
*** FLOP *** [6c 6h Jh]
AzureCaper: checks
LotsaBalls12: bets $3
AzureCaper: calls $3
*** TURN *** [6c 6h Jh] [5s]
AzureCaper: checks
LotsaBalls12: bets $6
AzureCaper: raises $6 to $12
LotsaBalls12: calls $6
*** RIVER *** [6c 6h Jh 5s] [2s]
AzureCaper: bets $6
LotsaBalls12: calls $6
*** SHOW DOWN ***
AzureCaper: shows [Th 7h] (a pair of Sixes)
LotsaBalls12: shows [9s 9c] (two pair, Nines and Sixes)
LotsaBalls12 collected $53.50 from pot
*** SUMMARY ***
Total pot $54 | Rake $0.50
Board [6c 6h Jh 5s 2s]
Seat 4: AzureCaper (big blind) showed [Th 7h] and lost with a pair of Sixes
Seat 6: LotsaBalls12 (button) (small blind) showed [9s 9c] and won ($53.50) with two pair, Nines and Sixes


PokerStars Hand #164536919771:  Hold'em Limit ($3/$6 USD) - 2017/01/13 20:36:31 ET
Table 'Losaka' 6-max Seat #4 is the button
Seat 4: AzureCaper ($80.26 in chips)
Seat 6: LotsaBalls12 ($65.97 in chips)
AzureCaper: posts small blind $1
LotsaBalls12: posts big blind $3
*** HOLE CARDS ***
AzureCaper: folds
Uncalled bet ($2) returned to LotsaBalls12
LotsaBalls12 collected $2 from pot
LotsaBalls12: doesn't show hand
*** SUMMARY ***
Total pot $2 | Rake $0
Seat 4: AzureCaper (button) (small blind) folded before Flop
Seat 6: LotsaBalls12 (big blind) collected ($2)


PokerStars Hand #164536908972:  Hold'em Limit ($3/$6 USD) - 2017/01/13 20:36:13 ET
Table 'Losaka' 6-max Seat #6 is the button
Seat 4: AzureCaper ($95.26 in chips)
Seat 6: LotsaBalls12 ($51.47 in chips)
LotsaBalls12: posts small blind $1
AzureCaper: posts big blind $3
*** HOLE CARDS ***
LotsaBalls12: raises $3 to $6
AzureCaper: calls $3
*** FLOP *** [9h Js 8d]
AzureCaper: checks
LotsaBalls12: bets $3
AzureCaper: calls $3
*** TURN *** [9h Js 8d] [4d]
AzureCaper: checks
LotsaBalls12: bets $6
AzureCaper: calls $6
*** RIVER *** [9h Js 8d 4d] [6s]
AzureCaper: checks
LotsaBalls12: checks
*** SHOW DOWN ***
AzureCaper: shows [8c Qc] (a pair of Eights)
LotsaBalls12: shows [Ts 9c] (a pair of Nines)
LotsaBalls12 collected $29.50 from pot
*** SUMMARY ***
Total pot $30 | Rake $0.50
Board [9h Js 8d 4d 6s]
Seat 4: AzureCaper (big blind) showed [8c Qc] and lost with a pair of Eights
Seat 6: LotsaBalls12 (button) (small blind) showed [Ts 9c] and won ($29.50) with a pair of Nines


PokerStars Hand #164536945488:  Hold'em Limit ($3/$6 USD) - 2017/01/13 20:37:15 ET
Table 'Losaka' 6-max Seat #6 is the button
Seat 4: AzureCaper ($77.76 in chips)
Seat 6: LotsaBalls12 ($87.47 in chips)
LotsaBalls12: posts small blind $1
AzureCaper: posts big blind $3
*** HOLE CARDS ***
LotsaBalls12: raises $3 to $6
AzureCaper: raises $3 to $9
LotsaBalls12: raises $3 to $12
Betting is capped
AzureCaper: calls $3
*** FLOP *** [9c Th 9s]
AzureCaper: checks
LotsaBalls12: bets $3
AzureCaper: calls $3
*** TURN *** [9c Th 9s] [Jh]
AzureCaper: checks
LotsaBalls12: bets $6
AzureCaper: calls $6
*** RIVER *** [9c Th 9s Jh] [4h]
AzureCaper: checks
LotsaBalls12: checks
*** SHOW DOWN ***
AzureCaper: shows [Ac 8d] (a pair of Nines)
LotsaBalls12: shows [Tc Kc] (two pair, Tens and Nines)
LotsaBalls12 collected $41.50 from pot
*** SUMMARY ***
Total pot $42 | Rake $0.50
Board [9c Th 9s Jh 4h]
Seat 4: AzureCaper (big blind) showed [Ac 8d] and lost with a pair of Nines
Seat 6: LotsaBalls12 (button) (small blind) showed [Tc Kc] and won ($41.50) with two pair, Tens and Nines


PokerStars Hand #164536961501:  Hold'em Limit ($3/$6 USD) - 2017/01/13 20:37:42 ET
Table 'Losaka' 6-max Seat #4 is the button
Seat 4: AzureCaper ($72 in chips)
Seat 6: LotsaBalls12 ($107.97 in chips)
AzureCaper: posts small blind $1
LotsaBalls12: posts big blind $3
*** HOLE CARDS ***
AzureCaper: raises $3 to $6
LotsaBalls12: raises $3 to $9
AzureCaper: calls $3
*** FLOP *** [9s 9c As]
LotsaBalls12: bets $3
AzureCaper: folds
Uncalled bet ($3) returned to LotsaBalls12
LotsaBalls12 collected $17.64 from pot
LotsaBalls12: doesn't show hand
*** SUMMARY ***
Total pot $18 | Rake $0.36
Board [9s 9c As]
Seat 4: AzureCaper (button) (small blind) folded on the Flop
Seat 6: LotsaBalls12 (big blind) collected ($17.64)


PokerStars Hand #164537004282:  Hold'em Limit ($3/$6 USD) - 2017/01/13 20:38:54 ET
Table 'Losaka' 6-max Seat #4 is the button
Seat 4: AzureCaper ($92.26 in chips)
Seat 6: LotsaBalls12 ($110.11 in chips)
AzureCaper: posts small blind $1
LotsaBalls12: posts big blind $3
*** HOLE CARDS ***
AzureCaper: raises $3 to $6
LotsaBalls12: calls $3
*** FLOP *** [Qd Td 7c]
LotsaBalls12: checks
AzureCaper: bets $3
LotsaBalls12: folds
Uncalled bet ($3) returned to AzureCaper
AzureCaper collected $11.76 from pot
AzureCaper: doesn't show hand
*** SUMMARY ***
Total pot $12 | Rake $0.24
Board [Qd Td 7c]
Seat 4: AzureCaper (button) (small blind) collected ($11.76)
Seat 6: LotsaBalls12 (big blind) folded on the Flop


PokerStars Hand #164536993139:  Hold'em Limit ($3/$6 USD) - 2017/01/13 20:38:35 ET
Table 'Losaka' 6-max Seat #6 is the button
Seat 4: AzureCaper ($77.76 in chips)
Seat 6: LotsaBalls12 ($125.11 in chips)
LotsaBalls12: posts small blind $1
AzureCaper: posts big blind $3
*** HOLE CARDS ***
LotsaBalls12: raises $3 to $6
AzureCaper: calls $3
*** FLOP *** [Js 8h Tc]
AzureCaper: checks
LotsaBalls12: bets $3
AzureCaper: calls $3
*** TURN *** [Js 8h Tc] [2h]
AzureCaper: checks
LotsaBalls12: bets $6
AzureCaper: calls $6
*** RIVER *** [Js 8h Tc 2h] [Ah]
AzureCaper: bets $6
LotsaBalls12: folds
Uncalled bet ($6) returned to AzureCaper
AzureCaper collected $29.50 from pot
*** SUMMARY ***
Total pot $30 | Rake $0.50
Board [Js 8h Tc 2h Ah]
Seat 4: AzureCaper (big blind) collected ($29.50)
Seat 6: LotsaBalls12 (button) (small blind) folded on the River


PokerStars Hand #164536970126:  Hold'em Limit ($3/$6 USD) - 2017/01/13 20:37:57 ET
Table 'Losaka' 6-max Seat #6 is the button
Seat 4: AzureCaper ($72 in chips)
Seat 6: LotsaBalls12 ($116.61 in chips)
LotsaBalls12: posts small blind $1
AzureCaper: posts big blind $3
*** HOLE CARDS ***
LotsaBalls12: raises $3 to $6
AzureCaper: calls $3
*** FLOP *** [Tc 4d 9s]
AzureCaper: checks
LotsaBalls12: bets $3
AzureCaper: calls $3
*** TURN *** [Tc 4d 9s] [As]
AzureCaper: checks
LotsaBalls12: bets $6
AzureCaper: calls $6
*** RIVER *** [Tc 4d 9s As] [8s]
AzureCaper: checks
LotsaBalls12: checks
*** SHOW DOWN ***
AzureCaper: shows [Qh 9h] (a pair of Nines)
LotsaBalls12: shows [Qs Th] (a pair of Tens)
LotsaBalls12 collected $29.50 from pot
*** SUMMARY ***
Total pot $30 | Rake $0.50
Board [Tc 4d 9s As 8s]
Seat 4: AzureCaper (big blind) showed [Qh 9h] and lost with a pair of Nines
Seat 6: LotsaBalls12 (button) (small blind) showed [Qs Th] and won ($29.50) with a pair of Tens


PokerStars Hand #164536983707:  Hold'em Limit ($3/$6 USD) - 2017/01/13 20:38:20 ET
Table 'Losaka' 6-max Seat #4 is the button
Seat 4: AzureCaper ($72 in chips)
Seat 6: LotsaBalls12 ($131.11 in chips)
AzureCaper: posts small blind $1
LotsaBalls12: posts big blind $3
*** HOLE CARDS ***
AzureCaper: raises $3 to $6
LotsaBalls12: calls $3
*** FLOP *** [5h 3c Kh]
LotsaBalls12: checks
AzureCaper: bets $3
LotsaBalls12: folds
Uncalled bet ($3) returned to AzureCaper
AzureCaper collected $11.76 from pot
*** SUMMARY ***
Total pot $12 | Rake $0.24
Board [5h 3c Kh]
Seat 4: AzureCaper (button) (small blind) collected ($11.76)
Seat 6: LotsaBalls12 (big blind) folded on the Flop


PokerStars Hand #164537018836:  Hold'em Limit ($3/$6 USD) - 2017/01/13 20:39:19 ET
Table 'Losaka' 6-max Seat #4 is the button
Seat 4: AzureCaper ($95.02 in chips)
Seat 6: LotsaBalls12 ($107.11 in chips)
AzureCaper: posts small blind $1
LotsaBalls12: posts big blind $3
*** HOLE CARDS ***
AzureCaper: folds
Uncalled bet ($2) returned to LotsaBalls12
LotsaBalls12 collected $2 from pot
LotsaBalls12: doesn't show hand
*** SUMMARY ***
Total pot $2 | Rake $0
Seat 4: AzureCaper (button) (small blind) folded before Flop
Seat 6: LotsaBalls12 (big blind) collected ($2)


PokerStars Hand #164537014259:  Hold'em Limit ($3/$6 USD) - 2017/01/13 20:39:11 ET
Table 'Losaka' 6-max Seat #6 is the button
Seat 4: AzureCaper ($98.02 in chips)
Seat 6: LotsaBalls12 ($104.11 in chips)
LotsaBalls12: posts small blind $1
AzureCaper: posts big blind $3
*** HOLE CARDS ***
LotsaBalls12: raises $3 to $6
AzureCaper: folds
Uncalled bet ($3) returned to LotsaBalls12
LotsaBalls12 collected $6 from pot
LotsaBalls12: doesn't show hand
*** SUMMARY ***
Total pot $6 | Rake $0
Seat 4: AzureCaper (big blind) folded before Flop
Seat 6: LotsaBalls12 (button) (small blind) collected ($6)


PokerStars Hand #164537034644:  Hold'em Limit ($3/$6 USD) - 2017/01/13 20:39:46 ET
Table 'Losaka' 6-max Seat #4 is the button
Seat 4: AzureCaper ($88.02 in chips)
Seat 6: LotsaBalls12 ($113.87 in chips)
AzureCaper: posts small blind $1
LotsaBalls12: posts big blind $3
*** HOLE CARDS ***
AzureCaper: raises $3 to $6
LotsaBalls12: raises $3 to $9
AzureCaper: raises $3 to $12
Betting is capped
LotsaBalls12: calls $3
*** FLOP *** [As Jh 2h]
LotsaBalls12: bets $3
AzureCaper: calls $3
*** TURN *** [As Jh 2h] [6c]
LotsaBalls12: bets $6
AzureCaper: raises $6 to $12
LotsaBalls12: folds
Uncalled bet ($6) returned to AzureCaper
AzureCaper collected $41.50 from pot
*** SUMMARY ***
Total pot $42 | Rake $0.50
Board [As Jh 2h 6c]
Seat 4: AzureCaper (button) (small blind) collected ($41.50)
Seat 6: LotsaBalls12 (big blind) folded on the Turn


PokerStars Hand #164537022976:  Hold'em Limit ($3/$6 USD) - 2017/01/13 20:39:26 ET
Table 'Losaka' 6-max Seat #6 is the button
Seat 4: AzureCaper ($94.02 in chips)
Seat 6: LotsaBalls12 ($108.11 in chips)
LotsaBalls12: posts small blind $1
AzureCaper: posts big blind $3
*** HOLE CARDS ***
LotsaBalls12: raises $3 to $6
AzureCaper: calls $3
*** FLOP *** [Qd 3s 9s]
AzureCaper: checks
LotsaBalls12: bets $3
AzureCaper: folds
Uncalled bet ($3) returned to LotsaBalls12
LotsaBalls12 collected $11.76 from pot
LotsaBalls12: doesn't show hand
*** SUMMARY ***
Total pot $12 | Rake $0.24
Board [Qd 3s 9s]
Seat 4: AzureCaper (big blind) folded on the Flop
Seat 6: LotsaBalls12 (button) (small blind) collected ($11.76)


PokerStars Hand #164537067392:  Hold'em Limit ($3/$6 USD) - 2017/01/13 20:40:41 ET
Table 'Losaka' 6-max Seat #6 is the button
Seat 4: AzureCaper ($104.52 in chips)
Seat 6: LotsaBalls12 ($96.87 in chips)
LotsaBalls12: posts small blind $1
AzureCaper: posts big blind $3
*** HOLE CARDS ***
LotsaBalls12: folds
Uncalled bet ($2) returned to AzureCaper
AzureCaper collected $2 from pot
*** SUMMARY ***
Total pot $2 | Rake $0
Seat 4: AzureCaper (big blind) collected ($2)
Seat 6: LotsaBalls12 (button) (small blind) folded before Flop


PokerStars Hand #164537062878:  Hold'em Limit ($3/$6 USD) - 2017/01/13 20:40:34 ET
Table 'Losaka' 6-max Seat #4 is the button
Seat 4: AzureCaper ($105.52 in chips)
Seat 6: LotsaBalls12 ($95.87 in chips)
AzureCaper: posts small blind $1
LotsaBalls12: posts big blind $3
*** HOLE CARDS ***
AzureCaper: folds
Uncalled bet ($2) returned to LotsaBalls12
LotsaBalls12 collected $2 from pot
LotsaBalls12: doesn't show hand
*** SUMMARY ***
Total pot $2 | Rake $0
Seat 4: AzureCaper (button) (small blind) folded before Flop
Seat 6: LotsaBalls12 (big blind) collected ($2)


PokerStars Hand #164537083525:  Hold'em Limit ($3/$6 USD) - 2017/01/13 20:41:09 ET
Table 'Losaka' 6-max Seat #6 is the button
Seat 4: AzureCaper ($120.02 in chips)
Seat 6: LotsaBalls12 ($80.87 in chips)
LotsaBalls12: posts small blind $1
AzureCaper: posts big blind $3
*** HOLE CARDS ***
LotsaBalls12: folds
Uncalled bet ($2) returned to AzureCaper
AzureCaper collected $2 from pot
AzureCaper: doesn't show hand
*** SUMMARY ***
Total pot $2 | Rake $0
Seat 4: AzureCaper (big blind) collected ($2)
Seat 6: LotsaBalls12 (button) (small blind) folded before Flop


PokerStars Hand #164537070362:  Hold'em Limit ($3/$6 USD) - 2017/01/13 20:40:46 ET
Table 'Losaka' 6-max Seat #4 is the button
Seat 4: AzureCaper ($105.52 in chips)
Seat 6: LotsaBalls12 ($95.87 in chips)
AzureCaper: posts small blind $1
LotsaBalls12: posts big blind $3
*** HOLE CARDS ***
AzureCaper: raises $3 to $6
LotsaBalls12: calls $3
*** FLOP *** [8d 4s 8c]
LotsaBalls12: checks
AzureCaper: bets $3
LotsaBalls12: calls $3
*** TURN *** [8d 4s 8c] [5h]
LotsaBalls12: checks
AzureCaper: bets $6
LotsaBalls12: calls $6
*** RIVER *** [8d 4s 8c 5h] [5d]
LotsaBalls12: checks
AzureCaper: bets $6
LotsaBalls12: folds
Uncalled bet ($6) returned to AzureCaper
AzureCaper collected $29.50 from pot
*** SUMMARY ***
Total pot $30 | Rake $0.50
Board [8d 4s 8c 5h 5d]
Seat 4: AzureCaper (button) (small blind) collected ($29.50)
Seat 6: LotsaBalls12 (big blind) folded on the River


PokerStars Hand #164537049954:  Hold'em Limit ($3/$6 USD) - 2017/01/13 20:40:12 ET
Table 'Losaka' 6-max Seat #6 is the button
Seat 4: AzureCaper ($108.52 in chips)
Seat 6: LotsaBalls12 ($92.87 in chips)
LotsaBalls12: posts small blind $1
AzureCaper: posts big blind $3
*** HOLE CARDS ***
LotsaBalls12: raises $3 to $6
AzureCaper: folds
Uncalled bet ($3) returned to LotsaBalls12
LotsaBalls12 collected $6 from pot
LotsaBalls12: doesn't show hand
*** SUMMARY ***
Total pot $6 | Rake $0
Seat 4: AzureCaper (big blind) folded before Flop
Seat 6: LotsaBalls12 (button) (small blind) collected ($6)


PokerStars Hand #164537091904:  Hold'em Limit ($3/$6 USD) - 2017/01/13 20:41:23 ET
Table 'Losaka' 6-max Seat #6 is the button
Seat 4: AzureCaper ($120.02 in chips)
Seat 6: LotsaBalls12 ($80.87 in chips)
LotsaBalls12: posts small blind $1
AzureCaper: posts big blind $3
*** HOLE CARDS ***
LotsaBalls12: calls $2
AzureCaper: checks
*** FLOP *** [Js 7s 2h]
AzureCaper: checks
LotsaBalls12: bets $3
AzureCaper: folds
Uncalled bet ($3) returned to LotsaBalls12
LotsaBalls12 collected $5.88 from pot
LotsaBalls12: doesn't show hand
*** SUMMARY ***
Total pot $6 | Rake $0.12
Board [Js 7s 2h]
Seat 4: AzureCaper (big blind) folded on the Flop
Seat 6: LotsaBalls12 (button) (small blind) collected ($5.88)


PokerStars Hand #164537087166:  Hold'em Limit ($3/$6 USD) - 2017/01/13 20:41:15 ET
Table 'Losaka' 6-max Seat #4 is the button
Seat 4: AzureCaper ($121.02 in chips)
Seat 6: LotsaBalls12 ($79.87 in chips)
AzureCaper: posts small blind $1
LotsaBalls12: posts big blind $3
*** HOLE CARDS ***
AzureCaper: folds
Uncalled bet ($2) returned to LotsaBalls12
LotsaBalls12 collected $2 from pot
LotsaBalls12: doesn't show hand
*** SUMMARY ***
Total pot $2 | Rake $0
Seat 4: AzureCaper (button) (small blind) folded before Flop
Seat 6: LotsaBalls12 (big blind) collected ($2)


PokerStars Hand #164537152612:  Hold'em Limit ($3/$6 USD) - 2017/01/13 20:43:08 ET
Table 'Losaka' 6-max Seat #4 is the button
Seat 4: AzureCaper ($109.52 in chips)
Seat 6: LotsaBalls12 ($90.01 in chips)
AzureCaper: posts small blind $1
LotsaBalls12: posts big blind $3
*** HOLE CARDS ***
AzureCaper: folds
Uncalled bet ($2) returned to LotsaBalls12
LotsaBalls12 collected $2 from pot
LotsaBalls12: doesn't show hand
*** SUMMARY ***
Total pot $2 | Rake $0
Seat 4: AzureCaper (button) (small blind) folded before Flop
Seat 6: LotsaBalls12 (big blind) collected ($2)


PokerStars Hand #164537141203:  Hold'em Limit ($3/$6 USD) - 2017/01/13 20:42:48 ET
Table 'Losaka' 6-max Seat #6 is the button
Seat 4: AzureCaper ($95.02 in chips)
Seat 6: LotsaBalls12 ($105.01 in chips)
LotsaBalls12: posts small blind $1
AzureCaper: posts big blind $3
*** HOLE CARDS ***
LotsaBalls12: raises $3 to $6
AzureCaper: calls $3
*** FLOP *** [Kh 3c Qh]
AzureCaper: checks
LotsaBalls12: bets $3
AzureCaper: calls $3
*** TURN *** [Kh 3c Qh] [Th]
AzureCaper: checks
LotsaBalls12: checks
*** RIVER *** [Kh 3c Qh Th] [As]
AzureCaper: bets $6
LotsaBalls12: calls $6
*** SHOW DOWN ***
AzureCaper: shows [Jc 7c] (a straight, Ten to Ace)
LotsaBalls12: mucks hand
AzureCaper collected $29.50 from pot
*** SUMMARY ***
Total pot $30 | Rake $0.50
Board [Kh 3c Qh Th As]
Seat 4: AzureCaper (big blind) showed [Jc 7c] and won ($29.50) with a straight, Ten to Ace
Seat 6: LotsaBalls12 (button) (small blind) mucked


PokerStars Hand #164537137710:  Hold'em Limit ($3/$6 USD) - 2017/01/13 20:42:42 ET
Table 'Losaka' 6-max Seat #4 is the button
Seat 4: AzureCaper ($96.02 in chips)
Seat 6: LotsaBalls12 ($104.01 in chips)
AzureCaper: posts small blind $1
LotsaBalls12: posts big blind $3
*** HOLE CARDS ***
AzureCaper: folds
Uncalled bet ($2) returned to LotsaBalls12
LotsaBalls12 collected $2 from pot
LotsaBalls12: doesn't show hand
*** SUMMARY ***
Total pot $2 | Rake $0
Seat 4: AzureCaper (button) (small blind) folded before Flop
Seat 6: LotsaBalls12 (big blind) collected ($2)


PokerStars Hand #164537131392:  Hold'em Limit ($3/$6 USD) - 2017/01/13 20:42:31 ET
Table 'Losaka' 6-max Seat #6 is the button
Seat 4: AzureCaper ($102.02 in chips)
Seat 6: LotsaBalls12 ($98.25 in chips)
LotsaBalls12: posts small blind $1
AzureCaper: posts big blind $3
*** HOLE CARDS ***
LotsaBalls12: raises $3 to $6
AzureCaper: calls $3
*** FLOP *** [Ac Qc 4c]
AzureCaper: checks
LotsaBalls12: bets $3
AzureCaper: folds
Uncalled bet ($3) returned to LotsaBalls12
LotsaBalls12 collected $11.76 from pot
LotsaBalls12: doesn't show hand
*** SUMMARY ***
Total pot $12 | Rake $0.24
Board [Ac Qc 4c]
Seat 4: AzureCaper (big blind) folded on the Flop
Seat 6: LotsaBalls12 (button) (small blind) collected ($11.76)


PokerStars Hand #164537110719:  Hold'em Limit ($3/$6 USD) - 2017/01/13 20:41:55 ET
Table 'Losaka' 6-max Seat #4 is the button
Seat 4: AzureCaper ($117.02 in chips)
Seat 6: LotsaBalls12 ($83.75 in chips)
AzureCaper: posts small blind $1
LotsaBalls12: posts big blind $3
*** HOLE CARDS ***
AzureCaper: raises $3 to $6
LotsaBalls12: calls $3
*** FLOP *** [7c 7h 5c]
LotsaBalls12: checks
AzureCaper: bets $3
LotsaBalls12: calls $3
*** TURN *** [7c 7h 5c] [Kd]
LotsaBalls12: checks
AzureCaper: bets $6
LotsaBalls12: raises $6 to $12
AzureCaper: folds
Uncalled bet ($6) returned to LotsaBalls12
LotsaBalls12 collected $29.50 from pot
LotsaBalls12: doesn't show hand
*** SUMMARY ***
Total pot $30 | Rake $0.50
Board [7c 7h 5c Kd]
Seat 4: AzureCaper (button) (small blind) folded on the Turn
Seat 6: LotsaBalls12 (big blind) collected ($29.50)


PokerStars Hand #164537166535:  Hold'em Limit ($3/$6 USD) - 2017/01/13 20:43:32 ET
Table 'Losaka' 6-max Seat #6 is the button
Seat 4: AzureCaper ($104.52 in chips)
Seat 6: LotsaBalls12 ($95.01 in chips)
LotsaBalls12: posts small blind $1
AzureCaper: posts big blind $3
*** HOLE CARDS ***
LotsaBalls12: folds
Uncalled bet ($2) returned to AzureCaper
LotsaBalls12 leaves the table
AzureCaper collected $2 from pot
AzureCaper: doesn't show hand
*** SUMMARY ***
Total pot $2 | Rake $0
Seat 4: AzureCaper (big blind) collected ($2)
Seat 6: LotsaBalls12 (button) (small blind) folded before Flop


PokerStars Hand #164537156558:  Hold'em Limit ($3/$6 USD) - 2017/01/13 20:43:14 ET
Table 'Losaka' 6-max Seat #6 is the button
Seat 4: AzureCaper ($108.52 in chips)
Seat 6: LotsaBalls12 ($91.01 in chips)
LotsaBalls12: posts small blind $1
AzureCaper: posts big blind $3
*** HOLE CARDS ***
LotsaBalls12: raises $3 to $6
AzureCaper: folds
Uncalled bet ($3) returned to LotsaBalls12
LotsaBalls12 collected $6 from pot
LotsaBalls12: doesn't show hand
*** SUMMARY ***
Total pot $6 | Rake $0
Seat 4: AzureCaper (big blind) folded before Flop
Seat 6: LotsaBalls12 (button) (small blind) collected ($6)


PokerStars Hand #164537162908:  Hold'em Limit ($3/$6 USD) - 2017/01/13 20:43:26 ET
Table 'Losaka' 6-max Seat #4 is the button
Seat 4: AzureCaper ($105.52 in chips)
Seat 6: LotsaBalls12 ($94.01 in chips)
AzureCaper: posts small blind $1
LotsaBalls12: posts big blind $3
*** HOLE CARDS ***
AzureCaper: folds
Uncalled bet ($2) returned to LotsaBalls12
LotsaBalls12 collected $2 from pot
LotsaBalls12: doesn't show hand
*** SUMMARY ***
Total pot $2 | Rake $0
Seat 4: AzureCaper (button) (small blind) folded before Flop
Seat 6: LotsaBalls12 (big blind) collected ($2)


