PokerStars Hand #174107944463:  Hold'em Limit ($3/$6 USD) - 2017/08/09 5:28:10 ET
Table 'Lotis' 6-max Seat #1 is the button
Seat 1: naspirkataa ($144.92 in chips)
Seat 2: Hadart ($94 in chips)
naspirkataa: posts small blind $1
Hadart: posts big blind $3
*** HOLE CARDS ***
naspirkataa: raises $3 to $6
Hadart: calls $3
*** FLOP *** [Ad Kc 7s]
Hadart: checks
naspirkataa: bets $3
Hadart: calls $3
*** TURN *** [Ad Kc 7s] [2c]
Hadart: checks
naspirkataa: checks
*** RIVER *** [Ad Kc 7s 2c] [Kd]
Hadart: checks
naspirkataa: checks
*** SHOW DOWN ***
Hadart: shows [Th Qd] (a pair of Kings)
naspirkataa: mucks hand
Hadart collected $17.64 from pot
*** SUMMARY ***
Total pot $18 | Rake $0.36
Board [Ad Kc 7s 2c Kd]
Seat 1: naspirkataa (button) (small blind) mucked
Seat 2: Hadart (big blind) showed [Th Qd] and won ($17.64) with a pair of Kings


PokerStars Hand #174107942525:  Hold'em Limit ($3/$6 USD) - 2017/08/09 5:28:04 ET
Table 'Lotis' 6-max Seat #2 is the button
Seat 1: naspirkataa ($143.92 in chips)
Seat 2: Hadart ($95 in chips)
Hadart: posts small blind $1
naspirkataa: posts big blind $3
*** HOLE CARDS ***
Hadart: folds
Uncalled bet ($2) returned to naspirkataa
naspirkataa collected $2 from pot
naspirkataa: doesn't show hand
*** SUMMARY ***
Total pot $2 | Rake $0
Seat 1: naspirkataa (big blind) collected ($2)
Seat 2: Hadart (button) (small blind) folded before Flop


PokerStars Hand #174107940737:  Hold'em Limit ($3/$6 USD) - 2017/08/09 5:27:59 ET
Table 'Lotis' 6-max Seat #1 is the button
Seat 1: naspirkataa ($144.92 in chips)
Seat 2: Hadart ($94 in chips)
naspirkataa: posts small blind $1
Hadart: posts big blind $3
*** HOLE CARDS ***
naspirkataa: folds
Uncalled bet ($2) returned to Hadart
Hadart collected $2 from pot
Hadart: doesn't show hand
*** SUMMARY ***
Total pot $2 | Rake $0
Seat 1: naspirkataa (button) (small blind) folded before Flop
Seat 2: Hadart (big blind) collected ($2)


PokerStars Hand #174107934660:  Hold'em Limit ($3/$6 USD) - 2017/08/09 5:27:41 ET
Table 'Lotis' 6-max Seat #2 is the button
Seat 1: naspirkataa ($136.28 in chips)
Seat 2: Hadart ($103 in chips)
Hadart: posts small blind $1
naspirkataa: posts big blind $3
*** HOLE CARDS ***
Hadart: raises $3 to $6
naspirkataa: calls $3
*** FLOP *** [6h 3d Ad]
naspirkataa: checks
Hadart: bets $3
naspirkataa: raises $3 to $6
Hadart: folds
Uncalled bet ($3) returned to naspirkataa
naspirkataa collected $17.64 from pot
naspirkataa: doesn't show hand
*** SUMMARY ***
Total pot $18 | Rake $0.36
Board [6h 3d Ad]
Seat 1: naspirkataa (big blind) collected ($17.64)
Seat 2: Hadart (button) (small blind) folded on the Flop


PokerStars Hand #174107958401:  Hold'em Limit ($3/$6 USD) - 2017/08/09 5:28:50 ET
Table 'Lotis' 6-max Seat #1 is the button
Seat 1: naspirkataa ($132.92 in chips)
Seat 2: Hadart ($105.64 in chips)
naspirkataa: posts small blind $1
Hadart: posts big blind $3
*** HOLE CARDS ***
naspirkataa: raises $3 to $6
Hadart: calls $3
*** FLOP *** [3s 2h Jh]
Hadart: checks
naspirkataa: bets $3
Hadart: calls $3
*** TURN *** [3s 2h Jh] [9c]
Hadart: checks
naspirkataa: checks
*** RIVER *** [3s 2h Jh 9c] [7c]
Hadart: bets $6
naspirkataa: folds
Uncalled bet ($6) returned to Hadart
Hadart collected $17.64 from pot
Hadart: doesn't show hand
*** SUMMARY ***
Total pot $18 | Rake $0.36
Board [3s 2h Jh 9c 7c]
Seat 1: naspirkataa (button) (small blind) folded on the River
Seat 2: Hadart (big blind) collected ($17.64)


PokerStars Hand #174107956609:  Hold'em Limit ($3/$6 USD) - 2017/08/09 5:28:45 ET
Table 'Lotis' 6-max Seat #2 is the button
Seat 1: naspirkataa ($131.92 in chips)
Seat 2: Hadart ($106.64 in chips)
Hadart: posts small blind $1
naspirkataa: posts big blind $3
*** HOLE CARDS ***
Hadart: folds
Uncalled bet ($2) returned to naspirkataa
naspirkataa collected $2 from pot
naspirkataa: doesn't show hand
*** SUMMARY ***
Total pot $2 | Rake $0
Seat 1: naspirkataa (big blind) collected ($2)
Seat 2: Hadart (button) (small blind) folded before Flop


PokerStars Hand #174107954851:  Hold'em Limit ($3/$6 USD) - 2017/08/09 5:28:40 ET
Table 'Lotis' 6-max Seat #1 is the button
Seat 1: naspirkataa ($132.92 in chips)
Seat 2: Hadart ($105.64 in chips)
naspirkataa: posts small blind $1
Hadart: posts big blind $3
*** HOLE CARDS ***
naspirkataa: folds
Uncalled bet ($2) returned to Hadart
Hadart collected $2 from pot
Hadart: doesn't show hand
*** SUMMARY ***
Total pot $2 | Rake $0
Seat 1: naspirkataa (button) (small blind) folded before Flop
Seat 2: Hadart (big blind) collected ($2)


PokerStars Hand #174107951564:  Hold'em Limit ($3/$6 USD) - 2017/08/09 5:28:31 ET
Table 'Lotis' 6-max Seat #2 is the button
Seat 1: naspirkataa ($135.92 in chips)
Seat 2: Hadart ($102.64 in chips)
Hadart: posts small blind $1
naspirkataa: posts big blind $3
*** HOLE CARDS ***
Hadart: raises $3 to $6
naspirkataa: folds
Uncalled bet ($3) returned to Hadart
Hadart collected $6 from pot
Hadart: doesn't show hand
*** SUMMARY ***
Total pot $6 | Rake $0
Seat 1: naspirkataa (big blind) folded before Flop
Seat 2: Hadart (button) (small blind) collected ($6)


PokerStars Hand #174107981287:  Hold'em Limit ($3/$6 USD) - 2017/08/09 5:29:57 ET
Table 'Lotis' 6-max Seat #2 is the button
Seat 1: naspirkataa ($105.92 in chips)
Seat 2: Hadart ($131.56 in chips)
Hadart: posts small blind $1
naspirkataa: posts big blind $3
*** HOLE CARDS ***
Hadart: folds
Uncalled bet ($2) returned to naspirkataa
naspirkataa collected $2 from pot
naspirkataa: doesn't show hand
*** SUMMARY ***
Total pot $2 | Rake $0
Seat 1: naspirkataa (big blind) collected ($2)
Seat 2: Hadart (button) (small blind) folded before Flop


PokerStars Hand #174107972697:  Hold'em Limit ($3/$6 USD) - 2017/08/09 5:29:33 ET
Table 'Lotis' 6-max Seat #1 is the button
Seat 1: naspirkataa ($114.92 in chips)
Seat 2: Hadart ($122.92 in chips)
naspirkataa: posts small blind $1
Hadart: posts big blind $3
*** HOLE CARDS ***
naspirkataa: raises $3 to $6
Hadart: calls $3
*** FLOP *** [7h 5s Jd]
Hadart: bets $3
naspirkataa: calls $3
*** TURN *** [7h 5s Jd] [Ts]
Hadart: bets $6
naspirkataa: folds
Uncalled bet ($6) returned to Hadart
Hadart collected $17.64 from pot
Hadart: doesn't show hand
*** SUMMARY ***
Total pot $18 | Rake $0.36
Board [7h 5s Jd Ts]
Seat 1: naspirkataa (button) (small blind) folded on the Turn
Seat 2: Hadart (big blind) collected ($17.64)


PokerStars Hand #174107965497:  Hold'em Limit ($3/$6 USD) - 2017/08/09 5:29:11 ET
Table 'Lotis' 6-max Seat #2 is the button
Seat 1: naspirkataa ($123.92 in chips)
Seat 2: Hadart ($114.28 in chips)
Hadart: posts small blind $1
naspirkataa: posts big blind $3
*** HOLE CARDS ***
Hadart: raises $3 to $6
naspirkataa: calls $3
*** FLOP *** [5d 9d 6h]
naspirkataa: checks
Hadart: bets $3
naspirkataa: calls $3
*** TURN *** [5d 9d 6h] [9h]
naspirkataa: checks
Hadart: bets $6
naspirkataa: folds
Uncalled bet ($6) returned to Hadart
Hadart collected $17.64 from pot
Hadart: doesn't show hand
*** SUMMARY ***
Total pot $18 | Rake $0.36
Board [5d 9d 6h 9h]
Seat 1: naspirkataa (big blind) folded on the Turn
Seat 2: Hadart (button) (small blind) collected ($17.64)


PokerStars Hand #174108010141:  Hold'em Limit ($3/$6 USD) - 2017/08/09 5:31:20 ET
Table 'Lotis' 6-max Seat #2 is the button
Seat 1: naspirkataa ($156.92 in chips)
Seat 2: Hadart ($79.56 in chips)
Hadart: posts small blind $1
naspirkataa: posts big blind $3
*** HOLE CARDS ***
Hadart: raises $3 to $6
naspirkataa: folds
Uncalled bet ($3) returned to Hadart
Hadart collected $6 from pot
Hadart: doesn't show hand
*** SUMMARY ***
Total pot $6 | Rake $0
Seat 1: naspirkataa (big blind) folded before Flop
Seat 2: Hadart (button) (small blind) collected ($6)


PokerStars Hand #174108008223:  Hold'em Limit ($3/$6 USD) - 2017/08/09 5:31:15 ET
Table 'Lotis' 6-max Seat #1 is the button
Seat 1: naspirkataa ($153.92 in chips)
Seat 2: Hadart ($82.56 in chips)
naspirkataa: posts small blind $1
Hadart: posts big blind $3
*** HOLE CARDS ***
naspirkataa: raises $3 to $6
Hadart: folds
Uncalled bet ($3) returned to naspirkataa
naspirkataa collected $6 from pot
naspirkataa: doesn't show hand
*** SUMMARY ***
Total pot $6 | Rake $0
Seat 1: naspirkataa (button) (small blind) collected ($6)
Seat 2: Hadart (big blind) folded before Flop


PokerStars Hand #174108006276:  Hold'em Limit ($3/$6 USD) - 2017/08/09 5:31:09 ET
Table 'Lotis' 6-max Seat #2 is the button
Seat 1: naspirkataa ($152.92 in chips)
Seat 2: Hadart ($83.56 in chips)
Hadart: posts small blind $1
naspirkataa: posts big blind $3
*** HOLE CARDS ***
Hadart: folds
Uncalled bet ($2) returned to naspirkataa
naspirkataa collected $2 from pot
naspirkataa: doesn't show hand
*** SUMMARY ***
Total pot $2 | Rake $0
Seat 1: naspirkataa (big blind) collected ($2)
Seat 2: Hadart (button) (small blind) folded before Flop


PokerStars Hand #174108004514:  Hold'em Limit ($3/$6 USD) - 2017/08/09 5:31:04 ET
Table 'Lotis' 6-max Seat #1 is the button
Seat 1: naspirkataa ($153.92 in chips)
Seat 2: Hadart ($82.56 in chips)
naspirkataa: posts small blind $1
Hadart: posts big blind $3
*** HOLE CARDS ***
naspirkataa: folds
Uncalled bet ($2) returned to Hadart
Hadart collected $2 from pot
Hadart: doesn't show hand
*** SUMMARY ***
Total pot $2 | Rake $0
Seat 1: naspirkataa (button) (small blind) folded before Flop
Seat 2: Hadart (big blind) collected ($2)


PokerStars Hand #174107995000:  Hold'em Limit ($3/$6 USD) - 2017/08/09 5:30:37 ET
Table 'Lotis' 6-max Seat #2 is the button
Seat 1: naspirkataa ($127.42 in chips)
Seat 2: Hadart ($109.56 in chips)
Hadart: posts small blind $1
naspirkataa: posts big blind $3
*** HOLE CARDS ***
Hadart: raises $3 to $6
naspirkataa: calls $3
*** FLOP *** [2s Qd 5c]
naspirkataa: checks
Hadart: bets $3
naspirkataa: calls $3
*** TURN *** [2s Qd 5c] [9d]
naspirkataa: checks
Hadart: bets $6
naspirkataa: raises $6 to $12
Hadart: calls $6
*** RIVER *** [2s Qd 5c 9d] [Th]
naspirkataa: bets $6
Hadart: calls $6
*** SHOW DOWN ***
naspirkataa: shows [7c Qh] (a pair of Queens)
Hadart: mucks hand
naspirkataa collected $53.50 from pot
*** SUMMARY ***
Total pot $54 | Rake $0.50
Board [2s Qd 5c 9d Th]
Seat 1: naspirkataa (big blind) showed [7c Qh] and won ($53.50) with a pair of Queens
Seat 2: Hadart (button) (small blind) mucked


PokerStars Hand #174107984036:  Hold'em Limit ($3/$6 USD) - 2017/08/09 5:30:05 ET
Table 'Lotis' 6-max Seat #1 is the button
Seat 1: naspirkataa ($106.92 in chips)
Seat 2: Hadart ($130.56 in chips)
naspirkataa: posts small blind $1
Hadart: posts big blind $3
*** HOLE CARDS ***
naspirkataa: raises $3 to $6
Hadart: calls $3
*** FLOP *** [Js Td Jh]
Hadart: checks
naspirkataa: bets $3
Hadart: calls $3
*** TURN *** [Js Td Jh] [5s]
Hadart: checks
naspirkataa: bets $6
Hadart: calls $6
*** RIVER *** [Js Td Jh 5s] [9s]
Hadart: checks
naspirkataa: bets $6
Hadart: calls $6
*** SHOW DOWN ***
naspirkataa: shows [As Jc] (three of a kind, Jacks)
Hadart: mucks hand
naspirkataa collected $41.50 from pot
*** SUMMARY ***
Total pot $42 | Rake $0.50
Board [Js Td Jh 5s 9s]
Seat 1: naspirkataa (button) (small blind) showed [As Jc] and won ($41.50) with three of a kind, Jacks
Seat 2: Hadart (big blind) mucked


PokerStars Hand #174108028489:  Hold'em Limit ($3/$6 USD) - 2017/08/09 5:32:13 ET
Table 'Lotis' 6-max Seat #1 is the button
Seat 1: naspirkataa ($142.68 in chips)
Seat 2: Hadart ($93.06 in chips)
naspirkataa: posts small blind $1
Hadart: posts big blind $3
*** HOLE CARDS ***
naspirkataa: folds
Uncalled bet ($2) returned to Hadart
nimzon joins the table at seat #4
vitamin168 joins the table at seat #3
Hadart collected $2 from pot
Hadart: doesn't show hand
*** SUMMARY ***
Total pot $2 | Rake $0
Seat 1: naspirkataa (button) (small blind) folded before Flop
Seat 2: Hadart (big blind) collected ($2)


PokerStars Hand #174108026065:  Hold'em Limit ($3/$6 USD) - 2017/08/09 5:32:06 ET
Table 'Lotis' 6-max Seat #2 is the button
Seat 1: naspirkataa ($141.68 in chips)
Seat 2: Hadart ($94.06 in chips)
Hadart: posts small blind $1
naspirkataa: posts big blind $3
*** HOLE CARDS ***
Hadart: folds
Uncalled bet ($2) returned to naspirkataa
naspirkataa collected $2 from pot
naspirkataa: doesn't show hand
*** SUMMARY ***
Total pot $2 | Rake $0
Seat 1: naspirkataa (big blind) collected ($2)
Seat 2: Hadart (button) (small blind) folded before Flop


PokerStars Hand #174108022326:  Hold'em Limit ($3/$6 USD) - 2017/08/09 5:31:55 ET
Table 'Lotis' 6-max Seat #1 is the button
Seat 1: naspirkataa ($135.92 in chips)
Seat 2: Hadart ($100.06 in chips)
naspirkataa: posts small blind $1
Hadart: posts big blind $3
*** HOLE CARDS ***
naspirkataa: raises $3 to $6
Hadart: calls $3
*** FLOP *** [Th Ah 7d]
Hadart: checks
naspirkataa: bets $3
Hadart: folds
Uncalled bet ($3) returned to naspirkataa
naspirkataa collected $11.76 from pot
naspirkataa: doesn't show hand
*** SUMMARY ***
Total pot $12 | Rake $0.24
Board [Th Ah 7d]
Seat 1: naspirkataa (button) (small blind) collected ($11.76)
Seat 2: Hadart (big blind) folded on the Flop


PokerStars Hand #174108020034:  Hold'em Limit ($3/$6 USD) - 2017/08/09 5:31:49 ET
Table 'Lotis' 6-max Seat #2 is the button
Seat 1: naspirkataa ($138.92 in chips)
Seat 2: Hadart ($97.06 in chips)
Hadart: posts small blind $1
naspirkataa: posts big blind $3
*** HOLE CARDS ***
Hadart: raises $3 to $6
naspirkataa: folds
Uncalled bet ($3) returned to Hadart
Hadart collected $6 from pot
Hadart: doesn't show hand
*** SUMMARY ***
Total pot $6 | Rake $0
Seat 1: naspirkataa (big blind) folded before Flop
Seat 2: Hadart (button) (small blind) collected ($6)


PokerStars Hand #174108012530:  Hold'em Limit ($3/$6 USD) - 2017/08/09 5:31:27 ET
Table 'Lotis' 6-max Seat #1 is the button
Seat 1: naspirkataa ($153.92 in chips)
Seat 2: Hadart ($82.56 in chips)
naspirkataa: posts small blind $1
Hadart: posts big blind $3
*** HOLE CARDS ***
naspirkataa: raises $3 to $6
Hadart: calls $3
*** FLOP *** [Jc 9h Ts]
Hadart: checks
naspirkataa: bets $3
Hadart: calls $3
*** TURN *** [Jc 9h Ts] [8h]
Hadart: checks
naspirkataa: checks
*** RIVER *** [Jc 9h Ts 8h] [Ad]
Hadart: bets $6
naspirkataa: calls $6
*** SHOW DOWN ***
Hadart: shows [Qh 6h] (a straight, Eight to Queen)
naspirkataa: mucks hand
Hadart collected $29.50 from pot
*** SUMMARY ***
Total pot $30 | Rake $0.50
Board [Jc 9h Ts 8h Ad]
Seat 1: naspirkataa (button) (small blind) mucked
Seat 2: Hadart (big blind) showed [Qh 6h] and won ($29.50) with a straight, Eight to Queen


PokerStars Hand #174108823072:  Hold'em Limit ($3/$6 USD) - 2017/08/09 6:10:22 ET
Table 'Lotis' 6-max Seat #4 is the button
Seat 1: naspirkataa ($186.99 in chips)
Seat 4: aremom4e ($150.22 in chips)
aremom4e: posts small blind $1
naspirkataa: posts big blind $3
*** HOLE CARDS ***
aremom4e: raises $3 to $6
naspirkataa: calls $3
*** FLOP *** [7c 2h 3c]
naspirkataa: checks
aremom4e: bets $3
naspirkataa: folds
Uncalled bet ($3) returned to aremom4e
aremom4e collected $11.76 from pot
aremom4e: doesn't show hand
*** SUMMARY ***
Total pot $12 | Rake $0.24
Board [7c 2h 3c]
Seat 1: naspirkataa (big blind) folded on the Flop
Seat 4: aremom4e (button) (small blind) collected ($11.76)


PokerStars Hand #174108820873:  Hold'em Limit ($3/$6 USD) - 2017/08/09 6:10:16 ET
Table 'Lotis' 6-max Seat #1 is the button
Seat 1: naspirkataa ($183.99 in chips)
Seat 4: aremom4e ($153.22 in chips)
naspirkataa: posts small blind $1
vitamin168: is sitting out
aremom4e: posts big blind $3
*** HOLE CARDS ***
naspirkataa: raises $3 to $6
aremom4e: folds
Uncalled bet ($3) returned to naspirkataa
naspirkataa collected $6 from pot
naspirkataa: doesn't show hand
*** SUMMARY ***
Total pot $6 | Rake $0
Seat 1: naspirkataa (button) (small blind) collected ($6)
Seat 4: aremom4e (big blind) folded before Flop


PokerStars Hand #174109005453:  Hold'em Limit ($3/$6 USD) - 2017/08/09 6:18:45 ET
Table 'Lotis' 6-max Seat #1 is the button
Seat 1: naspirkataa ($146.64 in chips)
Seat 4: aremom4e ($235.79 in chips)
naspirkataa: posts small blind $1
aremom4e: posts big blind $3
*** HOLE CARDS ***
naspirkataa: raises $3 to $6
aremom4e: calls $3
*** FLOP *** [9d 7h Qc]
aremom4e: checks
naspirkataa: bets $3
aremom4e: folds
Uncalled bet ($3) returned to naspirkataa
naspirkataa collected $11.76 from pot
naspirkataa: doesn't show hand
*** SUMMARY ***
Total pot $12 | Rake $0.24
Board [9d 7h Qc]
Seat 1: naspirkataa (button) (small blind) collected ($11.76)
Seat 4: aremom4e (big blind) folded on the Flop


PokerStars Hand #174109009535:  Hold'em Limit ($3/$6 USD) - 2017/08/09 6:18:56 ET
Table 'Lotis' 6-max Seat #4 is the button
Seat 1: naspirkataa ($152.40 in chips)
Seat 4: aremom4e ($229.79 in chips)
aremom4e: posts small blind $1
naspirkataa: posts big blind $3
*** HOLE CARDS ***
aremom4e: raises $3 to $6
naspirkataa: calls $3
*** FLOP *** [9h 6d Qs]
naspirkataa: checks
aremom4e: bets $3
naspirkataa: calls $3
*** TURN *** [9h 6d Qs] [5s]
naspirkataa: checks
aremom4e: checks
*** RIVER *** [9h 6d Qs 5s] [9d]
naspirkataa: checks
aremom4e: checks
*** SHOW DOWN ***
naspirkataa: shows [7d Tc] (a pair of Nines)
aremom4e: shows [5d Ad] (two pair, Nines and Fives)
aremom4e collected $17.64 from pot
*** SUMMARY ***
Total pot $18 | Rake $0.36
Board [9h 6d Qs 5s 9d]
Seat 1: naspirkataa (big blind) showed [7d Tc] and lost with a pair of Nines
Seat 4: aremom4e (button) (small blind) showed [5d Ad] and won ($17.64) with two pair, Nines and Fives


PokerStars Hand #174109015984:  Hold'em Limit ($3/$6 USD) - 2017/08/09 6:19:13 ET
Table 'Lotis' 6-max Seat #1 is the button
Seat 1: naspirkataa ($143.40 in chips)
Seat 4: aremom4e ($238.43 in chips)
naspirkataa: posts small blind $1
aremom4e: posts big blind $3
*** HOLE CARDS ***
naspirkataa: raises $3 to $6
aremom4e: raises $3 to $9
naspirkataa: calls $3
*** FLOP *** [Ad Qs 2s]
aremom4e: bets $3
naspirkataa: folds
Uncalled bet ($3) returned to aremom4e
aremom4e collected $17.64 from pot
aremom4e: doesn't show hand
*** SUMMARY ***
Total pot $18 | Rake $0.36
Board [Ad Qs 2s]
Seat 1: naspirkataa (button) (small blind) folded on the Flop
Seat 4: aremom4e (big blind) collected ($17.64)


PokerStars Hand #174109025797:  Hold'em Limit ($3/$6 USD) - 2017/08/09 6:19:41 ET
Table 'Lotis' 6-max Seat #1 is the button
Seat 1: naspirkataa ($143.04 in chips)
Seat 4: aremom4e ($238.07 in chips)
naspirkataa: posts small blind $1
aremom4e: posts big blind $3
*** HOLE CARDS ***
naspirkataa: folds
Uncalled bet ($2) returned to aremom4e
aremom4e collected $2 from pot
aremom4e: doesn't show hand
*** SUMMARY ***
Total pot $2 | Rake $0
Seat 1: naspirkataa (button) (small blind) folded before Flop
Seat 4: aremom4e (big blind) collected ($2)


PokerStars Hand #174109020149:  Hold'em Limit ($3/$6 USD) - 2017/08/09 6:19:25 ET
Table 'Lotis' 6-max Seat #4 is the button
Seat 1: naspirkataa ($134.40 in chips)
Seat 4: aremom4e ($247.07 in chips)
aremom4e: posts small blind $1
naspirkataa: posts big blind $3
*** HOLE CARDS ***
aremom4e: raises $3 to $6
naspirkataa: calls $3
*** FLOP *** [2c 2s 2d]
naspirkataa: checks
aremom4e: bets $3
naspirkataa: calls $3
*** TURN *** [2c 2s 2d] [Tc]
naspirkataa: checks
aremom4e: checks
*** RIVER *** [2c 2s 2d Tc] [Jc]
naspirkataa: bets $6
aremom4e: folds
Uncalled bet ($6) returned to naspirkataa
naspirkataa collected $17.64 from pot
naspirkataa: doesn't show hand
*** SUMMARY ***
Total pot $18 | Rake $0.36
Board [2c 2s 2d Tc Jc]
Seat 1: naspirkataa (big blind) collected ($17.64)
Seat 4: aremom4e (button) (small blind) folded on the River


PokerStars Hand #174109028624:  Hold'em Limit ($3/$6 USD) - 2017/08/09 6:19:48 ET
Table 'Lotis' 6-max Seat #4 is the button
Seat 1: naspirkataa ($142.04 in chips)
Seat 4: aremom4e ($239.07 in chips)
aremom4e: posts small blind $1
naspirkataa: posts big blind $3
*** HOLE CARDS ***
aremom4e: folds
Uncalled bet ($2) returned to naspirkataa
naspirkataa collected $2 from pot
naspirkataa: doesn't show hand
*** SUMMARY ***
Total pot $2 | Rake $0
Seat 1: naspirkataa (big blind) collected ($2)
Seat 4: aremom4e (button) (small blind) folded before Flop


PokerStars Hand #174109030460:  Hold'em Limit ($3/$6 USD) - 2017/08/09 6:19:53 ET
Table 'Lotis' 6-max Seat #1 is the button
Seat 1: naspirkataa ($143.04 in chips)
Seat 4: aremom4e ($238.07 in chips)
naspirkataa: posts small blind $1
aremom4e: posts big blind $3
*** HOLE CARDS ***
naspirkataa: raises $3 to $6
aremom4e: calls $3
*** FLOP *** [7s Ah Jd]
aremom4e: checks
naspirkataa: bets $3
aremom4e: raises $3 to $6
naspirkataa: raises $3 to $9
aremom4e: calls $3
*** TURN *** [7s Ah Jd] [Jh]
aremom4e: checks
naspirkataa: checks
*** RIVER *** [7s Ah Jd Jh] [Qs]
aremom4e: bets $6
naspirkataa: folds
Uncalled bet ($6) returned to aremom4e
aremom4e collected $29.50 from pot
aremom4e: doesn't show hand
*** SUMMARY ***
Total pot $30 | Rake $0.50
Board [7s Ah Jd Jh Qs]
Seat 1: naspirkataa (button) (small blind) folded on the River
Seat 4: aremom4e (big blind) collected ($29.50)


PokerStars Hand #174109039089:  Hold'em Limit ($3/$6 USD) - 2017/08/09 6:20:17 ET
Table 'Lotis' 6-max Seat #4 is the button
Seat 1: naspirkataa ($128.04 in chips)
Seat 4: aremom4e ($252.57 in chips)
aremom4e: posts small blind $1
naspirkataa: posts big blind $3
*** HOLE CARDS ***
aremom4e: raises $3 to $6
naspirkataa: calls $3
*** FLOP *** [5c 6h 7d]
naspirkataa: checks
aremom4e: bets $3
naspirkataa: raises $3 to $6
aremom4e: calls $3
*** TURN *** [5c 6h 7d] [3s]
naspirkataa: bets $6
aremom4e: calls $6
*** RIVER *** [5c 6h 7d 3s] [8c]
naspirkataa: bets $6
aremom4e: folds
Uncalled bet ($6) returned to naspirkataa
naspirkataa collected $35.50 from pot
naspirkataa: doesn't show hand
*** SUMMARY ***
Total pot $36 | Rake $0.50
Board [5c 6h 7d 3s 8c]
Seat 1: naspirkataa (big blind) collected ($35.50)
Seat 4: aremom4e (button) (small blind) folded on the River


PokerStars Hand #174109045249:  Hold'em Limit ($3/$6 USD) - 2017/08/09 6:20:34 ET
Table 'Lotis' 6-max Seat #1 is the button
Seat 1: naspirkataa ($145.54 in chips)
Seat 4: aremom4e ($234.57 in chips)
naspirkataa: posts small blind $1
aremom4e: posts big blind $3
*** HOLE CARDS ***
naspirkataa: raises $3 to $6
aremom4e: calls $3
*** FLOP *** [4d Jc Ks]
aremom4e: checks
naspirkataa: checks
*** TURN *** [4d Jc Ks] [Td]
aremom4e: bets $6
naspirkataa: calls $6
*** RIVER *** [4d Jc Ks Td] [7d]
aremom4e: bets $6
naspirkataa: folds
Uncalled bet ($6) returned to aremom4e
aremom4e collected $23.52 from pot
aremom4e: doesn't show hand
*** SUMMARY ***
Total pot $24 | Rake $0.48
Board [4d Jc Ks Td 7d]
Seat 1: naspirkataa (button) (small blind) folded on the River
Seat 4: aremom4e (big blind) collected ($23.52)


PokerStars Hand #174109051757:  Hold'em Limit ($3/$6 USD) - 2017/08/09 6:20:52 ET
Table 'Lotis' 6-max Seat #4 is the button
Seat 1: naspirkataa ($133.54 in chips)
Seat 4: aremom4e ($246.09 in chips)
aremom4e: posts small blind $1
naspirkataa: posts big blind $3
*** HOLE CARDS ***
aremom4e: raises $3 to $6
naspirkataa: calls $3
*** FLOP *** [Jd 3h 3d]
naspirkataa: checks
aremom4e: bets $3
naspirkataa: folds
Uncalled bet ($3) returned to aremom4e
aremom4e collected $11.76 from pot
aremom4e: doesn't show hand
*** SUMMARY ***
Total pot $12 | Rake $0.24
Board [Jd 3h 3d]
Seat 1: naspirkataa (big blind) folded on the Flop
Seat 4: aremom4e (button) (small blind) collected ($11.76)


PokerStars Hand #174109058147:  Hold'em Limit ($3/$6 USD) - 2017/08/09 6:21:09 ET
Table 'Lotis' 6-max Seat #1 is the button
Seat 1: naspirkataa ($127.54 in chips)
Seat 4: aremom4e ($251.85 in chips)
naspirkataa: posts small blind $1
aremom4e: posts big blind $3
*** HOLE CARDS ***
naspirkataa: raises $3 to $6
aremom4e: calls $3
*** FLOP *** [5h Kc 7d]
aremom4e: checks
naspirkataa: bets $3
aremom4e: folds
Uncalled bet ($3) returned to naspirkataa
naspirkataa collected $11.76 from pot
naspirkataa: doesn't show hand
*** SUMMARY ***
Total pot $12 | Rake $0.24
Board [5h Kc 7d]
Seat 1: naspirkataa (button) (small blind) collected ($11.76)
Seat 4: aremom4e (big blind) folded on the Flop


PokerStars Hand #174109063684:  Hold'em Limit ($3/$6 USD) - 2017/08/09 6:21:24 ET
Table 'Lotis' 6-max Seat #1 is the button
Seat 1: naspirkataa ($134.30 in chips)
Seat 4: aremom4e ($244.85 in chips)
naspirkataa: posts small blind $1
aremom4e: posts big blind $3
*** HOLE CARDS ***
naspirkataa: raises $3 to $6
aremom4e: folds
Uncalled bet ($3) returned to naspirkataa
naspirkataa collected $6 from pot
naspirkataa: doesn't show hand
*** SUMMARY ***
Total pot $6 | Rake $0
Seat 1: naspirkataa (button) (small blind) collected ($6)
Seat 4: aremom4e (big blind) folded before Flop


PokerStars Hand #174109061848:  Hold'em Limit ($3/$6 USD) - 2017/08/09 6:21:19 ET
Table 'Lotis' 6-max Seat #4 is the button
Seat 1: naspirkataa ($133.30 in chips)
Seat 4: aremom4e ($245.85 in chips)
aremom4e: posts small blind $1
naspirkataa: posts big blind $3
*** HOLE CARDS ***
aremom4e: folds
Uncalled bet ($2) returned to naspirkataa
naspirkataa collected $2 from pot
naspirkataa: doesn't show hand
*** SUMMARY ***
Total pot $2 | Rake $0
Seat 1: naspirkataa (big blind) collected ($2)
Seat 4: aremom4e (button) (small blind) folded before Flop


PokerStars Hand #174109065678:  Hold'em Limit ($3/$6 USD) - 2017/08/09 6:21:30 ET
Table 'Lotis' 6-max Seat #4 is the button
Seat 1: naspirkataa ($137.30 in chips)
Seat 4: aremom4e ($241.85 in chips)
aremom4e: posts small blind $1
naspirkataa: posts big blind $3
*** HOLE CARDS ***
aremom4e: folds
Uncalled bet ($2) returned to naspirkataa
naspirkataa collected $2 from pot
naspirkataa: doesn't show hand
*** SUMMARY ***
Total pot $2 | Rake $0
Seat 1: naspirkataa (big blind) collected ($2)
Seat 4: aremom4e (button) (small blind) folded before Flop


PokerStars Hand #174109067576:  Hold'em Limit ($3/$6 USD) - 2017/08/09 6:21:35 ET
Table 'Lotis' 6-max Seat #1 is the button
Seat 1: naspirkataa ($138.30 in chips)
Seat 4: aremom4e ($240.85 in chips)
naspirkataa: posts small blind $1
aremom4e: posts big blind $3
*** HOLE CARDS ***
naspirkataa: raises $3 to $6
aremom4e: calls $3
*** FLOP *** [Jd Qs Qc]
aremom4e: checks
naspirkataa: bets $3
aremom4e: folds
Uncalled bet ($3) returned to naspirkataa
naspirkataa collected $11.76 from pot
naspirkataa: doesn't show hand
*** SUMMARY ***
Total pot $12 | Rake $0.24
Board [Jd Qs Qc]
Seat 1: naspirkataa (button) (small blind) collected ($11.76)
Seat 4: aremom4e (big blind) folded on the Flop


PokerStars Hand #174109078620:  Hold'em Limit ($3/$6 USD) - 2017/08/09 6:22:04 ET
Table 'Lotis' 6-max Seat #1 is the button
Seat 1: naspirkataa ($114.06 in chips)
Seat 4: aremom4e ($264.35 in chips)
naspirkataa: posts small blind $1
aremom4e: posts big blind $3
*** HOLE CARDS ***
naspirkataa: raises $3 to $6
aremom4e: folds
Uncalled bet ($3) returned to naspirkataa
naspirkataa collected $6 from pot
naspirkataa: doesn't show hand
*** SUMMARY ***
Total pot $6 | Rake $0
Seat 1: naspirkataa (button) (small blind) collected ($6)
Seat 4: aremom4e (big blind) folded before Flop


PokerStars Hand #174109070879:  Hold'em Limit ($3/$6 USD) - 2017/08/09 6:21:44 ET
Table 'Lotis' 6-max Seat #4 is the button
Seat 1: naspirkataa ($144.06 in chips)
Seat 4: aremom4e ($234.85 in chips)
aremom4e: posts small blind $1
naspirkataa: posts big blind $3
*** HOLE CARDS ***
aremom4e: raises $3 to $6
naspirkataa: calls $3
*** FLOP *** [3c 6h Jd]
naspirkataa: checks
aremom4e: bets $3
naspirkataa: raises $3 to $6
aremom4e: calls $3
*** TURN *** [3c 6h Jd] [8s]
naspirkataa: bets $6
aremom4e: raises $6 to $12
naspirkataa: calls $6
*** RIVER *** [3c 6h Jd 8s] [Ts]
naspirkataa: checks
aremom4e: bets $6
naspirkataa: calls $6
*** SHOW DOWN ***
aremom4e: shows [As Ah] (a pair of Aces)
naspirkataa: mucks hand
aremom4e collected $59.50 from pot
*** SUMMARY ***
Total pot $60 | Rake $0.50
Board [3c 6h Jd 8s Ts]
Seat 1: naspirkataa (big blind) mucked
Seat 4: aremom4e (button) (small blind) showed [As Ah] and won ($59.50) with a pair of Aces


PokerStars Hand #174109080768:  Hold'em Limit ($3/$6 USD) - 2017/08/09 6:22:10 ET
Table 'Lotis' 6-max Seat #4 is the button
Seat 1: naspirkataa ($117.06 in chips)
Seat 4: aremom4e ($261.35 in chips)
aremom4e: posts small blind $1
naspirkataa: posts big blind $3
*** HOLE CARDS ***
aremom4e: raises $3 to $6
naspirkataa: calls $3
*** FLOP *** [3h 8s Ts]
naspirkataa: checks
aremom4e: bets $3
naspirkataa: raises $3 to $6
aremom4e: calls $3
*** TURN *** [3h 8s Ts] [2h]
naspirkataa: bets $6
aremom4e: calls $6
*** RIVER *** [3h 8s Ts 2h] [Qd]
naspirkataa: checks
aremom4e: checks
*** SHOW DOWN ***
naspirkataa: shows [9s 7s] (high card Queen)
aremom4e: shows [Kd 8c] (a pair of Eights)
aremom4e collected $35.50 from pot
*** SUMMARY ***
Total pot $36 | Rake $0.50
Board [3h 8s Ts 2h Qd]
Seat 1: naspirkataa (big blind) showed [9s 7s] and lost with high card Queen
Seat 4: aremom4e (button) (small blind) showed [Kd 8c] and won ($35.50) with a pair of Eights


PokerStars Hand #174109087181:  Hold'em Limit ($3/$6 USD) - 2017/08/09 6:22:28 ET
Table 'Lotis' 6-max Seat #1 is the button
Seat 1: naspirkataa ($99.06 in chips)
Seat 4: aremom4e ($278.85 in chips)
naspirkataa: posts small blind $1
aremom4e: posts big blind $3
*** HOLE CARDS ***
naspirkataa said, "neti vurvi ;)"
naspirkataa: raises $3 to $6
aremom4e: calls $3
*** FLOP *** [8d 6d 8s]
aremom4e: checks
naspirkataa: bets $3
aremom4e: raises $3 to $6
naspirkataa: folds
Uncalled bet ($3) returned to aremom4e
aremom4e collected $17.64 from pot
aremom4e: doesn't show hand
*** SUMMARY ***
Total pot $18 | Rake $0.36
Board [8d 6d 8s]
Seat 1: naspirkataa (button) (small blind) folded on the Flop
Seat 4: aremom4e (big blind) collected ($17.64)


PokerStars Hand #174109094209:  Hold'em Limit ($3/$6 USD) - 2017/08/09 6:22:47 ET
Table 'Lotis' 6-max Seat #4 is the button
Seat 1: naspirkataa ($90.06 in chips)
Seat 4: aremom4e ($287.49 in chips)
aremom4e: posts small blind $1
naspirkataa: posts big blind $3
*** HOLE CARDS ***
aremom4e said, "dnes biva"
aremom4e: raises $3 to $6
naspirkataa: calls $3
*** FLOP *** [Ac 6h 4h]
naspirkataa: checks
aremom4e: bets $3
naspirkataa: raises $3 to $6
aremom4e: folds
Uncalled bet ($3) returned to naspirkataa
naspirkataa collected $17.64 from pot
naspirkataa: doesn't show hand
*** SUMMARY ***
Total pot $18 | Rake $0.36
Board [Ac 6h 4h]
Seat 1: naspirkataa (big blind) collected ($17.64)
Seat 4: aremom4e (button) (small blind) folded on the Flop


PokerStars Hand #174109100890:  Hold'em Limit ($3/$6 USD) - 2017/08/09 6:23:05 ET
Table 'Lotis' 6-max Seat #1 is the button
Seat 1: naspirkataa ($98.70 in chips)
Seat 4: aremom4e ($278.49 in chips)
naspirkataa: posts small blind $1
aremom4e: posts big blind $3
*** HOLE CARDS ***
naspirkataa: raises $3 to $6
aremom4e: raises $3 to $9
naspirkataa: raises $3 to $12
Betting is capped
aremom4e: calls $3
*** FLOP *** [7c 8h 3s]
aremom4e: checks
naspirkataa: bets $3
aremom4e: calls $3
*** TURN *** [7c 8h 3s] [4c]
aremom4e: checks
naspirkataa: bets $6
aremom4e: calls $6
*** RIVER *** [7c 8h 3s 4c] [7h]
aremom4e: checks
naspirkataa: bets $6
aremom4e: folds
Uncalled bet ($6) returned to naspirkataa
naspirkataa collected $41.50 from pot
naspirkataa: doesn't show hand
*** SUMMARY ***
Total pot $42 | Rake $0.50
Board [7c 8h 3s 4c 7h]
Seat 1: naspirkataa (button) (small blind) collected ($41.50)
Seat 4: aremom4e (big blind) folded on the River


PokerStars Hand #174109108916:  Hold'em Limit ($3/$6 USD) - 2017/08/09 6:23:26 ET
Table 'Lotis' 6-max Seat #4 is the button
Seat 1: naspirkataa ($119.20 in chips)
Seat 4: aremom4e ($257.49 in chips)
aremom4e: posts small blind $1
naspirkataa: posts big blind $3
*** HOLE CARDS ***
aremom4e: folds
Uncalled bet ($2) returned to naspirkataa
naspirkataa collected $2 from pot
naspirkataa: doesn't show hand
*** SUMMARY ***
Total pot $2 | Rake $0
Seat 1: naspirkataa (big blind) collected ($2)
Seat 4: aremom4e (button) (small blind) folded before Flop


PokerStars Hand #174109110676:  Hold'em Limit ($3/$6 USD) - 2017/08/09 6:23:31 ET
Table 'Lotis' 6-max Seat #1 is the button
Seat 1: naspirkataa ($120.20 in chips)
Seat 4: aremom4e ($256.49 in chips)
naspirkataa: posts small blind $1
aremom4e: posts big blind $3
*** HOLE CARDS ***
naspirkataa: raises $3 to $6
aremom4e: raises $3 to $9
naspirkataa: calls $3
*** FLOP *** [Ac As 5d]
aremom4e: bets $3
naspirkataa: folds
Uncalled bet ($3) returned to aremom4e
aremom4e collected $17.64 from pot
aremom4e: doesn't show hand
*** SUMMARY ***
Total pot $18 | Rake $0.36
Board [Ac As 5d]
Seat 1: naspirkataa (button) (small blind) folded on the Flop
Seat 4: aremom4e (big blind) collected ($17.64)


PokerStars Hand #174109118465:  Hold'em Limit ($3/$6 USD) - 2017/08/09 6:23:52 ET
Table 'Lotis' 6-max Seat #4 is the button
Seat 1: naspirkataa ($111.20 in chips)
Seat 4: aremom4e ($265.13 in chips)
aremom4e: posts small blind $1
naspirkataa: posts big blind $3
*** HOLE CARDS ***
aremom4e: raises $3 to $6
naspirkataa: raises $3 to $9
aremom4e: calls $3
*** FLOP *** [6c 8c Jc]
naspirkataa: bets $3
aremom4e: raises $3 to $6
naspirkataa: calls $3
*** TURN *** [6c 8c Jc] [Ks]
naspirkataa: checks
aremom4e: bets $6
naspirkataa: raises $6 to $12
aremom4e: calls $6
*** RIVER *** [6c 8c Jc Ks] [Th]
naspirkataa: bets $6
aremom4e: calls $6
*** SHOW DOWN ***
naspirkataa: shows [Jd Kd] (two pair, Kings and Jacks)
aremom4e: mucks hand
naspirkataa collected $65.50 from pot
*** SUMMARY ***
Total pot $66 | Rake $0.50
Board [6c 8c Jc Ks Th]
Seat 1: naspirkataa (big blind) showed [Jd Kd] and won ($65.50) with two pair, Kings and Jacks
Seat 4: aremom4e (button) (small blind) mucked


PokerStars Hand #174109128557:  Hold'em Limit ($3/$6 USD) - 2017/08/09 6:24:20 ET
Table 'Lotis' 6-max Seat #1 is the button
Seat 1: naspirkataa ($143.70 in chips)
Seat 4: aremom4e ($232.13 in chips)
naspirkataa: posts small blind $1
aremom4e: posts big blind $3
*** HOLE CARDS ***
naspirkataa: raises $3 to $6
aremom4e: folds
Uncalled bet ($3) returned to naspirkataa
naspirkataa collected $6 from pot
naspirkataa: doesn't show hand
*** SUMMARY ***
Total pot $6 | Rake $0
Seat 1: naspirkataa (button) (small blind) collected ($6)
Seat 4: aremom4e (big blind) folded before Flop


PokerStars Hand #174109130827:  Hold'em Limit ($3/$6 USD) - 2017/08/09 6:24:26 ET
Table 'Lotis' 6-max Seat #4 is the button
Seat 1: naspirkataa ($146.70 in chips)
Seat 4: aremom4e ($229.13 in chips)
aremom4e: posts small blind $1
naspirkataa: posts big blind $3
*** HOLE CARDS ***
aremom4e: raises $3 to $6
naspirkataa: folds
Uncalled bet ($3) returned to aremom4e
aremom4e collected $6 from pot
aremom4e: doesn't show hand
*** SUMMARY ***
Total pot $6 | Rake $0
Seat 1: naspirkataa (big blind) folded before Flop
Seat 4: aremom4e (button) (small blind) collected ($6)


PokerStars Hand #174109133446:  Hold'em Limit ($3/$6 USD) - 2017/08/09 6:24:33 ET
Table 'Lotis' 6-max Seat #1 is the button
Seat 1: naspirkataa ($143.70 in chips)
Seat 4: aremom4e ($232.13 in chips)
naspirkataa: posts small blind $1
aremom4e: posts big blind $3
*** HOLE CARDS ***
naspirkataa: raises $3 to $6
aremom4e: calls $3
*** FLOP *** [6c Kh Th]
aremom4e: checks
naspirkataa: checks
*** TURN *** [6c Kh Th] [2h]
aremom4e: bets $6
naspirkataa: calls $6
*** RIVER *** [6c Kh Th 2h] [Kc]
aremom4e: bets $6
naspirkataa: folds
Uncalled bet ($6) returned to aremom4e
aremom4e collected $23.52 from pot
aremom4e: doesn't show hand
*** SUMMARY ***
Total pot $24 | Rake $0.48
Board [6c Kh Th 2h Kc]
Seat 1: naspirkataa (button) (small blind) folded on the River
Seat 4: aremom4e (big blind) collected ($23.52)


PokerStars Hand #174109144857:  Hold'em Limit ($3/$6 USD) - 2017/08/09 6:25:04 ET
Table 'Lotis' 6-max Seat #1 is the button
Seat 1: naspirkataa ($116.70 in chips)
Seat 4: aremom4e ($258.15 in chips)
naspirkataa: posts small blind $1
aremom4e: posts big blind $3
*** HOLE CARDS ***
naspirkataa: folds
Uncalled bet ($2) returned to aremom4e
aremom4e collected $2 from pot
aremom4e: doesn't show hand
*** SUMMARY ***
Total pot $2 | Rake $0
Seat 1: naspirkataa (button) (small blind) folded before Flop
Seat 4: aremom4e (big blind) collected ($2)


PokerStars Hand #174109138578:  Hold'em Limit ($3/$6 USD) - 2017/08/09 6:24:47 ET
Table 'Lotis' 6-max Seat #4 is the button
Seat 1: naspirkataa ($131.70 in chips)
Seat 4: aremom4e ($243.65 in chips)
aremom4e: posts small blind $1
naspirkataa: posts big blind $3
*** HOLE CARDS ***
aremom4e: raises $3 to $6
naspirkataa: calls $3
*** FLOP *** [Kh 8s 5h]
naspirkataa: checks
aremom4e: bets $3
naspirkataa: calls $3
*** TURN *** [Kh 8s 5h] [7s]
naspirkataa: checks
aremom4e: bets $6
naspirkataa: calls $6
*** RIVER *** [Kh 8s 5h 7s] [4s]
naspirkataa: checks
aremom4e: checks
*** SHOW DOWN ***
naspirkataa: shows [7d 9c] (a pair of Sevens)
aremom4e: shows [7c Qs] (a pair of Sevens - King+Queen kicker)
aremom4e collected $29.50 from pot
*** SUMMARY ***
Total pot $30 | Rake $0.50
Board [Kh 8s 5h 7s 4s]
Seat 1: naspirkataa (big blind) showed [7d 9c] and lost with a pair of Sevens
Seat 4: aremom4e (button) (small blind) showed [7c Qs] and won ($29.50) with a pair of Sevens


PokerStars Hand #174109146824:  Hold'em Limit ($3/$6 USD) - 2017/08/09 6:25:09 ET
Table 'Lotis' 6-max Seat #4 is the button
Seat 1: naspirkataa ($115.70 in chips)
Seat 4: aremom4e ($259.15 in chips)
aremom4e: posts small blind $1
naspirkataa: posts big blind $3
*** HOLE CARDS ***
aremom4e: raises $3 to $6
naspirkataa: folds
Uncalled bet ($3) returned to aremom4e
aremom4e collected $6 from pot
aremom4e: doesn't show hand
*** SUMMARY ***
Total pot $6 | Rake $0
Seat 1: naspirkataa (big blind) folded before Flop
Seat 4: aremom4e (button) (small blind) collected ($6)


PokerStars Hand #174109150148:  Hold'em Limit ($3/$6 USD) - 2017/08/09 6:25:18 ET
Table 'Lotis' 6-max Seat #1 is the button
Seat 1: naspirkataa ($112.70 in chips)
Seat 4: aremom4e ($262.15 in chips)
naspirkataa: posts small blind $1
aremom4e: posts big blind $3
*** HOLE CARDS ***
naspirkataa: raises $3 to $6
aremom4e: calls $3
*** FLOP *** [Ac 3d Jd]
aremom4e: checks
naspirkataa: bets $3
aremom4e: raises $3 to $6
naspirkataa: folds
Uncalled bet ($3) returned to aremom4e
aremom4e collected $17.64 from pot
aremom4e: doesn't show hand
*** SUMMARY ***
Total pot $18 | Rake $0.36
Board [Ac 3d Jd]
Seat 1: naspirkataa (button) (small blind) folded on the Flop
Seat 4: aremom4e (big blind) collected ($17.64)


PokerStars Hand #174109167717:  Hold'em Limit ($3/$6 USD) - 2017/08/09 6:26:07 ET
Table 'Lotis' 6-max Seat #1 is the button
Seat 1: naspirkataa ($125.74 in chips)
Seat 4: aremom4e ($247.79 in chips)
naspirkataa: posts small blind $1
aremom4e: posts big blind $3
*** HOLE CARDS ***
naspirkataa: folds
Uncalled bet ($2) returned to aremom4e
aremom4e collected $2 from pot
aremom4e: doesn't show hand
*** SUMMARY ***
Total pot $2 | Rake $0
Seat 1: naspirkataa (button) (small blind) folded before Flop
Seat 4: aremom4e (big blind) collected ($2)


PokerStars Hand #174109161877:  Hold'em Limit ($3/$6 USD) - 2017/08/09 6:25:51 ET
Table 'Lotis' 6-max Seat #4 is the button
Seat 1: naspirkataa ($114.22 in chips)
Seat 4: aremom4e ($259.79 in chips)
aremom4e: posts small blind $1
naspirkataa: posts big blind $3
*** HOLE CARDS ***
aremom4e: raises $3 to $6
naspirkataa: calls $3
*** FLOP *** [Qh 5h 4c]
naspirkataa: checks
aremom4e: checks
*** TURN *** [Qh 5h 4c] [8s]
naspirkataa: bets $6
aremom4e: calls $6
*** RIVER *** [Qh 5h 4c 8s] [2d]
naspirkataa: checks
aremom4e: checks
*** SHOW DOWN ***
naspirkataa: shows [4d 3d] (a pair of Fours)
aremom4e: mucks hand
naspirkataa collected $23.52 from pot
*** SUMMARY ***
Total pot $24 | Rake $0.48
Board [Qh 5h 4c 8s 2d]
Seat 1: naspirkataa (big blind) showed [4d 3d] and won ($23.52) with a pair of Fours
Seat 4: aremom4e (button) (small blind) mucked


PokerStars Hand #174109173310:  Hold'em Limit ($3/$6 USD) - 2017/08/09 6:26:22 ET
Table 'Lotis' 6-max Seat #4 is the button
Seat 1: naspirkataa ($120.74 in chips)
Seat 4: aremom4e ($252.79 in chips)
aremom4e: posts small blind $1
naspirkataa: posts big blind $3
*** HOLE CARDS ***
aremom4e: raises $3 to $6
naspirkataa: folds
Uncalled bet ($3) returned to aremom4e
aremom4e collected $6 from pot
aremom4e: doesn't show hand
*** SUMMARY ***
Total pot $6 | Rake $0
Seat 1: naspirkataa (big blind) folded before Flop
Seat 4: aremom4e (button) (small blind) collected ($6)


PokerStars Hand #174109171506:  Hold'em Limit ($3/$6 USD) - 2017/08/09 6:26:17 ET
Table 'Lotis' 6-max Seat #1 is the button
Seat 1: naspirkataa ($121.74 in chips)
Seat 4: aremom4e ($251.79 in chips)
naspirkataa: posts small blind $1
aremom4e: posts big blind $3
*** HOLE CARDS ***
naspirkataa: folds
Uncalled bet ($2) returned to aremom4e
aremom4e collected $2 from pot
aremom4e: doesn't show hand
*** SUMMARY ***
Total pot $2 | Rake $0
Seat 1: naspirkataa (button) (small blind) folded before Flop
Seat 4: aremom4e (big blind) collected ($2)


PokerStars Hand #174109169435:  Hold'em Limit ($3/$6 USD) - 2017/08/09 6:26:11 ET
Table 'Lotis' 6-max Seat #4 is the button
Seat 1: naspirkataa ($124.74 in chips)
Seat 4: aremom4e ($248.79 in chips)
aremom4e: posts small blind $1
naspirkataa: posts big blind $3
*** HOLE CARDS ***
aremom4e: raises $3 to $6
naspirkataa: folds
Uncalled bet ($3) returned to aremom4e
aremom4e collected $6 from pot
aremom4e: doesn't show hand
*** SUMMARY ***
Total pot $6 | Rake $0
Seat 1: naspirkataa (big blind) folded before Flop
Seat 4: aremom4e (button) (small blind) collected ($6)


PokerStars Hand #174109159990:  Hold'em Limit ($3/$6 USD) - 2017/08/09 6:25:45 ET
Table 'Lotis' 6-max Seat #1 is the button
Seat 1: naspirkataa ($115.22 in chips)
Seat 4: aremom4e ($258.79 in chips)
naspirkataa: posts small blind $1
aremom4e: posts big blind $3
*** HOLE CARDS ***
naspirkataa: folds
Uncalled bet ($2) returned to aremom4e
aremom4e collected $2 from pot
aremom4e: doesn't show hand
*** SUMMARY ***
Total pot $2 | Rake $0
Seat 1: naspirkataa (button) (small blind) folded before Flop
Seat 4: aremom4e (big blind) collected ($2)


PokerStars Hand #174109154106:  Hold'em Limit ($3/$6 USD) - 2017/08/09 6:25:29 ET
Table 'Lotis' 6-max Seat #4 is the button
Seat 1: naspirkataa ($103.70 in chips)
Seat 4: aremom4e ($270.79 in chips)
aremom4e: posts small blind $1
naspirkataa: posts big blind $3
*** HOLE CARDS ***
aremom4e: raises $3 to $6
naspirkataa: calls $3
*** FLOP *** [6h 3d As]
naspirkataa: checks
aremom4e: checks
*** TURN *** [6h 3d As] [9c]
naspirkataa: checks
aremom4e: bets $6
naspirkataa: calls $6
*** RIVER *** [6h 3d As 9c] [3s]
naspirkataa: checks
aremom4e: checks
*** SHOW DOWN ***
naspirkataa: shows [Ks 8d] (a pair of Threes)
aremom4e: mucks hand
naspirkataa collected $23.52 from pot
*** SUMMARY ***
Total pot $24 | Rake $0.48
Board [6h 3d As 9c 3s]
Seat 1: naspirkataa (big blind) showed [Ks 8d] and won ($23.52) with a pair of Threes
Seat 4: aremom4e (button) (small blind) mucked


PokerStars Hand #174109195636:  Hold'em Limit ($3/$6 USD) - 2017/08/09 6:27:23 ET
Table 'Lotis' 6-max Seat #1 is the button
Seat 1: naspirkataa ($151 in chips)
Seat 4: aremom4e ($221.67 in chips)
naspirkataa: posts small blind $1
aremom4e: posts big blind $3
*** HOLE CARDS ***
naspirkataa: raises $3 to $6
aremom4e: folds
Uncalled bet ($3) returned to naspirkataa
naspirkataa collected $6 from pot
naspirkataa: doesn't show hand
*** SUMMARY ***
Total pot $6 | Rake $0
Seat 1: naspirkataa (button) (small blind) collected ($6)
Seat 4: aremom4e (big blind) folded before Flop


PokerStars Hand #174109193905:  Hold'em Limit ($3/$6 USD) - 2017/08/09 6:27:19 ET
Table 'Lotis' 6-max Seat #4 is the button
Seat 1: naspirkataa ($150 in chips)
Seat 4: aremom4e ($222.67 in chips)
aremom4e: posts small blind $1
naspirkataa: posts big blind $3
*** HOLE CARDS ***
aremom4e: folds
Uncalled bet ($2) returned to naspirkataa
naspirkataa collected $2 from pot
naspirkataa: doesn't show hand
*** SUMMARY ***
Total pot $2 | Rake $0
Seat 1: naspirkataa (big blind) collected ($2)
Seat 4: aremom4e (button) (small blind) folded before Flop


PokerStars Hand #174109188380:  Hold'em Limit ($3/$6 USD) - 2017/08/09 6:27:03 ET
Table 'Lotis' 6-max Seat #1 is the button
Seat 1: naspirkataa ($144.24 in chips)
Seat 4: aremom4e ($228.67 in chips)
naspirkataa: posts small blind $1
aremom4e: posts big blind $3
*** HOLE CARDS ***
naspirkataa: raises $3 to $6
aremom4e: calls $3
*** FLOP *** [9c 8c As]
aremom4e: checks
naspirkataa: checks
*** TURN *** [9c 8c As] [8d]
aremom4e: checks
naspirkataa: bets $6
aremom4e: folds
Uncalled bet ($6) returned to naspirkataa
naspirkataa collected $11.76 from pot
naspirkataa: doesn't show hand
*** SUMMARY ***
Total pot $12 | Rake $0.24
Board [9c 8c As 8d]
Seat 1: naspirkataa (button) (small blind) collected ($11.76)
Seat 4: aremom4e (big blind) folded on the Turn


PokerStars Hand #174109183338:  Hold'em Limit ($3/$6 USD) - 2017/08/09 6:26:50 ET
Table 'Lotis' 6-max Seat #4 is the button
Seat 1: naspirkataa ($147.24 in chips)
Seat 4: aremom4e ($225.79 in chips)
aremom4e: posts small blind $1
naspirkataa: posts big blind $3
*** HOLE CARDS ***
aremom4e: calls $2
naspirkataa: checks
*** FLOP *** [6d 5s 8s]
naspirkataa: checks
aremom4e: checks
*** TURN *** [6d 5s 8s] [Ks]
naspirkataa: checks
aremom4e: bets $6
naspirkataa: folds
Uncalled bet ($6) returned to aremom4e
aremom4e collected $5.88 from pot
aremom4e: doesn't show hand
*** SUMMARY ***
Total pot $6 | Rake $0.12
Board [6d 5s 8s Ks]
Seat 1: naspirkataa (big blind) folded on the Turn
Seat 4: aremom4e (button) (small blind) collected ($5.88)


PokerStars Hand #174109175767:  Hold'em Limit ($3/$6 USD) - 2017/08/09 6:26:29 ET
Table 'Lotis' 6-max Seat #1 is the button
Seat 1: naspirkataa ($117.74 in chips)
Seat 4: aremom4e ($255.79 in chips)
naspirkataa: posts small blind $1
aremom4e: posts big blind $3
*** HOLE CARDS ***
naspirkataa: raises $3 to $6
aremom4e: calls $3
*** FLOP *** [Td 8c 4h]
aremom4e: checks
naspirkataa: bets $3
aremom4e: raises $3 to $6
naspirkataa: calls $3
*** TURN *** [Td 8c 4h] [9d]
aremom4e: bets $6
naspirkataa: calls $6
*** RIVER *** [Td 8c 4h 9d] [Jc]
aremom4e: bets $6
naspirkataa: raises $6 to $12
aremom4e: calls $6
*** SHOW DOWN ***
naspirkataa: shows [Qs 8h] (a straight, Eight to Queen)
aremom4e: mucks hand
naspirkataa collected $59.50 from pot
*** SUMMARY ***
Total pot $60 | Rake $0.50
Board [Td 8c 4h 9d Jc]
Seat 1: naspirkataa (button) (small blind) showed [Qs 8h] and won ($59.50) with a straight, Eight to Queen
Seat 4: aremom4e (big blind) mucked


PokerStars Hand #174109197868:  Hold'em Limit ($3/$6 USD) - 2017/08/09 6:27:29 ET
Table 'Lotis' 6-max Seat #4 is the button
Seat 1: naspirkataa ($154 in chips)
Seat 4: aremom4e ($218.67 in chips)
aremom4e: posts small blind $1
naspirkataa: posts big blind $3
*** HOLE CARDS ***
aremom4e: folds
Uncalled bet ($2) returned to naspirkataa
naspirkataa collected $2 from pot
naspirkataa: doesn't show hand
*** SUMMARY ***
Total pot $2 | Rake $0
Seat 1: naspirkataa (big blind) collected ($2)
Seat 4: aremom4e (button) (small blind) folded before Flop


PokerStars Hand #174109204916:  Hold'em Limit ($3/$6 USD) - 2017/08/09 6:27:48 ET
Table 'Lotis' 6-max Seat #1 is the button
Seat 1: naspirkataa ($161.76 in chips)
Seat 4: aremom4e ($210.67 in chips)
naspirkataa: posts small blind $1
aremom4e: posts big blind $3
*** HOLE CARDS ***
naspirkataa: raises $3 to $6
aremom4e: folds
Uncalled bet ($3) returned to naspirkataa
naspirkataa collected $6 from pot
naspirkataa: doesn't show hand
*** SUMMARY ***
Total pot $6 | Rake $0
Seat 1: naspirkataa (button) (small blind) collected ($6)
Seat 4: aremom4e (big blind) folded before Flop


PokerStars Hand #174109212443:  Hold'em Limit ($3/$6 USD) - 2017/08/09 6:28:09 ET
Table 'Lotis' 6-max Seat #1 is the button
Seat 1: naspirkataa ($176.28 in chips)
Seat 4: aremom4e ($195.67 in chips)
naspirkataa: posts small blind $1
aremom4e: posts big blind $3
*** HOLE CARDS ***
naspirkataa: raises $3 to $6
aremom4e: raises $3 to $9
naspirkataa: calls $3
*** FLOP *** [9d 2c 4d]
aremom4e: bets $3
naspirkataa: calls $3
*** TURN *** [9d 2c 4d] [8c]
aremom4e: bets $6
naspirkataa: calls $6
*** RIVER *** [9d 2c 4d 8c] [5c]
aremom4e: checks
naspirkataa: bets $6
aremom4e: calls $6
*** SHOW DOWN ***
naspirkataa: shows [6h 4h] (a pair of Fours)
aremom4e: shows [Tc Ts] (a pair of Tens)
aremom4e collected $47.50 from pot
*** SUMMARY ***
Total pot $48 | Rake $0.50
Board [9d 2c 4d 8c 5c]
Seat 1: naspirkataa (button) (small blind) showed [6h 4h] and lost with a pair of Fours
Seat 4: aremom4e (big blind) showed [Tc Ts] and won ($47.50) with a pair of Tens


PokerStars Hand #174109206993:  Hold'em Limit ($3/$6 USD) - 2017/08/09 6:27:54 ET
Table 'Lotis' 6-max Seat #4 is the button
Seat 1: naspirkataa ($164.76 in chips)
Seat 4: aremom4e ($207.67 in chips)
aremom4e: posts small blind $1
naspirkataa: posts big blind $3
*** HOLE CARDS ***
aremom4e: raises $3 to $6
naspirkataa: raises $3 to $9
aremom4e: calls $3
*** FLOP *** [3h 6s 4c]
naspirkataa: bets $3
aremom4e: calls $3
*** TURN *** [3h 6s 4c] [5s]
naspirkataa: checks
aremom4e: checks
*** RIVER *** [3h 6s 4c 5s] [Qd]
naspirkataa: bets $6
aremom4e: folds
Uncalled bet ($6) returned to naspirkataa
naspirkataa collected $23.52 from pot
naspirkataa: doesn't show hand
*** SUMMARY ***
Total pot $24 | Rake $0.48
Board [3h 6s 4c 5s Qd]
Seat 1: naspirkataa (big blind) collected ($23.52)
Seat 4: aremom4e (button) (small blind) folded on the River


PokerStars Hand #174109203214:  Hold'em Limit ($3/$6 USD) - 2017/08/09 6:27:44 ET
Table 'Lotis' 6-max Seat #4 is the button
Seat 1: naspirkataa ($160.76 in chips)
Seat 4: aremom4e ($211.67 in chips)
aremom4e: posts small blind $1
naspirkataa: posts big blind $3
*** HOLE CARDS ***
aremom4e: folds
Uncalled bet ($2) returned to naspirkataa
naspirkataa collected $2 from pot
naspirkataa: doesn't show hand
*** SUMMARY ***
Total pot $2 | Rake $0
Seat 1: naspirkataa (big blind) collected ($2)
Seat 4: aremom4e (button) (small blind) folded before Flop


PokerStars Hand #174109199720:  Hold'em Limit ($3/$6 USD) - 2017/08/09 6:27:34 ET
Table 'Lotis' 6-max Seat #1 is the button
Seat 1: naspirkataa ($155 in chips)
Seat 4: aremom4e ($217.67 in chips)
naspirkataa: posts small blind $1
aremom4e: posts big blind $3
*** HOLE CARDS ***
naspirkataa: raises $3 to $6
aremom4e: calls $3
*** FLOP *** [Ac 9c Qd]
aremom4e: checks
naspirkataa: bets $3
aremom4e: folds
Uncalled bet ($3) returned to naspirkataa
naspirkataa collected $11.76 from pot
naspirkataa: doesn't show hand
*** SUMMARY ***
Total pot $12 | Rake $0.24
Board [Ac 9c Qd]
Seat 1: naspirkataa (button) (small blind) collected ($11.76)
Seat 4: aremom4e (big blind) folded on the Flop


PokerStars Hand #174109232182:  Hold'em Limit ($3/$6 USD) - 2017/08/09 6:29:01 ET
Table 'Lotis' 6-max Seat #1 is the button
Seat 1: naspirkataa ($158.80 in chips)
Seat 4: aremom4e ($211.93 in chips)
naspirkataa: posts small blind $1
aremom4e: posts big blind $3
*** HOLE CARDS ***
naspirkataa: raises $3 to $6
aremom4e: calls $3
*** FLOP *** [2d 3d 9s]
aremom4e: checks
naspirkataa: bets $3
aremom4e: calls $3
*** TURN *** [2d 3d 9s] [9d]
aremom4e: checks
naspirkataa: checks
*** RIVER *** [2d 3d 9s 9d] [7h]
aremom4e: bets $6
naspirkataa: folds
Uncalled bet ($6) returned to aremom4e
aremom4e collected $17.64 from pot
aremom4e: doesn't show hand
*** SUMMARY ***
Total pot $18 | Rake $0.36
Board [2d 3d 9s 9d 7h]
Seat 1: naspirkataa (button) (small blind) folded on the River
Seat 4: aremom4e (big blind) collected ($17.64)


PokerStars Hand #174109230441:  Hold'em Limit ($3/$6 USD) - 2017/08/09 6:28:57 ET
Table 'Lotis' 6-max Seat #4 is the button
Seat 1: naspirkataa ($157.80 in chips)
Seat 4: aremom4e ($212.93 in chips)
aremom4e: posts small blind $1
naspirkataa: posts big blind $3
*** HOLE CARDS ***
aremom4e: folds
Uncalled bet ($2) returned to naspirkataa
naspirkataa collected $2 from pot
naspirkataa: doesn't show hand
*** SUMMARY ***
Total pot $2 | Rake $0
Seat 1: naspirkataa (big blind) collected ($2)
Seat 4: aremom4e (button) (small blind) folded before Flop


PokerStars Hand #174109226600:  Hold'em Limit ($3/$6 USD) - 2017/08/09 6:28:47 ET
Table 'Lotis' 6-max Seat #1 is the button
Seat 1: naspirkataa ($152.04 in chips)
Seat 4: aremom4e ($218.93 in chips)
naspirkataa: posts small blind $1
aremom4e: posts big blind $3
*** HOLE CARDS ***
naspirkataa: raises $3 to $6
aremom4e: calls $3
*** FLOP *** [3d Ah Ks]
aremom4e: checks
naspirkataa: bets $3
aremom4e: folds
Uncalled bet ($3) returned to naspirkataa
naspirkataa collected $11.76 from pot
naspirkataa: doesn't show hand
*** SUMMARY ***
Total pot $12 | Rake $0.24
Board [3d Ah Ks]
Seat 1: naspirkataa (button) (small blind) collected ($11.76)
Seat 4: aremom4e (big blind) folded on the Flop


PokerStars Hand #174109220352:  Hold'em Limit ($3/$6 USD) - 2017/08/09 6:28:30 ET
Table 'Lotis' 6-max Seat #4 is the button
Seat 1: naspirkataa ($152.28 in chips)
Seat 4: aremom4e ($219.17 in chips)
aremom4e: posts small blind $1
naspirkataa: posts big blind $3
*** HOLE CARDS ***
aremom4e: raises $3 to $6
naspirkataa: calls $3
*** FLOP *** [9s 8s 8h]
naspirkataa: checks
aremom4e: checks
*** TURN *** [9s 8s 8h] [9d]
naspirkataa: checks
aremom4e: bets $6
naspirkataa: calls $6
*** RIVER *** [9s 8s 8h 9d] [5c]
naspirkataa: checks
aremom4e: checks
*** SHOW DOWN ***
naspirkataa: shows [Ad 2c] (two pair, Nines and Eights)
aremom4e: shows [3d As] (two pair, Nines and Eights)
naspirkataa collected $11.76 from pot
aremom4e collected $11.76 from pot
*** SUMMARY ***
Total pot $24 | Rake $0.48
Board [9s 8s 8h 9d 5c]
Seat 1: naspirkataa (big blind) showed [Ad 2c] and won ($11.76) with two pair, Nines and Eights
Seat 4: aremom4e (button) (small blind) showed [3d As] and won ($11.76) with two pair, Nines and Eights


PokerStars Hand #174109238140:  Hold'em Limit ($3/$6 USD) - 2017/08/09 6:29:18 ET
Table 'Lotis' 6-max Seat #4 is the button
Seat 1: naspirkataa ($149.80 in chips)
Seat 4: aremom4e ($220.57 in chips)
aremom4e: posts small blind $1
naspirkataa: posts big blind $3
*** HOLE CARDS ***
aremom4e: calls $2
naspirkataa: raises $3 to $6
aremom4e: calls $3
*** FLOP *** [Qd 6d Jc]
naspirkataa: checks
aremom4e: checks
*** TURN *** [Qd 6d Jc] [5h]
naspirkataa: checks
aremom4e: bets $6
naspirkataa: folds
Uncalled bet ($6) returned to aremom4e
aremom4e collected $11.76 from pot
aremom4e: doesn't show hand
*** SUMMARY ***
Total pot $12 | Rake $0.24
Board [Qd 6d Jc 5h]
Seat 1: naspirkataa (big blind) folded on the Turn
Seat 4: aremom4e (button) (small blind) collected ($11.76)


PokerStars Hand #174109257877:  Hold'em Limit ($3/$6 USD) - 2017/08/09 6:30:11 ET
Table 'Lotis' 6-max Seat #4 is the button
Seat 1: naspirkataa ($177.30 in chips)
Seat 4: aremom4e ($192.33 in chips)
aremom4e: posts small blind $1
naspirkataa: posts big blind $3
*** HOLE CARDS ***
aremom4e: raises $3 to $6
naspirkataa: calls $3
*** FLOP *** [Td Ts Js]
naspirkataa: checks
aremom4e: bets $3
naspirkataa: calls $3
*** TURN *** [Td Ts Js] [4s]
naspirkataa: checks
aremom4e: checks
*** RIVER *** [Td Ts Js 4s] [Jh]
naspirkataa: checks
aremom4e: checks
*** SHOW DOWN ***
naspirkataa: shows [Ad 8d] (two pair, Jacks and Tens)
aremom4e: mucks hand
naspirkataa collected $17.64 from pot
*** SUMMARY ***
Total pot $18 | Rake $0.36
Board [Td Ts Js 4s Jh]
Seat 1: naspirkataa (big blind) showed [Ad 8d] and won ($17.64) with two pair, Jacks and Tens
Seat 4: aremom4e (button) (small blind) mucked


PokerStars Hand #174109255867:  Hold'em Limit ($3/$6 USD) - 2017/08/09 6:30:05 ET
Table 'Lotis' 6-max Seat #1 is the button
Seat 1: naspirkataa ($174.30 in chips)
Seat 4: aremom4e ($195.33 in chips)
naspirkataa: posts small blind $1
aremom4e: posts big blind $3
*** HOLE CARDS ***
naspirkataa: raises $3 to $6
aremom4e: folds
Uncalled bet ($3) returned to naspirkataa
naspirkataa collected $6 from pot
naspirkataa: doesn't show hand
*** SUMMARY ***
Total pot $6 | Rake $0
Seat 1: naspirkataa (button) (small blind) collected ($6)
Seat 4: aremom4e (big blind) folded before Flop


PokerStars Hand #174109252073:  Hold'em Limit ($3/$6 USD) - 2017/08/09 6:29:55 ET
Table 'Lotis' 6-max Seat #4 is the button
Seat 1: naspirkataa ($173.30 in chips)
Seat 4: aremom4e ($196.33 in chips)
aremom4e: posts small blind $1
naspirkataa: posts big blind $3
*** HOLE CARDS ***
aremom4e said, "(y)"
aremom4e: folds
Uncalled bet ($2) returned to naspirkataa
naspirkataa collected $2 from pot
naspirkataa: doesn't show hand
*** SUMMARY ***
Total pot $2 | Rake $0
Seat 1: naspirkataa (big blind) collected ($2)
Seat 4: aremom4e (button) (small blind) folded before Flop


PokerStars Hand #174109244534:  Hold'em Limit ($3/$6 USD) - 2017/08/09 6:29:35 ET
Table 'Lotis' 6-max Seat #1 is the button
Seat 1: naspirkataa ($143.80 in chips)
Seat 4: aremom4e ($226.33 in chips)
naspirkataa: posts small blind $1
aremom4e: posts big blind $3
*** HOLE CARDS ***
naspirkataa: raises $3 to $6
aremom4e: calls $3
*** FLOP *** [5h 4c 6c]
aremom4e: checks
naspirkataa: bets $3
aremom4e: raises $3 to $6
naspirkataa: calls $3
*** TURN *** [5h 4c 6c] [6s]
aremom4e: bets $6
naspirkataa: raises $6 to $12
aremom4e: calls $6
*** RIVER *** [5h 4c 6c 6s] [Td]
aremom4e: checks
naspirkataa: bets $6
aremom4e: calls $6
*** SHOW DOWN ***
naspirkataa: shows [5d 6d] (a full house, Sixes full of Fives)
aremom4e: mucks hand
naspirkataa collected $59.50 from pot
*** SUMMARY ***
Total pot $60 | Rake $0.50
Board [5h 4c 6c 6s Td]
Seat 1: naspirkataa (button) (small blind) showed [5d 6d] and won ($59.50) with a full house, Sixes full of Fives
Seat 4: aremom4e (big blind) mucked


PokerStars Hand #174109282215:  Hold'em Limit ($3/$6 USD) - 2017/08/09 6:31:16 ET
Table 'Lotis' 6-max Seat #1 is the button
Seat 1: naspirkataa ($173.94 in chips)
Seat 5: Scheubi88 ($131.46 in chips)
naspirkataa: posts small blind $1
Scheubi88: posts big blind $3
*** HOLE CARDS ***
naspirkataa: raises $3 to $6
Scheubi88: calls $3
*** FLOP *** [5h 6s Qd]
Scheubi88: checks
naspirkataa: bets $3
Scheubi88: calls $3
*** TURN *** [5h 6s Qd] [Td]
Scheubi88: checks
hairy1961 joins the table at seat #2
naspirkataa: checks
*** RIVER *** [5h 6s Qd Td] [7s]
Scheubi88: bets $6
naspirkataa: raises $6 to $12
Scheubi88: folds
Uncalled bet ($6) returned to naspirkataa
naspirkataa collected $29.50 from pot
naspirkataa: doesn't show hand
*** SUMMARY ***
Total pot $30 | Rake $0.50
Board [5h 6s Qd Td 7s]
Seat 1: naspirkataa (button) (small blind) collected ($29.50)
Seat 5: Scheubi88 (big blind) folded on the River


PokerStars Hand #174109279926:  Hold'em Limit ($3/$6 USD) - 2017/08/09 6:31:10 ET
Table 'Lotis' 6-max Seat #5 is the button
Seat 1: naspirkataa ($176.94 in chips)
Seat 5: Scheubi88 ($128.46 in chips)
Scheubi88: posts small blind $1
naspirkataa: posts big blind $3
*** HOLE CARDS ***
Scheubi88: raises $3 to $6
naspirkataa: folds
Uncalled bet ($3) returned to Scheubi88
Scheubi88 collected $6 from pot
Scheubi88: doesn't show hand
*** SUMMARY ***
Total pot $6 | Rake $0
Seat 1: naspirkataa (big blind) folded before Flop
Seat 5: Scheubi88 (button) (small blind) collected ($6)


PokerStars Hand #174109264592:  Hold'em Limit ($3/$6 USD) - 2017/08/09 6:30:28 ET
Table 'Lotis' 6-max Seat #1 is the button
Seat 1: naspirkataa ($185.94 in chips)
Seat 4: aremom4e ($183.33 in chips)
naspirkataa: posts small blind $1
aremom4e: posts big blind $3
*** HOLE CARDS ***
naspirkataa: raises $3 to $6
Scheubi88 joins the table at seat #5
aremom4e: calls $3
*** FLOP *** [Ah 5c 5d]
aremom4e: checks
naspirkataa: bets $3
aremom4e: calls $3
*** TURN *** [Ah 5c 5d] [3d]
aremom4e: checks
naspirkataa: checks
*** RIVER *** [Ah 5c 5d 3d] [Th]
aremom4e: bets $6
naspirkataa: folds
Uncalled bet ($6) returned to aremom4e
aremom4e collected $17.64 from pot
aremom4e: doesn't show hand
*** SUMMARY ***
Total pot $18 | Rake $0.36
Board [Ah 5c 5d 3d Th]
Seat 1: naspirkataa (button) (small blind) folded on the River
Seat 4: aremom4e (big blind) collected ($17.64)


PokerStars Hand #174109287837:  Hold'em Limit ($3/$6 USD) - 2017/08/09 6:31:31 ET
Table 'Lotis' 6-max Seat #5 is the button
Seat 1: naspirkataa ($188.44 in chips)
Seat 5: Scheubi88 ($116.46 in chips)
Scheubi88: posts small blind $1
naspirkataa: posts big blind $3
*** HOLE CARDS ***
Scheubi88: raises $3 to $6
naspirkataa: calls $3
*** FLOP *** [8s Jc Ts]
naspirkataa: checks
Scheubi88: bets $3
naspirkataa: raises $3 to $6
Scheubi88: calls $3
*** TURN *** [8s Jc Ts] [Ks]
naspirkataa: checks
Scheubi88: bets $6
naspirkataa: calls $6
*** RIVER *** [8s Jc Ts Ks] [8c]
naspirkataa: checks
Scheubi88: checks
*** SHOW DOWN ***
naspirkataa: shows [9c Th] (two pair, Tens and Eights)
Scheubi88: mucks hand
TheCRIdol joins the table at seat #6
naspirkataa collected $35.50 from pot
*** SUMMARY ***
Total pot $36 | Rake $0.50
Board [8s Jc Ts Ks 8c]
Seat 1: naspirkataa (big blind) showed [9c Th] and won ($35.50) with two pair, Tens and Eights
Seat 5: Scheubi88 (button) (small blind) mucked


PokerStars Hand #174110770134:  Hold'em Limit ($3/$6 USD) - 2017/08/09 7:34:51 ET
Table 'Lotis' 6-max Seat #3 is the button
Seat 3: Jock21 ($95.23 in chips)
Seat 4: zimin10 ($313.16 in chips)
Jock21: posts small blind $1
zimin10: posts big blind $3
*** HOLE CARDS ***
Jock21: folds
Uncalled bet ($2) returned to zimin10
zimin10 collected $2 from pot
*** SUMMARY ***
Total pot $2 | Rake $0
Seat 3: Jock21 (button) (small blind) folded before Flop
Seat 4: zimin10 (big blind) collected ($2)


PokerStars Hand #174110767226:  Hold'em Limit ($3/$6 USD) - 2017/08/09 7:34:44 ET
Table 'Lotis' 6-max Seat #4 is the button
Seat 3: Jock21 ($94.23 in chips)
Seat 4: zimin10 ($314.16 in chips)
zimin10: posts small blind $1
Anchig: is sitting out
t9pkin: is sitting out
Jock21: posts big blind $3
*** HOLE CARDS ***
zimin10: folds
Uncalled bet ($2) returned to Jock21
Jock21 collected $2 from pot
Jock21: doesn't show hand
Anchig leaves the table
*** SUMMARY ***
Total pot $2 | Rake $0
Seat 3: Jock21 (big blind) collected ($2)
Seat 4: zimin10 (button) (small blind) folded before Flop


