PokerStars Hand #174441465808:  Hold'em Limit ($3/$6 USD) - 2017/08/17 8:15:26 ET
Table 'Lotis II' 6-max Seat #1 is the button
Seat 1: nedo1414 ($116.50 in chips)
Seat 2: ANIN1337 ($50.50 in chips)
nedo1414: posts small blind $1
ANIN1337: posts big blind $3
*** HOLE CARDS ***
nedo1414: raises $3 to $6
ANIN1337: raises $3 to $9
nedo1414: calls $3
*** FLOP *** [3c Js Qs]
Actionni13 joins the table at seat #3
ANIN1337: bets $3
nedo1414: calls $3
*** TURN *** [3c Js Qs] [Jc]
ANIN1337: bets $6
nedo1414: folds
Uncalled bet ($6) returned to ANIN1337
ANIN1337 collected $23.52 from pot
ANIN1337: doesn't show hand
*** SUMMARY ***
Total pot $24 | Rake $0.48
Board [3c Js Qs Jc]
Seat 1: nedo1414 (button) (small blind) folded on the Turn
Seat 2: ANIN1337 (big blind) collected ($23.52)


PokerStars Hand #174441459787:  Hold'em Limit ($3/$6 USD) - 2017/08/17 8:15:13 ET
Table 'Lotis II' 6-max Seat #2 is the button
Seat 1: nedo1414 ($140.50 in chips)
Seat 2: ANIN1337 ($27 in chips)
ANIN1337: posts small blind $1
nedo1414: posts big blind $3
*** HOLE CARDS ***
ANIN1337: raises $3 to $6
nedo1414: raises $3 to $9
ANIN1337: calls $3
*** FLOP *** [5h 8h 9s]
nedo1414: bets $3
ANIN1337: calls $3
*** TURN *** [5h 8h 9s] [Qc]
nedo1414: checks
ANIN1337: bets $6
nedo1414: calls $6
*** RIVER *** [5h 8h 9s Qc] [5d]
nedo1414: checks
ANIN1337: bets $6
nedo1414: calls $6
*** SHOW DOWN ***
ANIN1337: shows [3s 3c] (two pair, Fives and Threes)
nedo1414: mucks hand
ANIN1337 collected $47.50 from pot
*** SUMMARY ***
Total pot $48 | Rake $0.50
Board [5h 8h 9s Qc 5d]
Seat 1: nedo1414 (big blind) mucked
Seat 2: ANIN1337 (button) (small blind) showed [3s 3c] and won ($47.50) with two pair, Fives and Threes


PokerStars Hand #174441452498:  Hold'em Limit ($3/$6 USD) - 2017/08/17 8:14:57 ET
Table 'Lotis II' 6-max Seat #1 is the button
Seat 1: nedo1414 ($120 in chips)
Seat 2: ANIN1337 ($48 in chips)
nedo1414: posts small blind $1
ANIN1337: posts big blind $3
*** HOLE CARDS ***
nedo1414: raises $3 to $6
ANIN1337: calls $3
*** FLOP *** [3d 2c Jh]
ANIN1337: bets $3
nedo1414: calls $3
*** TURN *** [3d 2c Jh] [5c]
ANIN1337: bets $6
nedo1414: calls $6
*** RIVER *** [3d 2c Jh 5c] [As]
ANIN1337: bets $6
nedo1414: raises $6 to $12
ANIN1337: folds
Uncalled bet ($6) returned to nedo1414
nedo1414 collected $41.50 from pot
nedo1414: doesn't show hand
*** SUMMARY ***
Total pot $42 | Rake $0.50
Board [3d 2c Jh 5c As]
Seat 1: nedo1414 (button) (small blind) collected ($41.50)
Seat 2: ANIN1337 (big blind) folded on the River


PokerStars Hand #174442044482:  Hold'em Limit ($3/$6 USD) - 2017/08/17 8:36:09 ET
Table 'Lotis II' 6-max Seat #6 is the button
Seat 2: Chessnok ($192.61 in chips)
Seat 6: AAinthehole ($85.47 in chips)
AAinthehole: posts small blind $1
nedo1414: is sitting out
Chessnok: posts big blind $3
*** HOLE CARDS ***
AAinthehole: raises $3 to $6
Chessnok: folds
Uncalled bet ($3) returned to AAinthehole
AAinthehole collected $6 from pot
AAinthehole: doesn't show hand
*** SUMMARY ***
Total pot $6 | Rake $0
Seat 2: Chessnok (big blind) folded before Flop
Seat 6: AAinthehole (button) (small blind) collected ($6)


PokerStars Hand #174442048131:  Hold'em Limit ($3/$6 USD) - 2017/08/17 8:36:16 ET
Table 'Lotis II' 6-max Seat #2 is the button
Seat 2: Chessnok ($189.61 in chips)
Seat 6: AAinthehole ($88.47 in chips)
Chessnok: posts small blind $1
AAinthehole: posts big blind $3
*** HOLE CARDS ***
Chessnok: raises $3 to $6
AAinthehole: folds
Uncalled bet ($3) returned to Chessnok
Chessnok collected $6 from pot
Chessnok: doesn't show hand
*** SUMMARY ***
Total pot $6 | Rake $0
Seat 2: Chessnok (button) (small blind) collected ($6)
Seat 6: AAinthehole (big blind) folded before Flop


