PokerStars Hand #145201770969:  Hold'em Limit ($3/$6 USD) - 2015/12/11 19:18:55 ET
Table 'Lova II' 2-max Seat #1 is the button
Seat 1: Truelove13 ($120 in chips)
Seat 2: 101nuts101 ($65.76 in chips)
Truelove13: posts small blind $1
101nuts101: posts big blind $3
*** HOLE CARDS ***
Truelove13: raises $3 to $6
101nuts101: calls $3
*** FLOP *** [7d Th 4s]
101nuts101: checks
Truelove13: bets $3
101nuts101: calls $3
*** TURN *** [7d Th 4s] [Kh]
101nuts101: checks
Truelove13: checks
*** RIVER *** [7d Th 4s Kh] [Ks]
101nuts101: checks
Truelove13: bets $6
101nuts101: folds
Uncalled bet ($6) returned to Truelove13
Truelove13 collected $17.64 from pot
*** SUMMARY ***
Total pot $18 | Rake $0.36
Board [7d Th 4s Kh Ks]
Seat 1: Truelove13 (button) (small blind) collected ($17.64)
Seat 2: 101nuts101 (big blind) folded on the River


PokerStars Hand #145201789241:  Hold'em Limit ($3/$6 USD) - 2015/12/11 19:19:21 ET
Table 'Lova II' 2-max Seat #2 is the button
Seat 1: Truelove13 ($128.64 in chips)
Seat 2: 101nuts101 ($56.76 in chips)
101nuts101: posts small blind $1
Truelove13: posts big blind $3
*** HOLE CARDS ***
101nuts101: raises $3 to $6
Truelove13: calls $3
*** FLOP *** [8h 4h Qh]
Truelove13: checks
101nuts101: bets $3
Truelove13: raises $3 to $6
101nuts101: calls $3
*** TURN *** [8h 4h Qh] [2h]
Truelove13: bets $6
101nuts101: raises $6 to $12
Truelove13: calls $6
*** RIVER *** [8h 4h Qh 2h] [3h]
Truelove13: checks
101nuts101: bets $6
Truelove13: calls $6
*** SHOW DOWN ***
101nuts101: shows [Jh 6h] (a flush, Queen high)
Truelove13: mucks hand
101nuts101 collected $59.50 from pot
*** SUMMARY ***
Total pot $60 | Rake $0.50
Board [8h 4h Qh 2h 3h]
Seat 1: Truelove13 (big blind) mucked
Seat 2: 101nuts101 (button) (small blind) showed [Jh 6h] and won ($59.50) with a flush, Queen high


PokerStars Hand #145201809717:  Hold'em Limit ($3/$6 USD) - 2015/12/11 19:19:51 ET
Table 'Lova II' 2-max Seat #1 is the button
Seat 1: Truelove13 ($120 in chips)
Seat 2: 101nuts101 ($86.26 in chips)
Truelove13: posts small blind $1
101nuts101: posts big blind $3
*** HOLE CARDS ***
Truelove13: raises $3 to $6
101nuts101: folds
Uncalled bet ($3) returned to Truelove13
Truelove13 collected $6 from pot
*** SUMMARY ***
Total pot $6 | Rake $0
Seat 1: Truelove13 (button) (small blind) collected ($6)
Seat 2: 101nuts101 (big blind) folded before Flop


