PokerStars Hand #165449277612:  Hold'em Limit ($3/$6 USD) - 2017/01/31 6:56:29 ET
Table 'Lova' 10-max Seat #2 is the button
Seat 2: B_loJkl ($150 in chips)
Seat 3: tony42824 ($120 in chips)
kolaz03 joins the table at seat #4
B_loJkl: posts small blind $1
tony42824: posts big blind $3
*** HOLE CARDS ***
B_loJkl: raises $3 to $6
tony42824: calls $3
*** FLOP *** [4d Kh Th]
Agrotait leaves the table
tony42824: bets $3
B_loJkl: calls $3
*** TURN *** [4d Kh Th] [7s]
tony42824: bets $6
B_loJkl: folds
Uncalled bet ($6) returned to tony42824
tony42824 collected $17.64 from pot
*** SUMMARY ***
Total pot $18 | Rake $0.36
Board [4d Kh Th 7s]
Seat 2: B_loJkl (button) (small blind) folded on the Turn
Seat 3: tony42824 (big blind) collected ($17.64)


PokerStars Hand #165449466677:  Hold'em Limit ($3/$6 USD) - 2017/01/31 7:03:05 ET
Table 'Lova' 10-max Seat #4 is the button
Seat 3: tony42824 ($110.57 in chips)
Seat 4: kolaz03 ($120.14 in chips)
kolaz03: posts small blind $1
RockKillerTY: is sitting out
tony42824: posts big blind $3
*** HOLE CARDS ***
RockKillerTY leaves the table
kolaz03: folds
Uncalled bet ($2) returned to tony42824
tony42824 collected $2 from pot
*** SUMMARY ***
Total pot $2 | Rake $0
Seat 3: tony42824 (big blind) collected ($2)
Seat 4: kolaz03 (button) (small blind) folded before Flop


PokerStars Hand #165449481735:  Hold'em Limit ($3/$6 USD) - 2017/01/31 7:03:34 ET
Table 'Lova' 10-max Seat #4 is the button
Seat 3: tony42824 ($126.07 in chips)
Seat 4: kolaz03 ($104.14 in chips)
kolaz03: posts small blind $1
tony42824: posts big blind $3
*** HOLE CARDS ***
kolaz03: raises $3 to $6
tony42824: calls $3
*** FLOP *** [6c 2h 9h]
tony42824: bets $3
kolaz03: calls $3
*** TURN *** [6c 2h 9h] [4d]
tony42824: bets $6
kolaz03: raises $6 to $12
tony42824: calls $6
*** RIVER *** [6c 2h 9h 4d] [Qc]
tony42824: checks
kolaz03: bets $6
tony42824: calls $6
*** SHOW DOWN ***
kolaz03: shows [5d 7h] (high card Queen)
tony42824: shows [7s 6h] (a pair of Sixes)
tony42824 collected $53.50 from pot
*** SUMMARY ***
Total pot $54 | Rake $0.50
Board [6c 2h 9h 4d Qc]
Seat 3: tony42824 (big blind) showed [7s 6h] and won ($53.50) with a pair of Sixes
Seat 4: kolaz03 (button) (small blind) showed [5d 7h] and lost with high card Queen


PokerStars Hand #165449469348:  Hold'em Limit ($3/$6 USD) - 2017/01/31 7:03:10 ET
Table 'Lova' 10-max Seat #3 is the button
Seat 3: tony42824 ($111.57 in chips)
Seat 4: kolaz03 ($119.14 in chips)
tony42824: posts small blind $1
kolaz03: posts big blind $3
*** HOLE CARDS ***
tony42824: raises $3 to $6
kolaz03: calls $3
*** FLOP *** [8c 7h As]
kolaz03: checks
tony42824: bets $3
kolaz03: calls $3
*** TURN *** [8c 7h As] [8s]
kolaz03: checks
tony42824: bets $6
kolaz03: calls $6
*** RIVER *** [8c 7h As 8s] [3s]
kolaz03: checks
tony42824: checks
*** SHOW DOWN ***
kolaz03: shows [5d 6s] (a pair of Eights)
tony42824: shows [6c Qs] (a pair of Eights - Ace+Queen kicker)
tony42824 collected $29.50 from pot
*** SUMMARY ***
Total pot $30 | Rake $0.50
Board [8c 7h As 8s 3s]
Seat 3: tony42824 (button) (small blind) showed [6c Qs] and won ($29.50) with a pair of Eights
Seat 4: kolaz03 (big blind) showed [5d 6s] and lost with a pair of Eights


PokerStars Hand #165449523325:  Hold'em Limit ($3/$6 USD) - 2017/01/31 7:04:54 ET
Table 'Lova' 10-max Seat #4 is the button
Seat 3: tony42824 ($164.09 in chips)
Seat 4: kolaz03 ($73 in chips)
kolaz03: posts small blind $1
tony42824: posts big blind $3
*** HOLE CARDS ***
kolaz03: folds
Uncalled bet ($2) returned to tony42824
tony42824 collected $2 from pot
*** SUMMARY ***
Total pot $2 | Rake $0
Seat 3: tony42824 (big blind) collected ($2)
Seat 4: kolaz03 (button) (small blind) folded before Flop


PokerStars Hand #165449519764:  Hold'em Limit ($3/$6 USD) - 2017/01/31 7:04:47 ET
Table 'Lova' 10-max Seat #3 is the button
Seat 3: tony42824 ($165.09 in chips)
Seat 4: kolaz03 ($72 in chips)
tony42824: posts small blind $1
kolaz03: posts big blind $3
*** HOLE CARDS ***
tony42824: folds
Uncalled bet ($2) returned to kolaz03
kolaz03 collected $2 from pot
kolaz03: doesn't show hand
*** SUMMARY ***
Total pot $2 | Rake $0
Seat 3: tony42824 (button) (small blind) folded before Flop
Seat 4: kolaz03 (big blind) collected ($2)


PokerStars Hand #165449513954:  Hold'em Limit ($3/$6 USD) - 2017/01/31 7:04:36 ET
Table 'Lova' 10-max Seat #4 is the button
Seat 3: tony42824 ($164.09 in chips)
Seat 4: kolaz03 ($72 in chips)
kolaz03: posts small blind $1
tony42824: posts big blind $3
*** HOLE CARDS ***
kolaz03: folds
Uncalled bet ($2) returned to tony42824
tony42824 collected $2 from pot
*** SUMMARY ***
Total pot $2 | Rake $0
Seat 3: tony42824 (big blind) collected ($2)
Seat 4: kolaz03 (button) (small blind) folded before Flop


PokerStars Hand #165449494008:  Hold'em Limit ($3/$6 USD) - 2017/01/31 7:03:58 ET
Table 'Lova' 10-max Seat #3 is the button
Seat 3: tony42824 ($152.57 in chips)
Seat 4: kolaz03 ($77.14 in chips)
tony42824: posts small blind $1
kolaz03: posts big blind $3
*** HOLE CARDS ***
tony42824: raises $3 to $6
kolaz03: raises $3 to $9
tony42824: calls $3
*** FLOP *** [Kd 8c 5d]
kolaz03: bets $3
tony42824: calls $3
*** TURN *** [Kd 8c 5d] [4c]
kolaz03: checks
tony42824: bets $6
kolaz03: folds
Uncalled bet ($6) returned to tony42824
tony42824 collected $23.52 from pot
*** SUMMARY ***
Total pot $24 | Rake $0.48
Board [Kd 8c 5d 4c]
Seat 3: tony42824 (button) (small blind) collected ($23.52)
Seat 4: kolaz03 (big blind) folded on the Turn


PokerStars Hand #165449525665:  Hold'em Limit ($3/$6 USD) - 2017/01/31 7:04:59 ET
Table 'Lova' 10-max Seat #3 is the button
Seat 3: tony42824 ($165.09 in chips)
Seat 4: kolaz03 ($72 in chips)
tony42824: posts small blind $1
kolaz03: posts big blind $3
*** HOLE CARDS ***
tony42824: raises $3 to $6
kolaz03: calls $3
*** FLOP *** [Qc 4h Js]
kolaz03: checks
tony42824: bets $3
kolaz03: calls $3
*** TURN *** [Qc 4h Js] [8h]
kolaz03: checks
tony42824: bets $6
kolaz03: raises $6 to $12
tony42824: calls $6
*** RIVER *** [Qc 4h Js 8h] [Ad]
kolaz03: bets $6
tony42824: calls $6
*** SHOW DOWN ***
kolaz03: shows [Jh 8d] (two pair, Jacks and Eights)
B_loJkl joins the table at seat #5
tony42824: mucks hand
kolaz03 collected $53.50 from pot
*** SUMMARY ***
Total pot $54 | Rake $0.50
Board [Qc 4h Js 8h Ad]
Seat 3: tony42824 (button) (small blind) mucked
Seat 4: kolaz03 (big blind) showed [Jh 8d] and won ($53.50) with two pair, Jacks and Eights


PokerStars Hand #165463193406:  Hold'em Limit ($3/$6 USD) - 2017/01/31 12:41:44 ET
Table 'Lova' 10-max Seat #7 is the button
Seat 2: B_loJkl ($143.71 in chips)
Seat 7: **PIRANA** ($151.74 in chips)
**PIRANA**: posts small blind $1
Sleeper007: is sitting out
B_loJkl: posts big blind $3
*** HOLE CARDS ***
Sleeper007 leaves the table
**PIRANA**: raises $3 to $6
B_loJkl: calls $3
*** FLOP *** [Jc Th 6s]
B_loJkl: checks
**PIRANA**: bets $3
B_loJkl: calls $3
*** TURN *** [Jc Th 6s] [5d]
B_loJkl: checks
**PIRANA**: bets $6
B_loJkl: calls $6
*** RIVER *** [Jc Th 6s 5d] [9c]
B_loJkl: checks
**PIRANA**: checks
*** SHOW DOWN ***
B_loJkl: shows [5s Qs] (a pair of Fives)
**PIRANA**: shows [3c 6c] (a pair of Sixes)
**PIRANA** collected $29.50 from pot
*** SUMMARY ***
Total pot $30 | Rake $0.50
Board [Jc Th 6s 5d 9c]
Seat 2: B_loJkl (big blind) showed [5s Qs] and lost with a pair of Fives
Seat 7: **PIRANA** (button) (small blind) showed [3c 6c] and won ($29.50) with a pair of Sixes


PokerStars Hand #165467199028:  Hold'em Limit ($3/$6 USD) - 2017/01/31 13:55:34 ET
Table 'Lova' 10-max Seat #6 is the button
Seat 6: sim5sim5 ($72 in chips)
Seat 7: sokol-max-PS ($72 in chips)
sim5sim5: posts small blind $1
sokol-max-PS: posts big blind $3
*** HOLE CARDS ***
sim5sim5: raises $3 to $6
sokol-max-PS: raises $3 to $9
sim5sim5: calls $3
*** FLOP *** [6s Ad 4d]
sokol-max-PS: bets $3
sim5sim5: folds
Uncalled bet ($3) returned to sokol-max-PS
sokol-max-PS collected $17.64 from pot
sokol-max-PS: doesn't show hand
*** SUMMARY ***
Total pot $18 | Rake $0.36
Board [6s Ad 4d]
Seat 6: sim5sim5 (button) (small blind) folded on the Flop
Seat 7: sokol-max-PS (big blind) collected ($17.64)


PokerStars Hand #165467255400:  Hold'em Limit ($3/$6 USD) - 2017/01/31 13:56:46 ET
Table 'Lova' 10-max Seat #6 is the button
Seat 6: sim5sim5 ($72 in chips)
Seat 7: sokol-max-PS ($85.28 in chips)
sim5sim5: posts small blind $1
sokol-max-PS: posts big blind $3
*** HOLE CARDS ***
sim5sim5: folds
Uncalled bet ($2) returned to sokol-max-PS
sokol-max-PS collected $2 from pot
sokol-max-PS: doesn't show hand
*** SUMMARY ***
Total pot $2 | Rake $0
Seat 6: sim5sim5 (button) (small blind) folded before Flop
Seat 7: sokol-max-PS (big blind) collected ($2)


PokerStars Hand #165467233478:  Hold'em Limit ($3/$6 USD) - 2017/01/31 13:56:18 ET
Table 'Lova' 10-max Seat #7 is the button
Seat 6: sim5sim5 ($76 in chips)
Seat 7: sokol-max-PS ($76.64 in chips)
sokol-max-PS: posts small blind $1
sim5sim5: posts big blind $3
*** HOLE CARDS ***
sokol-max-PS: raises $3 to $6
sim5sim5: calls $3
*** FLOP *** [5h 2d 3d]
sim5sim5: checks
sokol-max-PS: bets $3
sim5sim5: calls $3
*** TURN *** [5h 2d 3d] [2s]
sim5sim5: checks
sokol-max-PS: checks
*** RIVER *** [5h 2d 3d 2s] [Ks]
sim5sim5: checks
sokol-max-PS: checks
*** SHOW DOWN ***
sim5sim5: shows [Jd 7s] (a pair of Deuces)
sokol-max-PS: shows [Qc 9c] (a pair of Deuces - King+Queen kicker)
sokol-max-PS collected $17.64 from pot
*** SUMMARY ***
Total pot $18 | Rake $0.36
Board [5h 2d 3d 2s Ks]
Seat 6: sim5sim5 (big blind) showed [Jd 7s] and lost with a pair of Deuces
Seat 7: sokol-max-PS (button) (small blind) showed [Qc 9c] and won ($17.64) with a pair of Deuces


PokerStars Hand #165467225766:  Hold'em Limit ($3/$6 USD) - 2017/01/31 13:56:08 ET
Table 'Lova' 10-max Seat #6 is the button
Seat 6: sim5sim5 ($73 in chips)
Seat 7: sokol-max-PS ($79.64 in chips)
sim5sim5: posts small blind $1
sokol-max-PS: posts big blind $3
*** HOLE CARDS ***
sim5sim5: raises $3 to $6
sokol-max-PS: folds
Uncalled bet ($3) returned to sim5sim5
sim5sim5 collected $6 from pot
sim5sim5: doesn't show hand
*** SUMMARY ***
Total pot $6 | Rake $0
Seat 6: sim5sim5 (button) (small blind) collected ($6)
Seat 7: sokol-max-PS (big blind) folded before Flop


PokerStars Hand #165467216076:  Hold'em Limit ($3/$6 USD) - 2017/01/31 13:55:56 ET
Table 'Lova' 10-max Seat #7 is the button
Seat 6: sim5sim5 ($72 in chips)
Seat 7: sokol-max-PS ($80.64 in chips)
sokol-max-PS: posts small blind $1
sim5sim5: posts big blind $3
*** HOLE CARDS ***
sokol-max-PS: folds
Uncalled bet ($2) returned to sim5sim5
sim5sim5 collected $2 from pot
sim5sim5: doesn't show hand
*** SUMMARY ***
Total pot $2 | Rake $0
Seat 6: sim5sim5 (big blind) collected ($2)
Seat 7: sokol-max-PS (button) (small blind) folded before Flop


PokerStars Hand #165467285972:  Hold'em Limit ($3/$6 USD) - 2017/01/31 13:57:26 ET
Table 'Lova' 10-max Seat #6 is the button
Seat 6: sim5sim5 ($98.50 in chips)
Seat 7: sokol-max-PS ($59.28 in chips)
sim5sim5: posts small blind $1
sokol-max-PS: posts big blind $3
*** HOLE CARDS ***
sim5sim5: raises $3 to $6
sokol-max-PS: raises $3 to $9
sim5sim5: calls $3
*** FLOP *** [8s 8h 2c]
sokol-max-PS: bets $3
sim5sim5: folds
Uncalled bet ($3) returned to sokol-max-PS
sokol-max-PS collected $17.64 from pot
sokol-max-PS: doesn't show hand
*** SUMMARY ***
Total pot $18 | Rake $0.36
Board [8s 8h 2c]
Seat 6: sim5sim5 (button) (small blind) folded on the Flop
Seat 7: sokol-max-PS (big blind) collected ($17.64)


PokerStars Hand #165467261907:  Hold'em Limit ($3/$6 USD) - 2017/01/31 13:56:55 ET
Table 'Lova' 10-max Seat #7 is the button
Seat 6: sim5sim5 ($72 in chips)
Seat 7: sokol-max-PS ($86.28 in chips)
sokol-max-PS: posts small blind $1
sim5sim5: posts big blind $3
*** HOLE CARDS ***
sokol-max-PS: raises $3 to $6
sim5sim5: calls $3
*** FLOP *** [Kh 2d 9h]
sim5sim5: checks
sokol-max-PS: bets $3
sim5sim5: raises $3 to $6
sokol-max-PS: raises $3 to $9
sim5sim5: calls $3
*** TURN *** [Kh 2d 9h] [4d]
sim5sim5: checks
sokol-max-PS: bets $6
sim5sim5: calls $6
*** RIVER *** [Kh 2d 9h 4d] [7s]
sim5sim5: checks
sokol-max-PS: bets $6
sim5sim5: calls $6
*** SHOW DOWN ***
sokol-max-PS: shows [Jh 6h] (high card King)
sim5sim5: shows [6s Ks] (a pair of Kings)
sim5sim5 collected $53.50 from pot
*** SUMMARY ***
Total pot $54 | Rake $0.50
Board [Kh 2d 9h 4d 7s]
Seat 6: sim5sim5 (big blind) showed [6s Ks] and won ($53.50) with a pair of Kings
Seat 7: sokol-max-PS (button) (small blind) showed [Jh 6h] and lost with high card King


PokerStars Hand #165467347044:  Hold'em Limit ($3/$6 USD) - 2017/01/31 13:58:44 ET
Table 'Lova' 10-max Seat #6 is the button
Seat 6: sim5sim5 ($83.26 in chips)
Seat 7: sokol-max-PS ($73.56 in chips)
sim5sim5: posts small blind $1
sokol-max-PS: posts big blind $3
*** HOLE CARDS ***
sim5sim5: raises $3 to $6
sokol-max-PS: raises $3 to $9
sim5sim5: calls $3
*** FLOP *** [Qs Ad 6c]
sokol-max-PS: bets $3
sim5sim5: folds
Uncalled bet ($3) returned to sokol-max-PS
sokol-max-PS collected $17.64 from pot
sokol-max-PS: doesn't show hand
*** SUMMARY ***
Total pot $18 | Rake $0.36
Board [Qs Ad 6c]
Seat 6: sim5sim5 (button) (small blind) folded on the Flop
Seat 7: sokol-max-PS (big blind) collected ($17.64)


PokerStars Hand #165467340154:  Hold'em Limit ($3/$6 USD) - 2017/01/31 13:58:35 ET
Table 'Lova' 10-max Seat #7 is the button
Seat 6: sim5sim5 ($86.26 in chips)
Seat 7: sokol-max-PS ($70.56 in chips)
sokol-max-PS: posts small blind $1
sim5sim5: posts big blind $3
*** HOLE CARDS ***
sokol-max-PS: raises $3 to $6
sim5sim5: folds
Uncalled bet ($3) returned to sokol-max-PS
sokol-max-PS collected $6 from pot
sokol-max-PS: doesn't show hand
*** SUMMARY ***
Total pot $6 | Rake $0
Seat 6: sim5sim5 (big blind) folded before Flop
Seat 7: sokol-max-PS (button) (small blind) collected ($6)


PokerStars Hand #165467333919:  Hold'em Limit ($3/$6 USD) - 2017/01/31 13:58:27 ET
Table 'Lova' 10-max Seat #6 is the button
Seat 6: sim5sim5 ($87.26 in chips)
Seat 7: sokol-max-PS ($69.56 in chips)
sim5sim5: posts small blind $1
sokol-max-PS: posts big blind $3
*** HOLE CARDS ***
sim5sim5: folds
Uncalled bet ($2) returned to sokol-max-PS
sokol-max-PS collected $2 from pot
sokol-max-PS: doesn't show hand
*** SUMMARY ***
Total pot $2 | Rake $0
Seat 6: sim5sim5 (button) (small blind) folded before Flop
Seat 7: sokol-max-PS (big blind) collected ($2)


PokerStars Hand #165467329823:  Hold'em Limit ($3/$6 USD) - 2017/01/31 13:58:22 ET
Table 'Lova' 10-max Seat #7 is the button
Seat 6: sim5sim5 ($86.26 in chips)
Seat 7: sokol-max-PS ($70.56 in chips)
sokol-max-PS: posts small blind $1
sim5sim5: posts big blind $3
*** HOLE CARDS ***
sokol-max-PS: folds
Uncalled bet ($2) returned to sim5sim5
sim5sim5 collected $2 from pot
sim5sim5: doesn't show hand
*** SUMMARY ***
Total pot $2 | Rake $0
Seat 6: sim5sim5 (big blind) collected ($2)
Seat 7: sokol-max-PS (button) (small blind) folded before Flop


PokerStars Hand #165467316858:  Hold'em Limit ($3/$6 USD) - 2017/01/31 13:58:05 ET
Table 'Lova' 10-max Seat #6 is the button
Seat 6: sim5sim5 ($80.50 in chips)
Seat 7: sokol-max-PS ($76.56 in chips)
sim5sim5: posts small blind $1
sokol-max-PS: posts big blind $3
*** HOLE CARDS ***
sim5sim5: raises $3 to $6
sokol-max-PS: calls $3
*** FLOP *** [Ks 8h Jd]
sokol-max-PS: checks
sim5sim5: bets $3
sokol-max-PS: folds
Uncalled bet ($3) returned to sim5sim5
sim5sim5 collected $11.76 from pot
sim5sim5: doesn't show hand
*** SUMMARY ***
Total pot $12 | Rake $0.24
Board [Ks 8h Jd]
Seat 6: sim5sim5 (button) (small blind) collected ($11.76)
Seat 7: sokol-max-PS (big blind) folded on the Flop


PokerStars Hand #165467297189:  Hold'em Limit ($3/$6 USD) - 2017/01/31 13:57:40 ET
Table 'Lova' 10-max Seat #7 is the button
Seat 6: sim5sim5 ($89.50 in chips)
Seat 7: sokol-max-PS ($67.92 in chips)
sokol-max-PS: posts small blind $1
sim5sim5: posts big blind $3
*** HOLE CARDS ***
sokol-max-PS: raises $3 to $6
sim5sim5: calls $3
*** FLOP *** [4d Jd Qd]
sim5sim5: checks
sokol-max-PS: bets $3
sim5sim5: calls $3
*** TURN *** [4d Jd Qd] [Jc]
sim5sim5: checks
sokol-max-PS: checks
*** RIVER *** [4d Jd Qd Jc] [2c]
sim5sim5: checks
sokol-max-PS: bets $6
sim5sim5: folds
Uncalled bet ($6) returned to sokol-max-PS
sokol-max-PS collected $17.64 from pot
sokol-max-PS: doesn't show hand
*** SUMMARY ***
Total pot $18 | Rake $0.36
Board [4d Jd Qd Jc 2c]
Seat 6: sim5sim5 (big blind) folded on the River
Seat 7: sokol-max-PS (button) (small blind) collected ($17.64)


PokerStars Hand #165467403152:  Hold'em Limit ($3/$6 USD) - 2017/01/31 13:59:55 ET
Table 'Lova' 10-max Seat #6 is the button
Seat 6: sim5sim5 ($77.76 in chips)
Seat 7: sokol-max-PS ($102.34 in chips)
sim5sim5: posts small blind $1
sokol-max-PS: posts big blind $3
*** HOLE CARDS ***
sim5sim5: raises $3 to $6
sokol-max-PS: folds
Uncalled bet ($3) returned to sim5sim5
sim5sim5 collected $6 from pot
sim5sim5: doesn't show hand
*** SUMMARY ***
Total pot $6 | Rake $0
Seat 6: sim5sim5 (button) (small blind) collected ($6)
Seat 7: sokol-max-PS (big blind) folded before Flop


PokerStars Hand #165467390459:  Hold'em Limit ($3/$6 USD) - 2017/01/31 13:59:39 ET
Table 'Lova' 10-max Seat #7 is the button
Seat 6: sim5sim5 ($72 in chips)
Seat 7: sokol-max-PS ($108.34 in chips)
sokol-max-PS: posts small blind $1
sim5sim5: posts big blind $3
*** HOLE CARDS ***
sokol-max-PS: calls $2
sim5sim5: raises $3 to $6
sokol-max-PS: calls $3
*** FLOP *** [9c Ah 9s]
sim5sim5: bets $3
sokol-max-PS: folds
Uncalled bet ($3) returned to sim5sim5
sim5sim5 collected $11.76 from pot
sim5sim5: doesn't show hand
*** SUMMARY ***
Total pot $12 | Rake $0.24
Board [9c Ah 9s]
Seat 6: sim5sim5 (big blind) collected ($11.76)
Seat 7: sokol-max-PS (button) (small blind) folded on the Flop


PokerStars Hand #165467369325:  Hold'em Limit ($3/$6 USD) - 2017/01/31 13:59:12 ET
Table 'Lova' 10-max Seat #6 is the button
Seat 6: sim5sim5 ($72 in chips)
Seat 7: sokol-max-PS ($90.84 in chips)
sim5sim5: posts small blind $1
sokol-max-PS: posts big blind $3
*** HOLE CARDS ***
sim5sim5: raises $3 to $6
sokol-max-PS: calls $3
*** FLOP *** [9h 6s 7h]
sokol-max-PS: checks
sim5sim5: bets $3
sokol-max-PS: raises $3 to $6
sim5sim5: calls $3
*** TURN *** [9h 6s 7h] [Ah]
sokol-max-PS: bets $6
sim5sim5: calls $6
*** RIVER *** [9h 6s 7h Ah] [Qc]
sokol-max-PS: checks
sim5sim5: checks
*** SHOW DOWN ***
sokol-max-PS: shows [Ks 6h] (a pair of Sixes)
sim5sim5: mucks hand
sokol-max-PS collected $35.50 from pot
*** SUMMARY ***
Total pot $36 | Rake $0.50
Board [9h 6s 7h Ah Qc]
Seat 6: sim5sim5 (button) (small blind) mucked
Seat 7: sokol-max-PS (big blind) showed [Ks 6h] and won ($35.50) with a pair of Sixes


PokerStars Hand #165467356526:  Hold'em Limit ($3/$6 USD) - 2017/01/31 13:58:56 ET
Table 'Lova' 10-max Seat #7 is the button
Seat 6: sim5sim5 ($74.26 in chips)
Seat 7: sokol-max-PS ($82.20 in chips)
sokol-max-PS: posts small blind $1
sim5sim5: posts big blind $3
*** HOLE CARDS ***
sokol-max-PS: raises $3 to $6
sim5sim5: calls $3
*** FLOP *** [6h 4s 8h]
sim5sim5: checks
sokol-max-PS: bets $3
sim5sim5: calls $3
*** TURN *** [6h 4s 8h] [Td]
sim5sim5: checks
sokol-max-PS: bets $6
sim5sim5: folds
Uncalled bet ($6) returned to sokol-max-PS
sokol-max-PS collected $17.64 from pot
sokol-max-PS: doesn't show hand
*** SUMMARY ***
Total pot $18 | Rake $0.36
Board [6h 4s 8h Td]
Seat 6: sim5sim5 (big blind) folded on the Turn
Seat 7: sokol-max-PS (button) (small blind) collected ($17.64)


PokerStars Hand #165467442728:  Hold'em Limit ($3/$6 USD) - 2017/01/31 14:00:43 ET
Table 'Lova' 10-max Seat #6 is the button
Seat 6: sim5sim5 ($78.76 in chips)
Seat 7: sokol-max-PS ($100.98 in chips)
sim5sim5: posts small blind $1
sokol-max-PS: posts big blind $3
*** HOLE CARDS ***
sim5sim5: raises $3 to $6
sokol-max-PS: calls $3
*** FLOP *** [Jh 8d 5s]
sokol-max-PS: checks
sim5sim5: bets $3
sokol-max-PS: raises $3 to $6
sim5sim5: folds
Uncalled bet ($3) returned to sokol-max-PS
sokol-max-PS collected $17.64 from pot
sokol-max-PS: doesn't show hand
*** SUMMARY ***
Total pot $18 | Rake $0.36
Board [Jh 8d 5s]
Seat 6: sim5sim5 (button) (small blind) folded on the Flop
Seat 7: sokol-max-PS (big blind) collected ($17.64)


PokerStars Hand #165467438283:  Hold'em Limit ($3/$6 USD) - 2017/01/31 14:00:38 ET
Table 'Lova' 10-max Seat #7 is the button
Seat 6: sim5sim5 ($77.76 in chips)
Seat 7: sokol-max-PS ($101.98 in chips)
sokol-max-PS: posts small blind $1
sim5sim5: posts big blind $3
*** HOLE CARDS ***
sokol-max-PS: folds
Uncalled bet ($2) returned to sim5sim5
sim5sim5 collected $2 from pot
sim5sim5: doesn't show hand
*** SUMMARY ***
Total pot $2 | Rake $0
Seat 6: sim5sim5 (big blind) collected ($2)
Seat 7: sokol-max-PS (button) (small blind) folded before Flop


PokerStars Hand #165467427467:  Hold'em Limit ($3/$6 USD) - 2017/01/31 14:00:25 ET
Table 'Lova' 10-max Seat #6 is the button
Seat 6: sim5sim5 ($72 in chips)
Seat 7: sokol-max-PS ($107.98 in chips)
sim5sim5: posts small blind $1
sokol-max-PS: posts big blind $3
*** HOLE CARDS ***
sim5sim5: raises $3 to $6
sokol-max-PS: calls $3
*** FLOP *** [9s 6c Ks]
sokol-max-PS: checks
sim5sim5: bets $3
sokol-max-PS: folds
Uncalled bet ($3) returned to sim5sim5
sim5sim5 collected $11.76 from pot
sim5sim5: doesn't show hand
*** SUMMARY ***
Total pot $12 | Rake $0.24
Board [9s 6c Ks]
Seat 6: sim5sim5 (button) (small blind) collected ($11.76)
Seat 7: sokol-max-PS (big blind) folded on the Flop


PokerStars Hand #165467408035:  Hold'em Limit ($3/$6 USD) - 2017/01/31 14:00:01 ET
Table 'Lova' 10-max Seat #7 is the button
Seat 6: sim5sim5 ($80.76 in chips)
Seat 7: sokol-max-PS ($99.34 in chips)
sokol-max-PS: posts small blind $1
sim5sim5: posts big blind $3
*** HOLE CARDS ***
sokol-max-PS: raises $3 to $6
sim5sim5: calls $3
*** FLOP *** [7s 2d Jd]
sim5sim5: checks
sokol-max-PS: bets $3
sim5sim5: calls $3
*** TURN *** [7s 2d Jd] [3h]
sim5sim5: checks
sokol-max-PS: checks
*** RIVER *** [7s 2d Jd 3h] [As]
sim5sim5: checks
sokol-max-PS: bets $6
sim5sim5: folds
Uncalled bet ($6) returned to sokol-max-PS
sokol-max-PS collected $17.64 from pot
sokol-max-PS: doesn't show hand
*** SUMMARY ***
Total pot $18 | Rake $0.36
Board [7s 2d Jd 3h As]
Seat 6: sim5sim5 (big blind) folded on the River
Seat 7: sokol-max-PS (button) (small blind) collected ($17.64)


PokerStars Hand #165467466496:  Hold'em Limit ($3/$6 USD) - 2017/01/31 14:01:10 ET
Table 'Lova' 10-max Seat #7 is the button
Seat 6: sim5sim5 ($72 in chips)
Seat 7: sokol-max-PS ($109.62 in chips)
sokol-max-PS: posts small blind $1
sim5sim5: posts big blind $3
*** HOLE CARDS ***
sokol-max-PS: raises $3 to $6
sim5sim5: calls $3
*** FLOP *** [Th 4d 2c]
sim5sim5: checks
sokol-max-PS: bets $3
sim5sim5: raises $3 to $6
sokol-max-PS: calls $3
*** TURN *** [Th 4d 2c] [9h]
sim5sim5: bets $6
sokol-max-PS: raises $6 to $12
nimzon joins the table at seat #8
sim5sim5: folds
Uncalled bet ($6) returned to sokol-max-PS
sokol-max-PS collected $35.50 from pot
sokol-max-PS: doesn't show hand
*** SUMMARY ***
Total pot $36 | Rake $0.50
Board [Th 4d 2c 9h]
Seat 6: sim5sim5 (big blind) folded on the Turn
Seat 7: sokol-max-PS (button) (small blind) collected ($35.50)


PokerStars Hand #165467460375:  Hold'em Limit ($3/$6 USD) - 2017/01/31 14:01:04 ET
Table 'Lova' 10-max Seat #6 is the button
Seat 6: sim5sim5 ($73 in chips)
Seat 7: sokol-max-PS ($108.62 in chips)
sim5sim5: posts small blind $1
sokol-max-PS: posts big blind $3
*** HOLE CARDS ***
sim5sim5: folds
Uncalled bet ($2) returned to sokol-max-PS
sokol-max-PS collected $2 from pot
sokol-max-PS: doesn't show hand
*** SUMMARY ***
Total pot $2 | Rake $0
Seat 6: sim5sim5 (button) (small blind) folded before Flop
Seat 7: sokol-max-PS (big blind) collected ($2)


PokerStars Hand #165467455886:  Hold'em Limit ($3/$6 USD) - 2017/01/31 14:00:58 ET
Table 'Lova' 10-max Seat #7 is the button
Seat 6: sim5sim5 ($72 in chips)
Seat 7: sokol-max-PS ($109.62 in chips)
sokol-max-PS: posts small blind $1
sim5sim5: posts big blind $3
*** HOLE CARDS ***
sokol-max-PS: folds
Uncalled bet ($2) returned to sim5sim5
sim5sim5 collected $2 from pot
sim5sim5: doesn't show hand
*** SUMMARY ***
Total pot $2 | Rake $0
Seat 6: sim5sim5 (big blind) collected ($2)
Seat 7: sokol-max-PS (button) (small blind) folded before Flop


PokerStars Hand #165467544963:  Hold'em Limit ($3/$6 USD) - 2017/01/31 14:02:35 ET
Table 'Lova' 10-max Seat #6 is the button
Seat 6: sim5sim5 ($73.64 in chips)
Seat 7: sokol-max-PS ($133.52 in chips)
sim5sim5: posts small blind $1
sokol-max-PS: posts big blind $3
*** HOLE CARDS ***
sim5sim5: raises $3 to $6
sokol-max-PS: calls $3
*** FLOP *** [3d Qs 4c]
sokol-max-PS: checks
sim5sim5: bets $3
sokol-max-PS: folds
Uncalled bet ($3) returned to sim5sim5
sim5sim5 collected $11.76 from pot
sim5sim5: doesn't show hand
*** SUMMARY ***
Total pot $12 | Rake $0.24
Board [3d Qs 4c]
Seat 6: sim5sim5 (button) (small blind) collected ($11.76)
Seat 7: sokol-max-PS (big blind) folded on the Flop


PokerStars Hand #165467526935:  Hold'em Limit ($3/$6 USD) - 2017/01/31 14:02:16 ET
Table 'Lova' 10-max Seat #7 is the button
Seat 6: sim5sim5 ($79.64 in chips)
Seat 7: sokol-max-PS ($127.76 in chips)
sokol-max-PS: posts small blind $1
sim5sim5: posts big blind $3
*** HOLE CARDS ***
sokol-max-PS: raises $3 to $6
sim5sim5: calls $3
*** FLOP *** [8s Th 7c]
sim5sim5: checks
sokol-max-PS: checks
*** TURN *** [8s Th 7c] [8h]
sim5sim5: checks
sokol-max-PS: checks
*** RIVER *** [8s Th 7c 8h] [Ac]
sim5sim5: checks
sokol-max-PS: checks
*** SHOW DOWN ***
sim5sim5: shows [5c 4h] (a pair of Eights)
sokol-max-PS: shows [Qd 4d] (a pair of Eights - Ace+Queen kicker)
sokol-max-PS collected $11.76 from pot
*** SUMMARY ***
Total pot $12 | Rake $0.24
Board [8s Th 7c 8h Ac]
Seat 6: sim5sim5 (big blind) showed [5c 4h] and lost with a pair of Eights
Seat 7: sokol-max-PS (button) (small blind) showed [Qd 4d] and won ($11.76) with a pair of Eights


PokerStars Hand #165467521006:  Hold'em Limit ($3/$6 USD) - 2017/01/31 14:02:10 ET
Table 'Lova' 10-max Seat #6 is the button
Seat 6: sim5sim5 ($80.64 in chips)
Seat 7: sokol-max-PS ($126.76 in chips)
sim5sim5: posts small blind $1
sokol-max-PS: posts big blind $3
*** HOLE CARDS ***
sim5sim5: folds
Uncalled bet ($2) returned to sokol-max-PS
sokol-max-PS collected $2 from pot
sokol-max-PS: doesn't show hand
*** SUMMARY ***
Total pot $2 | Rake $0
Seat 6: sim5sim5 (button) (small blind) folded before Flop
Seat 7: sokol-max-PS (big blind) collected ($2)


PokerStars Hand #165467501462:  Hold'em Limit ($3/$6 USD) - 2017/01/31 14:01:49 ET
Table 'Lova' 10-max Seat #7 is the button
Seat 6: sim5sim5 ($72 in chips)
Seat 7: sokol-max-PS ($135.76 in chips)
sokol-max-PS: posts small blind $1
sim5sim5: posts big blind $3
*** HOLE CARDS ***
sokol-max-PS: raises $3 to $6
sim5sim5: calls $3
*** FLOP *** [Jh 6d Th]
sim5sim5: checks
sokol-max-PS: bets $3
sim5sim5: calls $3
*** TURN *** [Jh 6d Th] [6h]
sim5sim5: checks
sokol-max-PS: checks
*** RIVER *** [Jh 6d Th 6h] [Js]
sim5sim5: checks
sokol-max-PS: checks
*** SHOW DOWN ***
sim5sim5: shows [Qh 8c] (two pair, Jacks and Sixes)
sokol-max-PS: mucks hand
sim5sim5 collected $17.64 from pot
*** SUMMARY ***
Total pot $18 | Rake $0.36
Board [Jh 6d Th 6h Js]
Seat 6: sim5sim5 (big blind) showed [Qh 8c] and won ($17.64) with two pair, Jacks and Sixes
Seat 7: sokol-max-PS (button) (small blind) mucked


PokerStars Hand #165467578948:  Hold'em Limit ($3/$6 USD) - 2017/01/31 14:03:11 ET
Table 'Lova' 10-max Seat #6 is the button
Seat 6: sim5sim5 ($90.92 in chips)
Seat 7: sokol-max-PS ($115.52 in chips)
sim5sim5: posts small blind $1
sokol-max-PS: posts big blind $3
*** HOLE CARDS ***
sim5sim5: folds
Uncalled bet ($2) returned to sokol-max-PS
sokol-max-PS collected $2 from pot
sokol-max-PS: doesn't show hand
*** SUMMARY ***
Total pot $2 | Rake $0
Seat 6: sim5sim5 (button) (small blind) folded before Flop
Seat 7: sokol-max-PS (big blind) collected ($2)


PokerStars Hand #165467557179:  Hold'em Limit ($3/$6 USD) - 2017/01/31 14:02:48 ET
Table 'Lova' 10-max Seat #7 is the button
Seat 6: sim5sim5 ($79.40 in chips)
Seat 7: sokol-max-PS ($127.52 in chips)
sokol-max-PS: posts small blind $1
sim5sim5: posts big blind $3
*** HOLE CARDS ***
sokol-max-PS: raises $3 to $6
sim5sim5: raises $3 to $9
busychilduk joins the table at seat #5
sokol-max-PS: calls $3
*** FLOP *** [8s 2c 9d]
sim5sim5: bets $3
sokol-max-PS: calls $3
*** TURN *** [8s 2c 9d] [Ks]
sim5sim5: bets $6
sokol-max-PS: folds
Uncalled bet ($6) returned to sim5sim5
sim5sim5 collected $23.52 from pot
sim5sim5: doesn't show hand
*** SUMMARY ***
Total pot $24 | Rake $0.48
Board [8s 2c 9d Ks]
Seat 6: sim5sim5 (big blind) collected ($23.52)
Seat 7: sokol-max-PS (button) (small blind) folded on the Turn


PokerStars Hand #165467673815:  Hold'em Limit ($3/$6 USD) - 2017/01/31 14:04:51 ET
Table 'Lova' 10-max Seat #1 is the button
Seat 1: sim5sim5 ($72 in chips)
Seat 7: sokol-max-PS ($157.20 in chips)
sim5sim5: posts small blind $1
sokol-max-PS: posts big blind $3
*** HOLE CARDS ***
busychilduk leaves the table
sim5sim5: raises $3 to $6
sokol-max-PS: folds
Uncalled bet ($3) returned to sim5sim5
sim5sim5 collected $6 from pot
sim5sim5: doesn't show hand
*** SUMMARY ***
Total pot $6 | Rake $0
Seat 1: sim5sim5 (button) (small blind) collected ($6)
Seat 7: sokol-max-PS (big blind) folded before Flop


PokerStars Hand #165467666887:  Hold'em Limit ($3/$6 USD) - 2017/01/31 14:04:43 ET
Table 'Lova' 10-max Seat #7 is the button
Seat 1: sim5sim5 ($72 in chips)
Seat 7: sokol-max-PS ($154.20 in chips)
sokol-max-PS: posts small blind $1
sim5sim5: posts big blind $3
*** HOLE CARDS ***
sokol-max-PS: raises $3 to $6
sim5sim5: folds
Uncalled bet ($3) returned to sokol-max-PS
sokol-max-PS collected $6 from pot
busychilduk said, "Pisies tu dirst krievs jobanais"
sokol-max-PS: doesn't show hand
*** SUMMARY ***
Total pot $6 | Rake $0
Seat 1: sim5sim5 (big blind) folded before Flop
Seat 7: sokol-max-PS (button) (small blind) collected ($6)


PokerStars Hand #165467649036:  Hold'em Limit ($3/$6 USD) - 2017/01/31 14:04:25 ET
Table 'Lova' 10-max Seat #5 is the button
Seat 5: busychilduk ($15.75 in chips)
Seat 7: sokol-max-PS ($138.95 in chips)
busychilduk: posts small blind $1
sokol-max-PS: posts big blind $3
*** HOLE CARDS ***
busychilduk: raises $3 to $6
sokol-max-PS: calls $3
*** FLOP *** [4s 9c Js]
sokol-max-PS: checks
busychilduk: bets $3
sokol-max-PS: calls $3
*** TURN *** [4s 9c Js] [6h]
sokol-max-PS: checks
busychilduk: bets $6
sokol-max-PS: raises $6 to $12
busychilduk: calls $0.75 and is all-in
Uncalled bet ($5.25) returned to sokol-max-PS
*** RIVER *** [4s 9c Js 6h] [2c]
*** SHOW DOWN ***
sokol-max-PS: shows [7d 4h] (a pair of Fours)
busychilduk: shows [Ad Kh] (high card Ace)
sokol-max-PS collected $31 from pot
*** SUMMARY ***
Total pot $31.50 | Rake $0.50
Board [4s 9c Js 6h 2c]
Seat 5: busychilduk (button) (small blind) showed [Ad Kh] and lost with high card Ace
Seat 7: sokol-max-PS (big blind) showed [7d 4h] and won ($31) with a pair of Fours


PokerStars Hand #165467633321:  Hold'em Limit ($3/$6 USD) - 2017/01/31 14:04:08 ET
Table 'Lova' 10-max Seat #7 is the button
Seat 5: busychilduk ($16 in chips)
Seat 7: sokol-max-PS ($139.20 in chips)
sokol-max-PS: posts small blind $1
busychilduk: posts big blind $3
*** HOLE CARDS ***
sokol-max-PS: raises $3 to $6
busychilduk: raises $3 to $9
sim5sim5 joins the table at seat #1
sokol-max-PS: raises $3 to $12
Betting is capped
busychilduk: calls $3
*** FLOP *** [Qc Tc 2c]
busychilduk: bets $3
sokol-max-PS: raises $3 to $6
busychilduk: calls $1 and is all-in
Uncalled bet ($2) returned to sokol-max-PS
*** TURN *** [Qc Tc 2c] [Ts]
*** RIVER *** [Qc Tc 2c Ts] [Kc]
*** SHOW DOWN ***
busychilduk: shows [Js Ah] (a straight, Ten to Ace)
sokol-max-PS: shows [Ad Jh] (a straight, Ten to Ace)
busychilduk collected $15.75 from pot
sokol-max-PS collected $15.75 from pot
*** SUMMARY ***
Total pot $32 | Rake $0.50
Board [Qc Tc 2c Ts Kc]
Seat 5: busychilduk (big blind) showed [Js Ah] and won ($15.75) with a straight, Ten to Ace
Seat 7: sokol-max-PS (button) (small blind) showed [Ad Jh] and won ($15.75) with a straight, Ten to Ace


PokerStars Hand #165467616565:  Hold'em Limit ($3/$6 USD) - 2017/01/31 14:03:50 ET
Table 'Lova' 10-max Seat #5 is the button
Seat 5: busychilduk ($22 in chips)
Seat 7: sokol-max-PS ($133.44 in chips)
busychilduk: posts small blind $1
sim5sim5: is sitting out
sokol-max-PS: posts big blind $3
*** HOLE CARDS ***
busychilduk: calls $2
sim5sim5 leaves the table
sokol-max-PS: checks
*** FLOP *** [Jc Ad As]
sokol-max-PS: checks
busychilduk: bets $3
sokol-max-PS: calls $3
*** TURN *** [Jc Ad As] [Ac]
sokol-max-PS: checks
busychilduk: checks
*** RIVER *** [Jc Ad As Ac] [3h]
sokol-max-PS: checks
busychilduk: checks
*** SHOW DOWN ***
sokol-max-PS: shows [2h Qs] (three of a kind, Aces)
busychilduk: mucks hand
sokol-max-PS collected $11.76 from pot
*** SUMMARY ***
Total pot $12 | Rake $0.24
Board [Jc Ad As Ac 3h]
Seat 5: busychilduk (button) (small blind) mucked
Seat 7: sokol-max-PS (big blind) showed [2h Qs] and won ($11.76) with three of a kind, Aces


PokerStars Hand #165467705421:  Hold'em Limit ($3/$6 USD) - 2017/01/31 14:05:23 ET
Table 'Lova' 10-max Seat #7 is the button
Seat 1: sim5sim5 ($77.76 in chips)
Seat 7: sokol-max-PS ($151.20 in chips)
sokol-max-PS: posts small blind $1
sim5sim5: posts big blind $3
*** HOLE CARDS ***
sokol-max-PS: raises $3 to $6
sim5sim5: calls $3
*** FLOP *** [7c 2s 9s]
sim5sim5: checks
sokol-max-PS: bets $3
sim5sim5: raises $3 to $6
sokol-max-PS: calls $3
*** TURN *** [7c 2s 9s] [6d]
sim5sim5: bets $6
sokol-max-PS: calls $6
*** RIVER *** [7c 2s 9s 6d] [6h]
sim5sim5: bets $6
sokol-max-PS: calls $6
*** SHOW DOWN ***
sim5sim5: shows [6s Td] (three of a kind, Sixes)
sokol-max-PS: mucks hand
sim5sim5 collected $47.50 from pot
*** SUMMARY ***
Total pot $48 | Rake $0.50
Board [7c 2s 9s 6d 6h]
Seat 1: sim5sim5 (big blind) showed [6s Td] and won ($47.50) with three of a kind, Sixes
Seat 7: sokol-max-PS (button) (small blind) mucked


PokerStars Hand #165467680187:  Hold'em Limit ($3/$6 USD) - 2017/01/31 14:04:57 ET
Table 'Lova' 10-max Seat #7 is the button
Seat 1: sim5sim5 ($75 in chips)
Seat 7: sokol-max-PS ($154.20 in chips)
sokol-max-PS: posts small blind $1
sim5sim5: posts big blind $3
*** HOLE CARDS ***
sokol-max-PS: raises $3 to $6
sim5sim5: folds
Uncalled bet ($3) returned to sokol-max-PS
sokol-max-PS collected $6 from pot
sokol-max-PS: doesn't show hand
*** SUMMARY ***
Total pot $6 | Rake $0
Seat 1: sim5sim5 (big blind) folded before Flop
Seat 7: sokol-max-PS (button) (small blind) collected ($6)


PokerStars Hand #165467690071:  Hold'em Limit ($3/$6 USD) - 2017/01/31 14:05:07 ET
Table 'Lova' 10-max Seat #1 is the button
Seat 1: sim5sim5 ($72 in chips)
Seat 7: sokol-max-PS ($157.20 in chips)
sim5sim5: posts small blind $1
sokol-max-PS: posts big blind $3
*** HOLE CARDS ***
sim5sim5: raises $3 to $6
sokol-max-PS: calls $3
*** FLOP *** [Qh Tc Th]
sokol-max-PS: checks
sim5sim5: bets $3
sokol-max-PS: folds
Uncalled bet ($3) returned to sim5sim5
sim5sim5 collected $11.76 from pot
sim5sim5: doesn't show hand
*** SUMMARY ***
Total pot $12 | Rake $0.24
Board [Qh Tc Th]
Seat 1: sim5sim5 (button) (small blind) collected ($11.76)
Seat 7: sokol-max-PS (big blind) folded on the Flop


PokerStars Hand #165467772809:  Hold'em Limit ($3/$6 USD) - 2017/01/31 14:06:33 ET
Table 'Lova' 10-max Seat #1 is the button
Seat 1: sim5sim5 ($91.90 in chips)
Seat 7: sokol-max-PS ($135.70 in chips)
sim5sim5: posts small blind $1
sokol-max-PS: posts big blind $3
*** HOLE CARDS ***
sim5sim5: raises $3 to $6
sokol-max-PS: raises $3 to $9
sim5sim5: calls $3
*** FLOP *** [Th 6d 4s]
sokol-max-PS: bets $3
sim5sim5: folds
Uncalled bet ($3) returned to sokol-max-PS
sokol-max-PS collected $17.64 from pot
sokol-max-PS: doesn't show hand
*** SUMMARY ***
Total pot $18 | Rake $0.36
Board [Th 6d 4s]
Seat 1: sim5sim5 (button) (small blind) folded on the Flop
Seat 7: sokol-max-PS (big blind) collected ($17.64)


PokerStars Hand #165467728387:  Hold'em Limit ($3/$6 USD) - 2017/01/31 14:05:47 ET
Table 'Lova' 10-max Seat #1 is the button
Seat 1: sim5sim5 ($101.26 in chips)
Seat 7: sokol-max-PS ($127.20 in chips)
sim5sim5: posts small blind $1
sokol-max-PS: posts big blind $3
*** HOLE CARDS ***
sim5sim5: raises $3 to $6
sokol-max-PS: raises $3 to $9
sim5sim5: calls $3
*** FLOP *** [Ad 6s 8d]
sokol-max-PS: bets $3
sim5sim5: calls $3
*** TURN *** [Ad 6s 8d] [3d]
sokol-max-PS: bets $6
sim5sim5: calls $6
*** RIVER *** [Ad 6s 8d 3d] [Ac]
sokol-max-PS: bets $6
sim5sim5: folds
Uncalled bet ($6) returned to sokol-max-PS
sokol-max-PS collected $35.50 from pot
sokol-max-PS: doesn't show hand
*** SUMMARY ***
Total pot $36 | Rake $0.50
Board [Ad 6s 8d 3d Ac]
Seat 1: sim5sim5 (button) (small blind) folded on the River
Seat 7: sokol-max-PS (big blind) collected ($35.50)


PokerStars Hand #165467751955:  Hold'em Limit ($3/$6 USD) - 2017/01/31 14:06:12 ET
Table 'Lova' 10-max Seat #7 is the button
Seat 1: sim5sim5 ($83.26 in chips)
Seat 7: sokol-max-PS ($144.70 in chips)
sokol-max-PS: posts small blind $1
sim5sim5: posts big blind $3
*** HOLE CARDS ***
sokol-max-PS: raises $3 to $6
sim5sim5: calls $3
*** FLOP *** [2s 3d 6c]
sim5sim5: checks
sokol-max-PS: bets $3
sim5sim5: calls $3
*** TURN *** [2s 3d 6c] [Qd]
sim5sim5: checks
sokol-max-PS: checks
*** RIVER *** [2s 3d 6c Qd] [Qs]
sim5sim5: bets $6
sokol-max-PS: folds
Uncalled bet ($6) returned to sim5sim5
sim5sim5 collected $17.64 from pot
sim5sim5: doesn't show hand
*** SUMMARY ***
Total pot $18 | Rake $0.36
Board [2s 3d 6c Qd Qs]
Seat 1: sim5sim5 (big blind) collected ($17.64)
Seat 7: sokol-max-PS (button) (small blind) folded on the River


PokerStars Hand #165467794892:  Hold'em Limit ($3/$6 USD) - 2017/01/31 14:06:56 ET
Table 'Lova' 10-max Seat #7 is the button
Seat 1: sim5sim5 ($82.90 in chips)
Seat 7: sokol-max-PS ($144.34 in chips)
sokol-max-PS: posts small blind $1
sim5sim5: posts big blind $3
*** HOLE CARDS ***
sokol-max-PS: raises $3 to $6
sim5sim5: calls $3
*** FLOP *** [Qd Qs 6d]
sim5sim5: checks
sokol-max-PS: bets $3
sim5sim5: calls $3
*** TURN *** [Qd Qs 6d] [9d]
sim5sim5: checks
sokol-max-PS: bets $6
sim5sim5: calls $6
*** RIVER *** [Qd Qs 6d 9d] [2s]
sim5sim5: checks
sokol-max-PS: bets $6
sim5sim5: calls $6
*** SHOW DOWN ***
sokol-max-PS: shows [6s Kd] (two pair, Queens and Sixes)
sim5sim5: shows [6h As] (two pair, Queens and Sixes - Ace kicker)
sim5sim5 collected $41.50 from pot
*** SUMMARY ***
Total pot $42 | Rake $0.50
Board [Qd Qs 6d 9d 2s]
Seat 1: sim5sim5 (big blind) showed [6h As] and won ($41.50) with two pair, Queens and Sixes
Seat 7: sokol-max-PS (button) (small blind) showed [6s Kd] and lost with two pair, Queens and Sixes


PokerStars Hand #165467824563:  Hold'em Limit ($3/$6 USD) - 2017/01/31 14:07:27 ET
Table 'Lova' 10-max Seat #1 is the button
Seat 1: sim5sim5 ($103.40 in chips)
Seat 7: sokol-max-PS ($123.34 in chips)
sim5sim5: posts small blind $1
sokol-max-PS: posts big blind $3
*** HOLE CARDS ***
sim5sim5: raises $3 to $6
sokol-max-PS: raises $3 to $9
sim5sim5: calls $3
*** FLOP *** [4c Jh 7d]
sokol-max-PS: bets $3
sim5sim5: calls $3
*** TURN *** [4c Jh 7d] [5c]
sokol-max-PS: checks
sim5sim5: checks
*** RIVER *** [4c Jh 7d 5c] [3d]
sokol-max-PS: checks
sim5sim5: checks
*** SHOW DOWN ***
sokol-max-PS: shows [Th Ah] (high card Ace)
sim5sim5: mucks hand
sokol-max-PS collected $23.52 from pot
*** SUMMARY ***
Total pot $24 | Rake $0.48
Board [4c Jh 7d 5c 3d]
Seat 1: sim5sim5 (button) (small blind) mucked
Seat 7: sokol-max-PS (big blind) showed [Th Ah] and won ($23.52) with high card Ace


PokerStars Hand #165467849712:  Hold'em Limit ($3/$6 USD) - 2017/01/31 14:07:53 ET
Table 'Lova' 10-max Seat #7 is the button
Seat 1: sim5sim5 ($91.40 in chips)
Seat 7: sokol-max-PS ($134.86 in chips)
sokol-max-PS: posts small blind $1
sim5sim5: posts big blind $3
*** HOLE CARDS ***
sokol-max-PS: raises $3 to $6
sim5sim5: folds
Uncalled bet ($3) returned to sokol-max-PS
sokol-max-PS collected $6 from pot
sokol-max-PS: doesn't show hand
*** SUMMARY ***
Total pot $6 | Rake $0
Seat 1: sim5sim5 (big blind) folded before Flop
Seat 7: sokol-max-PS (button) (small blind) collected ($6)


PokerStars Hand #165467857706:  Hold'em Limit ($3/$6 USD) - 2017/01/31 14:08:01 ET
Table 'Lova' 10-max Seat #1 is the button
Seat 1: sim5sim5 ($88.40 in chips)
Seat 7: sokol-max-PS ($137.86 in chips)
sim5sim5: posts small blind $1
sokol-max-PS: posts big blind $3
*** HOLE CARDS ***
sim5sim5: raises $3 to $6
sokol-max-PS: raises $3 to $9
sim5sim5: calls $3
*** FLOP *** [3s Js 9c]
sokol-max-PS: bets $3
sim5sim5: raises $3 to $6
sokol-max-PS: calls $3
*** TURN *** [3s Js 9c] [8d]
sokol-max-PS: checks
sim5sim5: bets $6
nicmct joins the table at seat #2
sokol-max-PS: folds
Uncalled bet ($6) returned to sim5sim5
sim5sim5 collected $29.50 from pot
sim5sim5: doesn't show hand
*** SUMMARY ***
Total pot $30 | Rake $0.50
Board [3s Js 9c 8d]
Seat 1: sim5sim5 (button) (small blind) collected ($29.50)
Seat 7: sokol-max-PS (big blind) folded on the Turn


