PokerStars Hand #163064884491:  Hold'em Limit ($3/$6 USD) - 2016/12/16 22:53:19 ET
Table 'Luanda' 10-max Seat #5 is the button
Seat 5: LifeisagameX ($84 in chips)
Seat 6: kladde567 ($100.06 in chips)
LifeisagameX: posts small blind $1
kladde567: posts big blind $3
*** HOLE CARDS ***
LifeisagameX: raises $3 to $6
HL520 joins the table at seat #3
kladde567: calls $3
*** FLOP *** [Td 6s 9d]
kladde567: checks
LifeisagameX: bets $3
kladde567: calls $3
*** TURN *** [Td 6s 9d] [3s]
kladde567: checks
ToDaFelt joins the table at seat #7
LifeisagameX: bets $6
kladde567: calls $6
*** RIVER *** [Td 6s 9d 3s] [5d]
kladde567: checks
LifeisagameX: bets $6
kladde567: calls $6
*** SHOW DOWN ***
LifeisagameX: shows [Tc Jd] (a pair of Tens)
kladde567: mucks hand
LifeisagameX collected $41.50 from pot
*** SUMMARY ***
Total pot $42 | Rake $0.50
Board [Td 6s 9d 3s 5d]
Seat 5: LifeisagameX (button) (small blind) showed [Tc Jd] and won ($41.50) with a pair of Tens
Seat 6: kladde567 (big blind) mucked


PokerStars Hand #163064938656:  Hold'em Limit ($3/$6 USD) - 2016/12/16 22:55:50 ET
Table 'Luanda' 10-max Seat #7 is the button
Seat 3: HL520 ($35.64 in chips)
Seat 7: ToDaFelt ($130.74 in chips)
ToDaFelt: posts small blind $1
HL520: posts big blind $3
*** HOLE CARDS ***
LifeisagameX leaves the table
ToDaFelt: raises $3 to $6
HL520: calls $3
*** FLOP *** [4c 5c 6s]
HL520: checks
ToDaFelt: bets $3
HL520: calls $3
*** TURN *** [4c 5c 6s] [7h]
HL520: bets $6
ToDaFelt: calls $6
*** RIVER *** [4c 5c 6s 7h] [Qh]
HL520: checks
ToDaFelt: bets $6
HL520: calls $6
*** SHOW DOWN ***
ToDaFelt: shows [As Ad] (a pair of Aces)
HL520: mucks hand
ToDaFelt collected $41.50 from pot
*** SUMMARY ***
Total pot $42 | Rake $0.50
Board [4c 5c 6s 7h Qh]
Seat 3: HL520 (big blind) mucked
Seat 7: ToDaFelt (button) (small blind) showed [As Ad] and won ($41.50) with a pair of Aces


PokerStars Hand #163064979603:  Hold'em Limit ($3/$6 USD) - 2016/12/16 22:57:55 ET
Table 'Luanda' 10-max Seat #3 is the button
Seat 3: HL520 ($32.02 in chips)
Seat 7: ToDaFelt ($133.24 in chips)
HL520: posts small blind $1
ToDaFelt: posts big blind $3
*** HOLE CARDS ***
HL520: folds
Uncalled bet ($2) returned to ToDaFelt
ToDaFelt collected $2 from pot
ToDaFelt: doesn't show hand
*** SUMMARY ***
Total pot $2 | Rake $0
Seat 3: HL520 (button) (small blind) folded before Flop
Seat 7: ToDaFelt (big blind) collected ($2)


PokerStars Hand #163064966199:  Hold'em Limit ($3/$6 USD) - 2016/12/16 22:57:14 ET
Table 'Luanda' 10-max Seat #7 is the button
Seat 3: HL520 ($17.52 in chips)
Seat 7: ToDaFelt ($148.24 in chips)
ToDaFelt: posts small blind $1
HL520: posts big blind $3
*** HOLE CARDS ***
ToDaFelt: raises $3 to $6
HL520: calls $3
*** FLOP *** [7c Ks Kc]
HL520: checks
ToDaFelt: bets $3
HL520: calls $3
*** TURN *** [7c Ks Kc] [4d]
HL520: checks
ToDaFelt: checks
*** RIVER *** [7c Ks Kc 4d] [3d]
HL520: bets $6
ToDaFelt: calls $6
*** SHOW DOWN ***
HL520: shows [Ah Td] (a pair of Kings)
ToDaFelt: mucks hand
HL520 collected $29.50 from pot
*** SUMMARY ***
Total pot $30 | Rake $0.50
Board [7c Ks Kc 4d 3d]
Seat 3: HL520 (big blind) showed [Ah Td] and won ($29.50) with a pair of Kings
Seat 7: ToDaFelt (button) (small blind) mucked


PokerStars Hand #163064959044:  Hold'em Limit ($3/$6 USD) - 2016/12/16 22:56:52 ET
Table 'Luanda' 10-max Seat #3 is the button
Seat 3: HL520 ($14.64 in chips)
Seat 7: ToDaFelt ($151.24 in chips)
HL520: posts small blind $1
ToDaFelt: posts big blind $3
*** HOLE CARDS ***
HL520: calls $2
ToDaFelt: checks
*** FLOP *** [7d 9c 7h]
ToDaFelt: checks
HL520: bets $3
ToDaFelt: folds
Uncalled bet ($3) returned to HL520
HL520 collected $5.88 from pot
HL520: doesn't show hand
*** SUMMARY ***
Total pot $6 | Rake $0.12
Board [7d 9c 7h]
Seat 3: HL520 (button) (small blind) collected ($5.88)
Seat 7: ToDaFelt (big blind) folded on the Flop


PokerStars Hand #163064981915:  Hold'em Limit ($3/$6 USD) - 2016/12/16 22:58:02 ET
Table 'Luanda' 10-max Seat #7 is the button
Seat 3: HL520 ($31.02 in chips)
Seat 7: ToDaFelt ($134.24 in chips)
ToDaFelt: posts small blind $1
HL520: posts big blind $3
*** HOLE CARDS ***
ToDaFelt: raises $3 to $6
HL520: folds
Uncalled bet ($3) returned to ToDaFelt
ToDaFelt collected $6 from pot
ToDaFelt: doesn't show hand
*** SUMMARY ***
Total pot $6 | Rake $0
Seat 3: HL520 (big blind) folded before Flop
Seat 7: ToDaFelt (button) (small blind) collected ($6)


PokerStars Hand #163065004717:  Hold'em Limit ($3/$6 USD) - 2016/12/16 22:59:10 ET
Table 'Luanda' 10-max Seat #7 is the button
Seat 3: HL520 ($10.02 in chips)
Seat 7: ToDaFelt ($154.74 in chips)
ToDaFelt: posts small blind $1
HL520: posts big blind $3
*** HOLE CARDS ***
ToDaFelt: raises $3 to $6
HL520: folds
Uncalled bet ($3) returned to ToDaFelt
ToDaFelt collected $6 from pot
ToDaFelt: doesn't show hand
*** SUMMARY ***
Total pot $6 | Rake $0
Seat 3: HL520 (big blind) folded before Flop
Seat 7: ToDaFelt (button) (small blind) collected ($6)


PokerStars Hand #163064986597:  Hold'em Limit ($3/$6 USD) - 2016/12/16 22:58:16 ET
Table 'Luanda' 10-max Seat #3 is the button
Seat 3: HL520 ($28.02 in chips)
Seat 7: ToDaFelt ($137.24 in chips)
HL520: posts small blind $1
ToDaFelt: posts big blind $3
*** HOLE CARDS ***
HL520: calls $2
ToDaFelt: checks
*** FLOP *** [Tc Kh 7h]
ToDaFelt: bets $3
HL520: calls $3
*** TURN *** [Tc Kh 7h] [6c]
ToDaFelt: bets $6
HL520: calls $6
*** RIVER *** [Tc Kh 7h 6c] [Js]
ToDaFelt: bets $6
HL520: calls $6
*** SHOW DOWN ***
ToDaFelt: shows [Kc 4h] (a pair of Kings)
HL520: mucks hand
ToDaFelt collected $35.50 from pot
*** SUMMARY ***
Total pot $36 | Rake $0.50
Board [Tc Kh 7h 6c Js]
Seat 3: HL520 (button) (small blind) mucked
Seat 7: ToDaFelt (big blind) showed [Kc 4h] and won ($35.50) with a pair of Kings


