PokerStars Hand #147071362253:  Hold'em Limit ($3/$6 USD) - 2016/01/15 7:25:46 ET
Table 'Luanda' 10-max Seat #1 is the button
Seat 1: hajta ($51.40 in chips)
Seat 10: MTails ($108 in chips)
hajta: posts small blind $1
MTails: posts big blind $3
*** HOLE CARDS ***
hajta: folds
Uncalled bet ($2) returned to MTails
MTails collected $2 from pot
MTails: doesn't show hand
*** SUMMARY ***
Total pot $2 | Rake $0
Seat 1: hajta (button) (small blind) folded before Flop
Seat 10: MTails (big blind) collected ($2)


PokerStars Hand #147071356366:  Hold'em Limit ($3/$6 USD) - 2016/01/15 7:25:37 ET
Table 'Luanda' 10-max Seat #10 is the button
Seat 1: hajta ($42.76 in chips)
Seat 10: MTails ($117 in chips)
MTails: posts small blind $1
hajta: posts big blind $3
*** HOLE CARDS ***
MTails: raises $3 to $6
hajta: raises $3 to $9
MTails: calls $3
*** FLOP *** [2s Qc 2h]
hajta: bets $3
MTails: folds
Uncalled bet ($3) returned to hajta
hajta collected $17.64 from pot
hajta: doesn't show hand
*** SUMMARY ***
Total pot $18 | Rake $0.36
Board [2s Qc 2h]
Seat 1: hajta (big blind) collected ($17.64)
Seat 10: MTails (button) (small blind) folded on the Flop


PokerStars Hand #147071350480:  Hold'em Limit ($3/$6 USD) - 2016/01/15 7:25:27 ET
Table 'Luanda' 10-max Seat #1 is the button
Seat 1: hajta ($37 in chips)
Seat 10: MTails ($123 in chips)
hajta: posts small blind $1
MTails: posts big blind $3
*** HOLE CARDS ***
hajta: raises $3 to $6
MTails: calls $3
*** FLOP *** [2h 8h 8c]
MTails: checks
hajta: bets $3
MTails: folds
Uncalled bet ($3) returned to hajta
hajta collected $11.76 from pot
hajta: doesn't show hand
*** SUMMARY ***
Total pot $12 | Rake $0.24
Board [2h 8h 8c]
Seat 1: hajta (button) (small blind) collected ($11.76)
Seat 10: MTails (big blind) folded on the Flop


PokerStars Hand #147071345304:  Hold'em Limit ($3/$6 USD) - 2016/01/15 7:25:18 ET
Table 'Luanda' 10-max Seat #10 is the button
Seat 1: hajta ($40 in chips)
Seat 10: MTails ($120 in chips)
MTails: posts small blind $1
hajta: posts big blind $3
*** HOLE CARDS ***
MTails: raises $3 to $6
hajta: folds
Uncalled bet ($3) returned to MTails
MTails collected $6 from pot
MTails: doesn't show hand
*** SUMMARY ***
Total pot $6 | Rake $0
Seat 1: hajta (big blind) folded before Flop
Seat 10: MTails (button) (small blind) collected ($6)


PokerStars Hand #147071341606:  Hold'em Limit ($3/$6 USD) - 2016/01/15 7:25:12 ET
Table 'Luanda' 10-max Seat #1 is the button
Seat 1: hajta ($41 in chips)
Seat 10: MTails ($119 in chips)
hajta: posts small blind $1
MTails: posts big blind $3
*** HOLE CARDS ***
hajta: folds
Uncalled bet ($2) returned to MTails
MTails collected $2 from pot
MTails: doesn't show hand
*** SUMMARY ***
Total pot $2 | Rake $0
Seat 1: hajta (button) (small blind) folded before Flop
Seat 10: MTails (big blind) collected ($2)


PokerStars Hand #147071338791:  Hold'em Limit ($3/$6 USD) - 2016/01/15 7:25:07 ET
Table 'Luanda' 10-max Seat #10 is the button
Seat 1: hajta ($40 in chips)
Seat 10: MTails ($120 in chips)
MTails: posts small blind $1
hajta: posts big blind $3
*** HOLE CARDS ***
MTails: folds
Uncalled bet ($2) returned to hajta
hajta collected $2 from pot
hajta: doesn't show hand
*** SUMMARY ***
Total pot $2 | Rake $0
Seat 1: hajta (big blind) collected ($2)
Seat 10: MTails (button) (small blind) folded before Flop


PokerStars Hand #147071386080:  Hold'em Limit ($3/$6 USD) - 2016/01/15 7:26:26 ET
Table 'Luanda' 10-max Seat #1 is the button
Seat 1: hajta ($22.40 in chips)
Seat 10: MTails ($136.50 in chips)
hajta: posts small blind $1
MTails: posts big blind $3
*** HOLE CARDS ***
hajta: raises $3 to $6
MTails: calls $3
*** FLOP *** [9h 8c Ac]
MTails: checks
hajta: bets $3
MTails: raises $3 to $6
hajta: raises $3 to $9
MTails: raises $3 to $12
Betting is capped
hajta: calls $3
*** TURN *** [9h 8c Ac] [9c]
MTails: bets $6
hajta: calls $4.40 and is all-in
Uncalled bet ($1.60) returned to MTails
*** RIVER *** [9h 8c Ac 9c] [Jh]
*** SHOW DOWN ***
MTails: shows [7h Ah] (two pair, Aces and Nines)
hajta: shows [Td 8s] (two pair, Nines and Eights)
MTails collected $44.30 from pot
*** SUMMARY ***
Total pot $44.80 | Rake $0.50
Board [9h 8c Ac 9c Jh]
Seat 1: hajta (button) (small blind) showed [Td 8s] and lost with two pair, Nines and Eights
Seat 10: MTails (big blind) showed [7h Ah] and won ($44.30) with two pair, Aces and Nines


PokerStars Hand #147071382897:  Hold'em Limit ($3/$6 USD) - 2016/01/15 7:26:20 ET
Table 'Luanda' 10-max Seat #10 is the button
Seat 1: hajta ($25.40 in chips)
Seat 10: MTails ($133.50 in chips)
MTails: posts small blind $1
hajta: posts big blind $3
*** HOLE CARDS ***
MTails: raises $3 to $6
hajta: folds
Uncalled bet ($3) returned to MTails
MTails collected $6 from pot
MTails: doesn't show hand
*** SUMMARY ***
Total pot $6 | Rake $0
Seat 1: hajta (big blind) folded before Flop
Seat 10: MTails (button) (small blind) collected ($6)


PokerStars Hand #147071379407:  Hold'em Limit ($3/$6 USD) - 2016/01/15 7:26:15 ET
Table 'Luanda' 10-max Seat #1 is the button
Seat 1: hajta ($26.40 in chips)
Seat 10: MTails ($132.50 in chips)
hajta: posts small blind $1
MTails: posts big blind $3
*** HOLE CARDS ***
hajta: folds
Uncalled bet ($2) returned to MTails
MTails collected $2 from pot
MTails: doesn't show hand
*** SUMMARY ***
Total pot $2 | Rake $0
Seat 1: hajta (button) (small blind) folded before Flop
Seat 10: MTails (big blind) collected ($2)


PokerStars Hand #147071365515:  Hold'em Limit ($3/$6 USD) - 2016/01/15 7:25:52 ET
Table 'Luanda' 10-max Seat #10 is the button
Seat 1: hajta ($50.40 in chips)
Seat 10: MTails ($109 in chips)
MTails: posts small blind $1
hajta: posts big blind $3
*** HOLE CARDS ***
MTails: raises $3 to $6
hajta: raises $3 to $9
MTails: calls $3
*** FLOP *** [Ks Jd 9s]
hajta: bets $3
MTails: calls $3
*** TURN *** [Ks Jd 9s] [8s]
hajta: bets $6
MTails: calls $6
*** RIVER *** [Ks Jd 9s 8s] [As]
hajta: bets $6
MTails: raises $6 to $12
hajta: folds
Uncalled bet ($6) returned to MTails
MTails collected $47.50 from pot
MTails: doesn't show hand
*** SUMMARY ***
Total pot $48 | Rake $0.50
Board [Ks Jd 9s 8s As]
Seat 1: hajta (big blind) folded on the River
Seat 10: MTails (button) (small blind) collected ($47.50)


PokerStars Hand #147074205796:  Hold'em Limit ($3/$6 USD) - 2016/01/15 8:40:47 ET
Table 'Luanda' 10-max Seat #10 is the button
Seat 2: Vetal949 ($66.49 in chips)
Seat 10: MTails ($120 in chips)
MTails: posts small blind $1
Vetal949: posts big blind $3
*** HOLE CARDS ***
MTails: raises $3 to $6
Vetal949: calls $3
*** FLOP *** [Kc 8d 7c]
Vetal949: checks
MTails: bets $3
Vetal949: calls $3
*** TURN *** [Kc 8d 7c] [Js]
Vetal949: checks
MTails: bets $6
Vetal949: raises $6 to $12
MTails: folds
Uncalled bet ($6) returned to Vetal949
Vetal949 collected $29.50 from pot
*** SUMMARY ***
Total pot $30 | Rake $0.50
Board [Kc 8d 7c Js]
Seat 2: Vetal949 (big blind) collected ($29.50)
Seat 10: MTails (button) (small blind) folded on the Turn


PokerStars Hand #147074228276:  Hold'em Limit ($3/$6 USD) - 2016/01/15 8:41:20 ET
Table 'Luanda' 10-max Seat #2 is the button
Seat 2: Vetal949 ($80.99 in chips)
Seat 10: MTails ($105 in chips)
Vetal949: posts small blind $1
MTails: posts big blind $3
*** HOLE CARDS ***
Vetal949: calls $2
MTails: raises $3 to $6
Vetal949: calls $3
*** FLOP *** [7d Th 4s]
MTails: bets $3
Vetal949: calls $3
*** TURN *** [7d Th 4s] [7h]
MTails: bets $6
Vetal949: folds
Uncalled bet ($6) returned to MTails
MTails collected $17.64 from pot
MTails: doesn't show hand
*** SUMMARY ***
Total pot $18 | Rake $0.36
Board [7d Th 4s 7h]
Seat 2: Vetal949 (button) (small blind) folded on the Turn
Seat 10: MTails (big blind) collected ($17.64)


PokerStars Hand #147074240939:  Hold'em Limit ($3/$6 USD) - 2016/01/15 8:41:39 ET
Table 'Luanda' 10-max Seat #10 is the button
Seat 2: Vetal949 ($71.99 in chips)
Seat 10: MTails ($113.64 in chips)
MTails: posts small blind $1
Vetal949: posts big blind $3
*** HOLE CARDS ***
MTails: raises $3 to $6
Vetal949: calls $3
*** FLOP *** [5s Qd Jc]
Vetal949: checks
MTails: bets $3
Vetal949: folds
Uncalled bet ($3) returned to MTails
MTails collected $11.76 from pot
*** SUMMARY ***
Total pot $12 | Rake $0.24
Board [5s Qd Jc]
Seat 2: Vetal949 (big blind) folded on the Flop
Seat 10: MTails (button) (small blind) collected ($11.76)


PokerStars Hand #147074247978:  Hold'em Limit ($3/$6 USD) - 2016/01/15 8:41:49 ET
Table 'Luanda' 10-max Seat #2 is the button
Seat 2: Vetal949 ($65.99 in chips)
Seat 10: MTails ($119.40 in chips)
Vetal949: posts small blind $1
MTails: posts big blind $3
*** HOLE CARDS ***
Vetal949: raises $3 to $6
MTails: calls $3
*** FLOP *** [As 4h Kd]
MTails: checks
Vetal949: bets $3
MTails: folds
Uncalled bet ($3) returned to Vetal949
Vetal949 collected $11.76 from pot
*** SUMMARY ***
Total pot $12 | Rake $0.24
Board [As 4h Kd]
Seat 2: Vetal949 (button) (small blind) collected ($11.76)
Seat 10: MTails (big blind) folded on the Flop


PokerStars Hand #147074254918:  Hold'em Limit ($3/$6 USD) - 2016/01/15 8:41:59 ET
Table 'Luanda' 10-max Seat #10 is the button
Seat 2: Vetal949 ($71.75 in chips)
Seat 10: MTails ($113.40 in chips)
MTails: posts small blind $1
Vetal949: posts big blind $3
*** HOLE CARDS ***
MTails: raises $3 to $6
Vetal949: calls $3
*** FLOP *** [6h 7s Tc]
Vetal949: checks
MTails: bets $3
Vetal949: calls $3
*** TURN *** [6h 7s Tc] [2h]
Vetal949: checks
MTails: bets $6
Vetal949: raises $6 to $12
MTails: raises $6 to $18
Vetal949: calls $6
*** RIVER *** [6h 7s Tc 2h] [9c]
Vetal949: checks
MTails: bets $6
Vetal949: calls $6
*** SHOW DOWN ***
MTails: shows [9h 8h] (a straight, Six to Ten)
Vetal949: mucks hand
MTails collected $65.50 from pot
*** SUMMARY ***
Total pot $66 | Rake $0.50
Board [6h 7s Tc 2h 9c]
Seat 2: Vetal949 (big blind) mucked
Seat 10: MTails (button) (small blind) showed [9h 8h] and won ($65.50) with a straight, Six to Ten


PokerStars Hand #147074275669:  Hold'em Limit ($3/$6 USD) - 2016/01/15 8:42:27 ET
Table 'Luanda' 10-max Seat #2 is the button
Seat 2: Vetal949 ($38.75 in chips)
Seat 10: MTails ($145.90 in chips)
Vetal949: posts small blind $1
MTails: posts big blind $3
*** HOLE CARDS ***
Vetal949: raises $3 to $6
MTails: calls $3
*** FLOP *** [7h 7c Kd]
MTails: checks
Vetal949: bets $3
MTails: raises $3 to $6
Vetal949: folds
Uncalled bet ($3) returned to MTails
MTails collected $17.64 from pot
MTails: doesn't show hand
*** SUMMARY ***
Total pot $18 | Rake $0.36
Board [7h 7c Kd]
Seat 2: Vetal949 (button) (small blind) folded on the Flop
Seat 10: MTails (big blind) collected ($17.64)


PokerStars Hand #147074295470:  Hold'em Limit ($3/$6 USD) - 2016/01/15 8:42:55 ET
Table 'Luanda' 10-max Seat #2 is the button
Seat 2: Vetal949 ($53.25 in chips)
Seat 10: MTails ($130.54 in chips)
Vetal949: posts small blind $1
MTails: posts big blind $3
*** HOLE CARDS ***
Vetal949: folds
Uncalled bet ($2) returned to MTails
MTails collected $2 from pot
MTails: doesn't show hand
*** SUMMARY ***
Total pot $2 | Rake $0
Seat 2: Vetal949 (button) (small blind) folded before Flop
Seat 10: MTails (big blind) collected ($2)


PokerStars Hand #147074283962:  Hold'em Limit ($3/$6 USD) - 2016/01/15 8:42:39 ET
Table 'Luanda' 10-max Seat #10 is the button
Seat 2: Vetal949 ($29.75 in chips)
Seat 10: MTails ($154.54 in chips)
MTails: posts small blind $1
Vetal949: posts big blind $3
*** HOLE CARDS ***
MTails: raises $3 to $6
Vetal949: raises $3 to $9
MTails: calls $3
*** FLOP *** [Qh Ac 2c]
Vetal949: bets $3
MTails: calls $3
*** TURN *** [Qh Ac 2c] [9d]
Vetal949: bets $6
MTails: calls $6
*** RIVER *** [Qh Ac 2c 9d] [3d]
Vetal949: bets $6
MTails: calls $6
*** SHOW DOWN ***
Vetal949: shows [Kd 9h] (a pair of Nines)
MTails: mucks hand
Vetal949 collected $47.50 from pot
*** SUMMARY ***
Total pot $48 | Rake $0.50
Board [Qh Ac 2c 9d 3d]
Seat 2: Vetal949 (big blind) showed [Kd 9h] and won ($47.50) with a pair of Nines
Seat 10: MTails (button) (small blind) mucked


PokerStars Hand #147074299243:  Hold'em Limit ($3/$6 USD) - 2016/01/15 8:43:00 ET
Table 'Luanda' 10-max Seat #10 is the button
Seat 2: Vetal949 ($52.25 in chips)
Seat 10: MTails ($131.54 in chips)
MTails: posts small blind $1
Vetal949: posts big blind $3
*** HOLE CARDS ***
MTails: raises $3 to $6
Vetal949: raises $3 to $9
MTails: calls $3
*** FLOP *** [Jh Qc 4d]
Vetal949: checks
MTails: bets $3
Vetal949: calls $3
*** TURN *** [Jh Qc 4d] [8h]
Vetal949: checks
MTails: bets $6
Vetal949: raises $6 to $12
MTails: calls $6
*** RIVER *** [Jh Qc 4d 8h] [Ac]
Vetal949: checks
MTails: bets $6
Vetal949: raises $6 to $12
MTails: calls $6
*** SHOW DOWN ***
Vetal949: shows [Ad Jc] (two pair, Aces and Jacks)
MTails: mucks hand
Vetal949 collected $71.50 from pot
*** SUMMARY ***
Total pot $72 | Rake $0.50
Board [Jh Qc 4d 8h Ac]
Seat 2: Vetal949 (big blind) showed [Ad Jc] and won ($71.50) with two pair, Aces and Jacks
Seat 10: MTails (button) (small blind) mucked


PokerStars Hand #147074315499:  Hold'em Limit ($3/$6 USD) - 2016/01/15 8:43:22 ET
Table 'Luanda' 10-max Seat #2 is the button
Seat 2: Vetal949 ($87.75 in chips)
Seat 10: MTails ($95.54 in chips)
Vetal949: posts small blind $1
MTails: posts big blind $3
*** HOLE CARDS ***
Vetal949: raises $3 to $6
MTails: calls $3
*** FLOP *** [3h Jh Tc]
MTails: checks
Vetal949: bets $3
MTails: calls $3
*** TURN *** [3h Jh Tc] [Kd]
MTails: checks
Vetal949: checks
*** RIVER *** [3h Jh Tc Kd] [Qs]
MTails: checks
Vetal949: checks
*** SHOW DOWN ***
MTails: shows [8c Kc] (a pair of Kings)
Vetal949: mucks hand
MTails collected $17.64 from pot
*** SUMMARY ***
Total pot $18 | Rake $0.36
Board [3h Jh Tc Kd Qs]
Seat 2: Vetal949 (button) (small blind) mucked
Seat 10: MTails (big blind) showed [8c Kc] and won ($17.64) with a pair of Kings


PokerStars Hand #147074336791:  Hold'em Limit ($3/$6 USD) - 2016/01/15 8:43:51 ET
Table 'Luanda' 10-max Seat #2 is the button
Seat 2: Vetal949 ($72.75 in chips)
Seat 10: MTails ($109.94 in chips)
Vetal949: posts small blind $1
MTails: posts big blind $3
*** HOLE CARDS ***
Vetal949: folds
Uncalled bet ($2) returned to MTails
MTails collected $2 from pot
MTails: doesn't show hand
*** SUMMARY ***
Total pot $2 | Rake $0
Seat 2: Vetal949 (button) (small blind) folded before Flop
Seat 10: MTails (big blind) collected ($2)


PokerStars Hand #147074329222:  Hold'em Limit ($3/$6 USD) - 2016/01/15 8:43:41 ET
Table 'Luanda' 10-max Seat #10 is the button
Seat 2: Vetal949 ($78.75 in chips)
Seat 10: MTails ($104.18 in chips)
MTails: posts small blind $1
Vetal949: posts big blind $3
*** HOLE CARDS ***
MTails: raises $3 to $6
Vetal949: calls $3
*** FLOP *** [2c Qc Kc]
Vetal949: checks
MTails: bets $3
Vetal949: folds
Uncalled bet ($3) returned to MTails
MTails collected $11.76 from pot
*** SUMMARY ***
Total pot $12 | Rake $0.24
Board [2c Qc Kc]
Seat 2: Vetal949 (big blind) folded on the Flop
Seat 10: MTails (button) (small blind) collected ($11.76)


PokerStars Hand #147074340192:  Hold'em Limit ($3/$6 USD) - 2016/01/15 8:43:56 ET
Table 'Luanda' 10-max Seat #10 is the button
Seat 2: Vetal949 ($71.75 in chips)
Seat 10: MTails ($110.94 in chips)
MTails: posts small blind $1
Vetal949: posts big blind $3
*** HOLE CARDS ***
MTails: raises $3 to $6
Vetal949: calls $3
*** FLOP *** [Qh 5s 8h]
Vetal949: checks
MTails: bets $3
Vetal949: calls $3
*** TURN *** [Qh 5s 8h] [2c]
Vetal949: checks
MTails: bets $6
Vetal949: calls $6
*** RIVER *** [Qh 5s 8h 2c] [Ad]
Vetal949: checks
MTails: checks
*** SHOW DOWN ***
Vetal949: shows [Kd 8c] (a pair of Eights)
MTails: mucks hand
Vetal949 collected $29.50 from pot
*** SUMMARY ***
Total pot $30 | Rake $0.50
Board [Qh 5s 8h 2c Ad]
Seat 2: Vetal949 (big blind) showed [Kd 8c] and won ($29.50) with a pair of Eights
Seat 10: MTails (button) (small blind) mucked


PokerStars Hand #147074364576:  Hold'em Limit ($3/$6 USD) - 2016/01/15 8:44:30 ET
Table 'Luanda' 10-max Seat #10 is the button
Seat 2: Vetal949 ($92.01 in chips)
Seat 10: MTails ($89.94 in chips)
MTails: posts small blind $1
Vetal949: posts big blind $3
*** HOLE CARDS ***
MTails: raises $3 to $6
Vetal949: folds
Uncalled bet ($3) returned to MTails
MTails collected $6 from pot
*** SUMMARY ***
Total pot $6 | Rake $0
Seat 2: Vetal949 (big blind) folded before Flop
Seat 10: MTails (button) (small blind) collected ($6)


PokerStars Hand #147074369265:  Hold'em Limit ($3/$6 USD) - 2016/01/15 8:44:36 ET
Table 'Luanda' 10-max Seat #2 is the button
Seat 2: Vetal949 ($89.01 in chips)
Seat 10: MTails ($92.94 in chips)
Vetal949: posts small blind $1
MTails: posts big blind $3
*** HOLE CARDS ***
Vetal949: raises $3 to $6
MTails: calls $3
*** FLOP *** [3d 8s Ts]
MTails: checks
Vetal949: checks
*** TURN *** [3d 8s Ts] [3s]
MTails: bets $6
Vetal949: calls $6
*** RIVER *** [3d 8s Ts 3s] [Td]
MTails: bets $6
Vetal949: folds
Uncalled bet ($6) returned to MTails
MTails collected $23.52 from pot
*** SUMMARY ***
Total pot $24 | Rake $0.48
Board [3d 8s Ts 3s Td]
Seat 2: Vetal949 (button) (small blind) folded on the River
Seat 10: MTails (big blind) collected ($23.52)


PokerStars Hand #147074381791:  Hold'em Limit ($3/$6 USD) - 2016/01/15 8:44:53 ET
Table 'Luanda' 10-max Seat #10 is the button
Seat 2: Vetal949 ($77.01 in chips)
Seat 10: MTails ($104.46 in chips)
MTails: posts small blind $1
Vetal949: posts big blind $3
*** HOLE CARDS ***
MTails: raises $3 to $6
Vetal949: raises $3 to $9
MTails: calls $3
*** FLOP *** [9d 3d 5d]
Vetal949: bets $3
MTails: calls $3
*** TURN *** [9d 3d 5d] [Ad]
Vetal949: checks
MTails: bets $6
Vetal949: folds
Uncalled bet ($6) returned to MTails
MTails collected $23.52 from pot
*** SUMMARY ***
Total pot $24 | Rake $0.48
Board [9d 3d 5d Ad]
Seat 2: Vetal949 (big blind) folded on the Turn
Seat 10: MTails (button) (small blind) collected ($23.52)


PokerStars Hand #147074353412:  Hold'em Limit ($3/$6 USD) - 2016/01/15 8:44:14 ET
Table 'Luanda' 10-max Seat #2 is the button
Seat 2: Vetal949 ($86.25 in chips)
Seat 10: MTails ($95.94 in chips)
Vetal949: posts small blind $1
MTails: posts big blind $3
*** HOLE CARDS ***
Vetal949: raises $3 to $6
MTails: calls $3
*** FLOP *** [Ac Jc 9c]
MTails: checks
Vetal949: bets $3
MTails: folds
Uncalled bet ($3) returned to Vetal949
Vetal949 collected $11.76 from pot
*** SUMMARY ***
Total pot $12 | Rake $0.24
Board [Ac Jc 9c]
Seat 2: Vetal949 (button) (small blind) collected ($11.76)
Seat 10: MTails (big blind) folded on the Flop


PokerStars Hand #147074409522:  Hold'em Limit ($3/$6 USD) - 2016/01/15 8:45:31 ET
Table 'Luanda' 10-max Seat #10 is the button
Seat 2: Vetal949 ($71.65 in chips)
Seat 10: MTails ($108.98 in chips)
MTails: posts small blind $1
Vetal949: posts big blind $3
*** HOLE CARDS ***
MTails: raises $3 to $6
Vetal949: calls $3
*** FLOP *** [7s 4h Qs]
Vetal949: checks
MTails: bets $3
Vetal949: calls $3
*** TURN *** [7s 4h Qs] [8c]
Vetal949: checks
MTails: checks
*** RIVER *** [7s 4h Qs 8c] [6c]
Vetal949: bets $6
MTails: raises $6 to $12
Vetal949: raises $6 to $18
MTails: folds
Uncalled bet ($6) returned to Vetal949
Vetal949 collected $41.50 from pot
*** SUMMARY ***
Total pot $42 | Rake $0.50
Board [7s 4h Qs 8c 6c]
Seat 2: Vetal949 (big blind) collected ($41.50)
Seat 10: MTails (button) (small blind) folded on the River


PokerStars Hand #147074406019:  Hold'em Limit ($3/$6 USD) - 2016/01/15 8:45:26 ET
Table 'Luanda' 10-max Seat #2 is the button
Seat 2: Vetal949 ($72.65 in chips)
Seat 10: MTails ($107.98 in chips)
Vetal949: posts small blind $1
MTails: posts big blind $3
*** HOLE CARDS ***
Vetal949: folds
Uncalled bet ($2) returned to MTails
MTails collected $2 from pot
*** SUMMARY ***
Total pot $2 | Rake $0
Seat 2: Vetal949 (button) (small blind) folded before Flop
Seat 10: MTails (big blind) collected ($2)


PokerStars Hand #147074396864:  Hold'em Limit ($3/$6 USD) - 2016/01/15 8:45:14 ET
Table 'Luanda' 10-max Seat #10 is the button
Seat 2: Vetal949 ($64.01 in chips)
Seat 10: MTails ($116.98 in chips)
MTails: posts small blind $1
Vetal949: posts big blind $3
*** HOLE CARDS ***
MTails: raises $3 to $6
Vetal949: raises $3 to $9
MTails: calls $3
*** FLOP *** [Qh 3s Jh]
Vetal949: bets $3
MTails: folds
Uncalled bet ($3) returned to Vetal949
Vetal949 collected $17.64 from pot
*** SUMMARY ***
Total pot $18 | Rake $0.36
Board [Qh 3s Jh]
Seat 2: Vetal949 (big blind) collected ($17.64)
Seat 10: MTails (button) (small blind) folded on the Flop


PokerStars Hand #147074392827:  Hold'em Limit ($3/$6 USD) - 2016/01/15 8:45:09 ET
Table 'Luanda' 10-max Seat #2 is the button
Seat 2: Vetal949 ($65.01 in chips)
Seat 10: MTails ($115.98 in chips)
Vetal949: posts small blind $1
MTails: posts big blind $3
*** HOLE CARDS ***
Vetal949: folds
Uncalled bet ($2) returned to MTails
MTails collected $2 from pot
*** SUMMARY ***
Total pot $2 | Rake $0
Seat 2: Vetal949 (button) (small blind) folded before Flop
Seat 10: MTails (big blind) collected ($2)


PokerStars Hand #147074464187:  Hold'em Limit ($3/$6 USD) - 2016/01/15 8:46:45 ET
Table 'Luanda' 10-max Seat #2 is the button
Seat 2: Vetal949 ($90.67 in chips)
Seat 10: MTails ($88.62 in chips)
Vetal949: posts small blind $1
MTails: posts big blind $3
*** HOLE CARDS ***
Vetal949: raises $3 to $6
MTails: calls $3
*** FLOP *** [6h Ts 8s]
MTails: checks
Vetal949: bets $3
MTails: calls $3
*** TURN *** [6h Ts 8s] [Ah]
MTails: checks
Vetal949: checks
*** RIVER *** [6h Ts 8s Ah] [7h]
MTails: bets $6
Vetal949: folds
Uncalled bet ($6) returned to MTails
MTails collected $17.64 from pot
*** SUMMARY ***
Total pot $18 | Rake $0.36
Board [6h Ts 8s Ah 7h]
Seat 2: Vetal949 (button) (small blind) folded on the River
Seat 10: MTails (big blind) collected ($17.64)


PokerStars Hand #147074426583:  Hold'em Limit ($3/$6 USD) - 2016/01/15 8:45:54 ET
Table 'Luanda' 10-max Seat #2 is the button
Seat 2: Vetal949 ($92.15 in chips)
Seat 10: MTails ($87.98 in chips)
Vetal949: posts small blind $1
MTails: posts big blind $3
*** HOLE CARDS ***
Vetal949: raises $3 to $6
MTails: calls $3
*** FLOP *** [Th 9s 6c]
MTails: checks
Vetal949: bets $3
MTails: calls $3
*** TURN *** [Th 9s 6c] [Qc]
MTails: checks
Vetal949: checks
*** RIVER *** [Th 9s 6c Qc] [6d]
MTails: checks
Vetal949: checks
*** SHOW DOWN ***
MTails: shows [Ad 5d] (a pair of Sixes)
Vetal949: mucks hand
MTails collected $17.64 from pot
*** SUMMARY ***
Total pot $18 | Rake $0.36
Board [Th 9s 6c Qc 6d]
Seat 2: Vetal949 (button) (small blind) mucked
Seat 10: MTails (big blind) showed [Ad 5d] and won ($17.64) with a pair of Sixes


PokerStars Hand #147074459973:  Hold'em Limit ($3/$6 USD) - 2016/01/15 8:46:39 ET
Table 'Luanda' 10-max Seat #10 is the button
Seat 2: Vetal949 ($93.67 in chips)
Seat 10: MTails ($85.62 in chips)
MTails: posts small blind $1
Vetal949: posts big blind $3
*** HOLE CARDS ***
MTails: raises $3 to $6
Vetal949: folds
Uncalled bet ($3) returned to MTails
MTails collected $6 from pot
*** SUMMARY ***
Total pot $6 | Rake $0
Seat 2: Vetal949 (big blind) folded before Flop
Seat 10: MTails (button) (small blind) collected ($6)


PokerStars Hand #147074456173:  Hold'em Limit ($3/$6 USD) - 2016/01/15 8:46:34 ET
Table 'Luanda' 10-max Seat #2 is the button
Seat 2: Vetal949 ($94.67 in chips)
Seat 10: MTails ($84.62 in chips)
Vetal949: posts small blind $1
MTails: posts big blind $3
*** HOLE CARDS ***
Vetal949: folds
Uncalled bet ($2) returned to MTails
MTails collected $2 from pot
*** SUMMARY ***
Total pot $2 | Rake $0
Seat 2: Vetal949 (button) (small blind) folded before Flop
Seat 10: MTails (big blind) collected ($2)


PokerStars Hand #147074442309:  Hold'em Limit ($3/$6 USD) - 2016/01/15 8:46:16 ET
Table 'Luanda' 10-max Seat #10 is the button
Seat 2: Vetal949 ($83.15 in chips)
Seat 10: MTails ($96.62 in chips)
MTails: posts small blind $1
Vetal949: posts big blind $3
*** HOLE CARDS ***
MTails: raises $3 to $6
Vetal949: raises $3 to $9
MTails: calls $3
*** FLOP *** [5h 2h Kc]
Vetal949: bets $3
MTails: calls $3
*** TURN *** [5h 2h Kc] [Jd]
Vetal949: bets $6
MTails: folds
Uncalled bet ($6) returned to Vetal949
Vetal949 collected $23.52 from pot
*** SUMMARY ***
Total pot $24 | Rake $0.48
Board [5h 2h Kc Jd]
Seat 2: Vetal949 (big blind) collected ($23.52)
Seat 10: MTails (button) (small blind) folded on the Turn


PokerStars Hand #147074509629:  Hold'em Limit ($3/$6 USD) - 2016/01/15 8:47:48 ET
Table 'Luanda' 10-max Seat #2 is the button
Seat 2: Vetal949 ($117.67 in chips)
Seat 10: MTails ($60.26 in chips)
Vetal949: posts small blind $1
MTails: posts big blind $3
*** HOLE CARDS ***
Vetal949: raises $3 to $6
MTails: calls $3
*** FLOP *** [8s 7h 7s]
MTails: checks
Vetal949: bets $3
MTails: folds
Uncalled bet ($3) returned to Vetal949
Vetal949 collected $11.76 from pot
*** SUMMARY ***
Total pot $12 | Rake $0.24
Board [8s 7h 7s]
Seat 2: Vetal949 (button) (small blind) collected ($11.76)
Seat 10: MTails (big blind) folded on the Flop


PokerStars Hand #147074506132:  Hold'em Limit ($3/$6 USD) - 2016/01/15 8:47:43 ET
Table 'Luanda' 10-max Seat #10 is the button
Seat 2: Vetal949 ($116.67 in chips)
Seat 10: MTails ($61.26 in chips)
MTails: posts small blind $1
Vetal949: posts big blind $3
*** HOLE CARDS ***
MTails: folds
Uncalled bet ($2) returned to Vetal949
Vetal949 collected $2 from pot
*** SUMMARY ***
Total pot $2 | Rake $0
Seat 2: Vetal949 (big blind) collected ($2)
Seat 10: MTails (button) (small blind) folded before Flop


PokerStars Hand #147074494466:  Hold'em Limit ($3/$6 USD) - 2016/01/15 8:47:27 ET
Table 'Luanda' 10-max Seat #2 is the button
Seat 2: Vetal949 ($99.17 in chips)
Seat 10: MTails ($79.26 in chips)
Vetal949: posts small blind $1
MTails: posts big blind $3
*** HOLE CARDS ***
Vetal949: raises $3 to $6
MTails: calls $3
*** FLOP *** [6c 8d 3s]
MTails: checks
Vetal949: checks
*** TURN *** [6c 8d 3s] [Jc]
MTails: bets $6
Vetal949: calls $6
*** RIVER *** [6c 8d 3s Jc] [8c]
MTails: bets $6
Vetal949: calls $6
*** SHOW DOWN ***
MTails: shows [7s Td] (a pair of Eights)
Vetal949: shows [6h Ac] (two pair, Eights and Sixes)
Vetal949 collected $35.50 from pot
*** SUMMARY ***
Total pot $36 | Rake $0.50
Board [6c 8d 3s Jc 8c]
Seat 2: Vetal949 (button) (small blind) showed [6h Ac] and won ($35.50) with two pair, Eights and Sixes
Seat 10: MTails (big blind) showed [7s Td] and lost with a pair of Eights


PokerStars Hand #147074481411:  Hold'em Limit ($3/$6 USD) - 2016/01/15 8:47:09 ET
Table 'Luanda' 10-max Seat #10 is the button
Seat 2: Vetal949 ($81.67 in chips)
Seat 10: MTails ($97.26 in chips)
MTails: posts small blind $1
Vetal949: posts big blind $3
*** HOLE CARDS ***
MTails: raises $3 to $6
Vetal949: raises $3 to $9
MTails: calls $3
*** FLOP *** [5c 9c 6d]
Vetal949: bets $3
MTails: calls $3
*** TURN *** [5c 9c 6d] [Qh]
Vetal949: bets $6
MTails: calls $6
*** RIVER *** [5c 9c 6d Qh] [Qs]
Vetal949: bets $6
MTails: folds
Uncalled bet ($6) returned to Vetal949
Vetal949 collected $35.50 from pot
*** SUMMARY ***
Total pot $36 | Rake $0.50
Board [5c 9c 6d Qh Qs]
Seat 2: Vetal949 (big blind) collected ($35.50)
Seat 10: MTails (button) (small blind) folded on the River


PokerStars Hand #147074547294:  Hold'em Limit ($3/$6 USD) - 2016/01/15 8:48:40 ET
Table 'Luanda' 10-max Seat #10 is the button
Seat 2: Vetal949 ($158.43 in chips)
Seat 10: MTails ($78.26 in chips)
MTails: posts small blind $1
Vetal949: posts big blind $3
*** HOLE CARDS ***
MTails: raises $3 to $6
Vetal949: calls $3
*** FLOP *** [5d Jd 7c]
Vetal949: checks
MTails: bets $3
Vetal949: folds
Uncalled bet ($3) returned to MTails
MTails collected $11.76 from pot
*** SUMMARY ***
Total pot $12 | Rake $0.24
Board [5d Jd 7c]
Seat 2: Vetal949 (big blind) folded on the Flop
Seat 10: MTails (button) (small blind) collected ($11.76)


PokerStars Hand #147074528650:  Hold'em Limit ($3/$6 USD) - 2016/01/15 8:48:14 ET
Table 'Luanda' 10-max Seat #2 is the button
Seat 2: Vetal949 ($140.93 in chips)
Seat 10: MTails ($36.26 in chips)
Vetal949: posts small blind $1
MTails: posts big blind $3
*** HOLE CARDS ***
Vetal949: raises $3 to $6
MTails: raises $3 to $9
Vetal949: calls $3
*** FLOP *** [6h 2s 4c]
MTails: bets $3
Vetal949: calls $3
*** TURN *** [6h 2s 4c] [5d]
MTails: checks
Vetal949: bets $6
MTails: calls $6
*** RIVER *** [6h 2s 4c 5d] [6s]
MTails: checks
Vetal949: checks
*** SHOW DOWN ***
MTails: shows [Js Tc] (a pair of Sixes)
Vetal949: shows [Ad 7c] (a pair of Sixes - Ace kicker)
Vetal949 collected $35.50 from pot
*** SUMMARY ***
Total pot $36 | Rake $0.50
Board [6h 2s 4c 5d 6s]
Seat 2: Vetal949 (button) (small blind) showed [Ad 7c] and won ($35.50) with a pair of Sixes
Seat 10: MTails (big blind) showed [Js Tc] and lost with a pair of Sixes


PokerStars Hand #147074516369:  Hold'em Limit ($3/$6 USD) - 2016/01/15 8:47:57 ET
Table 'Luanda' 10-max Seat #10 is the button
Seat 2: Vetal949 ($123.43 in chips)
Seat 10: MTails ($54.26 in chips)
MTails: posts small blind $1
Vetal949: posts big blind $3
*** HOLE CARDS ***
MTails: raises $3 to $6
Vetal949: raises $3 to $9
MTails: calls $3
*** FLOP *** [4s Jc 6h]
Vetal949: bets $3
MTails: calls $3
*** TURN *** [4s Jc 6h] [Kd]
Vetal949: checks
MTails: bets $6
Vetal949: raises $6 to $12
MTails: folds
Uncalled bet ($6) returned to Vetal949
Vetal949 collected $35.50 from pot
*** SUMMARY ***
Total pot $36 | Rake $0.50
Board [4s Jc 6h Kd]
Seat 2: Vetal949 (big blind) collected ($35.50)
Seat 10: MTails (button) (small blind) folded on the Turn


PokerStars Hand #147074558148:  Hold'em Limit ($3/$6 USD) - 2016/01/15 8:48:55 ET
Table 'Luanda' 10-max Seat #2 is the button
Seat 2: Vetal949 ($152.43 in chips)
Seat 10: MTails ($84.02 in chips)
Vetal949: posts small blind $1
MTails: posts big blind $3
*** HOLE CARDS ***
Vetal949: raises $3 to $6
MTails: calls $3
*** FLOP *** [4h 7d Qs]
MTails: checks
Vetal949 is disconnected
Vetal949 has timed out while disconnected
Vetal949: checks
*** TURN *** [4h 7d Qs] [Td]
MTails: bets $6
Vetal949 has timed out while disconnected
Vetal949: folds
Uncalled bet ($6) returned to MTails
MTails collected $11.76 from pot
*** SUMMARY ***
Total pot $12 | Rake $0.24
Board [4h 7d Qs Td]
Seat 2: Vetal949 (button) (small blind) folded on the Turn
Seat 10: MTails (big blind) collected ($11.76)


