PokerStars Hand #155417942419:  Hold'em Limit ($3/$6 USD) - 2016/07/01 5:42:10 ET
Table 'Luce' 6-max Seat #1 is the button
Seat 1: 3mmPLEASE ($150 in chips)
Seat 2: Ale4o ($120 in chips)
3mmPLEASE: posts small blind $1
Ale4o: posts big blind $3
*** HOLE CARDS ***
3mmPLEASE: raises $3 to $6
Ale4o: folds
Uncalled bet ($3) returned to 3mmPLEASE
3mmPLEASE collected $6 from pot
3mmPLEASE: doesn't show hand
*** SUMMARY ***
Total pot $6 | Rake $0
Seat 1: 3mmPLEASE (button) (small blind) collected ($6)
Seat 2: Ale4o (big blind) folded before Flop


PokerStars Hand #155417936957:  Hold'em Limit ($3/$6 USD) - 2016/07/01 5:41:54 ET
Table 'Luce' 6-max Seat #2 is the button
Seat 1: 3mmPLEASE ($149 in chips)
Seat 2: Ale4o ($121 in chips)
Ale4o: posts small blind $1
3mmPLEASE: posts big blind $3
*** HOLE CARDS ***
Ale4o: folds
Uncalled bet ($2) returned to 3mmPLEASE
3mmPLEASE collected $2 from pot
3mmPLEASE: doesn't show hand
*** SUMMARY ***
Total pot $2 | Rake $0
Seat 1: 3mmPLEASE (big blind) collected ($2)
Seat 2: Ale4o (button) (small blind) folded before Flop


PokerStars Hand #155417934862:  Hold'em Limit ($3/$6 USD) - 2016/07/01 5:41:48 ET
Table 'Luce' 6-max Seat #1 is the button
Seat 1: 3mmPLEASE ($150 in chips)
Seat 2: Ale4o ($120 in chips)
3mmPLEASE: posts small blind $1
Ale4o: posts big blind $3
*** HOLE CARDS ***
3mmPLEASE: folds
Uncalled bet ($2) returned to Ale4o
Ale4o collected $2 from pot
Ale4o: doesn't show hand
*** SUMMARY ***
Total pot $2 | Rake $0
Seat 1: 3mmPLEASE (button) (small blind) folded before Flop
Seat 2: Ale4o (big blind) collected ($2)


PokerStars Hand #155417954618:  Hold'em Limit ($3/$6 USD) - 2016/07/01 5:42:46 ET
Table 'Luce' 6-max Seat #1 is the button
Seat 1: 3mmPLEASE ($128 in chips)
Seat 2: Ale4o ($141.50 in chips)
3mmPLEASE: posts small blind $1
Ale4o: posts big blind $3
*** HOLE CARDS ***
3mmPLEASE: raises $3 to $6
Ale4o: calls $3
*** FLOP *** [2h 4d Ts]
Ale4o: checks
3mmPLEASE: bets $3
Ale4o: calls $3
*** TURN *** [2h 4d Ts] [Kh]
Ale4o: checks
3mmPLEASE: bets $6
Ale4o: calls $6
*** RIVER *** [2h 4d Ts Kh] [3s]
Ale4o: checks
3mmPLEASE: checks
*** SHOW DOWN ***
Ale4o: shows [Tc Js] (a pair of Tens)
3mmPLEASE: mucks hand
Ale4o collected $29.50 from pot
*** SUMMARY ***
Total pot $30 | Rake $0.50
Board [2h 4d Ts Kh 3s]
Seat 1: 3mmPLEASE (button) (small blind) mucked
Seat 2: Ale4o (big blind) showed [Tc Js] and won ($29.50) with a pair of Tens


PokerStars Hand #155417948515:  Hold'em Limit ($3/$6 USD) - 2016/07/01 5:42:28 ET
Table 'Luce' 6-max Seat #2 is the button
Seat 1: 3mmPLEASE ($149 in chips)
Seat 2: Ale4o ($121 in chips)
Ale4o: posts small blind $1
3mmPLEASE: posts big blind $3
*** HOLE CARDS ***
Ale4o: raises $3 to $6
3mmPLEASE: calls $3
*** FLOP *** [7c 6c 8c]
3mmPLEASE: bets $3
Ale4o: calls $3
*** TURN *** [7c 6c 8c] [3d]
3mmPLEASE: bets $6
Ale4o: calls $6
*** RIVER *** [7c 6c 8c 3d] [3s]
3mmPLEASE: checks
Ale4o: bets $6
3mmPLEASE: calls $6
*** SHOW DOWN ***
Ale4o: shows [8h Qh] (two pair, Eights and Threes)
3mmPLEASE: mucks hand
Ale4o collected $41.50 from pot
*** SUMMARY ***
Total pot $42 | Rake $0.50
Board [7c 6c 8c 3d 3s]
Seat 1: 3mmPLEASE (big blind) mucked
Seat 2: Ale4o (button) (small blind) showed [8h Qh] and won ($41.50) with two pair, Eights and Threes


PokerStars Hand #155417946478:  Hold'em Limit ($3/$6 USD) - 2016/07/01 5:42:22 ET
Table 'Luce' 6-max Seat #1 is the button
Seat 1: 3mmPLEASE ($150 in chips)
Seat 2: Ale4o ($120 in chips)
3mmPLEASE: posts small blind $1
Ale4o: posts big blind $3
*** HOLE CARDS ***
3mmPLEASE: folds
Uncalled bet ($2) returned to Ale4o
Ale4o collected $2 from pot
Ale4o: doesn't show hand
*** SUMMARY ***
Total pot $2 | Rake $0
Seat 1: 3mmPLEASE (button) (small blind) folded before Flop
Seat 2: Ale4o (big blind) collected ($2)


PokerStars Hand #155417944661:  Hold'em Limit ($3/$6 USD) - 2016/07/01 5:42:17 ET
Table 'Luce' 6-max Seat #2 is the button
Seat 1: 3mmPLEASE ($153 in chips)
Seat 2: Ale4o ($117 in chips)
Ale4o: posts small blind $1
3mmPLEASE: posts big blind $3
*** HOLE CARDS ***
Ale4o: raises $3 to $6
3mmPLEASE: folds
Uncalled bet ($3) returned to Ale4o
Ale4o collected $6 from pot
Ale4o: doesn't show hand
*** SUMMARY ***
Total pot $6 | Rake $0
Seat 1: 3mmPLEASE (big blind) folded before Flop
Seat 2: Ale4o (button) (small blind) collected ($6)


PokerStars Hand #155417976994:  Hold'em Limit ($3/$6 USD) - 2016/07/01 5:43:51 ET
Table 'Luce' 6-max Seat #1 is the button
Seat 1: 3mmPLEASE ($127.50 in chips)
Seat 2: Ale4o ($141 in chips)
3mmPLEASE: posts small blind $1
Ale4o: posts big blind $3
*** HOLE CARDS ***
3mmPLEASE: folds
Uncalled bet ($2) returned to Ale4o
Ale4o collected $2 from pot
Ale4o: doesn't show hand
*** SUMMARY ***
Total pot $2 | Rake $0
Seat 1: 3mmPLEASE (button) (small blind) folded before Flop
Seat 2: Ale4o (big blind) collected ($2)


PokerStars Hand #155417962204:  Hold'em Limit ($3/$6 USD) - 2016/07/01 5:43:08 ET
Table 'Luce' 6-max Seat #2 is the button
Seat 1: 3mmPLEASE ($113 in chips)
Seat 2: Ale4o ($156 in chips)
Ale4o: posts small blind $1
3mmPLEASE: posts big blind $3
*** HOLE CARDS ***
Ale4o: raises $3 to $6
3mmPLEASE: calls $3
*** FLOP *** [Jc Ad 9h]
3mmPLEASE: checks
Ale4o: bets $3
3mmPLEASE: calls $3
*** TURN *** [Jc Ad 9h] [9d]
3mmPLEASE: checks
Ale4o: checks
*** RIVER *** [Jc Ad 9h 9d] [As]
3mmPLEASE: bets $6
Ale4o: calls $6
*** SHOW DOWN ***
3mmPLEASE: shows [Jd 5d] (two pair, Aces and Jacks)
Ale4o: mucks hand
3mmPLEASE collected $29.50 from pot
*** SUMMARY ***
Total pot $30 | Rake $0.50
Board [Jc Ad 9h 9d As]
Seat 1: 3mmPLEASE (big blind) showed [Jd 5d] and won ($29.50) with two pair, Aces and Jacks
Seat 2: Ale4o (button) (small blind) mucked


PokerStars Hand #155417978585:  Hold'em Limit ($3/$6 USD) - 2016/07/01 5:43:55 ET
Table 'Luce' 6-max Seat #2 is the button
Seat 1: 3mmPLEASE ($126.50 in chips)
Seat 2: Ale4o ($142 in chips)
Ale4o: posts small blind $1
3mmPLEASE: posts big blind $3
*** HOLE CARDS ***
Ale4o: raises $3 to $6
3mmPLEASE: raises $3 to $9
Ale4o: calls $3
*** FLOP *** [As 8d Jc]
3mmPLEASE: bets $3
Ale4o: calls $3
*** TURN *** [As 8d Jc] [Tc]
3mmPLEASE: bets $6
Ale4o: calls $6
*** RIVER *** [As 8d Jc Tc] [Qh]
3mmPLEASE: checks
Ale4o: bets $6
3mmPLEASE: calls $6
*** SHOW DOWN ***
Ale4o: shows [8s Kh] (a straight, Ten to Ace)
3mmPLEASE: mucks hand
Ale4o collected $47.50 from pot
*** SUMMARY ***
Total pot $48 | Rake $0.50
Board [As 8d Jc Tc Qh]
Seat 1: 3mmPLEASE (big blind) mucked
Seat 2: Ale4o (button) (small blind) showed [8s Kh] and won ($47.50) with a straight, Ten to Ace


PokerStars Hand #155417998440:  Hold'em Limit ($3/$6 USD) - 2016/07/01 5:44:53 ET
Table 'Luce' 6-max Seat #2 is the button
Seat 1: 3mmPLEASE ($114.02 in chips)
Seat 2: Ale4o ($153.50 in chips)
Ale4o: posts small blind $1
3mmPLEASE: posts big blind $3
*** HOLE CARDS ***
Ale4o: raises $3 to $6
3mmPLEASE: calls $3
*** FLOP *** [Kc 9d Kh]
3mmPLEASE: checks
Ale4o: bets $3
3mmPLEASE: raises $3 to $6
Ale4o: calls $3
*** TURN *** [Kc 9d Kh] [Ad]
3mmPLEASE: checks
Ale4o: checks
*** RIVER *** [Kc 9d Kh Ad] [7s]
3mmPLEASE: checks
Ale4o: checks
*** SHOW DOWN ***
3mmPLEASE: shows [Jc 9c] (two pair, Kings and Nines)
Ale4o: shows [Ac 4c] (two pair, Aces and Kings)
Ale4o collected $23.52 from pot
*** SUMMARY ***
Total pot $24 | Rake $0.48
Board [Kc 9d Kh Ad 7s]
Seat 1: 3mmPLEASE (big blind) showed [Jc 9c] and lost with two pair, Kings and Nines
Seat 2: Ale4o (button) (small blind) showed [Ac 4c] and won ($23.52) with two pair, Aces and Kings


PokerStars Hand #155417988854:  Hold'em Limit ($3/$6 USD) - 2016/07/01 5:44:26 ET
Table 'Luce' 6-max Seat #1 is the button
Seat 1: 3mmPLEASE ($102.50 in chips)
Seat 2: Ale4o ($165.50 in chips)
3mmPLEASE: posts small blind $1
Ale4o: posts big blind $3
*** HOLE CARDS ***
3mmPLEASE: raises $3 to $6
Ale4o: calls $3
*** FLOP *** [4d 3h 4c]
Ale4o: checks
3mmPLEASE: checks
*** TURN *** [4d 3h 4c] [Kh]
Ale4o: checks
3mmPLEASE: bets $6
Ale4o: calls $6
*** RIVER *** [4d 3h 4c Kh] [6s]
Ale4o: checks
3mmPLEASE: bets $6
Ale4o: folds
Uncalled bet ($6) returned to 3mmPLEASE
3mmPLEASE collected $23.52 from pot
3mmPLEASE: doesn't show hand
*** SUMMARY ***
Total pot $24 | Rake $0.48
Board [4d 3h 4c Kh 6s]
Seat 1: 3mmPLEASE (button) (small blind) collected ($23.52)
Seat 2: Ale4o (big blind) folded on the River


PokerStars Hand #155418023007:  Hold'em Limit ($3/$6 USD) - 2016/07/01 5:46:04 ET
Table 'Luce' 6-max Seat #2 is the button
Seat 1: 3mmPLEASE ($134.04 in chips)
Seat 2: Ale4o ($131.78 in chips)
Ale4o: posts small blind $1
3mmPLEASE: posts big blind $3
*** HOLE CARDS ***
Ale4o: raises $3 to $6
3mmPLEASE: calls $3
*** FLOP *** [Kd Ks Js]
3mmPLEASE: checks
Ale4o: bets $3
3mmPLEASE: folds
Uncalled bet ($3) returned to Ale4o
Ale4o collected $11.76 from pot
Ale4o: doesn't show hand
*** SUMMARY ***
Total pot $12 | Rake $0.24
Board [Kd Ks Js]
Seat 1: 3mmPLEASE (big blind) folded on the Flop
Seat 2: Ale4o (button) (small blind) collected ($11.76)


PokerStars Hand #155418005419:  Hold'em Limit ($3/$6 USD) - 2016/07/01 5:45:13 ET
Table 'Luce' 6-max Seat #1 is the button
Seat 1: 3mmPLEASE ($102.02 in chips)
Seat 2: Ale4o ($165.02 in chips)
3mmPLEASE: posts small blind $1
Ale4o: posts big blind $3
*** HOLE CARDS ***
3mmPLEASE: calls $2
Ale4o: raises $3 to $6
3mmPLEASE: calls $3
*** FLOP *** [Qc 3d Qs]
Ale4o: bets $3
3mmPLEASE: folds
Uncalled bet ($3) returned to Ale4o
Ale4o collected $11.76 from pot
Ale4o: doesn't show hand
*** SUMMARY ***
Total pot $12 | Rake $0.24
Board [Qc 3d Qs]
Seat 1: 3mmPLEASE (button) (small blind) folded on the Flop
Seat 2: Ale4o (big blind) collected ($11.76)


PokerStars Hand #155418015137:  Hold'em Limit ($3/$6 USD) - 2016/07/01 5:45:41 ET
Table 'Luce' 6-max Seat #1 is the button
Seat 1: 3mmPLEASE ($107.54 in chips)
Seat 2: Ale4o ($158.78 in chips)
3mmPLEASE: posts small blind $1
Ale4o: posts big blind $3
*** HOLE CARDS ***
3mmPLEASE: raises $3 to $6
Ale4o: calls $3
*** FLOP *** [5s 7h 4h]
Ale4o: bets $3
3mmPLEASE: raises $3 to $6
Ale4o: raises $3 to $9
3mmPLEASE: calls $3
*** TURN *** [5s 7h 4h] [Ac]
Ale4o: bets $6
3mmPLEASE: calls $6
*** RIVER *** [5s 7h 4h Ac] [Jd]
Ale4o: bets $6
3mmPLEASE: calls $6
*** SHOW DOWN ***
Ale4o: shows [9d 9h] (a pair of Nines)
3mmPLEASE: shows [Jc 7d] (two pair, Jacks and Sevens)
3mmPLEASE collected $53.50 from pot
*** SUMMARY ***
Total pot $54 | Rake $0.50
Board [5s 7h 4h Ac Jd]
Seat 1: 3mmPLEASE (button) (small blind) showed [Jc 7d] and won ($53.50) with two pair, Jacks and Sevens
Seat 2: Ale4o (big blind) showed [9d 9h] and lost with a pair of Nines


PokerStars Hand #155418009828:  Hold'em Limit ($3/$6 USD) - 2016/07/01 5:45:26 ET
Table 'Luce' 6-max Seat #2 is the button
Seat 1: 3mmPLEASE ($96.02 in chips)
Seat 2: Ale4o ($170.78 in chips)
Ale4o: posts small blind $1
3mmPLEASE: posts big blind $3
*** HOLE CARDS ***
Ale4o: raises $3 to $6
3mmPLEASE: raises $3 to $9
Ale4o: calls $3
*** FLOP *** [Qd Ts 3h]
3mmPLEASE: bets $3
Ale4o: calls $3
*** TURN *** [Qd Ts 3h] [2s]
3mmPLEASE: bets $6
Ale4o: folds
Uncalled bet ($6) returned to 3mmPLEASE
3mmPLEASE collected $23.52 from pot
3mmPLEASE: doesn't show hand
*** SUMMARY ***
Total pot $24 | Rake $0.48
Board [Qd Ts 3h 2s]
Seat 1: 3mmPLEASE (big blind) collected ($23.52)
Seat 2: Ale4o (button) (small blind) folded on the Turn


PokerStars Hand #155418028095:  Hold'em Limit ($3/$6 USD) - 2016/07/01 5:46:18 ET
Table 'Luce' 6-max Seat #1 is the button
Seat 1: 3mmPLEASE ($128.04 in chips)
Seat 2: Ale4o ($137.54 in chips)
3mmPLEASE: posts small blind $1
Ale4o: posts big blind $3
*** HOLE CARDS ***
3mmPLEASE: raises $3 to $6
Ale4o: calls $3
*** FLOP *** [8d Js 7h]
Ale4o: checks
3mmPLEASE: checks
*** TURN *** [8d Js 7h] [9d]
Ale4o: checks
3mmPLEASE: bets $6
Ale4o: calls $6
*** RIVER *** [8d Js 7h 9d] [4d]
Ale4o: checks
3mmPLEASE: checks
*** SHOW DOWN ***
Ale4o: shows [Jh 2h] (a pair of Jacks)
3mmPLEASE: mucks hand
Ale4o collected $23.52 from pot
*** SUMMARY ***
Total pot $24 | Rake $0.48
Board [8d Js 7h 9d 4d]
Seat 1: 3mmPLEASE (button) (small blind) mucked
Seat 2: Ale4o (big blind) showed [Jh 2h] and won ($23.52) with a pair of Jacks


PokerStars Hand #155418044058:  Hold'em Limit ($3/$6 USD) - 2016/07/01 5:47:05 ET
Table 'Luce' 6-max Seat #1 is the button
Seat 1: 3mmPLEASE ($124.68 in chips)
Seat 2: Ale4o ($140.06 in chips)
3mmPLEASE: posts small blind $1
Ale4o: posts big blind $3
*** HOLE CARDS ***
3mmPLEASE: folds
Uncalled bet ($2) returned to Ale4o
Ale4o collected $2 from pot
Ale4o: doesn't show hand
*** SUMMARY ***
Total pot $2 | Rake $0
Seat 1: 3mmPLEASE (button) (small blind) folded before Flop
Seat 2: Ale4o (big blind) collected ($2)


PokerStars Hand #155418035035:  Hold'em Limit ($3/$6 USD) - 2016/07/01 5:46:38 ET
Table 'Luce' 6-max Seat #2 is the button
Seat 1: 3mmPLEASE ($116.04 in chips)
Seat 2: Ale4o ($149.06 in chips)
Ale4o: posts small blind $1
3mmPLEASE: posts big blind $3
*** HOLE CARDS ***
Ale4o: raises $3 to $6
3mmPLEASE: calls $3
*** FLOP *** [Kc 4h 7h]
3mmPLEASE: checks
Ale4o: bets $3
3mmPLEASE: calls $3
*** TURN *** [Kc 4h 7h] [9h]
3mmPLEASE: checks
Ale4o: checks
*** RIVER *** [Kc 4h 7h 9h] [6h]
3mmPLEASE: bets $6
Ale4o: folds
Uncalled bet ($6) returned to 3mmPLEASE
3mmPLEASE collected $17.64 from pot
3mmPLEASE: doesn't show hand
*** SUMMARY ***
Total pot $18 | Rake $0.36
Board [Kc 4h 7h 9h 6h]
Seat 1: 3mmPLEASE (big blind) collected ($17.64)
Seat 2: Ale4o (button) (small blind) folded on the River


PokerStars Hand #155418061183:  Hold'em Limit ($3/$6 USD) - 2016/07/01 5:47:54 ET
Table 'Luce' 6-max Seat #2 is the button
Seat 1: 3mmPLEASE ($111.44 in chips)
Seat 2: Ale4o ($152.56 in chips)
Ale4o: posts small blind $1
3mmPLEASE: posts big blind $3
*** HOLE CARDS ***
Ale4o: folds
Uncalled bet ($2) returned to 3mmPLEASE
3mmPLEASE collected $2 from pot
3mmPLEASE: doesn't show hand
*** SUMMARY ***
Total pot $2 | Rake $0
Seat 1: 3mmPLEASE (big blind) collected ($2)
Seat 2: Ale4o (button) (small blind) folded before Flop


PokerStars Hand #155418053955:  Hold'em Limit ($3/$6 USD) - 2016/07/01 5:47:33 ET
Table 'Luce' 6-max Seat #1 is the button
Seat 1: 3mmPLEASE ($105.68 in chips)
Seat 2: Ale4o ($158.56 in chips)
3mmPLEASE: posts small blind $1
Ale4o: posts big blind $3
*** HOLE CARDS ***
3mmPLEASE: raises $3 to $6
Ale4o: calls $3
*** FLOP *** [5h 7d Jh]
Ale4o: checks
3mmPLEASE: bets $3
Ale4o: folds
Uncalled bet ($3) returned to 3mmPLEASE
3mmPLEASE collected $11.76 from pot
3mmPLEASE: doesn't show hand
*** SUMMARY ***
Total pot $12 | Rake $0.24
Board [5h 7d Jh]
Seat 1: 3mmPLEASE (button) (small blind) collected ($11.76)
Seat 2: Ale4o (big blind) folded on the Flop


PokerStars Hand #155418045689:  Hold'em Limit ($3/$6 USD) - 2016/07/01 5:47:09 ET
Table 'Luce' 6-max Seat #2 is the button
Seat 1: 3mmPLEASE ($123.68 in chips)
Seat 2: Ale4o ($141.06 in chips)
Ale4o: posts small blind $1
3mmPLEASE: posts big blind $3
*** HOLE CARDS ***
Ale4o: raises $3 to $6
3mmPLEASE: calls $3
*** FLOP *** [Qd 9h 2c]
3mmPLEASE: bets $3
Ale4o: raises $3 to $6
3mmPLEASE: calls $3
*** TURN *** [Qd 9h 2c] [9d]
3mmPLEASE: checks
Ale4o: checks
*** RIVER *** [Qd 9h 2c 9d] [Kh]
3mmPLEASE: checks
Ale4o: bets $6
3mmPLEASE: calls $6
*** SHOW DOWN ***
Ale4o: shows [Kc Tc] (two pair, Kings and Nines)
3mmPLEASE: mucks hand
Ale4o collected $35.50 from pot
*** SUMMARY ***
Total pot $36 | Rake $0.50
Board [Qd 9h 2c 9d Kh]
Seat 1: 3mmPLEASE (big blind) mucked
Seat 2: Ale4o (button) (small blind) showed [Kc Tc] and won ($35.50) with two pair, Kings and Nines


