PokerStars Hand #155378911203:  Hold'em Limit ($3/$6 USD) - 2016/06/30 7:05:53 ET
Table 'Luce' 6-max Seat #2 is the button
Seat 1: frazerchi ($30 in chips)
Seat 2: B_loJkl ($150 in chips)
B_loJkl: posts small blind $1
VolkovDmitri: is sitting out
frazerchi: posts big blind $3
*** HOLE CARDS ***
B_loJkl: folds
Uncalled bet ($2) returned to frazerchi
VolkovDmitri leaves the table
frazerchi collected $2 from pot
frazerchi: doesn't show hand
*** SUMMARY ***
Total pot $2 | Rake $0
Seat 1: frazerchi (big blind) collected ($2)
Seat 2: B_loJkl (button) (small blind) folded before Flop


PokerStars Hand #155378941275:  Hold'em Limit ($3/$6 USD) - 2016/06/30 7:07:07 ET
Table 'Luce' 6-max Seat #2 is the button
Seat 1: frazerchi ($5 in chips)
Seat 2: B_loJkl ($174.50 in chips)
B_loJkl: posts small blind $1
frazerchi: posts big blind $3
*** HOLE CARDS ***
B_loJkl: folds
Uncalled bet ($2) returned to frazerchi
frazerchi collected $2 from pot
frazerchi: doesn't show hand
*** SUMMARY ***
Total pot $2 | Rake $0
Seat 1: frazerchi (big blind) collected ($2)
Seat 2: B_loJkl (button) (small blind) folded before Flop


PokerStars Hand #155378921921:  Hold'em Limit ($3/$6 USD) - 2016/06/30 7:06:19 ET
Table 'Luce' 6-max Seat #2 is the button
Seat 1: frazerchi ($30 in chips)
Seat 2: B_loJkl ($150 in chips)
B_loJkl: posts small blind $1
frazerchi: posts big blind $3
*** HOLE CARDS ***
B_loJkl: raises $3 to $6
frazerchi: calls $3
*** FLOP *** [Ad Tc 2h]
frazerchi: checks
B_loJkl: bets $3
frazerchi: raises $3 to $6
B_loJkl: calls $3
*** TURN *** [Ad Tc 2h] [Kd]
frazerchi: bets $6
B_loJkl: calls $6
*** RIVER *** [Ad Tc 2h Kd] [Jd]
frazerchi: bets $6
B_loJkl: raises $6 to $12
frazerchi: folds
Uncalled bet ($6) returned to B_loJkl
B_loJkl collected $47.50 from pot
B_loJkl: doesn't show hand
*** SUMMARY ***
Total pot $48 | Rake $0.50
Board [Ad Tc 2h Kd Jd]
Seat 1: frazerchi (big blind) folded on the River
Seat 2: B_loJkl (button) (small blind) collected ($47.50)


PokerStars Hand #155378919676:  Hold'em Limit ($3/$6 USD) - 2016/06/30 7:06:14 ET
Table 'Luce' 6-max Seat #1 is the button
Seat 1: frazerchi ($31 in chips)
Seat 2: B_loJkl ($149 in chips)
frazerchi: posts small blind $1
B_loJkl: posts big blind $3
*** HOLE CARDS ***
frazerchi: folds
Uncalled bet ($2) returned to B_loJkl
B_loJkl collected $2 from pot
B_loJkl: doesn't show hand
*** SUMMARY ***
Total pot $2 | Rake $0
Seat 1: frazerchi (button) (small blind) folded before Flop
Seat 2: B_loJkl (big blind) collected ($2)


PokerStars Hand #155378943579:  Hold'em Limit ($3/$6 USD) - 2016/06/30 7:07:12 ET
Table 'Luce' 6-max Seat #1 is the button
Seat 1: frazerchi ($6 in chips)
Seat 2: B_loJkl ($173.50 in chips)
frazerchi: posts small blind $1
B_loJkl: posts big blind $3
*** HOLE CARDS ***
frazerchi: raises $3 to $6 and is all-in
B_loJkl: calls $3
*** FLOP *** [4d Td 3h]
*** TURN *** [4d Td 3h] [9d]
*** RIVER *** [4d Td 3h 9d] [8d]
*** SHOW DOWN ***
B_loJkl: shows [2c 2d] (a flush, Ten high)
frazerchi: shows [6h 3s] (a pair of Threes)
B_loJkl collected $11.76 from pot
*** SUMMARY ***
Total pot $12 | Rake $0.24
Board [4d Td 3h 9d 8d]
Seat 1: frazerchi (button) (small blind) showed [6h 3s] and lost with a pair of Threes
Seat 2: B_loJkl (big blind) showed [2c 2d] and won ($11.76) with a flush, Ten high


