PokerStars Hand #150265519857:  Hold'em Limit ($3/$6 USD) - 2016/03/12 20:35:54 ET
Table 'Lucina' 6-max Seat #4 is the button
Seat 4: AzureCaper ($72 in chips)
Seat 5: ManuelSikora ($48 in chips)
AzureCaper: posts small blind $1
ManuelSikora: posts big blind $3
*** HOLE CARDS ***
AzureCaper: raises $3 to $6
ManuelSikora: calls $3
*** FLOP *** [8h Jh Th]
ManuelSikora: bets $3
AzureCaper: calls $3
*** TURN *** [8h Jh Th] [Kc]
ManuelSikora: bets $6
AzureCaper: calls $6
*** RIVER *** [8h Jh Th Kc] [Qc]
ManuelSikora: checks
AzureCaper: checks
*** SHOW DOWN ***
ManuelSikora: shows [3h 5d] (high card King)
AzureCaper: shows [5s 5h] (a pair of Fives)
AzureCaper collected $29.50 from pot
*** SUMMARY ***
Total pot $30 | Rake $0.50
Board [8h Jh Th Kc Qc]
Seat 4: AzureCaper (button) (small blind) showed [5s 5h] and won ($29.50) with a pair of Fives
Seat 5: ManuelSikora (big blind) showed [3h 5d] and lost with high card King


PokerStars Hand #150265537666:  Hold'em Limit ($3/$6 USD) - 2016/03/12 20:36:29 ET
Table 'Lucina' 6-max Seat #4 is the button
Seat 4: AzureCaper ($87.50 in chips)
Seat 5: ManuelSikora ($32 in chips)
AzureCaper: posts small blind $1
ManuelSikora: posts big blind $3
*** HOLE CARDS ***
AzureCaper: raises $3 to $6
ManuelSikora: raises $3 to $9
AzureCaper: calls $3
*** FLOP *** [Kh Qs 4c]
ManuelSikora: bets $3
AzureCaper: calls $3
*** TURN *** [Kh Qs 4c] [Kd]
ManuelSikora: bets $6
AzureCaper: raises $6 to $12
ManuelSikora: folds
Uncalled bet ($6) returned to AzureCaper
AzureCaper collected $35.50 from pot
AzureCaper: doesn't show hand
*** SUMMARY ***
Total pot $36 | Rake $0.50
Board [Kh Qs 4c Kd]
Seat 4: AzureCaper (button) (small blind) collected ($35.50)
Seat 5: ManuelSikora (big blind) folded on the Turn


PokerStars Hand #150265535358:  Hold'em Limit ($3/$6 USD) - 2016/03/12 20:36:24 ET
Table 'Lucina' 6-max Seat #5 is the button
Seat 4: AzureCaper ($86.50 in chips)
Seat 5: ManuelSikora ($33 in chips)
ManuelSikora: posts small blind $1
AzureCaper: posts big blind $3
*** HOLE CARDS ***
ManuelSikora: folds
Uncalled bet ($2) returned to AzureCaper
AzureCaper collected $2 from pot
AzureCaper: doesn't show hand
*** SUMMARY ***
Total pot $2 | Rake $0
Seat 4: AzureCaper (big blind) collected ($2)
Seat 5: ManuelSikora (button) (small blind) folded before Flop


PokerStars Hand #150265557068:  Hold'em Limit ($3/$6 USD) - 2016/03/12 20:37:07 ET
Table 'Lucina' 6-max Seat #5 is the button
Seat 4: AzureCaper ($87 in chips)
Seat 5: ManuelSikora ($31.28 in chips)
ManuelSikora: posts small blind $1
AzureCaper: posts big blind $3
*** HOLE CARDS ***
ManuelSikora: folds
Uncalled bet ($2) returned to AzureCaper
AzureCaper collected $2 from pot
AzureCaper: doesn't show hand
*** SUMMARY ***
Total pot $2 | Rake $0
Seat 4: AzureCaper (big blind) collected ($2)
Seat 5: ManuelSikora (button) (small blind) folded before Flop


PokerStars Hand #150265551283:  Hold'em Limit ($3/$6 USD) - 2016/03/12 20:36:56 ET
Table 'Lucina' 6-max Seat #4 is the button
Seat 4: AzureCaper ($99 in chips)
Seat 5: ManuelSikora ($19.76 in chips)
AzureCaper: posts small blind $1
ManuelSikora: posts big blind $3
*** HOLE CARDS ***
AzureCaper: raises $3 to $6
ManuelSikora: raises $3 to $9
AzureCaper: calls $3
*** FLOP *** [4s 8d 5h]
ManuelSikora: bets $3
AzureCaper: calls $3
*** TURN *** [4s 8d 5h] [8c]
ManuelSikora: bets $6
AzureCaper: folds
Uncalled bet ($6) returned to ManuelSikora
ManuelSikora collected $23.52 from pot
ManuelSikora: doesn't show hand
*** SUMMARY ***
Total pot $24 | Rake $0.48
Board [4s 8d 5h 8c]
Seat 4: AzureCaper (button) (small blind) folded on the Turn
Seat 5: ManuelSikora (big blind) collected ($23.52)


PokerStars Hand #150265545758:  Hold'em Limit ($3/$6 USD) - 2016/03/12 20:36:45 ET
Table 'Lucina' 6-max Seat #5 is the button
Seat 4: AzureCaper ($105 in chips)
Seat 5: ManuelSikora ($14 in chips)
ManuelSikora: posts small blind $1
AzureCaper: posts big blind $3
*** HOLE CARDS ***
ManuelSikora: raises $3 to $6
AzureCaper: calls $3
*** FLOP *** [Kd Qh 3h]
AzureCaper: checks
ManuelSikora: bets $3
AzureCaper: folds
Uncalled bet ($3) returned to ManuelSikora
ManuelSikora collected $11.76 from pot
ManuelSikora: doesn't show hand
*** SUMMARY ***
Total pot $12 | Rake $0.24
Board [Kd Qh 3h]
Seat 4: AzureCaper (big blind) folded on the Flop
Seat 5: ManuelSikora (button) (small blind) collected ($11.76)


PokerStars Hand #150265562432:  Hold'em Limit ($3/$6 USD) - 2016/03/12 20:37:18 ET
Table 'Lucina' 6-max Seat #5 is the button
Seat 4: AzureCaper ($87 in chips)
Seat 5: ManuelSikora ($31.28 in chips)
ManuelSikora: posts small blind $1
AzureCaper: posts big blind $3
*** HOLE CARDS ***
ManuelSikora: raises $3 to $6
AzureCaper: calls $3
*** FLOP *** [Ts Ah Ac]
AzureCaper: checks
ManuelSikora: bets $3
AzureCaper: folds
Uncalled bet ($3) returned to ManuelSikora
ManuelSikora collected $11.76 from pot
ManuelSikora: doesn't show hand
*** SUMMARY ***
Total pot $12 | Rake $0.24
Board [Ts Ah Ac]
Seat 4: AzureCaper (big blind) folded on the Flop
Seat 5: ManuelSikora (button) (small blind) collected ($11.76)


PokerStars Hand #150265560191:  Hold'em Limit ($3/$6 USD) - 2016/03/12 20:37:13 ET
Table 'Lucina' 6-max Seat #4 is the button
Seat 4: AzureCaper ($88 in chips)
Seat 5: ManuelSikora ($30.28 in chips)
AzureCaper: posts small blind $1
ManuelSikora: posts big blind $3
*** HOLE CARDS ***
AzureCaper: folds
Uncalled bet ($2) returned to ManuelSikora
ManuelSikora collected $2 from pot
ManuelSikora: doesn't show hand
*** SUMMARY ***
Total pot $2 | Rake $0
Seat 4: AzureCaper (button) (small blind) folded before Flop
Seat 5: ManuelSikora (big blind) collected ($2)


PokerStars Hand #150265584264:  Hold'em Limit ($3/$6 USD) - 2016/03/12 20:38:02 ET
Table 'Lucina' 6-max Seat #4 is the button
Seat 4: AzureCaper ($72 in chips)
Seat 5: ManuelSikora ($48.54 in chips)
AzureCaper: posts small blind $1
ManuelSikora: posts big blind $3
*** HOLE CARDS ***
AzureCaper: raises $3 to $6
ManuelSikora: folds
Uncalled bet ($3) returned to AzureCaper
AzureCaper collected $6 from pot
AzureCaper: doesn't show hand
*** SUMMARY ***
Total pot $6 | Rake $0
Seat 4: AzureCaper (button) (small blind) collected ($6)
Seat 5: ManuelSikora (big blind) folded before Flop


PokerStars Hand #150265575716:  Hold'em Limit ($3/$6 USD) - 2016/03/12 20:37:45 ET
Table 'Lucina' 6-max Seat #5 is the button
Seat 4: AzureCaper ($89.64 in chips)
Seat 5: ManuelSikora ($28.04 in chips)
ManuelSikora: posts small blind $1
AzureCaper: posts big blind $3
*** HOLE CARDS ***
ManuelSikora: raises $3 to $6
AzureCaper: raises $3 to $9
ManuelSikora: calls $3
*** FLOP *** [5d Tc Jh]
AzureCaper: bets $3
ManuelSikora: raises $3 to $6
AzureCaper: calls $3
*** TURN *** [5d Tc Jh] [7d]
AzureCaper: checks
ManuelSikora: bets $6
AzureCaper: calls $6
*** RIVER *** [5d Tc Jh 7d] [8h]
AzureCaper: checks
ManuelSikora: bets $6
AzureCaper: folds
Uncalled bet ($6) returned to ManuelSikora
ManuelSikora collected $41.50 from pot
ManuelSikora: doesn't show hand
*** SUMMARY ***
Total pot $42 | Rake $0.50
Board [5d Tc Jh 7d 8h]
Seat 4: AzureCaper (big blind) folded on the River
Seat 5: ManuelSikora (button) (small blind) collected ($41.50)


PokerStars Hand #150265599591:  Hold'em Limit ($3/$6 USD) - 2016/03/12 20:38:33 ET
Table 'Lucina' 6-max Seat #4 is the button
Seat 4: AzureCaper ($107.50 in chips)
Seat 5: ManuelSikora ($12.54 in chips)
AzureCaper: posts small blind $1
ManuelSikora: posts big blind $3
*** HOLE CARDS ***
AzureCaper: folds
Uncalled bet ($2) returned to ManuelSikora
ManuelSikora collected $2 from pot
ManuelSikora: doesn't show hand
*** SUMMARY ***
Total pot $2 | Rake $0
Seat 4: AzureCaper (button) (small blind) folded before Flop
Seat 5: ManuelSikora (big blind) collected ($2)


PokerStars Hand #150265587636:  Hold'em Limit ($3/$6 USD) - 2016/03/12 20:38:09 ET
Table 'Lucina' 6-max Seat #5 is the button
Seat 4: AzureCaper ($75 in chips)
Seat 5: ManuelSikora ($45.54 in chips)
ManuelSikora: posts small blind $1
AzureCaper: posts big blind $3
*** HOLE CARDS ***
ManuelSikora: raises $3 to $6
AzureCaper: raises $3 to $9
ManuelSikora: calls $3
*** FLOP *** [8s Qc 6c]
AzureCaper: bets $3
ManuelSikora: raises $3 to $6
AzureCaper: calls $3
*** TURN *** [8s Qc 6c] [Kh]
AzureCaper: checks
ManuelSikora: bets $6
AzureCaper: raises $6 to $12
ManuelSikora: calls $6
*** RIVER *** [8s Qc 6c Kh] [Qd]
AzureCaper: bets $6
$i1ver joins the table at seat #3
ManuelSikora: calls $6
*** SHOW DOWN ***
AzureCaper: shows [As Kc] (two pair, Kings and Queens)
ManuelSikora: mucks hand
AzureCaper collected $65.50 from pot
*** SUMMARY ***
Total pot $66 | Rake $0.50
Board [8s Qc 6c Kh Qd]
Seat 4: AzureCaper (big blind) showed [As Kc] and won ($65.50) with two pair, Kings and Queens
Seat 5: ManuelSikora (button) (small blind) mucked


