PokerStars Hand #161207035904:  Hold'em Limit ($3/$6 USD) - 2016/11/10 16:31:53 ET
Table 'Lucia II' 6-max Seat #3 is the button
Seat 3: hairy1961 ($50 in chips)
Seat 4: assitoni ($72 in chips)
hairy1961: posts small blind $1
assitoni: posts big blind $3
*** HOLE CARDS ***
hairy1961: raises $3 to $6
assitoni: raises $3 to $9
hairy1961: calls $3
*** FLOP *** [Qd 7c 2d]
tutones87 joins the table at seat #2
assitoni: bets $3
hairy1961: calls $3
*** TURN *** [Qd 7c 2d] [7d]
assitoni: bets $6
hairy1961: raises $6 to $12
assitoni: calls $6
*** RIVER *** [Qd 7c 2d 7d] [9c]
assitoni: checks
hairy1961: bets $6
assitoni: calls $6
*** SHOW DOWN ***
hairy1961: shows [Qc Ac] (two pair, Queens and Sevens)
assitoni: mucks hand
hairy1961 collected $59.50 from pot
*** SUMMARY ***
Total pot $60 | Rake $0.50
Board [Qd 7c 2d 7d 9c]
Seat 3: hairy1961 (button) (small blind) showed [Qc Ac] and won ($59.50) with two pair, Queens and Sevens
Seat 4: assitoni (big blind) mucked


PokerStars Hand #161207507747:  Hold'em Limit ($3/$6 USD) - 2016/11/10 16:40:40 ET
Table 'Lucia II' 6-max Seat #6 is the button
Seat 5: Pelurile ($72 in chips)
Seat 6: paco74415 ($158.43 in chips)
paco74415: posts small blind $1
ValeryRon: is sitting out
assitoni: is sitting out
Pelurile: posts big blind $3
*** HOLE CARDS ***
paco74415: calls $2
Pelurile: checks
*** FLOP *** [5s Ac 8h]
ValeryRon leaves the table
Pelurile: checks
paco74415: checks
*** TURN *** [5s Ac 8h] [8s]
Pelurile: checks
paco74415: checks
*** RIVER *** [5s Ac 8h 8s] [4c]
Pelurile: checks
paco74415: checks
*** SHOW DOWN ***
Pelurile: shows [6d Qc] (a pair of Eights)
paco74415: mucks hand
Pelurile collected $5.88 from pot
*** SUMMARY ***
Total pot $6 | Rake $0.12
Board [5s Ac 8h 8s 4c]
Seat 5: Pelurile (big blind) showed [6d Qc] and won ($5.88) with a pair of Eights
Seat 6: paco74415 (button) (small blind) mucked


PokerStars Hand #161207534483:  Hold'em Limit ($3/$6 USD) - 2016/11/10 16:41:11 ET
Table 'Lucia II' 6-max Seat #5 is the button
Seat 5: Pelurile ($74.88 in chips)
Seat 6: paco74415 ($155.43 in chips)
Pelurile: posts small blind $1
paco74415: posts big blind $3
*** HOLE CARDS ***
Pelurile: raises $3 to $6
paco74415: folds
Uncalled bet ($3) returned to Pelurile
paco74415 leaves the table
Pelurile collected $6 from pot
Pelurile: doesn't show hand
*** SUMMARY ***
Total pot $6 | Rake $0
Seat 5: Pelurile (button) (small blind) collected ($6)
Seat 6: paco74415 (big blind) folded before Flop


