PokerStars Hand #145234248616:  Hold'em Limit ($3/$6 USD) - 2015/12/12 13:04:34 ET
Table 'Lucia II' 6-max Seat #5 is the button
Seat 3: Swe_OlssoN ($98.63 in chips)
Seat 5: belik555 ($87.50 in chips)
belik555: posts small blind $1
Swe_OlssoN: posts big blind $3
*** HOLE CARDS ***
belik555: raises $3 to $6
Swe_OlssoN: calls $3
*** FLOP *** [Qs 5d 9s]
Krazy90 joins the table at seat #4
Swe_OlssoN: checks
belik555: bets $3
Swe_OlssoN: calls $3
*** TURN *** [Qs 5d 9s] [Qh]
Swe_OlssoN: checks
belik555: bets $6
Swe_OlssoN: raises $6 to $12
belik555: calls $6
*** RIVER *** [Qs 5d 9s Qh] [4d]
Swe_OlssoN: bets $6
belik555: calls $6
*** SHOW DOWN ***
Swe_OlssoN: shows [3s Qd] (three of a kind, Queens)
belik555: mucks hand
Swe_OlssoN collected $53.50 from pot
*** SUMMARY ***
Total pot $54 | Rake $0.50
Board [Qs 5d 9s Qh 4d]
Seat 3: Swe_OlssoN (big blind) showed [3s Qd] and won ($53.50) with three of a kind, Queens
Seat 5: belik555 (button) (small blind) mucked


PokerStars Hand #145234243841:  Hold'em Limit ($3/$6 USD) - 2015/12/12 13:04:29 ET
Table 'Lucia II' 6-max Seat #3 is the button
Seat 3: Swe_OlssoN ($99.63 in chips)
Seat 5: belik555 ($86.50 in chips)
Swe_OlssoN: posts small blind $1
belik555: posts big blind $3
*** HOLE CARDS ***
Swe_OlssoN: folds
Uncalled bet ($2) returned to belik555
belik555 collected $2 from pot
belik555: doesn't show hand
*** SUMMARY ***
Total pot $2 | Rake $0
Seat 3: Swe_OlssoN (button) (small blind) folded before Flop
Seat 5: belik555 (big blind) collected ($2)


PokerStars Hand #145234233336:  Hold'em Limit ($3/$6 USD) - 2015/12/12 13:04:17 ET
Table 'Lucia II' 6-max Seat #5 is the button
Seat 3: Swe_OlssoN ($90.99 in chips)
Seat 5: belik555 ($95.50 in chips)
belik555: posts small blind $1
Swe_OlssoN: posts big blind $3
*** HOLE CARDS ***
belik555: raises $3 to $6
Swe_OlssoN: raises $3 to $9
belik555: calls $3
*** FLOP *** [4c 4s Ah]
Swe_OlssoN: bets $3
belik555: folds
Uncalled bet ($3) returned to Swe_OlssoN
Swe_OlssoN collected $17.64 from pot
Swe_OlssoN: doesn't show hand
*** SUMMARY ***
Total pot $18 | Rake $0.36
Board [4c 4s Ah]
Seat 3: Swe_OlssoN (big blind) collected ($17.64)
Seat 5: belik555 (button) (small blind) folded on the Flop


PokerStars Hand #145234202258:  Hold'em Limit ($3/$6 USD) - 2015/12/12 13:03:41 ET
Table 'Lucia II' 6-max Seat #3 is the button
Seat 3: Swe_OlssoN ($114.99 in chips)
Seat 5: belik555 ($72 in chips)
Swe_OlssoN: posts small blind $1
belik555: posts big blind $3
*** HOLE CARDS ***
Swe_OlssoN: raises $3 to $6
belik555: calls $3
*** FLOP *** [5d Qc 3s]
belik555: checks
Swe_OlssoN: bets $3
belik555: raises $3 to $6
Swe_OlssoN: calls $3
*** TURN *** [5d Qc 3s] [Qd]
belik555: bets $6
Swe_OlssoN: calls $6
*** RIVER *** [5d Qc 3s Qd] [6c]
belik555: bets $6
Swe_OlssoN: calls $6
*** SHOW DOWN ***
belik555: shows [Tc Qs] (three of a kind, Queens)
Swe_OlssoN: mucks hand
belik555 collected $47.50 from pot
*** SUMMARY ***
Total pot $48 | Rake $0.50
Board [5d Qc 3s Qd 6c]
Seat 3: Swe_OlssoN (button) (small blind) mucked
Seat 5: belik555 (big blind) showed [Tc Qs] and won ($47.50) with three of a kind, Queens


PokerStars Hand #145234661819:  Hold'em Limit ($3/$6 USD) - 2015/12/12 13:12:32 ET
Table 'Lucia II' 6-max Seat #3 is the button
Seat 3: Swe_OlssoN ($77.32 in chips)
Seat 6: Airbag999 ($256.12 in chips)
Swe_OlssoN: posts small blind $1
Krazy90: is sitting out
Airbag999: posts big blind $3
*** HOLE CARDS ***
Swe_OlssoN: folds
Uncalled bet ($2) returned to Airbag999
Airbag999 collected $2 from pot
Airbag999: doesn't show hand
*** SUMMARY ***
Total pot $2 | Rake $0
Seat 3: Swe_OlssoN (button) (small blind) folded before Flop
Seat 6: Airbag999 (big blind) collected ($2)


PokerStars Hand #145234707858:  Hold'em Limit ($3/$6 USD) - 2015/12/12 13:13:26 ET
Table 'Lucia II' 6-max Seat #6 is the button
Seat 3: Swe_OlssoN ($52.32 in chips)
Seat 6: Airbag999 ($280.62 in chips)
Airbag999: posts small blind $1
Swe_OlssoN: posts big blind $3
*** HOLE CARDS ***
Airbag999: raises $3 to $6
Swe_OlssoN: raises $3 to $9
Airbag999: calls $3
*** FLOP *** [6s 3s Jh]
Swe_OlssoN: bets $3
Airbag999: calls $3
*** TURN *** [6s 3s Jh] [2c]
Swe_OlssoN: bets $6
Airbag999: calls $6
*** RIVER *** [6s 3s Jh 2c] [Js]
Swe_OlssoN: bets $6
Airbag999: calls $6
*** SHOW DOWN ***
Swe_OlssoN: shows [2d 2s] (a full house, Deuces full of Jacks)
Airbag999: mucks hand
Swe_OlssoN collected $47.50 from pot
*** SUMMARY ***
Total pot $48 | Rake $0.50
Board [6s 3s Jh 2c Js]
Seat 3: Swe_OlssoN (big blind) showed [2d 2s] and won ($47.50) with a full house, Deuces full of Jacks
Seat 6: Airbag999 (button) (small blind) mucked


PokerStars Hand #145234700561:  Hold'em Limit ($3/$6 USD) - 2015/12/12 13:13:17 ET
Table 'Lucia II' 6-max Seat #3 is the button
Seat 3: Swe_OlssoN ($49.32 in chips)
Seat 6: Airbag999 ($283.62 in chips)
Swe_OlssoN: posts small blind $1
Airbag999: posts big blind $3
*** HOLE CARDS ***
Swe_OlssoN: raises $3 to $6
Airbag999: folds
Uncalled bet ($3) returned to Swe_OlssoN
Swe_OlssoN collected $6 from pot
patrikskjold joins the table at seat #4
Swe_OlssoN: doesn't show hand
*** SUMMARY ***
Total pot $6 | Rake $0
Seat 3: Swe_OlssoN (button) (small blind) collected ($6)
Seat 6: Airbag999 (big blind) folded before Flop


PokerStars Hand #145234667920:  Hold'em Limit ($3/$6 USD) - 2015/12/12 13:12:39 ET
Table 'Lucia II' 6-max Seat #6 is the button
Seat 3: Swe_OlssoN ($76.32 in chips)
Seat 6: Airbag999 ($257.12 in chips)
Airbag999: posts small blind $1
Swe_OlssoN: posts big blind $3
*** HOLE CARDS ***
Airbag999: raises $3 to $6
Swe_OlssoN: raises $3 to $9
Airbag999: raises $3 to $12
Betting is capped
Swe_OlssoN: calls $3
*** FLOP *** [3s 5c Kh]
Swe_OlssoN: checks
Airbag999: bets $3
Krazy90 leaves the table
Swe_OlssoN: calls $3
*** TURN *** [3s 5c Kh] [Ts]
Swe_OlssoN: checks
Airbag999: bets $6
Swe_OlssoN: calls $6
*** RIVER *** [3s 5c Kh Ts] [Js]
Swe_OlssoN: checks
Airbag999: bets $6
Swe_OlssoN: calls $6
*** SHOW DOWN ***
Airbag999: shows [Kd 5d] (two pair, Kings and Fives)
Swe_OlssoN: mucks hand
Airbag999 collected $53.50 from pot
*** SUMMARY ***
Total pot $54 | Rake $0.50
Board [3s 5c Kh Ts Js]
Seat 3: Swe_OlssoN (big blind) mucked
Seat 6: Airbag999 (button) (small blind) showed [Kd 5d] and won ($53.50) with two pair, Kings and Fives


PokerStars Hand #145234963629:  Hold'em Limit ($3/$6 USD) - 2015/12/12 13:18:10 ET
Table 'Lucia II' 6-max Seat #3 is the button
Seat 3: Swe_OlssoN ($60.69 in chips)
Seat 6: Airbag999 ($284.34 in chips)
Gartencop will be allowed to play after the button
baur017017 will be allowed to play after the button
Swe_OlssoN: posts small blind $1
patrikskjold: is sitting out
Truelove13: is sitting out
Airbag999: posts big blind $3
*** HOLE CARDS ***
Swe_OlssoN: raises $3 to $6
Truelove13 leaves the table
Karpik09 joins the table at seat #5
Airbag999: raises $3 to $9
Swe_OlssoN: calls $3
*** FLOP *** [7c 2h Td]
Airbag999: bets $3
Swe_OlssoN: raises $3 to $6
Airbag999: calls $3
*** TURN *** [7c 2h Td] [2s]
Airbag999: checks
Swe_OlssoN: bets $6
Airbag999: folds
Uncalled bet ($6) returned to Swe_OlssoN
Swe_OlssoN collected $29.50 from pot
Swe_OlssoN: doesn't show hand
*** SUMMARY ***
Total pot $30 | Rake $0.50
Board [7c 2h Td 2s]
Seat 3: Swe_OlssoN (button) (small blind) collected ($29.50)
Seat 6: Airbag999 (big blind) folded on the Turn


