PokerStars Hand #171782883702:  Hold'em Limit ($3/$6 USD) - 2017/06/14 18:03:46 ET
Table 'Lucidor II' 6-max Seat #6 is the button
Seat 3: dient´s ($30 in chips)
Seat 6: scorpio04 ($213.75 in chips)
scorpio04: posts small blind $1
dient´s: posts big blind $3
*** HOLE CARDS ***
scorpio04: raises $3 to $6
dient´s: folds
Uncalled bet ($3) returned to scorpio04
scorpio04 collected $6 from pot
scorpio04: doesn't show hand
*** SUMMARY ***
Total pot $6 | Rake $0
Seat 3: dient´s (big blind) folded before Flop
Seat 6: scorpio04 (button) (small blind) collected ($6)


PokerStars Hand #171782897414:  Hold'em Limit ($3/$6 USD) - 2017/06/14 18:04:06 ET
Table 'Lucidor II' 6-max Seat #3 is the button
Seat 3: dient´s ($27 in chips)
Seat 6: scorpio04 ($216.75 in chips)
dient´s: posts small blind $1
scorpio04: posts big blind $3
*** HOLE CARDS ***
dient´s: calls $2
scorpio04: raises $3 to $6
dient´s: calls $3
*** FLOP *** [2s Ts 4d]
TinaTurner72 joins the table at seat #4
scorpio04: checks
dient´s: checks
*** TURN *** [2s Ts 4d] [9c]
scorpio04: checks
dient´s: bets $6
NewRocker joins the table at seat #1
scorpio04: folds
Uncalled bet ($6) returned to dient´s
dient´s collected $11.76 from pot
*** SUMMARY ***
Total pot $12 | Rake $0.24
Board [2s Ts 4d 9c]
Seat 3: dient´s (button) (small blind) collected ($11.76)
Seat 6: scorpio04 (big blind) folded on the Turn


PokerStars Hand #171784155756:  Hold'em Limit ($3/$6 USD) - 2017/06/14 18:34:57 ET
Table 'Lucidor II' 6-max Seat #6 is the button
Seat 5: Vitalisek ($151 in chips)
Seat 6: scorpio04 ($202.94 in chips)
scorpio04: posts small blind $1
belik555: is sitting out
TinaTurner72: is sitting out
Vitalisek: posts big blind $3
*** HOLE CARDS ***
TinaTurner72 leaves the table
scorpio04: raises $3 to $6
Vitalisek: calls $3
*** FLOP *** [Ts Kc Qd]
Vitalisek: checks
belik555 leaves the table
scorpio04: bets $3
Vitalisek: calls $3
*** TURN *** [Ts Kc Qd] [8c]
Vitalisek: checks
scorpio04: bets $6
Vitalisek: calls $6
*** RIVER *** [Ts Kc Qd 8c] [Th]
Vitalisek: checks
scorpio04: checks
*** SHOW DOWN ***
Vitalisek: shows [6h Jc] (a pair of Tens)
scorpio04: shows [7s Ad] (a pair of Tens - Ace kicker)
scorpio04 collected $29.50 from pot
*** SUMMARY ***
Total pot $30 | Rake $0.50
Board [Ts Kc Qd 8c Th]
Seat 5: Vitalisek (big blind) showed [6h Jc] and lost with a pair of Tens
Seat 6: scorpio04 (button) (small blind) showed [7s Ad] and won ($29.50) with a pair of Tens


PokerStars Hand #171784232954:  Hold'em Limit ($3/$6 USD) - 2017/06/14 18:36:58 ET
Table 'Lucidor II' 6-max Seat #5 is the button
Seat 5: Vitalisek ($102 in chips)
Seat 6: scorpio04 ($250.44 in chips)
Vitalisek: posts small blind $1
scorpio04: posts big blind $3
*** HOLE CARDS ***
Vitalisek: raises $3 to $6
scorpio04: calls $3
*** FLOP *** [Ac 7c Js]
scorpio04: checks
Vitalisek: checks
*** TURN *** [Ac 7c Js] [6d]
scorpio04: checks
Vitalisek: bets $6
scorpio04: folds
Uncalled bet ($6) returned to Vitalisek
Vitalisek collected $11.76 from pot
Vitalisek: doesn't show hand
*** SUMMARY ***
Total pot $12 | Rake $0.24
Board [Ac 7c Js 6d]
Seat 5: Vitalisek (button) (small blind) collected ($11.76)
Seat 6: scorpio04 (big blind) folded on the Turn


PokerStars Hand #171784229529:  Hold'em Limit ($3/$6 USD) - 2017/06/14 18:36:52 ET
Table 'Lucidor II' 6-max Seat #6 is the button
Seat 5: Vitalisek ($101 in chips)
Seat 6: scorpio04 ($251.44 in chips)
scorpio04: posts small blind $1
Vitalisek: posts big blind $3
*** HOLE CARDS ***
scorpio04: folds
Uncalled bet ($2) returned to Vitalisek
Vitalisek collected $2 from pot
Vitalisek: doesn't show hand
*** SUMMARY ***
Total pot $2 | Rake $0
Seat 5: Vitalisek (big blind) collected ($2)
Seat 6: scorpio04 (button) (small blind) folded before Flop


PokerStars Hand #171784216111:  Hold'em Limit ($3/$6 USD) - 2017/06/14 18:36:31 ET
Table 'Lucidor II' 6-max Seat #5 is the button
Seat 5: Vitalisek ($119 in chips)
Seat 6: scorpio04 ($233.94 in chips)
Vitalisek: posts small blind $1
scorpio04: posts big blind $3
*** HOLE CARDS ***
Vitalisek: raises $3 to $6
scorpio04: raises $3 to $9
Vitalisek: calls $3
*** FLOP *** [Td Js 3h]
scorpio04: bets $3
Vitalisek: calls $3
*** TURN *** [Td Js 3h] [9d]
scorpio04: checks
Vitalisek: checks
*** RIVER *** [Td Js 3h 9d] [7d]
scorpio04: bets $6
Vitalisek: calls $6
*** SHOW DOWN ***
scorpio04: shows [4d 6d] (a flush, Ten high)
Vitalisek: mucks hand
scorpio04 collected $35.50 from pot
*** SUMMARY ***
Total pot $36 | Rake $0.50
Board [Td Js 3h 9d 7d]
Seat 5: Vitalisek (button) (small blind) mucked
Seat 6: scorpio04 (big blind) showed [4d 6d] and won ($35.50) with a flush, Ten high


PokerStars Hand #171784212713:  Hold'em Limit ($3/$6 USD) - 2017/06/14 18:36:26 ET
Table 'Lucidor II' 6-max Seat #6 is the button
Seat 5: Vitalisek ($118 in chips)
Seat 6: scorpio04 ($234.94 in chips)
scorpio04: posts small blind $1
Vitalisek: posts big blind $3
*** HOLE CARDS ***
scorpio04: folds
Uncalled bet ($2) returned to Vitalisek
Vitalisek collected $2 from pot
Vitalisek: doesn't show hand
*** SUMMARY ***
Total pot $2 | Rake $0
Seat 5: Vitalisek (big blind) collected ($2)
Seat 6: scorpio04 (button) (small blind) folded before Flop


PokerStars Hand #171784183634:  Hold'em Limit ($3/$6 USD) - 2017/06/14 18:35:40 ET
Table 'Lucidor II' 6-max Seat #5 is the button
Seat 5: Vitalisek ($136 in chips)
Seat 6: scorpio04 ($217.44 in chips)
Vitalisek: posts small blind $1
scorpio04: posts big blind $3
*** HOLE CARDS ***
Vitalisek: raises $3 to $6
scorpio04: raises $3 to $9
Vitalisek: calls $3
*** FLOP *** [8h 2h Ts]
scorpio04: bets $3
Vitalisek: calls $3
*** TURN *** [8h 2h Ts] [Jh]
scorpio04: checks
Vitalisek: bets $6
scorpio04: calls $6
*** RIVER *** [8h 2h Ts Jh] [2s]
scorpio04: bets $6
Vitalisek: folds
Uncalled bet ($6) returned to scorpio04
scorpio04 collected $35.50 from pot
scorpio04: doesn't show hand
*** SUMMARY ***
Total pot $36 | Rake $0.50
Board [8h 2h Ts Jh 2s]
Seat 5: Vitalisek (button) (small blind) folded on the River
Seat 6: scorpio04 (big blind) collected ($35.50)


PokerStars Hand #171784261650:  Hold'em Limit ($3/$6 USD) - 2017/06/14 18:37:42 ET
Table 'Lucidor II' 6-max Seat #5 is the button
Seat 5: Vitalisek ($83.76 in chips)
Seat 6: scorpio04 ($267.94 in chips)
Vitalisek: posts small blind $1
scorpio04: posts big blind $3
*** HOLE CARDS ***
Vitalisek: calls $2
scorpio04: checks
*** FLOP *** [Ts 4d 2c]
scorpio04: checks
Vitalisek: checks
*** TURN *** [Ts 4d 2c] [7s]
scorpio04: checks
Vitalisek: bets $6
scorpio04: folds
Uncalled bet ($6) returned to Vitalisek
Vitalisek collected $5.88 from pot
Vitalisek: doesn't show hand
*** SUMMARY ***
Total pot $6 | Rake $0.12
Board [Ts 4d 2c 7s]
Seat 5: Vitalisek (button) (small blind) collected ($5.88)
Seat 6: scorpio04 (big blind) folded on the Turn


PokerStars Hand #171784243284:  Hold'em Limit ($3/$6 USD) - 2017/06/14 18:37:14 ET
Table 'Lucidor II' 6-max Seat #6 is the button
Seat 5: Vitalisek ($107.76 in chips)
Seat 6: scorpio04 ($244.44 in chips)
scorpio04: posts small blind $1
Vitalisek: posts big blind $3
*** HOLE CARDS ***
scorpio04: raises $3 to $6
Vitalisek: calls $3
*** FLOP *** [6h Jd As]
Vitalisek: checks
scorpio04: bets $3
Vitalisek: raises $3 to $6
scorpio04: calls $3
*** TURN *** [6h Jd As] [Tc]
Vitalisek: bets $6
scorpio04: raises $6 to $12
Vitalisek: calls $6
*** RIVER *** [6h Jd As Tc] [5c]
Vitalisek: checks
scorpio04: bets $6
Vitalisek: folds
Uncalled bet ($6) returned to scorpio04
scorpio04 collected $47.50 from pot
scorpio04: doesn't show hand
*** SUMMARY ***
Total pot $48 | Rake $0.50
Board [6h Jd As Tc 5c]
Seat 5: Vitalisek (big blind) folded on the River
Seat 6: scorpio04 (button) (small blind) collected ($47.50)


PokerStars Hand #171784299598:  Hold'em Limit ($3/$6 USD) - 2017/06/14 18:38:42 ET
Table 'Lucidor II' 6-max Seat #5 is the button
Seat 5: Vitalisek ($80.64 in chips)
Seat 6: scorpio04 ($270.70 in chips)
Vitalisek: posts small blind $1
scorpio04: posts big blind $3
*** HOLE CARDS ***
Vitalisek: calls $2
scorpio04: checks
*** FLOP *** [Jd 7d 7s]
scorpio04: checks
Vitalisek: bets $3
scorpio04: folds
Uncalled bet ($3) returned to Vitalisek
Vitalisek collected $5.88 from pot
Vitalisek: doesn't show hand
*** SUMMARY ***
Total pot $6 | Rake $0.12
Board [Jd 7d 7s]
Seat 5: Vitalisek (button) (small blind) collected ($5.88)
Seat 6: scorpio04 (big blind) folded on the Flop


PokerStars Hand #171784282066:  Hold'em Limit ($3/$6 USD) - 2017/06/14 18:38:14 ET
Table 'Lucidor II' 6-max Seat #6 is the button
Seat 5: Vitalisek ($86.64 in chips)
Seat 6: scorpio04 ($264.94 in chips)
scorpio04: posts small blind $1
Vitalisek: posts big blind $3
*** HOLE CARDS ***
scorpio04: raises $3 to $6
Vitalisek: calls $3
*** FLOP *** [6c Tc Ah]
Vitalisek: checks
scorpio04: checks
*** TURN *** [6c Tc Ah] [As]
Vitalisek: checks
scorpio04: checks
*** RIVER *** [6c Tc Ah As] [Ac]
Vitalisek: checks
scorpio04: checks
*** SHOW DOWN ***
Vitalisek: shows [Qs 5s] (three of a kind, Aces)
scorpio04: shows [3c Kd] (three of a kind, Aces - King kicker)
scorpio04 collected $11.76 from pot
*** SUMMARY ***
Total pot $12 | Rake $0.24
Board [6c Tc Ah As Ac]
Seat 5: Vitalisek (big blind) showed [Qs 5s] and lost with three of a kind, Aces
Seat 6: scorpio04 (button) (small blind) showed [3c Kd] and won ($11.76) with three of a kind, Aces


PokerStars Hand #171784312319:  Hold'em Limit ($3/$6 USD) - 2017/06/14 18:39:02 ET
Table 'Lucidor II' 6-max Seat #6 is the button
Seat 5: Vitalisek ($83.52 in chips)
Seat 6: scorpio04 ($267.70 in chips)
scorpio04: posts small blind $1
Vitalisek: posts big blind $3
*** HOLE CARDS ***
scorpio04: raises $3 to $6
Vitalisek: calls $3
*** FLOP *** [6d 6s Tc]
Vitalisek: checks
scorpio04: bets $3
Vitalisek: folds
Uncalled bet ($3) returned to scorpio04
scorpio04 collected $11.76 from pot
scorpio04: doesn't show hand
*** SUMMARY ***
Total pot $12 | Rake $0.24
Board [6d 6s Tc]
Seat 5: Vitalisek (big blind) folded on the Flop
Seat 6: scorpio04 (button) (small blind) collected ($11.76)


PokerStars Hand #171784326995:  Hold'em Limit ($3/$6 USD) - 2017/06/14 18:39:25 ET
Table 'Lucidor II' 6-max Seat #5 is the button
Seat 5: Vitalisek ($77.52 in chips)
Seat 6: scorpio04 ($273.46 in chips)
Vitalisek: posts small blind $1
scorpio04: posts big blind $3
*** HOLE CARDS ***
Vitalisek: raises $3 to $6
scorpio04: raises $3 to $9
Vitalisek: calls $3
*** FLOP *** [4s 9d Jd]
scorpio04: bets $3
Vitalisek: calls $3
*** TURN *** [4s 9d Jd] [9c]
scorpio04: bets $6
Vitalisek: calls $6
*** RIVER *** [4s 9d Jd 9c] [7d]
scorpio04: bets $6
Vitalisek: calls $6
*** SHOW DOWN ***
scorpio04: shows [Tc 8d] (a straight, Seven to Jack)
Vitalisek: mucks hand
scorpio04 collected $47.50 from pot
*** SUMMARY ***
Total pot $48 | Rake $0.50
Board [4s 9d Jd 9c 7d]
Seat 5: Vitalisek (button) (small blind) mucked
Seat 6: scorpio04 (big blind) showed [Tc 8d] and won ($47.50) with a straight, Seven to Jack


PokerStars Hand #171784347057:  Hold'em Limit ($3/$6 USD) - 2017/06/14 18:39:57 ET
Table 'Lucidor II' 6-max Seat #6 is the button
Seat 5: Vitalisek ($53.52 in chips)
Seat 6: scorpio04 ($296.96 in chips)
scorpio04: posts small blind $1
Vitalisek: posts big blind $3
*** HOLE CARDS ***
scorpio04: raises $3 to $6
Vitalisek: calls $3
*** FLOP *** [4d 6c 3h]
Vitalisek: checks
scorpio04: checks
*** TURN *** [4d 6c 3h] [9s]
Vitalisek: bets $6
scorpio04: folds
Uncalled bet ($6) returned to Vitalisek
Vitalisek collected $11.76 from pot
Vitalisek: doesn't show hand
*** SUMMARY ***
Total pot $12 | Rake $0.24
Board [4d 6c 3h 9s]
Seat 5: Vitalisek (big blind) collected ($11.76)
Seat 6: scorpio04 (button) (small blind) folded on the Turn


PokerStars Hand #171784359523:  Hold'em Limit ($3/$6 USD) - 2017/06/14 18:40:17 ET
Table 'Lucidor II' 6-max Seat #5 is the button
Seat 5: Vitalisek ($59.28 in chips)
Seat 6: scorpio04 ($290.96 in chips)
Vitalisek: posts small blind $1
scorpio04: posts big blind $3
*** HOLE CARDS ***
Vitalisek: raises $3 to $6
scorpio04: calls $3
*** FLOP *** [Qh 9d 5c]
scorpio04: checks
Vitalisek: checks
*** TURN *** [Qh 9d 5c] [2d]
scorpio04: bets $6
Vitalisek: calls $6
*** RIVER *** [Qh 9d 5c 2d] [8d]
scorpio04: bets $6
Vitalisek: folds
Uncalled bet ($6) returned to scorpio04
scorpio04 collected $23.52 from pot
scorpio04: doesn't show hand
*** SUMMARY ***
Total pot $24 | Rake $0.48
Board [Qh 9d 5c 2d 8d]
Seat 5: Vitalisek (button) (small blind) folded on the River
Seat 6: scorpio04 (big blind) collected ($23.52)


PokerStars Hand #171784381515:  Hold'em Limit ($3/$6 USD) - 2017/06/14 18:40:52 ET
Table 'Lucidor II' 6-max Seat #6 is the button
Seat 5: Vitalisek ($47.28 in chips)
Seat 6: scorpio04 ($302.48 in chips)
scorpio04: posts small blind $1
Vitalisek: posts big blind $3
*** HOLE CARDS ***
scorpio04: raises $3 to $6
Vitalisek: calls $3
*** FLOP *** [Qc Ks Qh]
Vitalisek: checks
scorpio04: bets $3
Vitalisek: calls $3
*** TURN *** [Qc Ks Qh] [Qd]
Vitalisek: checks
scorpio04: bets $6
Vitalisek: raises $6 to $12
scorpio04: calls $6
*** RIVER *** [Qc Ks Qh Qd] [8d]
Vitalisek: bets $6
scorpio04: raises $6 to $12
Vitalisek: calls $6
*** SHOW DOWN ***
scorpio04: shows [Qs As] (four of a kind, Queens)
Vitalisek: mucks hand
scorpio04 collected $65.50 from pot
*** SUMMARY ***
Total pot $66 | Rake $0.50
Board [Qc Ks Qh Qd 8d]
Seat 5: Vitalisek (big blind) mucked
Seat 6: scorpio04 (button) (small blind) showed [Qs As] and won ($65.50) with four of a kind, Queens


PokerStars Hand #171784396723:  Hold'em Limit ($3/$6 USD) - 2017/06/14 18:41:16 ET
Table 'Lucidor II' 6-max Seat #5 is the button
Seat 5: Vitalisek ($14.28 in chips)
Seat 6: scorpio04 ($334.98 in chips)
Vitalisek: posts small blind $1
scorpio04: posts big blind $3
*** HOLE CARDS ***
Vitalisek: raises $3 to $6
scorpio04: raises $3 to $9
Vitalisek: calls $3
*** FLOP *** [5s 6c Qc]
scorpio04: bets $3
Vitalisek: raises $2.28 to $5.28 and is all-in
scorpio04: calls $2.28
*** TURN *** [5s 6c Qc] [9s]
*** RIVER *** [5s 6c Qc 9s] [8h]
*** SHOW DOWN ***
scorpio04: shows [6s 6h] (three of a kind, Sixes)
Vitalisek: shows [Js Ah] (high card Ace)
scorpio04 collected $28.06 from pot
*** SUMMARY ***
Total pot $28.56 | Rake $0.50
Board [5s 6c Qc 9s 8h]
Seat 5: Vitalisek (button) (small blind) showed [Js Ah] and lost with high card Ace
Seat 6: scorpio04 (big blind) showed [6s 6h] and won ($28.06) with three of a kind, Sixes


