PokerStars Hand #162337502592:  Hold'em Limit ($3/$6 USD) - 2016/12/03 7:46:07 ET
Table 'Lucifer' 10-max Seat #5 is the button
Seat 5: Schampo1891 ($45.02 in chips)
Seat 10: TinaTurner72 ($133 in chips)
Schampo1891: posts small blind $1
TinaTurner72: posts big blind $3
*** HOLE CARDS ***
Schampo1891: raises $3 to $6
TinaTurner72: raises $3 to $9
Schampo1891: calls $3
*** FLOP *** [6c 3c 9s]
TinaTurner72: bets $3
Schampo1891: calls $3
*** TURN *** [6c 3c 9s] [Td]
TinaTurner72: bets $6
Schampo1891: calls $6
*** RIVER *** [6c 3c 9s Td] [7h]
TinaTurner72: checks
Schampo1891: checks
*** SHOW DOWN ***
TinaTurner72: shows [Ac Qd] (high card Ace)
Schampo1891: mucks hand
TinaTurner72 collected $35.50 from pot
*** SUMMARY ***
Total pot $36 | Rake $0.50
Board [6c 3c 9s Td 7h]
Seat 5: Schampo1891 (button) (small blind) mucked
Seat 10: TinaTurner72 (big blind) showed [Ac Qd] and won ($35.50) with high card Ace


PokerStars Hand #162337485114:  Hold'em Limit ($3/$6 USD) - 2016/12/03 7:45:37 ET
Table 'Lucifer' 10-max Seat #10 is the button
Seat 5: Schampo1891 ($69.02 in chips)
Seat 10: TinaTurner72 ($109.50 in chips)
TinaTurner72: posts small blind $1
Schampo1891: posts big blind $3
*** HOLE CARDS ***
TinaTurner72: raises $3 to $6
Schampo1891: calls $3
*** FLOP *** [4c Jd 5d]
Icecold joins the table at seat #1
Schampo1891: checks
TinaTurner72: bets $3
Schampo1891: raises $3 to $6
TinaTurner72: calls $3
*** TURN *** [4c Jd 5d] [2d]
Schampo1891: bets $6
TinaTurner72: calls $6
*** RIVER *** [4c Jd 5d 2d] [9h]
Schampo1891: bets $6
TinaTurner72: calls $6
*** SHOW DOWN ***
Schampo1891: shows [3s Js] (a pair of Jacks)
TinaTurner72: shows [Jc 6s] (a pair of Jacks - Nine+Six kicker)
TinaTurner72 collected $47.50 from pot
*** SUMMARY ***
Total pot $48 | Rake $0.50
Board [4c Jd 5d 2d 9h]
Seat 5: Schampo1891 (big blind) showed [3s Js] and lost with a pair of Jacks
Seat 10: TinaTurner72 (button) (small blind) showed [Jc 6s] and won ($47.50) with a pair of Jacks


PokerStars Hand #162337814944:  Hold'em Limit ($3/$6 USD) - 2016/12/03 7:54:46 ET
Table 'Lucifer' 10-max Seat #10 is the button
Seat 5: Icecold ($30 in chips)
Seat 10: TinaTurner72 ($220.99 in chips)
TinaTurner72: posts small blind $1
Icecold: posts big blind $3
*** HOLE CARDS ***
TinaTurner72: folds
Uncalled bet ($2) returned to Icecold
Icecold collected $2 from pot
*** SUMMARY ***
Total pot $2 | Rake $0
Seat 5: Icecold (big blind) collected ($2)
Seat 10: TinaTurner72 (button) (small blind) folded before Flop


PokerStars Hand #162337850125:  Hold'em Limit ($3/$6 USD) - 2016/12/03 7:55:49 ET
Table 'Lucifer' 10-max Seat #5 is the button
Seat 5: Icecold ($19.60 in chips)
Seat 10: TinaTurner72 ($230.49 in chips)
Icecold: posts small blind $1
TinaTurner72: posts big blind $3
*** HOLE CARDS ***
Icecold: folds
Uncalled bet ($2) returned to TinaTurner72
TinaTurner72 collected $2 from pot
TinaTurner72: doesn't show hand
*** SUMMARY ***
Total pot $2 | Rake $0
Seat 5: Icecold (button) (small blind) folded before Flop
Seat 10: TinaTurner72 (big blind) collected ($2)


PokerStars Hand #162337818728:  Hold'em Limit ($3/$6 USD) - 2016/12/03 7:54:52 ET
Table 'Lucifer' 10-max Seat #5 is the button
Seat 5: Icecold ($31 in chips)
Seat 10: TinaTurner72 ($219.99 in chips)
Icecold: posts small blind $1
inc52 leaves the table
TinaTurner72: posts big blind $3
*** HOLE CARDS ***
Icecold: raises $3 to $6
TinaTurner72: calls $3
*** FLOP *** [3s 4d Ac]
TinaTurner72: checks
Icecold: bets $3
TinaTurner72: raises $3 to $6
Icecold: raises $3 to $9
TinaTurner72: calls $3
*** TURN *** [3s 4d Ac] [6h]
TinaTurner72: checks
Icecold: bets $6
TinaTurner72: calls $6
*** RIVER *** [3s 4d Ac 6h] [9s]
TinaTurner72: checks
Icecold: checks
*** SHOW DOWN ***
TinaTurner72: shows [4s Ks] (a pair of Fours)
Icecold: mucks hand
TinaTurner72 collected $41.50 from pot
*** SUMMARY ***
Total pot $42 | Rake $0.50
Board [3s 4d Ac 6h 9s]
Seat 5: Icecold (button) (small blind) mucked
Seat 10: TinaTurner72 (big blind) showed [4s Ks] and won ($41.50) with a pair of Fours


PokerStars Hand #162337836066:  Hold'em Limit ($3/$6 USD) - 2016/12/03 7:55:22 ET
Table 'Lucifer' 10-max Seat #10 is the button
Seat 5: Icecold ($10 in chips)
Seat 10: TinaTurner72 ($240.49 in chips)
TinaTurner72: posts small blind $1
Icecold: posts big blind $3
*** HOLE CARDS ***
TinaTurner72: raises $3 to $6
Icecold: calls $3
*** FLOP *** [Th 5d 2c]
Icecold: bets $3
TinaTurner72: calls $3
*** TURN *** [Th 5d 2c] [Jc]
Icecold: bets $1 and is all-in
TinaTurner72: calls $1
*** RIVER *** [Th 5d 2c Jc] [Kd]
*** SHOW DOWN ***
Icecold: shows [7d 5c] (a pair of Fives)
TinaTurner72: shows [Qh 6h] (high card King)
Icecold collected $19.60 from pot
*** SUMMARY ***
Total pot $20 | Rake $0.40
Board [Th 5d 2c Jc Kd]
Seat 5: Icecold (big blind) showed [7d 5c] and won ($19.60) with a pair of Fives
Seat 10: TinaTurner72 (button) (small blind) showed [Qh 6h] and lost with high card King


PokerStars Hand #162337852990:  Hold'em Limit ($3/$6 USD) - 2016/12/03 7:55:54 ET
Table 'Lucifer' 10-max Seat #10 is the button
Seat 5: Icecold ($18.60 in chips)
Seat 10: TinaTurner72 ($231.49 in chips)
TinaTurner72: posts small blind $1
Icecold: posts big blind $3
*** HOLE CARDS ***
inc52 joins the table at seat #6
TinaTurner72: raises $3 to $6
Icecold: calls $3
*** FLOP *** [Th 2c Tc]
Icecold: checks
TinaTurner72: bets $3
Icecold: calls $3
*** TURN *** [Th 2c Tc] [Kc]
Icecold: checks
TinaTurner72: bets $6
Icecold: raises $3.60 to $9.60 and is all-in
TinaTurner72: calls $3.60
*** RIVER *** [Th 2c Tc Kc] [Jh]
*** SHOW DOWN ***
Icecold: shows [3h Ks] (two pair, Kings and Tens)
TinaTurner72: shows [Qs 6c] (a pair of Tens)
Icecold collected $36.70 from pot
*** SUMMARY ***
Total pot $37.20 | Rake $0.50
Board [Th 2c Tc Kc Jh]
Seat 5: Icecold (big blind) showed [3h Ks] and won ($36.70) with two pair, Kings and Tens
Seat 10: TinaTurner72 (button) (small blind) showed [Qs 6c] and lost with a pair of Tens


PokerStars Hand #162337966833:  Hold'em Limit ($3/$6 USD) - 2016/12/03 7:59:27 ET
Table 'Lucifer' 10-max Seat #10 is the button
Seat 5: Icecold ($17.92 in chips)
Seat 10: TinaTurner72 ($256.14 in chips)
TinaTurner72: posts small blind $1
Icecold: posts big blind $3
*** HOLE CARDS ***
TinaTurner72: raises $3 to $6
Icecold: calls $3
*** FLOP *** [9d 4d As]
Icecold: checks
TinaTurner72: bets $3
Icecold: calls $3
*** TURN *** [9d 4d As] [Kd]
Icecold: checks
TinaTurner72: bets $6
Icecold: calls $6
*** RIVER *** [9d 4d As Kd] [4h]
Icecold: bets $2.92 and is all-in
TinaTurner72: calls $2.92
*** SHOW DOWN ***
Icecold: shows [4c 7c] (three of a kind, Fours)
TinaTurner72: shows [Kh Ac] (two pair, Aces and Kings)
Icecold collected $35.34 from pot
*** SUMMARY ***
Total pot $35.84 | Rake $0.50
Board [9d 4d As Kd 4h]
Seat 5: Icecold (big blind) showed [4c 7c] and won ($35.34) with three of a kind, Fours
Seat 10: TinaTurner72 (button) (small blind) showed [Kh Ac] and lost with two pair, Aces and Kings


PokerStars Hand #162337952084:  Hold'em Limit ($3/$6 USD) - 2016/12/03 7:59:00 ET
Table 'Lucifer' 10-max Seat #5 is the button
Seat 5: Icecold ($50.92 in chips)
Seat 10: TinaTurner72 ($223.64 in chips)
Icecold: posts small blind $1
TinaTurner72: posts big blind $3
*** HOLE CARDS ***
Icecold: raises $3 to $6
TinaTurner72: calls $3
*** FLOP *** [9c Qh 8h]
TinaTurner72: checks
Icecold: bets $3
TinaTurner72: raises $3 to $6
Icecold: raises $3 to $9
TinaTurner72: calls $3
*** TURN *** [9c Qh 8h] [5c]
TinaTurner72: checks
Icecold: bets $6
TinaTurner72: calls $6
*** RIVER *** [9c Qh 8h 5c] [7d]
TinaTurner72: checks
Icecold: bets $6
TinaTurner72: raises $6 to $12
Icecold: calls $6
*** SHOW DOWN ***
TinaTurner72: shows [9d 6h] (a straight, Five to Nine)
Icecold: mucks hand
TinaTurner72 collected $65.50 from pot
*** SUMMARY ***
Total pot $66 | Rake $0.50
Board [9c Qh 8h 5c 7d]
Seat 5: Icecold (button) (small blind) mucked
Seat 10: TinaTurner72 (big blind) showed [9d 6h] and won ($65.50) with a straight, Five to Nine


PokerStars Hand #162338270124:  Hold'em Limit ($3/$6 USD) - 2016/12/03 8:07:56 ET
Table 'Lucifer' 10-max Seat #10 is the button
Seat 6: inc52 ($93.74 in chips)
Seat 10: TinaTurner72 ($193.84 in chips)
TinaTurner72: posts small blind $1
inc52: posts big blind $3
*** HOLE CARDS ***
TinaTurner72: folds
Uncalled bet ($2) returned to inc52
inc52 collected $2 from pot
inc52: doesn't show hand
*** SUMMARY ***
Total pot $2 | Rake $0
Seat 6: inc52 (big blind) collected ($2)
Seat 10: TinaTurner72 (button) (small blind) folded before Flop


PokerStars Hand #162338264741:  Hold'em Limit ($3/$6 USD) - 2016/12/03 8:07:47 ET
Table 'Lucifer' 10-max Seat #6 is the button
Seat 6: inc52 ($94.74 in chips)
Seat 10: TinaTurner72 ($192.84 in chips)
inc52: posts small blind $1
TinaTurner72: posts big blind $3
*** HOLE CARDS ***
inc52: folds
Uncalled bet ($2) returned to TinaTurner72
TinaTurner72 collected $2 from pot
TinaTurner72: doesn't show hand
*** SUMMARY ***
Total pot $2 | Rake $0
Seat 6: inc52 (button) (small blind) folded before Flop
Seat 10: TinaTurner72 (big blind) collected ($2)


PokerStars Hand #162338276478:  Hold'em Limit ($3/$6 USD) - 2016/12/03 8:08:06 ET
Table 'Lucifer' 10-max Seat #10 is the button
Seat 6: inc52 ($93.74 in chips)
Seat 10: TinaTurner72 ($193.84 in chips)
TinaTurner72: posts small blind $1
inc52: posts big blind $3
*** HOLE CARDS ***
TinaTurner72: raises $3 to $6
inc52: calls $3
*** FLOP *** [Qc 2d 9h]
inc52: checks
TinaTurner72: bets $3
inc52: calls $3
*** TURN *** [Qc 2d 9h] [Jh]
inc52: checks
TinaTurner72: checks
*** RIVER *** [Qc 2d 9h Jh] [6h]
inc52: checks
TinaTurner72: checks
*** SHOW DOWN ***
inc52: shows [Td Js] (a pair of Jacks)
TinaTurner72: mucks hand
inc52 collected $17.64 from pot
*** SUMMARY ***
Total pot $18 | Rake $0.36
Board [Qc 2d 9h Jh 6h]
Seat 6: inc52 (big blind) showed [Td Js] and won ($17.64) with a pair of Jacks
Seat 10: TinaTurner72 (button) (small blind) mucked


PokerStars Hand #162338290493:  Hold'em Limit ($3/$6 USD) - 2016/12/03 8:08:29 ET
Table 'Lucifer' 10-max Seat #6 is the button
Seat 6: inc52 ($102.38 in chips)
Seat 10: TinaTurner72 ($184.84 in chips)
inc52: posts small blind $1
TinaTurner72: posts big blind $3
*** HOLE CARDS ***
inc52: raises $3 to $6
TinaTurner72: folds
Uncalled bet ($3) returned to inc52
inc52 collected $6 from pot
inc52: doesn't show hand
*** SUMMARY ***
Total pot $6 | Rake $0
Seat 6: inc52 (button) (small blind) collected ($6)
Seat 10: TinaTurner72 (big blind) folded before Flop


PokerStars Hand #162338273308:  Hold'em Limit ($3/$6 USD) - 2016/12/03 8:08:01 ET
Table 'Lucifer' 10-max Seat #6 is the button
Seat 6: inc52 ($94.74 in chips)
Seat 10: TinaTurner72 ($192.84 in chips)
inc52: posts small blind $1
TinaTurner72: posts big blind $3
*** HOLE CARDS ***
inc52: folds
Uncalled bet ($2) returned to TinaTurner72
TinaTurner72 collected $2 from pot
TinaTurner72: doesn't show hand
*** SUMMARY ***
Total pot $2 | Rake $0
Seat 6: inc52 (button) (small blind) folded before Flop
Seat 10: TinaTurner72 (big blind) collected ($2)


PokerStars Hand #162338387295:  Hold'em Limit ($3/$6 USD) - 2016/12/03 8:11:04 ET
Table 'Lucifer' 10-max Seat #5 is the button
Seat 5: Icecold ($60.43 in chips)
Seat 10: TinaTurner72 ($159.84 in chips)
Icecold: posts small blind $1
TinaTurner72: posts big blind $3
*** HOLE CARDS ***
inc52 leaves the table
Icecold: raises $3 to $6
TinaTurner72: raises $3 to $9
Icecold: calls $3
*** FLOP *** [5c 7d 3s]
TinaTurner72: bets $3
Icecold: calls $3
*** TURN *** [5c 7d 3s] [6d]
TinaTurner72: bets $6
Icecold: calls $6
*** RIVER *** [5c 7d 3s 6d] [6h]
TinaTurner72: bets $6
Icecold: folds
Uncalled bet ($6) returned to TinaTurner72
TinaTurner72 collected $35.50 from pot
TinaTurner72: doesn't show hand
*** SUMMARY ***
Total pot $36 | Rake $0.50
Board [5c 7d 3s 6d 6h]
Seat 5: Icecold (button) (small blind) folded on the River
Seat 10: TinaTurner72 (big blind) collected ($35.50)


PokerStars Hand #162338402828:  Hold'em Limit ($3/$6 USD) - 2016/12/03 8:11:29 ET
Table 'Lucifer' 10-max Seat #10 is the button
Seat 5: Icecold ($42.43 in chips)
Seat 10: TinaTurner72 ($177.34 in chips)
TinaTurner72: posts small blind $1
Icecold: posts big blind $3
*** HOLE CARDS ***
TinaTurner72: raises $3 to $6
Icecold: calls $3
*** FLOP *** [3d Kd Tc]
Icecold: checks
Great_Kang joins the table at seat #6
TinaTurner72: bets $3
Icecold: calls $3
*** TURN *** [3d Kd Tc] [Js]
Icecold: checks
TinaTurner72: checks
*** RIVER *** [3d Kd Tc Js] [5h]
inc52 joins the table at seat #7
Icecold: checks
TinaTurner72: checks
*** SHOW DOWN ***
Icecold: shows [Jh Qc] (a pair of Jacks)
TinaTurner72: mucks hand
Icecold collected $17.64 from pot
*** SUMMARY ***
Total pot $18 | Rake $0.36
Board [3d Kd Tc Js 5h]
Seat 5: Icecold (big blind) showed [Jh Qc] and won ($17.64) with a pair of Jacks
Seat 10: TinaTurner72 (button) (small blind) mucked


PokerStars Hand #162339554027:  Hold'em Limit ($3/$6 USD) - 2016/12/03 8:41:48 ET
Table 'Lucifer' 10-max Seat #1 is the button
Seat 1: hairy1961 ($173.89 in chips)
Seat 6: Great_Kang ($245.47 in chips)
hairy1961: posts small blind $1
Great_Kang: posts big blind $3
*** HOLE CARDS ***
hairy1961: folds
Uncalled bet ($2) returned to Great_Kang
Great_Kang collected $2 from pot
Great_Kang: doesn't show hand
*** SUMMARY ***
Total pot $2 | Rake $0
Seat 1: hairy1961 (button) (small blind) folded before Flop
Seat 6: Great_Kang (big blind) collected ($2)


PokerStars Hand #162339547332:  Hold'em Limit ($3/$6 USD) - 2016/12/03 8:41:38 ET
Table 'Lucifer' 10-max Seat #6 is the button
Seat 1: hairy1961 ($176.89 in chips)
Seat 6: Great_Kang ($242.47 in chips)
Great_Kang: posts small blind $1
TinaTurner72: is sitting out
TinaTurner72 leaves the table
hairy1961: posts big blind $3
*** HOLE CARDS ***
Great_Kang: raises $3 to $6
hairy1961: folds
Uncalled bet ($3) returned to Great_Kang
Great_Kang collected $6 from pot
Great_Kang: doesn't show hand
*** SUMMARY ***
Total pot $6 | Rake $0
Seat 1: hairy1961 (big blind) folded before Flop
Seat 6: Great_Kang (button) (small blind) collected ($6)


PokerStars Hand #162339565272:  Hold'em Limit ($3/$6 USD) - 2016/12/03 8:42:06 ET
Table 'Lucifer' 10-max Seat #6 is the button
Seat 6: Great_Kang ($246.47 in chips)
Seat 7: inc52 ($30 in chips)
Great_Kang: posts small blind $1
inc52: posts big blind $3
*** HOLE CARDS ***
Great_Kang: raises $3 to $6
inc52: calls $3
*** FLOP *** [Kh Jh 9s]
inc52: bets $3
Great_Kang: calls $3
*** TURN *** [Kh Jh 9s] [Qh]
inc52: bets $6
Great_Kang: folds
Uncalled bet ($6) returned to inc52
inc52 collected $17.64 from pot
inc52: doesn't show hand
*** SUMMARY ***
Total pot $18 | Rake $0.36
Board [Kh Jh 9s Qh]
Seat 6: Great_Kang (button) (small blind) folded on the Turn
Seat 7: inc52 (big blind) collected ($17.64)


PokerStars Hand #162339581069:  Hold'em Limit ($3/$6 USD) - 2016/12/03 8:42:30 ET
Table 'Lucifer' 10-max Seat #7 is the button
Seat 6: Great_Kang ($237.47 in chips)
Seat 7: inc52 ($38.64 in chips)
inc52: posts small blind $1
Great_Kang: posts big blind $3
*** HOLE CARDS ***
inc52: folds
Uncalled bet ($2) returned to Great_Kang
Great_Kang collected $2 from pot
Great_Kang: doesn't show hand
*** SUMMARY ***
Total pot $2 | Rake $0
Seat 6: Great_Kang (big blind) collected ($2)
Seat 7: inc52 (button) (small blind) folded before Flop


PokerStars Hand #162339585556:  Hold'em Limit ($3/$6 USD) - 2016/12/03 8:42:37 ET
Table 'Lucifer' 10-max Seat #6 is the button
Seat 6: Great_Kang ($238.47 in chips)
Seat 7: inc52 ($37.64 in chips)
Great_Kang: posts small blind $1
inc52: posts big blind $3
*** HOLE CARDS ***
Great_Kang: raises $3 to $6
inc52: calls $3
*** FLOP *** [3h 7h 8c]
inc52: checks
Great_Kang: bets $3
inc52: calls $3
*** TURN *** [3h 7h 8c] [Kd]
inc52: checks
Great_Kang: bets $6
inc52: calls $6
*** RIVER *** [3h 7h 8c Kd] [Kc]
inc52: checks
Great_Kang: checks
*** SHOW DOWN ***
inc52: shows [Ks 9s] (three of a kind, Kings)
Great_Kang: mucks hand
inc52 collected $29.50 from pot
*** SUMMARY ***
Total pot $30 | Rake $0.50
Board [3h 7h 8c Kd Kc]
Seat 6: Great_Kang (button) (small blind) mucked
Seat 7: inc52 (big blind) showed [Ks 9s] and won ($29.50) with three of a kind, Kings


PokerStars Hand #162339604323:  Hold'em Limit ($3/$6 USD) - 2016/12/03 8:43:06 ET
Table 'Lucifer' 10-max Seat #7 is the button
Seat 6: Great_Kang ($223.47 in chips)
Seat 7: inc52 ($52.14 in chips)
inc52: posts small blind $1
Great_Kang: posts big blind $3
*** HOLE CARDS ***
inc52: raises $3 to $6
Great_Kang: calls $3
*** FLOP *** [Kd 4h 9h]
Great_Kang: checks
inc52: checks
*** TURN *** [Kd 4h 9h] [Kc]
Great_Kang: checks
inc52: bets $6
Great_Kang: folds
Uncalled bet ($6) returned to inc52
inc52 collected $11.76 from pot
inc52: doesn't show hand
*** SUMMARY ***
Total pot $12 | Rake $0.24
Board [Kd 4h 9h Kc]
Seat 6: Great_Kang (big blind) folded on the Turn
Seat 7: inc52 (button) (small blind) collected ($11.76)


PokerStars Hand #162339625755:  Hold'em Limit ($3/$6 USD) - 2016/12/03 8:43:38 ET
Table 'Lucifer' 10-max Seat #6 is the button
Seat 6: Great_Kang ($217.47 in chips)
Seat 7: inc52 ($57.90 in chips)
Great_Kang: posts small blind $1
inc52: posts big blind $3
*** HOLE CARDS ***
Great_Kang: raises $3 to $6
inc52: calls $3
*** FLOP *** [Kc 5c 3h]
inc52: checks
Great_Kang: bets $3
inc52: calls $3
*** TURN *** [Kc 5c 3h] [2s]
inc52: checks
Great_Kang: bets $6
inc52: raises $6 to $12
Great_Kang: calls $6
*** RIVER *** [Kc 5c 3h 2s] [8c]
inc52: bets $6
Great_Kang: folds
Uncalled bet ($6) returned to inc52
inc52 collected $41.50 from pot
inc52: doesn't show hand
*** SUMMARY ***
Total pot $42 | Rake $0.50
Board [Kc 5c 3h 2s 8c]
Seat 6: Great_Kang (button) (small blind) folded on the River
Seat 7: inc52 (big blind) collected ($41.50)


PokerStars Hand #162339650802:  Hold'em Limit ($3/$6 USD) - 2016/12/03 8:44:17 ET
Table 'Lucifer' 10-max Seat #7 is the button
Seat 6: Great_Kang ($196.47 in chips)
Seat 7: inc52 ($78.40 in chips)
inc52: posts small blind $1
Great_Kang: posts big blind $3
*** HOLE CARDS ***
inc52: raises $3 to $6
Great_Kang: calls $3
*** FLOP *** [Qs 5s Kc]
Great_Kang: checks
inc52: checks
*** TURN *** [Qs 5s Kc] [Ah]
Great_Kang: checks
inc52: checks
*** RIVER *** [Qs 5s Kc Ah] [4s]
Great_Kang: checks
inc52: checks
*** SHOW DOWN ***
Great_Kang: shows [9s 7d] (high card Ace)
inc52: shows [6c 6d] (a pair of Sixes)
inc52 collected $11.76 from pot
*** SUMMARY ***
Total pot $12 | Rake $0.24
Board [Qs 5s Kc Ah 4s]
Seat 6: Great_Kang (big blind) showed [9s 7d] and lost with high card Ace
Seat 7: inc52 (button) (small blind) showed [6c 6d] and won ($11.76) with a pair of Sixes


