PokerStars Hand #156765750703:  Hold'em Limit ($3/$6 USD) - 2016/08/02 9:48:41 ET
Table 'Lucina III' 6-max Seat #2 is the button
Seat 1: _fayzulllo_ ($72 in chips)
Seat 2: BuzovaPro ($72 in chips)
B_loJkl joins the table at seat #3
BuzovaPro: posts small blind $1
VolkovDmitri: is sitting out
_fayzulllo_: posts big blind $3
*** HOLE CARDS ***
VolkovDmitri leaves the table
BuzovaPro: folds
Uncalled bet ($2) returned to _fayzulllo_
_fayzulllo_ collected $2 from pot
_fayzulllo_: doesn't show hand
*** SUMMARY ***
Total pot $2 | Rake $0
Seat 1: _fayzulllo_ (big blind) collected ($2)
Seat 2: BuzovaPro (button) (small blind) folded before Flop


PokerStars Hand #156765759777:  Hold'em Limit ($3/$6 USD) - 2016/08/02 9:48:57 ET
Table 'Lucina III' 6-max Seat #1 is the button
Seat 1: _fayzulllo_ ($73 in chips)
Seat 2: BuzovaPro ($72 in chips)
_fayzulllo_: posts small blind $1
BuzovaPro: posts big blind $3
*** HOLE CARDS ***
_fayzulllo_: calls $2
BuzovaPro: checks
*** FLOP *** [8d 3c Qc]
BuzovaPro: checks
_fayzulllo_: checks
*** TURN *** [8d 3c Qc] [8s]
BuzovaPro: checks
_fayzulllo_: checks
*** RIVER *** [8d 3c Qc 8s] [2d]
BuzovaPro: checks
_fayzulllo_: bets $6
BuzovaPro: calls $6
*** SHOW DOWN ***
_fayzulllo_: shows [5h 9d] (a pair of Eights)
BuzovaPro: shows [6d Ks] (a pair of Eights - King kicker)
BuzovaPro collected $17.64 from pot
*** SUMMARY ***
Total pot $18 | Rake $0.36
Board [8d 3c Qc 8s 2d]
Seat 1: _fayzulllo_ (button) (small blind) showed [5h 9d] and lost with a pair of Eights
Seat 2: BuzovaPro (big blind) showed [6d Ks] and won ($17.64) with a pair of Eights


PokerStars Hand #156767269269:  Hold'em Limit ($3/$6 USD) - 2016/08/02 10:34:18 ET
Table 'Lucina III' 6-max Seat #6 is the button
Seat 4: Bonkman05 ($86.81 in chips)
Seat 6: hasky156 ($42.86 in chips)
hasky156: posts small blind $1
B_loJkl: is sitting out
Bonkman05: posts big blind $3
*** HOLE CARDS ***
hasky156: folds
Uncalled bet ($2) returned to Bonkman05
Bonkman05 collected $2 from pot
Bonkman05: doesn't show hand
*** SUMMARY ***
Total pot $2 | Rake $0
Seat 4: Bonkman05 (big blind) collected ($2)
Seat 6: hasky156 (button) (small blind) folded before Flop


PokerStars Hand #156767276616:  Hold'em Limit ($3/$6 USD) - 2016/08/02 10:34:31 ET
Table 'Lucina III' 6-max Seat #6 is the button
Seat 4: Bonkman05 ($90.81 in chips)
Seat 6: hasky156 ($38.86 in chips)
hasky156: posts small blind $1
Bonkman05: posts big blind $3
*** HOLE CARDS ***
hasky156: folds
Uncalled bet ($2) returned to Bonkman05
Bonkman05 collected $2 from pot
Bonkman05: doesn't show hand
*** SUMMARY ***
Total pot $2 | Rake $0
Seat 4: Bonkman05 (big blind) collected ($2)
Seat 6: hasky156 (button) (small blind) folded before Flop


PokerStars Hand #156767272188:  Hold'em Limit ($3/$6 USD) - 2016/08/02 10:34:23 ET
Table 'Lucina III' 6-max Seat #4 is the button
Seat 4: Bonkman05 ($87.81 in chips)
Seat 6: hasky156 ($41.86 in chips)
Bonkman05: posts small blind $1
hasky156: posts big blind $3
*** HOLE CARDS ***
Bonkman05: raises $3 to $6
hasky156: folds
Uncalled bet ($3) returned to Bonkman05
Bonkman05 collected $6 from pot
Bonkman05: doesn't show hand
*** SUMMARY ***
Total pot $6 | Rake $0
Seat 4: Bonkman05 (button) (small blind) collected ($6)
Seat 6: hasky156 (big blind) folded before Flop


PokerStars Hand #156767283109:  Hold'em Limit ($3/$6 USD) - 2016/08/02 10:34:42 ET
Table 'Lucina III' 6-max Seat #6 is the button
Seat 4: Bonkman05 ($94.81 in chips)
Seat 6: hasky156 ($34.86 in chips)
hasky156: posts small blind $1
Bonkman05: posts big blind $3
*** HOLE CARDS ***
hasky156: folds
Uncalled bet ($2) returned to Bonkman05
Bonkman05 collected $2 from pot
Bonkman05: doesn't show hand
*** SUMMARY ***
Total pot $2 | Rake $0
Seat 4: Bonkman05 (big blind) collected ($2)
Seat 6: hasky156 (button) (small blind) folded before Flop


PokerStars Hand #156767279471:  Hold'em Limit ($3/$6 USD) - 2016/08/02 10:34:36 ET
Table 'Lucina III' 6-max Seat #4 is the button
Seat 4: Bonkman05 ($91.81 in chips)
Seat 6: hasky156 ($37.86 in chips)
Bonkman05: posts small blind $1
hasky156: posts big blind $3
*** HOLE CARDS ***
Bonkman05: raises $3 to $6
hasky156: folds
Uncalled bet ($3) returned to Bonkman05
Bonkman05 collected $6 from pot
Bonkman05: doesn't show hand
*** SUMMARY ***
Total pot $6 | Rake $0
Seat 4: Bonkman05 (button) (small blind) collected ($6)
Seat 6: hasky156 (big blind) folded before Flop


PokerStars Hand #156767289196:  Hold'em Limit ($3/$6 USD) - 2016/08/02 10:34:52 ET
Table 'Lucina III' 6-max Seat #6 is the button
Seat 4: Bonkman05 ($98.81 in chips)
Seat 6: hasky156 ($30.86 in chips)
hasky156: posts small blind $1
Bonkman05: posts big blind $3
*** HOLE CARDS ***
hasky156: folds
Uncalled bet ($2) returned to Bonkman05
Bonkman05 collected $2 from pot
Bonkman05: doesn't show hand
*** SUMMARY ***
Total pot $2 | Rake $0
Seat 4: Bonkman05 (big blind) collected ($2)
Seat 6: hasky156 (button) (small blind) folded before Flop


PokerStars Hand #156767285981:  Hold'em Limit ($3/$6 USD) - 2016/08/02 10:34:47 ET
Table 'Lucina III' 6-max Seat #4 is the button
Seat 4: Bonkman05 ($95.81 in chips)
Seat 6: hasky156 ($33.86 in chips)
Bonkman05: posts small blind $1
hasky156: posts big blind $3
*** HOLE CARDS ***
Bonkman05: raises $3 to $6
hasky156: folds
Uncalled bet ($3) returned to Bonkman05
Bonkman05 collected $6 from pot
Bonkman05: doesn't show hand
*** SUMMARY ***
Total pot $6 | Rake $0
Seat 4: Bonkman05 (button) (small blind) collected ($6)
Seat 6: hasky156 (big blind) folded before Flop


PokerStars Hand #156767291839:  Hold'em Limit ($3/$6 USD) - 2016/08/02 10:34:57 ET
Table 'Lucina III' 6-max Seat #4 is the button
Seat 4: Bonkman05 ($99.81 in chips)
Seat 6: hasky156 ($29.86 in chips)
Bonkman05: posts small blind $1
hasky156: posts big blind $3
*** HOLE CARDS ***
Bonkman05: raises $3 to $6
hasky156: calls $3
*** FLOP *** [Qd 8d 5s]
hasky156: checks
Bonkman05: bets $3
hasky156: calls $3
*** TURN *** [Qd 8d 5s] [2d]
hasky156: checks
Bonkman05: bets $6
hasky156: folds
Uncalled bet ($6) returned to Bonkman05
Bonkman05 collected $17.64 from pot
Bonkman05: doesn't show hand
*** SUMMARY ***
Total pot $18 | Rake $0.36
Board [Qd 8d 5s 2d]
Seat 4: Bonkman05 (button) (small blind) collected ($17.64)
Seat 6: hasky156 (big blind) folded on the Turn


PokerStars Hand #156767300326:  Hold'em Limit ($3/$6 USD) - 2016/08/02 10:35:11 ET
Table 'Lucina III' 6-max Seat #6 is the button
Seat 4: Bonkman05 ($108.45 in chips)
Seat 6: hasky156 ($20.86 in chips)
hasky156: posts small blind $1
Bonkman05: posts big blind $3
*** HOLE CARDS ***
hasky156: raises $3 to $6
Bonkman05: raises $3 to $9
hasky156: raises $3 to $12
Betting is capped
Bonkman05: calls $3
*** FLOP *** [Ad 5d 2c]
alexio_24 joins the table at seat #5
Bonkman05: checks
hasky156: bets $3
Bonkman05: folds
Uncalled bet ($3) returned to hasky156
Agrotait joins the table at seat #1
hasky156 collected $23.52 from pot
hasky156: doesn't show hand
*** SUMMARY ***
Total pot $24 | Rake $0.48
Board [Ad 5d 2c]
Seat 4: Bonkman05 (big blind) folded on the Flop
Seat 6: hasky156 (button) (small blind) collected ($23.52)


PokerStars Hand #156767842008:  Hold'em Limit ($3/$6 USD) - 2016/08/02 10:50:20 ET
Table 'Lucina III' 6-max Seat #5 is the button
Seat 4: Bonkman05 ($69.84 in chips)
Seat 5: alexio_24 ($280.01 in chips)
alexio_24: posts small blind $1
B_loJkl: is sitting out
vestimokrec: is sitting out
Bonkman05: posts big blind $3
*** HOLE CARDS ***
vestimokrec leaves the table
B_loJkl leaves the table
alexio_24: calls $2
Bonkman05: checks
*** FLOP *** [Qc Tc 5h]
Bonkman05: bets $3
B_loJkl joins the table at seat #6
alexio_24: folds
Uncalled bet ($3) returned to Bonkman05
Bonkman05 collected $5.88 from pot
Bonkman05: doesn't show hand
*** SUMMARY ***
Total pot $6 | Rake $0.12
Board [Qc Tc 5h]
Seat 4: Bonkman05 (big blind) collected ($5.88)
Seat 5: alexio_24 (button) (small blind) folded on the Flop


PokerStars Hand #156772980600:  Hold'em Limit ($3/$6 USD) - 2016/08/02 13:06:13 ET
Table 'Lucina III' 6-max Seat #4 is the button
Seat 1: Icecold ($23 in chips)
Seat 4: kurt183 ($131.77 in chips)
kurt183: posts small blind $1
B_loJkl: is sitting out
Icecold: posts big blind $3
*** HOLE CARDS ***
kurt183: raises $3 to $6
Icecold: calls $3
*** FLOP *** [3d 5d 4s]
Icecold: checks
kurt183: checks
*** TURN *** [3d 5d 4s] [6h]
Icecold: bets $6
kurt183: folds
Uncalled bet ($6) returned to Icecold
Icecold collected $11.76 from pot
*** SUMMARY ***
Total pot $12 | Rake $0.24
Board [3d 5d 4s 6h]
Seat 1: Icecold (big blind) collected ($11.76)
Seat 4: kurt183 (button) (small blind) folded on the Turn


PokerStars Hand #156773001426:  Hold'em Limit ($3/$6 USD) - 2016/08/02 13:06:41 ET
Table 'Lucina III' 6-max Seat #1 is the button
Seat 1: Icecold ($32.64 in chips)
Seat 4: kurt183 ($121.77 in chips)
Icecold: posts small blind $1
kurt183: posts big blind $3
*** HOLE CARDS ***
Icecold: raises $3 to $6
kurt183: folds
Uncalled bet ($3) returned to Icecold
Icecold collected $6 from pot
*** SUMMARY ***
Total pot $6 | Rake $0
Seat 1: Icecold (button) (small blind) collected ($6)
Seat 4: kurt183 (big blind) folded before Flop


PokerStars Hand #156772997760:  Hold'em Limit ($3/$6 USD) - 2016/08/02 13:06:36 ET
Table 'Lucina III' 6-max Seat #4 is the button
Seat 1: Icecold ($31.64 in chips)
Seat 4: kurt183 ($122.77 in chips)
kurt183: posts small blind $1
Icecold: posts big blind $3
*** HOLE CARDS ***
kurt183: folds
Uncalled bet ($2) returned to Icecold
Icecold collected $2 from pot
*** SUMMARY ***
Total pot $2 | Rake $0
Seat 1: Icecold (big blind) collected ($2)
Seat 4: kurt183 (button) (small blind) folded before Flop


PokerStars Hand #156773008991:  Hold'em Limit ($3/$6 USD) - 2016/08/02 13:06:52 ET
Table 'Lucina III' 6-max Seat #1 is the button
Seat 1: Icecold ($36.64 in chips)
Seat 4: kurt183 ($117.77 in chips)
Icecold: posts small blind $1
kurt183: posts big blind $3
*** HOLE CARDS ***
Icecold: folds
Uncalled bet ($2) returned to kurt183
B_loJkl leaves the table
kurt183 collected $2 from pot
kurt183: doesn't show hand
*** SUMMARY ***
Total pot $2 | Rake $0
Seat 1: Icecold (button) (small blind) folded before Flop
Seat 4: kurt183 (big blind) collected ($2)


PokerStars Hand #156773005689:  Hold'em Limit ($3/$6 USD) - 2016/08/02 13:06:47 ET
Table 'Lucina III' 6-max Seat #4 is the button
Seat 1: Icecold ($35.64 in chips)
Seat 4: kurt183 ($118.77 in chips)
kurt183: posts small blind $1
Icecold: posts big blind $3
*** HOLE CARDS ***
kurt183: folds
Uncalled bet ($2) returned to Icecold
Icecold collected $2 from pot
*** SUMMARY ***
Total pot $2 | Rake $0
Seat 1: Icecold (big blind) collected ($2)
Seat 4: kurt183 (button) (small blind) folded before Flop


PokerStars Hand #156773012304:  Hold'em Limit ($3/$6 USD) - 2016/08/02 13:06:56 ET
Table 'Lucina III' 6-max Seat #4 is the button
Seat 1: Icecold ($35.64 in chips)
Seat 4: kurt183 ($118.77 in chips)
kurt183: posts small blind $1
Icecold: posts big blind $3
*** HOLE CARDS ***
B_loJkl joins the table at seat #5
kurt183: raises $3 to $6
Icecold: calls $3
*** FLOP *** [9c Tc 6c]
Icecold: checks
kurt183: bets $3
Icecold: calls $3
*** TURN *** [9c Tc 6c] [4d]
Icecold: checks
kurt183: bets $6
Icecold: calls $6
*** RIVER *** [9c Tc 6c 4d] [Ac]
Icecold: checks
kurt183: bets $6
Electedok joins the table at seat #3
Icecold: folds
Uncalled bet ($6) returned to kurt183
kurt183 collected $29.50 from pot
kurt183: doesn't show hand
*** SUMMARY ***
Total pot $30 | Rake $0.50
Board [9c Tc 6c 4d Ac]
Seat 1: Icecold (big blind) folded on the River
Seat 4: kurt183 (button) (small blind) collected ($29.50)


PokerStars Hand #156788666015:  Hold'em Limit ($3/$6 USD) - 2016/08/02 18:39:43 ET
Table 'Lucina III' 6-max Seat #3 is the button
Seat 3: Chessnok ($128.38 in chips)
Seat 4: Delfi2508 ($189.64 in chips)
Chessnok: posts small blind $1
Delfi2508: posts big blind $3
*** HOLE CARDS ***
Chessnok: raises $3 to $6
Delfi2508: calls $3
*** FLOP *** [3d Qs Qd]
Delfi2508: checks
Chessnok: bets $3
Zubasa07 leaves the table
Delfi2508: calls $3
*** TURN *** [3d Qs Qd] [8c]
Delfi2508: checks
Chessnok: checks
*** RIVER *** [3d Qs Qd 8c] [Ac]
Delfi2508: bets $6
Chessnok: folds
Uncalled bet ($6) returned to Delfi2508
Delfi2508 collected $17.64 from pot
Delfi2508: doesn't show hand
*** SUMMARY ***
Total pot $18 | Rake $0.36
Board [3d Qs Qd 8c Ac]
Seat 3: Chessnok (button) (small blind) folded on the River
Seat 4: Delfi2508 (big blind) collected ($17.64)


PokerStars Hand #156788650962:  Hold'em Limit ($3/$6 USD) - 2016/08/02 18:39:21 ET
Table 'Lucina III' 6-max Seat #4 is the button
Seat 3: Chessnok ($137.38 in chips)
Seat 4: Delfi2508 ($181 in chips)
Delfi2508: posts small blind $1
zischepc: is sitting out
Zubasa07: is sitting out
Chessnok: posts big blind $3
*** HOLE CARDS ***
Delfi2508: calls $2
Chessnok: raises $3 to $6
Delfi2508: calls $3
*** FLOP *** [7s 3d 6d]
Chessnok: bets $3
Delfi2508: calls $3
*** TURN *** [7s 3d 6d] [Ts]
Chessnok: checks
Delfi2508: checks
*** RIVER *** [7s 3d 6d Ts] [8h]
Chessnok: checks
Delfi2508: bets $6
Chessnok: folds
Uncalled bet ($6) returned to Delfi2508
Delfi2508 collected $17.64 from pot
Delfi2508: doesn't show hand
*** SUMMARY ***
Total pot $18 | Rake $0.36
Board [7s 3d 6d Ts 8h]
Seat 3: Chessnok (big blind) folded on the River
Seat 4: Delfi2508 (button) (small blind) collected ($17.64)


