PokerStars Hand #165283066707:  Hold'em Limit ($3/$6 USD) - 2017/01/28 2:17:02 ET
Table 'Lucidor' 6-max Seat #2 is the button
Seat 2: millchar ($166.12 in chips)
Seat 3: grabaz ($182.13 in chips)
millchar: posts small blind $1
grabaz: posts big blind $3
*** HOLE CARDS ***
millchar: folds
Uncalled bet ($2) returned to grabaz
grabaz collected $2 from pot
grabaz: doesn't show hand
*** SUMMARY ***
Total pot $2 | Rake $0
Seat 2: millchar (button) (small blind) folded before Flop
Seat 3: grabaz (big blind) collected ($2)


PokerStars Hand #165283048612:  Hold'em Limit ($3/$6 USD) - 2017/01/28 2:16:02 ET
Table 'Lucidor' 6-max Seat #3 is the button
Seat 2: millchar ($157.48 in chips)
Seat 3: grabaz ($191.13 in chips)
grabaz: posts small blind $1
AzureCaper: is sitting out
Koraseg: is sitting out
karambakilla: is sitting out
millchar: posts big blind $3
*** HOLE CARDS ***
AzureCaper leaves the table
grabaz: raises $3 to $6
millchar: calls $3
*** FLOP *** [4s 6c 3h]
Koraseg leaves the table
millchar: checks
grabaz: bets $3
karambakilla leaves the table
millchar: calls $3
*** TURN *** [4s 6c 3h] [8d]
millchar: checks
grabaz: checks
*** RIVER *** [4s 6c 3h 8d] [9c]
millchar: bets $6
grabaz: folds
Uncalled bet ($6) returned to millchar
millchar collected $17.64 from pot
millchar: doesn't show hand
*** SUMMARY ***
Total pot $18 | Rake $0.36
Board [4s 6c 3h 8d 9c]
Seat 2: millchar (big blind) collected ($17.64)
Seat 3: grabaz (button) (small blind) folded on the River


