PokerStars Hand #150428571868:  Hold'em Limit ($3/$6 USD) - 2016/03/16 3:56:04 ET
Table 'Lucia II' 6-max Seat #1 is the button
Seat 1: Caxa922 ($9.23 in chips)
Seat 2: AzureCaper ($73.64 in chips)
Caxa922: posts small blind $1
AzureCaper: posts big blind $3
*** HOLE CARDS ***
Caxa922: folds
Uncalled bet ($2) returned to AzureCaper
AzureCaper collected $2 from pot
AzureCaper: doesn't show hand
*** SUMMARY ***
Total pot $2 | Rake $0
Seat 1: Caxa922 (button) (small blind) folded before Flop
Seat 2: AzureCaper (big blind) collected ($2)


PokerStars Hand #150428569918:  Hold'em Limit ($3/$6 USD) - 2016/03/16 3:55:57 ET
Table 'Lucia II' 6-max Seat #2 is the button
Seat 1: Caxa922 ($8.23 in chips)
Seat 2: AzureCaper ($74.64 in chips)
AzureCaper: posts small blind $1
Agrotait: is sitting out
Caxa922: posts big blind $3
*** HOLE CARDS ***
AzureCaper: folds
Uncalled bet ($2) returned to Caxa922
Caxa922 collected $2 from pot
*** SUMMARY ***
Total pot $2 | Rake $0
Seat 1: Caxa922 (big blind) collected ($2)
Seat 2: AzureCaper (button) (small blind) folded before Flop


PokerStars Hand #150428573968:  Hold'em Limit ($3/$6 USD) - 2016/03/16 3:56:12 ET
Table 'Lucia II' 6-max Seat #2 is the button
Seat 1: Caxa922 ($8.23 in chips)
Seat 2: AzureCaper ($74.64 in chips)
AzureCaper: posts small blind $1
Caxa922: posts big blind $3
*** HOLE CARDS ***
AzureCaper: raises $3 to $6
Caxa922: raises $2.23 to $8.23 and is all-in
AzureCaper: calls $2.23
*** FLOP *** [5c 9h Jh]
*** TURN *** [5c 9h Jh] [8c]
*** RIVER *** [5c 9h Jh 8c] [Jc]
*** SHOW DOWN ***
Caxa922: shows [Qs 2c] (a pair of Jacks)
AzureCaper: shows [As 4s] (a pair of Jacks - Ace kicker)
AzureCaper collected $16.13 from pot
*** SUMMARY ***
Total pot $16.46 | Rake $0.33
Board [5c 9h Jh 8c Jc]
Seat 1: Caxa922 (big blind) showed [Qs 2c] and lost with a pair of Jacks
Seat 2: AzureCaper (button) (small blind) showed [As 4s] and won ($16.13) with a pair of Jacks


