PokerStars Hand #157738633836:  Hold'em Limit ($3/$6 USD) - 2016/08/25 17:54:13 ET
Table 'Lucretia' 6-max Seat #6 is the button
Seat 1: GRAILKO ($205.76 in chips)
Seat 6: stiflerkk ($24 in chips)
stiflerkk: posts small blind $1
GRAILKO: posts big blind $3
*** HOLE CARDS ***
stiflerkk: raises $3 to $6
GRAILKO: calls $3
*** FLOP *** [2h Jd 8s]
GRAILKO: checks
stiflerkk: bets $3
GRAILKO: calls $3
*** TURN *** [2h Jd 8s] [Js]
GRAILKO: checks
stiflerkk: bets $6
GRAILKO: calls $6
*** RIVER *** [2h Jd 8s Js] [Kc]
GRAILKO: checks
stiflerkk: bets $6
GRAILKO: calls $6
*** SHOW DOWN ***
stiflerkk: shows [Jh 9s] (three of a kind, Jacks)
GRAILKO: mucks hand
stiflerkk collected $41.50 from pot
*** SUMMARY ***
Total pot $42 | Rake $0.50
Board [2h Jd 8s Js Kc]
Seat 1: GRAILKO (big blind) mucked
Seat 6: stiflerkk (button) (small blind) showed [Jh 9s] and won ($41.50) with three of a kind, Jacks


PokerStars Hand #157738611274:  Hold'em Limit ($3/$6 USD) - 2016/08/25 17:53:40 ET
Table 'Lucretia' 6-max Seat #1 is the button
Seat 1: GRAILKO ($200 in chips)
Seat 6: stiflerkk ($30 in chips)
vestimokrec joins the table at seat #2
simper11 has timed out
simper11: is sitting out
GRAILKO: posts small blind $1
stiflerkk: posts big blind $3
*** HOLE CARDS ***
GRAILKO: raises $3 to $6
stiflerkk: calls $3
*** FLOP *** [5c Qd 7c]
stiflerkk: checks
GRAILKO: checks
*** TURN *** [5c Qd 7c] [Kh]
stiflerkk: checks
GRAILKO: bets $6
stiflerkk: folds
Uncalled bet ($6) returned to GRAILKO
GRAILKO collected $11.76 from pot
GRAILKO: doesn't show hand
*** SUMMARY ***
Total pot $12 | Rake $0.24
Board [5c Qd 7c Kh]
Seat 1: GRAILKO (button) (small blind) collected ($11.76)
Seat 6: stiflerkk (big blind) folded on the Turn


PokerStars Hand #157738750786:  Hold'em Limit ($3/$6 USD) - 2016/08/25 17:57:26 ET
Table 'Lucretia' 6-max Seat #2 is the button
Seat 1: GRAILKO ($202.59 in chips)
Seat 2: vestimokrec ($137.81 in chips)
vestimokrec: posts small blind $1
GRAILKO: posts big blind $3
*** HOLE CARDS ***
stiflerkk leaves the table
vestimokrec: folds
Uncalled bet ($2) returned to GRAILKO
GRAILKO collected $2 from pot
GRAILKO: doesn't show hand
*** SUMMARY ***
Total pot $2 | Rake $0
Seat 1: GRAILKO (big blind) collected ($2)
Seat 2: vestimokrec (button) (small blind) folded before Flop


PokerStars Hand #157739104354:  Hold'em Limit ($3/$6 USD) - 2016/08/25 18:06:37 ET
Table 'Lucretia' 6-max Seat #1 is the button
Seat 1: GRAILKO ($203.59 in chips)
Seat 3: poooohpooh ($120 in chips)
GRAILKO: posts small blind $1
poooohpooh: posts big blind $3
*** HOLE CARDS ***
GRAILKO: raises $3 to $6
poooohpooh: calls $3
*** FLOP *** [Ks 7d 4c]
poooohpooh: checks
GRAILKO: bets $3
poooohpooh: folds
Uncalled bet ($3) returned to GRAILKO
GRAILKO collected $11.76 from pot
GRAILKO: doesn't show hand
*** SUMMARY ***
Total pot $12 | Rake $0.24
Board [Ks 7d 4c]
Seat 1: GRAILKO (button) (small blind) collected ($11.76)
Seat 3: poooohpooh (big blind) folded on the Flop


PokerStars Hand #157739112595:  Hold'em Limit ($3/$6 USD) - 2016/08/25 18:06:49 ET
Table 'Lucretia' 6-max Seat #3 is the button
Seat 1: GRAILKO ($209.35 in chips)
Seat 3: poooohpooh ($114 in chips)
poooohpooh: posts small blind $1
GRAILKO: posts big blind $3
*** HOLE CARDS ***
poooohpooh: raises $3 to $6
GRAILKO: calls $3
*** FLOP *** [7h 3h Qc]
GRAILKO: checks
poooohpooh: bets $3
GRAILKO: calls $3
*** TURN *** [7h 3h Qc] [8h]
GRAILKO: checks
InMyBlood89 joins the table at seat #2
poooohpooh: bets $6
GRAILKO: calls $6
*** RIVER *** [7h 3h Qc 8h] [Tc]
GRAILKO: checks
poooohpooh: bets $6
GRAILKO: folds
Uncalled bet ($6) returned to poooohpooh
poooohpooh collected $29.50 from pot
poooohpooh: doesn't show hand
*** SUMMARY ***
Total pot $30 | Rake $0.50
Board [7h 3h Qc 8h Tc]
Seat 1: GRAILKO (big blind) folded on the River
Seat 3: poooohpooh (button) (small blind) collected ($29.50)


PokerStars Hand #157739233183:  Hold'em Limit ($3/$6 USD) - 2016/08/25 18:09:41 ET
Table 'Lucretia' 6-max Seat #3 is the button
Seat 2: InMyBlood89 ($40.06 in chips)
Seat 3: poooohpooh ($98.50 in chips)
poooohpooh: posts small blind $1
GRAILKO: is sitting out
InMyBlood89: posts big blind $3
*** HOLE CARDS ***
poooohpooh: raises $3 to $6
GRAILKO leaves the table
InMyBlood89: folds
Uncalled bet ($3) returned to poooohpooh
poooohpooh collected $6 from pot
poooohpooh: doesn't show hand
*** SUMMARY ***
Total pot $6 | Rake $0
Seat 2: InMyBlood89 (big blind) folded before Flop
Seat 3: poooohpooh (button) (small blind) collected ($6)


PokerStars Hand #157739239426:  Hold'em Limit ($3/$6 USD) - 2016/08/25 18:09:50 ET
Table 'Lucretia' 6-max Seat #2 is the button
Seat 2: InMyBlood89 ($37.06 in chips)
Seat 3: poooohpooh ($101.50 in chips)
InMyBlood89: posts small blind $1
poooohpooh: posts big blind $3
*** HOLE CARDS ***
InMyBlood89: raises $3 to $6
poooohpooh: raises $3 to $9
InMyBlood89: calls $3
*** FLOP *** [3s 9s Tc]
poooohpooh: bets $3
InMyBlood89: calls $3
*** TURN *** [3s 9s Tc] [5c]
poooohpooh: bets $6
InMyBlood89: calls $6
*** RIVER *** [3s 9s Tc 5c] [6c]
poooohpooh: bets $6
InMyBlood89: calls $6
*** SHOW DOWN ***
poooohpooh: shows [Kd 4d] (high card King)
InMyBlood89: shows [Ad 7c] (high card Ace)
InMyBlood89 collected $47.50 from pot
*** SUMMARY ***
Total pot $48 | Rake $0.50
Board [3s 9s Tc 5c 6c]
Seat 2: InMyBlood89 (button) (small blind) showed [Ad 7c] and won ($47.50) with high card Ace
Seat 3: poooohpooh (big blind) showed [Kd 4d] and lost with high card King


