PokerStars Hand #167264349247:  Hold'em Limit ($3/$6 USD) - 2017/03/07 16:42:18 ET
Table 'Luda' 6-max Seat #5 is the button
Seat 5: dragon1893 ($150 in chips)
Seat 6: NAUTJE1337 ($51 in chips)
dragon1893: posts small blind $1
NAUTJE1337: posts big blind $3
*** HOLE CARDS ***
dragon1893: raises $3 to $6
NAUTJE1337: raises $3 to $9
dragon1893: calls $3
*** FLOP *** [Th Td 7d]
NAUTJE1337: bets $3
dragon1893: calls $3
*** TURN *** [Th Td 7d] [8c]
NAUTJE1337: bets $6
dragon1893: calls $6
*** RIVER *** [Th Td 7d 8c] [7h]
NAUTJE1337: bets $6
dragon1893: calls $6
*** SHOW DOWN ***
NAUTJE1337: shows [9d 9h] (two pair, Tens and Nines)
dragon1893: mucks hand
NAUTJE1337 collected $47.50 from pot
*** SUMMARY ***
Total pot $48 | Rake $0.50
Board [Th Td 7d 8c 7h]
Seat 5: dragon1893 (button) (small blind) mucked
Seat 6: NAUTJE1337 (big blind) showed [9d 9h] and won ($47.50) with two pair, Tens and Nines


PokerStars Hand #167264387502:  Hold'em Limit ($3/$6 USD) - 2017/03/07 16:43:03 ET
Table 'Luda' 6-max Seat #6 is the button
Seat 5: dragon1893 ($150 in chips)
Seat 6: NAUTJE1337 ($80.01 in chips)
NAUTJE1337: posts small blind $1
dragon1893: posts big blind $3
*** HOLE CARDS ***
NAUTJE1337: raises $3 to $6
dragon1893: raises $3 to $9
NAUTJE1337: calls $3
*** FLOP *** [4c Kh 7s]
dragon1893: bets $3
NAUTJE1337: calls $3
*** TURN *** [4c Kh 7s] [Ts]
dragon1893: bets $6
NAUTJE1337: folds
Uncalled bet ($6) returned to dragon1893
dragon1893 collected $23.52 from pot
dragon1893: doesn't show hand
*** SUMMARY ***
Total pot $24 | Rake $0.48
Board [4c Kh 7s Ts]
Seat 5: dragon1893 (big blind) collected ($23.52)
Seat 6: NAUTJE1337 (button) (small blind) folded on the Turn


PokerStars Hand #167264375334:  Hold'em Limit ($3/$6 USD) - 2017/03/07 16:42:49 ET
Table 'Luda' 6-max Seat #5 is the button
Seat 5: dragon1893 ($150 in chips)
Seat 6: NAUTJE1337 ($80.26 in chips)
dragon1893: posts small blind $1
NAUTJE1337: posts big blind $3
*** HOLE CARDS ***
dragon1893: raises $3 to $6
NAUTJE1337: raises $3 to $9
dragon1893: calls $3
*** FLOP *** [5d 3h 6c]
NAUTJE1337: bets $3
dragon1893: calls $3
*** TURN *** [5d 3h 6c] [2d]
NAUTJE1337: bets $6
dragon1893: calls $6
*** RIVER *** [5d 3h 6c 2d] [4h]
NAUTJE1337: bets $6
dragon1893: calls $6
*** SHOW DOWN ***
NAUTJE1337: shows [Tc Kc] (a straight, Deuce to Six)
dragon1893: shows [6h 6d] (a straight, Deuce to Six)
NAUTJE1337 collected $23.75 from pot
dragon1893 collected $23.75 from pot
*** SUMMARY ***
Total pot $48 | Rake $0.50
Board [5d 3h 6c 2d 4h]
Seat 5: dragon1893 (button) (small blind) showed [6h 6d] and won ($23.75) with a straight, Deuce to Six
Seat 6: NAUTJE1337 (big blind) showed [Tc Kc] and won ($23.75) with a straight, Deuce to Six


PokerStars Hand #167264367714:  Hold'em Limit ($3/$6 USD) - 2017/03/07 16:42:40 ET
Table 'Luda' 6-max Seat #6 is the button
Seat 5: dragon1893 ($150 in chips)
Seat 6: NAUTJE1337 ($74.50 in chips)
NAUTJE1337: posts small blind $1
dragon1893: posts big blind $3
*** HOLE CARDS ***
NAUTJE1337: raises $3 to $6
dragon1893: calls $3
*** FLOP *** [Qh Ts 5h]
dragon1893: checks
NAUTJE1337: bets $3
dragon1893: folds
Uncalled bet ($3) returned to NAUTJE1337
NAUTJE1337 collected $11.76 from pot
*** SUMMARY ***
Total pot $12 | Rake $0.24
Board [Qh Ts 5h]
Seat 5: dragon1893 (big blind) folded on the Flop
Seat 6: NAUTJE1337 (button) (small blind) collected ($11.76)


PokerStars Hand #167264454987:  Hold'em Limit ($3/$6 USD) - 2017/03/07 16:44:23 ET
Table 'Luda' 6-max Seat #5 is the button
Seat 5: dragon1893 ($161.52 in chips)
Seat 6: HAOYUN88888 ($60 in chips)
dragon1893: posts small blind $1
HAOYUN88888: posts big blind $3
*** HOLE CARDS ***
dragon1893: folds
Uncalled bet ($2) returned to HAOYUN88888
HAOYUN88888 collected $2 from pot
HAOYUN88888: doesn't show hand
*** SUMMARY ***
Total pot $2 | Rake $0
Seat 5: dragon1893 (button) (small blind) folded before Flop
Seat 6: HAOYUN88888 (big blind) collected ($2)


PokerStars Hand #167264533776:  Hold'em Limit ($3/$6 USD) - 2017/03/07 16:45:55 ET
Table 'Luda' 6-max Seat #5 is the button
Seat 5: NAUTJE1337 ($39 in chips)
Seat 6: HAOYUN88888 ($69.64 in chips)
NAUTJE1337: posts small blind $1
HAOYUN88888: posts big blind $3
*** HOLE CARDS ***
NAUTJE1337: folds
Uncalled bet ($2) returned to HAOYUN88888
zxkz joins the table at seat #1
HAOYUN88888 collected $2 from pot
HAOYUN88888: doesn't show hand
*** SUMMARY ***
Total pot $2 | Rake $0
Seat 5: NAUTJE1337 (button) (small blind) folded before Flop
Seat 6: HAOYUN88888 (big blind) collected ($2)


PokerStars Hand #167264519355:  Hold'em Limit ($3/$6 USD) - 2017/03/07 16:45:38 ET
Table 'Luda' 6-max Seat #6 is the button
Seat 5: NAUTJE1337 ($48 in chips)
Seat 6: HAOYUN88888 ($61 in chips)
HAOYUN88888: posts small blind $1
NAUTJE1337: posts big blind $3
*** HOLE CARDS ***
HAOYUN88888: raises $3 to $6
NAUTJE1337: calls $3
*** FLOP *** [Td 8c 4d]
NAUTJE1337: checks
HAOYUN88888: bets $3
NAUTJE1337: calls $3
*** TURN *** [Td 8c 4d] [4c]
NAUTJE1337: checks
HAOYUN88888: bets $6
NAUTJE1337: folds
Uncalled bet ($6) returned to HAOYUN88888
HAOYUN88888 collected $17.64 from pot
HAOYUN88888: doesn't show hand
*** SUMMARY ***
Total pot $18 | Rake $0.36
Board [Td 8c 4d 4c]
Seat 5: NAUTJE1337 (big blind) folded on the Turn
Seat 6: HAOYUN88888 (button) (small blind) collected ($17.64)


PokerStars Hand #167267362764:  Hold'em Limit ($3/$6 USD) - 2017/03/07 17:42:28 ET
Table 'Luda' 6-max Seat #1 is the button
Seat 1: NAUTJE1337 ($53.76 in chips)
Seat 4: RaisemyNut$ ($206.16 in chips)
NAUTJE1337: posts small blind $1
RaisemyNut$: posts big blind $3
*** HOLE CARDS ***
NAUTJE1337: raises $3 to $6
RaisemyNut$: folds
Uncalled bet ($3) returned to NAUTJE1337
NAUTJE1337 collected $6 from pot
*** SUMMARY ***
Total pot $6 | Rake $0
Seat 1: NAUTJE1337 (button) (small blind) collected ($6)
Seat 4: RaisemyNut$ (big blind) folded before Flop


PokerStars Hand #167267337717:  Hold'em Limit ($3/$6 USD) - 2017/03/07 17:41:57 ET
Table 'Luda' 6-max Seat #4 is the button
Seat 1: NAUTJE1337 ($48 in chips)
Seat 4: RaisemyNut$ ($212.16 in chips)
RaisemyNut$: posts small blind $1
NAUTJE1337: posts big blind $3
*** HOLE CARDS ***
RaisemyNut$: raises $3 to $6
NAUTJE1337: calls $3
*** FLOP *** [Th 3c 5c]
NAUTJE1337: bets $3
RaisemyNut$: folds
Uncalled bet ($3) returned to NAUTJE1337
NAUTJE1337 collected $11.76 from pot
*** SUMMARY ***
Total pot $12 | Rake $0.24
Board [Th 3c 5c]
Seat 1: NAUTJE1337 (big blind) collected ($11.76)
Seat 4: RaisemyNut$ (button) (small blind) folded on the Flop


PokerStars Hand #167267393556:  Hold'em Limit ($3/$6 USD) - 2017/03/07 17:43:06 ET
Table 'Luda' 6-max Seat #4 is the button
Seat 1: NAUTJE1337 ($28.76 in chips)
Seat 4: RaisemyNut$ ($230.66 in chips)
RaisemyNut$: posts small blind $1
NAUTJE1337: posts big blind $3
*** HOLE CARDS ***
RaisemyNut$: raises $3 to $6
NAUTJE1337: raises $3 to $9
RaisemyNut$: raises $3 to $12
Betting is capped
NAUTJE1337: calls $3
*** FLOP *** [3c Kd Ad]
NAUTJE1337: bets $3
cbarnes joins the table at seat #3
RaisemyNut$: calls $3
*** TURN *** [3c Kd Ad] [8c]
NAUTJE1337: bets $6
RaisemyNut$: raises $6 to $12
NAUTJE1337: raises $1.76 to $13.76 and is all-in
RaisemyNut$: calls $1.76
*** RIVER *** [3c Kd Ad 8c] [8h]
*** SHOW DOWN ***
NAUTJE1337: shows [Kh Kc] (a full house, Kings full of Eights)
RaisemyNut$: shows [Ah Td] (two pair, Aces and Eights)
NAUTJE1337 collected $57.02 from pot
*** SUMMARY ***
Total pot $57.52 | Rake $0.50
Board [3c Kd Ad 8c 8h]
Seat 1: NAUTJE1337 (big blind) showed [Kh Kc] and won ($57.02) with a full house, Kings full of Eights
Seat 4: RaisemyNut$ (button) (small blind) showed [Ah Td] and lost with two pair, Aces and Eights


PokerStars Hand #167267389055:  Hold'em Limit ($3/$6 USD) - 2017/03/07 17:43:01 ET
Table 'Luda' 6-max Seat #1 is the button
Seat 1: NAUTJE1337 ($29.76 in chips)
Seat 4: RaisemyNut$ ($229.66 in chips)
NAUTJE1337: posts small blind $1
RaisemyNut$: posts big blind $3
*** HOLE CARDS ***
NAUTJE1337: folds
Uncalled bet ($2) returned to RaisemyNut$
RaisemyNut$ collected $2 from pot
RaisemyNut$: doesn't show hand
*** SUMMARY ***
Total pot $2 | Rake $0
Seat 1: NAUTJE1337 (button) (small blind) folded before Flop
Seat 4: RaisemyNut$ (big blind) collected ($2)


PokerStars Hand #167267369352:  Hold'em Limit ($3/$6 USD) - 2017/03/07 17:42:36 ET
Table 'Luda' 6-max Seat #4 is the button
Seat 1: NAUTJE1337 ($56.76 in chips)
Seat 4: RaisemyNut$ ($203.16 in chips)
RaisemyNut$: posts small blind $1
NAUTJE1337: posts big blind $3
*** HOLE CARDS ***
RaisemyNut$: raises $3 to $6
NAUTJE1337: calls $3
*** FLOP *** [5h Qs 2c]
NAUTJE1337: checks
RaisemyNut$: bets $3
NAUTJE1337: calls $3
*** TURN *** [5h Qs 2c] [7s]
NAUTJE1337: checks
RaisemyNut$: bets $6
NAUTJE1337: raises $6 to $12
RaisemyNut$: calls $6
*** RIVER *** [5h Qs 2c 7s] [3d]
NAUTJE1337: bets $6
RaisemyNut$: calls $6
*** SHOW DOWN ***
NAUTJE1337: shows [Kh 7c] (a pair of Sevens)
RaisemyNut$: shows [9h Qh] (a pair of Queens)
RaisemyNut$ collected $53.50 from pot
*** SUMMARY ***
Total pot $54 | Rake $0.50
Board [5h Qs 2c 7s 3d]
Seat 1: NAUTJE1337 (big blind) showed [Kh 7c] and lost with a pair of Sevens
Seat 4: RaisemyNut$ (button) (small blind) showed [9h Qh] and won ($53.50) with a pair of Queens


PokerStars Hand #167270678572:  Hold'em Limit ($3/$6 USD) - 2017/03/07 18:58:08 ET
Table 'Luda' 6-max Seat #6 is the button
Seat 4: RaisemyNut$ ($154 in chips)
Seat 6: BWTMAGIC ($227.20 in chips)
BWTMAGIC: posts small blind $1
GRAILKO: is sitting out
B_loJkl: is sitting out
MellivoraSto: is sitting out
RaisemyNut$: posts big blind $3
*** HOLE CARDS ***
GRAILKO leaves the table
BWTMAGIC: raises $3 to $6
RaisemyNut$: calls $3
*** FLOP *** [3s Kd 3h]
RaisemyNut$: checks
BWTMAGIC: bets $3
RaisemyNut$: folds
Uncalled bet ($3) returned to BWTMAGIC
BWTMAGIC collected $11.76 from pot
BWTMAGIC: doesn't show hand
*** SUMMARY ***
Total pot $12 | Rake $0.24
Board [3s Kd 3h]
Seat 4: RaisemyNut$ (big blind) folded on the Flop
Seat 6: BWTMAGIC (button) (small blind) collected ($11.76)


