PokerStars Hand #147357456838:  Hold'em Limit ($3/$6 USD) - 2016/01/20 6:27:54 ET
Table 'Luda II' 2-max Seat #2 is the button
Seat 1: VolkovDmitri ($120 in chips)
Seat 2: ManuelSikora ($72.98 in chips)
ManuelSikora: posts small blind $1
VolkovDmitri: posts big blind $3
*** HOLE CARDS ***
ManuelSikora: folds
Uncalled bet ($2) returned to VolkovDmitri
VolkovDmitri collected $2 from pot
VolkovDmitri: doesn't show hand
*** SUMMARY ***
Total pot $2 | Rake $0
Seat 1: VolkovDmitri (big blind) collected ($2)
Seat 2: ManuelSikora (button) (small blind) folded before Flop


PokerStars Hand #147357482350:  Hold'em Limit ($3/$6 USD) - 2016/01/20 6:28:41 ET
Table 'Luda II' 2-max Seat #1 is the button
Seat 1: VolkovDmitri ($130.64 in chips)
Seat 2: ManuelSikora ($61.98 in chips)
VolkovDmitri: posts small blind $1
ManuelSikora: posts big blind $3
*** HOLE CARDS ***
VolkovDmitri: raises $3 to $6
ManuelSikora: calls $3
*** FLOP *** [5h Qh 8h]
ManuelSikora: bets $3
VolkovDmitri: calls $3
*** TURN *** [5h Qh 8h] [4s]
ManuelSikora: bets $6
VolkovDmitri: calls $6
*** RIVER *** [5h Qh 8h 4s] [Td]
ManuelSikora: bets $6
VolkovDmitri: folds
Uncalled bet ($6) returned to ManuelSikora
ManuelSikora collected $29.50 from pot
ManuelSikora: doesn't show hand
*** SUMMARY ***
Total pot $30 | Rake $0.50
Board [5h Qh 8h 4s Td]
Seat 1: VolkovDmitri (button) (small blind) folded on the River
Seat 2: ManuelSikora (big blind) collected ($29.50)


PokerStars Hand #147357479361:  Hold'em Limit ($3/$6 USD) - 2016/01/20 6:28:36 ET
Table 'Luda II' 2-max Seat #2 is the button
Seat 1: VolkovDmitri ($129.64 in chips)
Seat 2: ManuelSikora ($62.98 in chips)
ManuelSikora: posts small blind $1
VolkovDmitri: posts big blind $3
*** HOLE CARDS ***
ManuelSikora: folds
Uncalled bet ($2) returned to VolkovDmitri
VolkovDmitri collected $2 from pot
VolkovDmitri: doesn't show hand
*** SUMMARY ***
Total pot $2 | Rake $0
Seat 1: VolkovDmitri (big blind) collected ($2)
Seat 2: ManuelSikora (button) (small blind) folded before Flop


PokerStars Hand #147357466035:  Hold'em Limit ($3/$6 USD) - 2016/01/20 6:28:11 ET
Table 'Luda II' 2-max Seat #1 is the button
Seat 1: VolkovDmitri ($121 in chips)
Seat 2: ManuelSikora ($71.98 in chips)
VolkovDmitri: posts small blind $1
ManuelSikora: posts big blind $3
*** HOLE CARDS ***
VolkovDmitri: raises $3 to $6
ManuelSikora: raises $3 to $9
VolkovDmitri: calls $3
*** FLOP *** [8h Tc Kd]
ManuelSikora: checks
VolkovDmitri: bets $3
ManuelSikora: folds
Uncalled bet ($3) returned to VolkovDmitri
VolkovDmitri collected $17.64 from pot
VolkovDmitri: doesn't show hand
*** SUMMARY ***
Total pot $18 | Rake $0.36
Board [8h Tc Kd]
Seat 1: VolkovDmitri (button) (small blind) collected ($17.64)
Seat 2: ManuelSikora (big blind) folded on the Flop


PokerStars Hand #147357496085:  Hold'em Limit ($3/$6 USD) - 2016/01/20 6:29:07 ET
Table 'Luda II' 2-max Seat #2 is the button
Seat 1: VolkovDmitri ($120 in chips)
Seat 2: ManuelSikora ($76.48 in chips)
ManuelSikora: posts small blind $1
VolkovDmitri: posts big blind $3
*** HOLE CARDS ***
ManuelSikora: raises $3 to $6
VolkovDmitri: calls $3
*** FLOP *** [Kh 9c Qs]
VolkovDmitri: checks
ManuelSikora: bets $3
VolkovDmitri: folds
Uncalled bet ($3) returned to ManuelSikora
ManuelSikora collected $11.76 from pot
ManuelSikora: doesn't show hand
*** SUMMARY ***
Total pot $12 | Rake $0.24
Board [Kh 9c Qs]
Seat 1: VolkovDmitri (big blind) folded on the Flop
Seat 2: ManuelSikora (button) (small blind) collected ($11.76)


PokerStars Hand #147357556740:  Hold'em Limit ($3/$6 USD) - 2016/01/20 6:30:59 ET
Table 'Luda II' 2-max Seat #2 is the button
Seat 1: VolkovDmitri ($156 in chips)
Seat 2: ManuelSikora ($45.24 in chips)
ManuelSikora: posts small blind $1
VolkovDmitri: posts big blind $3
*** HOLE CARDS ***
ManuelSikora: raises $3 to $6
VolkovDmitri: folds
Uncalled bet ($3) returned to ManuelSikora
ManuelSikora collected $6 from pot
ManuelSikora: doesn't show hand
*** SUMMARY ***
Total pot $6 | Rake $0
Seat 1: VolkovDmitri (big blind) folded before Flop
Seat 2: ManuelSikora (button) (small blind) collected ($6)


PokerStars Hand #147357539709:  Hold'em Limit ($3/$6 USD) - 2016/01/20 6:30:28 ET
Table 'Luda II' 2-max Seat #1 is the button
Seat 1: VolkovDmitri ($135.50 in chips)
Seat 2: ManuelSikora ($66.24 in chips)
VolkovDmitri: posts small blind $1
ManuelSikora: posts big blind $3
*** HOLE CARDS ***
VolkovDmitri: raises $3 to $6
ManuelSikora: calls $3
*** FLOP *** [8c 4d 8d]
ManuelSikora: bets $3
VolkovDmitri: calls $3
*** TURN *** [8c 4d 8d] [Ad]
ManuelSikora: bets $6
VolkovDmitri: calls $6
*** RIVER *** [8c 4d 8d Ad] [6c]
ManuelSikora: bets $6
VolkovDmitri: calls $6
*** SHOW DOWN ***
ManuelSikora: shows [Kd 4c] (two pair, Eights and Fours)
VolkovDmitri: shows [Js Ac] (two pair, Aces and Eights)
VolkovDmitri collected $41.50 from pot
*** SUMMARY ***
Total pot $42 | Rake $0.50
Board [8c 4d 8d Ad 6c]
Seat 1: VolkovDmitri (button) (small blind) showed [Js Ac] and won ($41.50) with two pair, Aces and Eights
Seat 2: ManuelSikora (big blind) showed [Kd 4c] and lost with two pair, Eights and Fours


PokerStars Hand #147357535972:  Hold'em Limit ($3/$6 USD) - 2016/01/20 6:30:21 ET
Table 'Luda II' 2-max Seat #2 is the button
Seat 1: VolkovDmitri ($134.50 in chips)
Seat 2: ManuelSikora ($67.24 in chips)
ManuelSikora: posts small blind $1
VolkovDmitri: posts big blind $3
*** HOLE CARDS ***
ManuelSikora: folds
Uncalled bet ($2) returned to VolkovDmitri
VolkovDmitri collected $2 from pot
VolkovDmitri: doesn't show hand
*** SUMMARY ***
Total pot $2 | Rake $0
Seat 1: VolkovDmitri (big blind) collected ($2)
Seat 2: ManuelSikora (button) (small blind) folded before Flop


PokerStars Hand #147357507789:  Hold'em Limit ($3/$6 USD) - 2016/01/20 6:29:29 ET
Table 'Luda II' 2-max Seat #1 is the button
Seat 1: VolkovDmitri ($120 in chips)
Seat 2: ManuelSikora ($82.24 in chips)
VolkovDmitri: posts small blind $1
ManuelSikora: posts big blind $3
*** HOLE CARDS ***
VolkovDmitri: raises $3 to $6
ManuelSikora: calls $3
*** FLOP *** [Tc Ac Js]
ManuelSikora: checks
VolkovDmitri: bets $3
ManuelSikora: calls $3
*** TURN *** [Tc Ac Js] [9d]
ManuelSikora: checks
VolkovDmitri: bets $6
ManuelSikora: calls $6
*** RIVER *** [Tc Ac Js 9d] [4s]
ManuelSikora: checks
VolkovDmitri: bets $6
ManuelSikora: folds
Uncalled bet ($6) returned to VolkovDmitri
VolkovDmitri collected $29.50 from pot
VolkovDmitri: doesn't show hand
*** SUMMARY ***
Total pot $30 | Rake $0.50
Board [Tc Ac Js 9d 4s]
Seat 1: VolkovDmitri (button) (small blind) collected ($29.50)
Seat 2: ManuelSikora (big blind) folded on the River


PokerStars Hand #147357580988:  Hold'em Limit ($3/$6 USD) - 2016/01/20 6:31:43 ET
Table 'Luda II' 2-max Seat #1 is the button
Seat 1: VolkovDmitri ($149.75 in chips)
Seat 2: ManuelSikora ($50.99 in chips)
VolkovDmitri: posts small blind $1
ManuelSikora: posts big blind $3
*** HOLE CARDS ***
VolkovDmitri: raises $3 to $6
ManuelSikora: calls $3
*** FLOP *** [Jc 9s 6h]
ManuelSikora: bets $3
VolkovDmitri: folds
Uncalled bet ($3) returned to ManuelSikora
ManuelSikora collected $11.76 from pot
ManuelSikora: doesn't show hand
*** SUMMARY ***
Total pot $12 | Rake $0.24
Board [Jc 9s 6h]
Seat 1: VolkovDmitri (button) (small blind) folded on the Flop
Seat 2: ManuelSikora (big blind) collected ($11.76)


PokerStars Hand #147357576954:  Hold'em Limit ($3/$6 USD) - 2016/01/20 6:31:36 ET
Table 'Luda II' 2-max Seat #2 is the button
Seat 1: VolkovDmitri ($152.75 in chips)
Seat 2: ManuelSikora ($47.99 in chips)
ManuelSikora: posts small blind $1
VolkovDmitri: posts big blind $3
*** HOLE CARDS ***
ManuelSikora: raises $3 to $6
VolkovDmitri: folds
Uncalled bet ($3) returned to ManuelSikora
ManuelSikora collected $6 from pot
ManuelSikora: doesn't show hand
*** SUMMARY ***
Total pot $6 | Rake $0
Seat 1: VolkovDmitri (big blind) folded before Flop
Seat 2: ManuelSikora (button) (small blind) collected ($6)


PokerStars Hand #147357561154:  Hold'em Limit ($3/$6 USD) - 2016/01/20 6:31:07 ET
Table 'Luda II' 2-max Seat #1 is the button
Seat 1: VolkovDmitri ($153 in chips)
Seat 2: ManuelSikora ($48.24 in chips)
VolkovDmitri: posts small blind $1
ManuelSikora: posts big blind $3
*** HOLE CARDS ***
VolkovDmitri: raises $3 to $6
ManuelSikora: calls $3
*** FLOP *** [Qc Th Kc]
ManuelSikora: bets $3
VolkovDmitri: calls $3
*** TURN *** [Qc Th Kc] [2h]
ManuelSikora: bets $6
VolkovDmitri: calls $6
*** RIVER *** [Qc Th Kc 2h] [Ac]
ManuelSikora: bets $6
VolkovDmitri: raises $6 to $12
ManuelSikora: calls $6
*** SHOW DOWN ***
VolkovDmitri: shows [7h Js] (a straight, Ten to Ace)
ManuelSikora: shows [9s Jh] (a straight, Ten to Ace)
ManuelSikora collected $26.75 from pot
VolkovDmitri collected $26.75 from pot
*** SUMMARY ***
Total pot $54 | Rake $0.50
Board [Qc Th Kc 2h Ac]
Seat 1: VolkovDmitri (button) (small blind) showed [7h Js] and won ($26.75) with a straight, Ten to Ace
Seat 2: ManuelSikora (big blind) showed [9s Jh] and won ($26.75) with a straight, Ten to Ace


PokerStars Hand #147357608477:  Hold'em Limit ($3/$6 USD) - 2016/01/20 6:32:34 ET
Table 'Luda II' 2-max Seat #1 is the button
Seat 1: VolkovDmitri ($128.75 in chips)
Seat 2: ManuelSikora ($71.25 in chips)
VolkovDmitri: posts small blind $1
ManuelSikora: posts big blind $3
*** HOLE CARDS ***
VolkovDmitri: raises $3 to $6
ManuelSikora: calls $3
*** FLOP *** [5s 6d Ts]
ManuelSikora: bets $3
VolkovDmitri: calls $3
*** TURN *** [5s 6d Ts] [3d]
ManuelSikora: bets $6
VolkovDmitri: calls $6
*** RIVER *** [5s 6d Ts 3d] [Qc]
ManuelSikora: checks
VolkovDmitri: checks
*** SHOW DOWN ***
ManuelSikora: shows [2d 5c] (a pair of Fives)
VolkovDmitri: mucks hand
ManuelSikora collected $29.50 from pot
*** SUMMARY ***
Total pot $30 | Rake $0.50
Board [5s 6d Ts 3d Qc]
Seat 1: VolkovDmitri (button) (small blind) mucked
Seat 2: ManuelSikora (big blind) showed [2d 5c] and won ($29.50) with a pair of Fives


PokerStars Hand #147357592771:  Hold'em Limit ($3/$6 USD) - 2016/01/20 6:32:05 ET
Table 'Luda II' 2-max Seat #2 is the button
Seat 1: VolkovDmitri ($143.75 in chips)
Seat 2: ManuelSikora ($56.75 in chips)
ManuelSikora: posts small blind $1
VolkovDmitri: posts big blind $3
*** HOLE CARDS ***
ManuelSikora: raises $3 to $6
VolkovDmitri: calls $3
*** FLOP *** [6h 2s 7c]
VolkovDmitri: checks
ManuelSikora: bets $3
VolkovDmitri: calls $3
*** TURN *** [6h 2s 7c] [6s]
VolkovDmitri: checks
ManuelSikora: checks
*** RIVER *** [6h 2s 7c 6s] [9c]
VolkovDmitri: bets $6
ManuelSikora: calls $6
*** SHOW DOWN ***
VolkovDmitri: shows [Tc 5h] (a pair of Sixes)
ManuelSikora: shows [8s Kh] (a pair of Sixes - King kicker)
ManuelSikora collected $29.50 from pot
*** SUMMARY ***
Total pot $30 | Rake $0.50
Board [6h 2s 7c 6s 9c]
Seat 1: VolkovDmitri (big blind) showed [Tc 5h] and lost with a pair of Sixes
Seat 2: ManuelSikora (button) (small blind) showed [8s Kh] and won ($29.50) with a pair of Sixes


PokerStars Hand #147357641374:  Hold'em Limit ($3/$6 USD) - 2016/01/20 6:33:34 ET
Table 'Luda II' 2-max Seat #1 is the button
Seat 1: VolkovDmitri ($120 in chips)
Seat 2: ManuelSikora ($91.51 in chips)
VolkovDmitri: posts small blind $1
ManuelSikora: posts big blind $3
*** HOLE CARDS ***
VolkovDmitri: raises $3 to $6
ManuelSikora: raises $3 to $9
VolkovDmitri: calls $3
*** FLOP *** [9s Js Th]
ManuelSikora: checks
VolkovDmitri: bets $3
ManuelSikora: calls $3
*** TURN *** [9s Js Th] [7s]
ManuelSikora: checks
VolkovDmitri: bets $6
ManuelSikora: folds
Uncalled bet ($6) returned to VolkovDmitri
VolkovDmitri collected $23.52 from pot
VolkovDmitri: doesn't show hand
*** SUMMARY ***
Total pot $24 | Rake $0.48
Board [9s Js Th 7s]
Seat 1: VolkovDmitri (button) (small blind) collected ($23.52)
Seat 2: ManuelSikora (big blind) folded on the Turn


PokerStars Hand #147357625534:  Hold'em Limit ($3/$6 USD) - 2016/01/20 6:33:05 ET
Table 'Luda II' 2-max Seat #2 is the button
Seat 1: VolkovDmitri ($120 in chips)
Seat 2: ManuelSikora ($85.75 in chips)
ManuelSikora: posts small blind $1
VolkovDmitri: posts big blind $3
*** HOLE CARDS ***
ManuelSikora: raises $3 to $6
VolkovDmitri: calls $3
*** FLOP *** [Jh As 9h]
VolkovDmitri: checks
ManuelSikora: checks
*** TURN *** [Jh As 9h] [Jc]
VolkovDmitri: checks
ManuelSikora: checks
*** RIVER *** [Jh As 9h Jc] [Js]
VolkovDmitri: checks
ManuelSikora: bets $6
VolkovDmitri: folds
Uncalled bet ($6) returned to ManuelSikora
ManuelSikora collected $11.76 from pot
ManuelSikora: doesn't show hand
*** SUMMARY ***
Total pot $12 | Rake $0.24
Board [Jh As 9h Jc Js]
Seat 1: VolkovDmitri (big blind) folded on the River
Seat 2: ManuelSikora (button) (small blind) collected ($11.76)


PokerStars Hand #147357693767:  Hold'em Limit ($3/$6 USD) - 2016/01/20 6:35:09 ET
Table 'Luda II' 2-max Seat #1 is the button
Seat 1: VolkovDmitri ($133.91 in chips)
Seat 2: ManuelSikora ($76.02 in chips)
VolkovDmitri: posts small blind $1
ManuelSikora: posts big blind $3
*** HOLE CARDS ***
VolkovDmitri: raises $3 to $6
ManuelSikora: folds
Uncalled bet ($3) returned to VolkovDmitri
VolkovDmitri collected $6 from pot
VolkovDmitri: doesn't show hand
*** SUMMARY ***
Total pot $6 | Rake $0
Seat 1: VolkovDmitri (button) (small blind) collected ($6)
Seat 2: ManuelSikora (big blind) folded before Flop


PokerStars Hand #147357687253:  Hold'em Limit ($3/$6 USD) - 2016/01/20 6:34:57 ET
Table 'Luda II' 2-max Seat #2 is the button
Seat 1: VolkovDmitri ($139.91 in chips)
Seat 2: ManuelSikora ($70.26 in chips)
ManuelSikora: posts small blind $1
VolkovDmitri: posts big blind $3
*** HOLE CARDS ***
ManuelSikora: raises $3 to $6
VolkovDmitri: calls $3
*** FLOP *** [8d 3h 9d]
VolkovDmitri: checks
ManuelSikora: bets $3
VolkovDmitri: folds
Uncalled bet ($3) returned to ManuelSikora
ManuelSikora collected $11.76 from pot
ManuelSikora: doesn't show hand
*** SUMMARY ***
Total pot $12 | Rake $0.24
Board [8d 3h 9d]
Seat 1: VolkovDmitri (big blind) folded on the Flop
Seat 2: ManuelSikora (button) (small blind) collected ($11.76)


PokerStars Hand #147357671693:  Hold'em Limit ($3/$6 USD) - 2016/01/20 6:34:29 ET
Table 'Luda II' 2-max Seat #1 is the button
Seat 1: VolkovDmitri ($140.16 in chips)
Seat 2: ManuelSikora ($70.51 in chips)
VolkovDmitri: posts small blind $1
ManuelSikora: posts big blind $3
*** HOLE CARDS ***
VolkovDmitri: raises $3 to $6
ManuelSikora: raises $3 to $9
VolkovDmitri: calls $3
*** FLOP *** [8c 7s Qd]
ManuelSikora: bets $3
VolkovDmitri: calls $3
*** TURN *** [8c 7s Qd] [3s]
ManuelSikora: bets $6
VolkovDmitri: calls $6
*** RIVER *** [8c 7s Qd 3s] [8d]
ManuelSikora: bets $6
VolkovDmitri: calls $6
*** SHOW DOWN ***
ManuelSikora: shows [Td 7c] (two pair, Eights and Sevens)
VolkovDmitri: shows [7d 5d] (two pair, Eights and Sevens)
ManuelSikora collected $23.75 from pot
VolkovDmitri collected $23.75 from pot
*** SUMMARY ***
Total pot $48 | Rake $0.50
Board [8c 7s Qd 3s 8d]
Seat 1: VolkovDmitri (button) (small blind) showed [7d 5d] and won ($23.75) with two pair, Eights and Sevens
Seat 2: ManuelSikora (big blind) showed [Td 7c] and won ($23.75) with two pair, Eights and Sevens


PokerStars Hand #147357657614:  Hold'em Limit ($3/$6 USD) - 2016/01/20 6:34:03 ET
Table 'Luda II' 2-max Seat #2 is the button
Seat 1: VolkovDmitri ($131.52 in chips)
Seat 2: ManuelSikora ($79.51 in chips)
ManuelSikora: posts small blind $1
VolkovDmitri: posts big blind $3
*** HOLE CARDS ***
ManuelSikora: calls $2
VolkovDmitri: checks
*** FLOP *** [2d 6d Th]
VolkovDmitri: checks
ManuelSikora: bets $3
VolkovDmitri: raises $3 to $6
ManuelSikora: calls $3
*** TURN *** [2d 6d Th] [Kh]
VolkovDmitri: bets $6
ManuelSikora: folds
Uncalled bet ($6) returned to VolkovDmitri
VolkovDmitri collected $17.64 from pot
VolkovDmitri: doesn't show hand
*** SUMMARY ***
Total pot $18 | Rake $0.36
Board [2d 6d Th Kh]
Seat 1: VolkovDmitri (big blind) collected ($17.64)
Seat 2: ManuelSikora (button) (small blind) folded on the Turn


PokerStars Hand #147357718865:  Hold'em Limit ($3/$6 USD) - 2016/01/20 6:35:55 ET
Table 'Luda II' 2-max Seat #1 is the button
Seat 1: VolkovDmitri ($154.41 in chips)
Seat 2: ManuelSikora ($55.02 in chips)
VolkovDmitri: posts small blind $1
ManuelSikora: posts big blind $3
*** HOLE CARDS ***
VolkovDmitri: raises $3 to $6
ManuelSikora: raises $3 to $9
VolkovDmitri: calls $3
*** FLOP *** [2c Kh As]
ManuelSikora: bets $3
VolkovDmitri: folds
Uncalled bet ($3) returned to ManuelSikora
ManuelSikora collected $17.64 from pot
ManuelSikora: doesn't show hand
*** SUMMARY ***
Total pot $18 | Rake $0.36
Board [2c Kh As]
Seat 1: VolkovDmitri (button) (small blind) folded on the Flop
Seat 2: ManuelSikora (big blind) collected ($17.64)


PokerStars Hand #147357697283:  Hold'em Limit ($3/$6 USD) - 2016/01/20 6:35:16 ET
Table 'Luda II' 2-max Seat #2 is the button
Seat 1: VolkovDmitri ($136.91 in chips)
Seat 2: ManuelSikora ($73.02 in chips)
ManuelSikora: posts small blind $1
VolkovDmitri: posts big blind $3
*** HOLE CARDS ***
ManuelSikora: raises $3 to $6
VolkovDmitri: calls $3
*** FLOP *** [6c 6h Qd]
VolkovDmitri: checks
ManuelSikora: checks
*** TURN *** [6c 6h Qd] [Qc]
VolkovDmitri: bets $6
ManuelSikora: calls $6
*** RIVER *** [6c 6h Qd Qc] [3h]
VolkovDmitri: bets $6
ManuelSikora: calls $6
*** SHOW DOWN ***
VolkovDmitri: shows [6s 8c] (a full house, Sixes full of Queens)
ManuelSikora: mucks hand
VolkovDmitri collected $35.50 from pot
*** SUMMARY ***
Total pot $36 | Rake $0.50
Board [6c 6h Qd Qc 3h]
Seat 1: VolkovDmitri (big blind) showed [6s 8c] and won ($35.50) with a full house, Sixes full of Queens
Seat 2: ManuelSikora (button) (small blind) mucked


PokerStars Hand #147357738237:  Hold'em Limit ($3/$6 USD) - 2016/01/20 6:36:30 ET
Table 'Luda II' 2-max Seat #1 is the button
Seat 1: VolkovDmitri ($142.41 in chips)
Seat 2: ManuelSikora ($66.66 in chips)
VolkovDmitri: posts small blind $1
ManuelSikora: posts big blind $3
*** HOLE CARDS ***
VolkovDmitri: raises $3 to $6
ManuelSikora: raises $3 to $9
VolkovDmitri: calls $3
*** FLOP *** [6d Js Qd]
ManuelSikora: bets $3
VolkovDmitri: calls $3
*** TURN *** [6d Js Qd] [7h]
ManuelSikora: bets $6
VolkovDmitri: calls $6
*** RIVER *** [6d Js Qd 7h] [9h]
ManuelSikora: bets $6
VolkovDmitri: folds
Uncalled bet ($6) returned to ManuelSikora
ManuelSikora collected $35.50 from pot
ManuelSikora: doesn't show hand
*** SUMMARY ***
Total pot $36 | Rake $0.50
Board [6d Js Qd 7h 9h]
Seat 1: VolkovDmitri (button) (small blind) folded on the River
Seat 2: ManuelSikora (big blind) collected ($35.50)


PokerStars Hand #147357732127:  Hold'em Limit ($3/$6 USD) - 2016/01/20 6:36:19 ET
Table 'Luda II' 2-max Seat #2 is the button
Seat 1: VolkovDmitri ($145.41 in chips)
Seat 2: ManuelSikora ($63.66 in chips)
ManuelSikora: posts small blind $1
VolkovDmitri: posts big blind $3
*** HOLE CARDS ***
ManuelSikora: raises $3 to $6
VolkovDmitri: folds
Uncalled bet ($3) returned to ManuelSikora
ManuelSikora collected $6 from pot
ManuelSikora: doesn't show hand
*** SUMMARY ***
Total pot $6 | Rake $0
Seat 1: VolkovDmitri (big blind) folded before Flop
Seat 2: ManuelSikora (button) (small blind) collected ($6)


PokerStars Hand #147357778059:  Hold'em Limit ($3/$6 USD) - 2016/01/20 6:37:42 ET
Table 'Luda II' 2-max Seat #2 is the button
Seat 1: VolkovDmitri ($120 in chips)
Seat 2: ManuelSikora ($98.66 in chips)
ManuelSikora: posts small blind $1
VolkovDmitri: posts big blind $3
*** HOLE CARDS ***
ManuelSikora: raises $3 to $6
VolkovDmitri: calls $3
*** FLOP *** [2d As 8c]
VolkovDmitri: checks
ManuelSikora: checks
*** TURN *** [2d As 8c] [9c]
VolkovDmitri: bets $6
ManuelSikora: folds
Uncalled bet ($6) returned to VolkovDmitri
VolkovDmitri collected $11.76 from pot
VolkovDmitri: doesn't show hand
*** SUMMARY ***
Total pot $12 | Rake $0.24
Board [2d As 8c 9c]
Seat 1: VolkovDmitri (big blind) collected ($11.76)
Seat 2: ManuelSikora (button) (small blind) folded on the Turn


PokerStars Hand #147357766476:  Hold'em Limit ($3/$6 USD) - 2016/01/20 6:37:21 ET
Table 'Luda II' 2-max Seat #1 is the button
Seat 1: VolkovDmitri ($133.05 in chips)
Seat 2: ManuelSikora ($75.16 in chips)
VolkovDmitri: posts small blind $1
ManuelSikora: posts big blind $3
*** HOLE CARDS ***
VolkovDmitri: raises $3 to $6
ManuelSikora: raises $3 to $9
VolkovDmitri: calls $3
*** FLOP *** [Kd 6h 4h]
ManuelSikora: bets $3
VolkovDmitri: calls $3
*** TURN *** [Kd 6h 4h] [7c]
ManuelSikora: bets $6
VolkovDmitri: calls $6
*** RIVER *** [Kd 6h 4h 7c] [8c]
ManuelSikora: bets $6
VolkovDmitri: calls $6
*** SHOW DOWN ***
ManuelSikora: shows [Jh Ks] (a pair of Kings)
VolkovDmitri: mucks hand
ManuelSikora collected $47.50 from pot
*** SUMMARY ***
Total pot $48 | Rake $0.50
Board [Kd 6h 4h 7c 8c]
Seat 1: VolkovDmitri (button) (small blind) mucked
Seat 2: ManuelSikora (big blind) showed [Jh Ks] and won ($47.50) with a pair of Kings


PokerStars Hand #147357756289:  Hold'em Limit ($3/$6 USD) - 2016/01/20 6:37:03 ET
Table 'Luda II' 2-max Seat #2 is the button
Seat 1: VolkovDmitri ($124.41 in chips)
Seat 2: ManuelSikora ($84.16 in chips)
ManuelSikora: posts small blind $1
VolkovDmitri: posts big blind $3
*** HOLE CARDS ***
ManuelSikora: raises $3 to $6
VolkovDmitri: raises $3 to $9
ManuelSikora: calls $3
*** FLOP *** [9c 4h 5d]
VolkovDmitri: bets $3
ManuelSikora: folds
Uncalled bet ($3) returned to VolkovDmitri
VolkovDmitri collected $17.64 from pot
VolkovDmitri: doesn't show hand
*** SUMMARY ***
Total pot $18 | Rake $0.36
Board [9c 4h 5d]
Seat 1: VolkovDmitri (big blind) collected ($17.64)
Seat 2: ManuelSikora (button) (small blind) folded on the Flop


PokerStars Hand #147357785158:  Hold'em Limit ($3/$6 USD) - 2016/01/20 6:37:55 ET
Table 'Luda II' 2-max Seat #1 is the button
Seat 1: VolkovDmitri ($125.76 in chips)
Seat 2: ManuelSikora ($92.66 in chips)
VolkovDmitri: posts small blind $1
ManuelSikora: posts big blind $3
*** HOLE CARDS ***
VolkovDmitri: raises $3 to $6
ManuelSikora: folds
Uncalled bet ($3) returned to VolkovDmitri
VolkovDmitri collected $6 from pot
VolkovDmitri: doesn't show hand
*** SUMMARY ***
Total pot $6 | Rake $0
Seat 1: VolkovDmitri (button) (small blind) collected ($6)
Seat 2: ManuelSikora (big blind) folded before Flop


PokerStars Hand #147357793595:  Hold'em Limit ($3/$6 USD) - 2016/01/20 6:38:10 ET
Table 'Luda II' 2-max Seat #2 is the button
Seat 1: VolkovDmitri ($128.76 in chips)
Seat 2: ManuelSikora ($89.66 in chips)
ManuelSikora: posts small blind $1
VolkovDmitri: posts big blind $3
*** HOLE CARDS ***
ManuelSikora has timed out
ManuelSikora: folds
Uncalled bet ($2) returned to VolkovDmitri
VolkovDmitri collected $2 from pot
VolkovDmitri: doesn't show hand
*** SUMMARY ***
Total pot $2 | Rake $0
Seat 1: VolkovDmitri (big blind) collected ($2)
Seat 2: ManuelSikora (button) (small blind) folded before Flop


PokerStars Hand #147357818819:  Hold'em Limit ($3/$6 USD) - 2016/01/20 6:38:56 ET
Table 'Luda II' 2-max Seat #1 is the button
Seat 1: VolkovDmitri ($129.76 in chips)
Seat 2: ManuelSikora ($88.66 in chips)
VolkovDmitri: posts small blind $1
ManuelSikora: posts big blind $3
*** HOLE CARDS ***
VolkovDmitri: raises $3 to $6
ManuelSikora: calls $3
*** FLOP *** [4c Qc 2s]
ManuelSikora: checks
VolkovDmitri: bets $3
ManuelSikora: folds
Uncalled bet ($3) returned to VolkovDmitri
VolkovDmitri collected $11.76 from pot
VolkovDmitri: doesn't show hand
*** SUMMARY ***
Total pot $12 | Rake $0.24
Board [4c Qc 2s]
Seat 1: VolkovDmitri (button) (small blind) collected ($11.76)
Seat 2: ManuelSikora (big blind) folded on the Flop


PokerStars Hand #147357878186:  Hold'em Limit ($3/$6 USD) - 2016/01/20 6:40:44 ET
Table 'Luda II' 2-max Seat #1 is the button
Seat 1: VolkovDmitri ($136.52 in chips)
Seat 2: ManuelSikora ($81.66 in chips)
VolkovDmitri: posts small blind $1
ManuelSikora: posts big blind $3
*** HOLE CARDS ***
VolkovDmitri: raises $3 to $6
ManuelSikora: calls $3
*** FLOP *** [Qd Kd 6h]
ManuelSikora: bets $3
VolkovDmitri: calls $3
*** TURN *** [Qd Kd 6h] [6d]
ManuelSikora: bets $6
VolkovDmitri: calls $6
*** RIVER *** [Qd Kd 6h 6d] [6s]
ManuelSikora: bets $6
VolkovDmitri: calls $6
*** SHOW DOWN ***
ManuelSikora: shows [2d Kc] (a full house, Sixes full of Kings)
VolkovDmitri: mucks hand
ManuelSikora collected $41.50 from pot
*** SUMMARY ***
Total pot $42 | Rake $0.50
Board [Qd Kd 6h 6d 6s]
Seat 1: VolkovDmitri (button) (small blind) mucked
Seat 2: ManuelSikora (big blind) showed [2d Kc] and won ($41.50) with a full house, Sixes full of Kings


PokerStars Hand #147357910158:  Hold'em Limit ($3/$6 USD) - 2016/01/20 6:41:43 ET
Table 'Luda II' 2-max Seat #2 is the button
Seat 1: VolkovDmitri ($120 in chips)
Seat 2: ManuelSikora ($102.16 in chips)
ManuelSikora: posts small blind $1
VolkovDmitri: posts big blind $3
*** HOLE CARDS ***
ManuelSikora: raises $3 to $6
VolkovDmitri: calls $3
*** FLOP *** [5s Kc 3d]
VolkovDmitri: bets $3
ManuelSikora: raises $3 to $6
VolkovDmitri: calls $3
*** TURN *** [5s Kc 3d] [Qc]
VolkovDmitri: checks
ManuelSikora: bets $6
VolkovDmitri: calls $6
*** RIVER *** [5s Kc 3d Qc] [Td]
VolkovDmitri: checks
ManuelSikora: bets $6
VolkovDmitri: calls $6
*** SHOW DOWN ***
ManuelSikora: shows [Kd 3h] (two pair, Kings and Threes)
VolkovDmitri: mucks hand
ManuelSikora collected $47.50 from pot
*** SUMMARY ***
Total pot $48 | Rake $0.50
Board [5s Kc 3d Qc Td]
Seat 1: VolkovDmitri (big blind) mucked
Seat 2: ManuelSikora (button) (small blind) showed [Kd 3h] and won ($47.50) with two pair, Kings and Threes


PokerStars Hand #147357944927:  Hold'em Limit ($3/$6 USD) - 2016/01/20 6:42:45 ET
Table 'Luda II' 2-max Seat #1 is the button
Seat 1: VolkovDmitri ($120 in chips)
Seat 2: ManuelSikora ($125.66 in chips)
VolkovDmitri: posts small blind $1
ManuelSikora: posts big blind $3
*** HOLE CARDS ***
VolkovDmitri: folds
Uncalled bet ($2) returned to ManuelSikora
ManuelSikora collected $2 from pot
ManuelSikora: doesn't show hand
*** SUMMARY ***
Total pot $2 | Rake $0
Seat 1: VolkovDmitri (button) (small blind) folded before Flop
Seat 2: ManuelSikora (big blind) collected ($2)


PokerStars Hand #147357950019:  Hold'em Limit ($3/$6 USD) - 2016/01/20 6:42:54 ET
Table 'Luda II' 2-max Seat #2 is the button
Seat 1: VolkovDmitri ($120 in chips)
Seat 2: ManuelSikora ($126.66 in chips)
ManuelSikora: posts small blind $1
VolkovDmitri: posts big blind $3
*** HOLE CARDS ***
ManuelSikora: calls $2
VolkovDmitri: checks
*** FLOP *** [Qs Kc 9c]
VolkovDmitri: checks
ManuelSikora: bets $3
VolkovDmitri: folds
Uncalled bet ($3) returned to ManuelSikora
ManuelSikora collected $5.88 from pot
ManuelSikora: doesn't show hand
*** SUMMARY ***
Total pot $6 | Rake $0.12
Board [Qs Kc 9c]
Seat 1: VolkovDmitri (big blind) folded on the Flop
Seat 2: ManuelSikora (button) (small blind) collected ($5.88)


PokerStars Hand #147357968626:  Hold'em Limit ($3/$6 USD) - 2016/01/20 6:43:27 ET
Table 'Luda II' 2-max Seat #1 is the button
Seat 1: VolkovDmitri ($120 in chips)
Seat 2: ManuelSikora ($129.54 in chips)
VolkovDmitri: posts small blind $1
ManuelSikora: posts big blind $3
*** HOLE CARDS ***
VolkovDmitri: raises $3 to $6
ManuelSikora: calls $3
*** FLOP *** [8s 9s 9h]
ManuelSikora: checks
VolkovDmitri: bets $3
ManuelSikora: folds
Uncalled bet ($3) returned to VolkovDmitri
VolkovDmitri collected $11.76 from pot
VolkovDmitri: doesn't show hand
*** SUMMARY ***
Total pot $12 | Rake $0.24
Board [8s 9s 9h]
Seat 1: VolkovDmitri (button) (small blind) collected ($11.76)
Seat 2: ManuelSikora (big blind) folded on the Flop


PokerStars Hand #147357978080:  Hold'em Limit ($3/$6 USD) - 2016/01/20 6:43:44 ET
Table 'Luda II' 2-max Seat #2 is the button
Seat 1: VolkovDmitri ($125.76 in chips)
Seat 2: ManuelSikora ($123.54 in chips)
ManuelSikora: posts small blind $1
VolkovDmitri: posts big blind $3
*** HOLE CARDS ***
ManuelSikora: raises $3 to $6
VolkovDmitri: calls $3
*** FLOP *** [2s 8h 4c]
VolkovDmitri: checks
ManuelSikora: checks
*** TURN *** [2s 8h 4c] [Ac]
VolkovDmitri: checks
ManuelSikora: checks
*** RIVER *** [2s 8h 4c Ac] [Jc]
VolkovDmitri: checks
ManuelSikora: checks
*** SHOW DOWN ***
VolkovDmitri: shows [Td Qd] (high card Ace)
ManuelSikora: mucks hand
VolkovDmitri collected $11.76 from pot
*** SUMMARY ***
Total pot $12 | Rake $0.24
Board [2s 8h 4c Ac Jc]
Seat 1: VolkovDmitri (big blind) showed [Td Qd] and won ($11.76) with high card Ace
Seat 2: ManuelSikora (button) (small blind) mucked


PokerStars Hand #147357994011:  Hold'em Limit ($3/$6 USD) - 2016/01/20 6:44:13 ET
Table 'Luda II' 2-max Seat #1 is the button
Seat 1: VolkovDmitri ($131.52 in chips)
Seat 2: ManuelSikora ($117.54 in chips)
VolkovDmitri: posts small blind $1
ManuelSikora: posts big blind $3
*** HOLE CARDS ***
VolkovDmitri: raises $3 to $6
ManuelSikora: calls $3
*** FLOP *** [7d Qs Ac]
ManuelSikora: checks
VolkovDmitri: bets $3
ManuelSikora: calls $3
*** TURN *** [7d Qs Ac] [4d]
ManuelSikora: checks
VolkovDmitri: checks
*** RIVER *** [7d Qs Ac 4d] [Qc]
ManuelSikora: checks
VolkovDmitri: checks
*** SHOW DOWN ***
ManuelSikora: shows [Jc 9d] (a pair of Queens)
VolkovDmitri: shows [Ks 8s] (a pair of Queens - Ace+King kicker)
VolkovDmitri collected $17.64 from pot
*** SUMMARY ***
Total pot $18 | Rake $0.36
Board [7d Qs Ac 4d Qc]
Seat 1: VolkovDmitri (button) (small blind) showed [Ks 8s] and won ($17.64) with a pair of Queens
Seat 2: ManuelSikora (big blind) showed [Jc 9d] and lost with a pair of Queens


PokerStars Hand #147358005505:  Hold'em Limit ($3/$6 USD) - 2016/01/20 6:44:34 ET
Table 'Luda II' 2-max Seat #2 is the button
Seat 1: VolkovDmitri ($140.16 in chips)
Seat 2: ManuelSikora ($108.54 in chips)
ManuelSikora: posts small blind $1
VolkovDmitri: posts big blind $3
*** HOLE CARDS ***
ManuelSikora: raises $3 to $6
VolkovDmitri: calls $3
*** FLOP *** [6h Qc 6d]
VolkovDmitri: bets $3
ManuelSikora: calls $3
*** TURN *** [6h Qc 6d] [7c]
VolkovDmitri: bets $6
ManuelSikora: raises $6 to $12
VolkovDmitri: raises $6 to $18
ManuelSikora: calls $6
*** RIVER *** [6h Qc 6d 7c] [2s]
VolkovDmitri: bets $6
ManuelSikora: folds
Uncalled bet ($6) returned to VolkovDmitri
VolkovDmitri collected $53.50 from pot
VolkovDmitri: doesn't show hand
*** SUMMARY ***
Total pot $54 | Rake $0.50
Board [6h Qc 6d 7c 2s]
Seat 1: VolkovDmitri (big blind) collected ($53.50)
Seat 2: ManuelSikora (button) (small blind) folded on the River


PokerStars Hand #147358016382:  Hold'em Limit ($3/$6 USD) - 2016/01/20 6:44:53 ET
Table 'Luda II' 2-max Seat #1 is the button
Seat 1: VolkovDmitri ($166.66 in chips)
Seat 2: ManuelSikora ($81.54 in chips)
VolkovDmitri: posts small blind $1
ManuelSikora: posts big blind $3
*** HOLE CARDS ***
VolkovDmitri: raises $3 to $6
ManuelSikora: raises $3 to $9
VolkovDmitri: raises $3 to $12
Betting is capped
ManuelSikora: calls $3
*** FLOP *** [4c 6d 9h]
ManuelSikora: bets $3
VolkovDmitri: calls $3
*** TURN *** [4c 6d 9h] [Kh]
ManuelSikora: bets $6
VolkovDmitri: calls $6
*** RIVER *** [4c 6d 9h Kh] [Qd]
ManuelSikora: bets $6
VolkovDmitri: calls $6
*** SHOW DOWN ***
ManuelSikora: shows [2h 3h] (high card King)
VolkovDmitri: shows [Qc As] (a pair of Queens)
VolkovDmitri collected $53.50 from pot
*** SUMMARY ***
Total pot $54 | Rake $0.50
Board [4c 6d 9h Kh Qd]
Seat 1: VolkovDmitri (button) (small blind) showed [Qc As] and won ($53.50) with a pair of Queens
Seat 2: ManuelSikora (big blind) showed [2h 3h] and lost with high card King


PokerStars Hand #147358036119:  Hold'em Limit ($3/$6 USD) - 2016/01/20 6:45:28 ET
Table 'Luda II' 2-max Seat #2 is the button
Seat 1: VolkovDmitri ($193.16 in chips)
Seat 2: ManuelSikora ($54.54 in chips)
ManuelSikora: posts small blind $1
VolkovDmitri: posts big blind $3
*** HOLE CARDS ***
ManuelSikora: raises $3 to $6
VolkovDmitri: calls $3
*** FLOP *** [6h 2s 4s]
VolkovDmitri: checks
ManuelSikora: checks
*** TURN *** [6h 2s 4s] [Ah]
VolkovDmitri: bets $6
ManuelSikora: calls $6
*** RIVER *** [6h 2s 4s Ah] [Kh]
VolkovDmitri: checks
ManuelSikora: checks
*** SHOW DOWN ***
VolkovDmitri: shows [8h 7s] (high card Ace)
ManuelSikora: shows [6c 7d] (a pair of Sixes)
ManuelSikora collected $23.52 from pot
*** SUMMARY ***
Total pot $24 | Rake $0.48
Board [6h 2s 4s Ah Kh]
Seat 1: VolkovDmitri (big blind) showed [8h 7s] and lost with high card Ace
Seat 2: ManuelSikora (button) (small blind) showed [6c 7d] and won ($23.52) with a pair of Sixes


PokerStars Hand #147358050503:  Hold'em Limit ($3/$6 USD) - 2016/01/20 6:45:54 ET
Table 'Luda II' 2-max Seat #1 is the button
Seat 1: VolkovDmitri ($181.16 in chips)
Seat 2: ManuelSikora ($66.06 in chips)
VolkovDmitri: posts small blind $1
ManuelSikora: posts big blind $3
*** HOLE CARDS ***
VolkovDmitri: folds
Uncalled bet ($2) returned to ManuelSikora
ManuelSikora collected $2 from pot
ManuelSikora: doesn't show hand
*** SUMMARY ***
Total pot $2 | Rake $0
Seat 1: VolkovDmitri (button) (small blind) folded before Flop
Seat 2: ManuelSikora (big blind) collected ($2)


PokerStars Hand #147358057912:  Hold'em Limit ($3/$6 USD) - 2016/01/20 6:46:07 ET
Table 'Luda II' 2-max Seat #2 is the button
Seat 1: VolkovDmitri ($180.16 in chips)
Seat 2: ManuelSikora ($67.06 in chips)
ManuelSikora: posts small blind $1
VolkovDmitri: posts big blind $3
*** HOLE CARDS ***
ManuelSikora: raises $3 to $6
VolkovDmitri: raises $3 to $9
ManuelSikora: calls $3
*** FLOP *** [Ts Tc As]
VolkovDmitri: bets $3
ManuelSikora: calls $3
*** TURN *** [Ts Tc As] [4s]
VolkovDmitri: bets $6
ManuelSikora: calls $6
*** RIVER *** [Ts Tc As 4s] [2h]
VolkovDmitri: bets $6
ManuelSikora: calls $6
*** SHOW DOWN ***
VolkovDmitri: shows [Js Ks] (a flush, Ace high)
ManuelSikora: mucks hand
VolkovDmitri collected $47.50 from pot
*** SUMMARY ***
Total pot $48 | Rake $0.50
Board [Ts Tc As 4s 2h]
Seat 1: VolkovDmitri (big blind) showed [Js Ks] and won ($47.50) with a flush, Ace high
Seat 2: ManuelSikora (button) (small blind) mucked


PokerStars Hand #147358070347:  Hold'em Limit ($3/$6 USD) - 2016/01/20 6:46:29 ET
Table 'Luda II' 2-max Seat #1 is the button
Seat 1: VolkovDmitri ($203.66 in chips)
Seat 2: ManuelSikora ($43.06 in chips)
VolkovDmitri: posts small blind $1
ManuelSikora: posts big blind $3
*** HOLE CARDS ***
VolkovDmitri: raises $3 to $6
ManuelSikora: raises $3 to $9
VolkovDmitri: calls $3
*** FLOP *** [Qc 3d 9c]
ManuelSikora: bets $3
VolkovDmitri: folds
Uncalled bet ($3) returned to ManuelSikora
ManuelSikora collected $17.64 from pot
ManuelSikora: doesn't show hand
*** SUMMARY ***
Total pot $18 | Rake $0.36
Board [Qc 3d 9c]
Seat 1: VolkovDmitri (button) (small blind) folded on the Flop
Seat 2: ManuelSikora (big blind) collected ($17.64)


PokerStars Hand #147358081861:  Hold'em Limit ($3/$6 USD) - 2016/01/20 6:46:50 ET
Table 'Luda II' 2-max Seat #2 is the button
Seat 1: VolkovDmitri ($194.66 in chips)
Seat 2: ManuelSikora ($51.70 in chips)
ManuelSikora: posts small blind $1
VolkovDmitri: posts big blind $3
*** HOLE CARDS ***
ManuelSikora: raises $3 to $6
VolkovDmitri: folds
Uncalled bet ($3) returned to ManuelSikora
ManuelSikora collected $6 from pot
ManuelSikora: doesn't show hand
*** SUMMARY ***
Total pot $6 | Rake $0
Seat 1: VolkovDmitri (big blind) folded before Flop
Seat 2: ManuelSikora (button) (small blind) collected ($6)


PokerStars Hand #147358090409:  Hold'em Limit ($3/$6 USD) - 2016/01/20 6:47:05 ET
Table 'Luda II' 2-max Seat #1 is the button
Seat 1: VolkovDmitri ($191.66 in chips)
Seat 2: ManuelSikora ($54.70 in chips)
VolkovDmitri: posts small blind $1
ManuelSikora: posts big blind $3
*** HOLE CARDS ***
VolkovDmitri: raises $3 to $6
ManuelSikora: calls $3
*** FLOP *** [Jc 4c 3c]
ManuelSikora: bets $3
VolkovDmitri: calls $3
*** TURN *** [Jc 4c 3c] [Qc]
ManuelSikora: bets $6
VolkovDmitri: calls $6
*** RIVER *** [Jc 4c 3c Qc] [Th]
ManuelSikora: bets $6
VolkovDmitri: folds
Uncalled bet ($6) returned to ManuelSikora
ManuelSikora collected $29.50 from pot
ManuelSikora: doesn't show hand
*** SUMMARY ***
Total pot $30 | Rake $0.50
Board [Jc 4c 3c Qc Th]
Seat 1: VolkovDmitri (button) (small blind) folded on the River
Seat 2: ManuelSikora (big blind) collected ($29.50)


PokerStars Hand #147358099829:  Hold'em Limit ($3/$6 USD) - 2016/01/20 6:47:22 ET
Table 'Luda II' 2-max Seat #2 is the button
Seat 1: VolkovDmitri ($176.66 in chips)
Seat 2: ManuelSikora ($69.20 in chips)
ManuelSikora: posts small blind $1
VolkovDmitri: posts big blind $3
*** HOLE CARDS ***
ManuelSikora: raises $3 to $6
VolkovDmitri: raises $3 to $9
ManuelSikora: calls $3
*** FLOP *** [5s 7d 5c]
VolkovDmitri: bets $3
ManuelSikora: calls $3
*** TURN *** [5s 7d 5c] [7s]
VolkovDmitri: bets $6
ManuelSikora: calls $6
*** RIVER *** [5s 7d 5c 7s] [8h]
VolkovDmitri: bets $6
ManuelSikora: folds
Uncalled bet ($6) returned to VolkovDmitri
VolkovDmitri collected $35.50 from pot
VolkovDmitri: doesn't show hand
*** SUMMARY ***
Total pot $36 | Rake $0.50
Board [5s 7d 5c 7s 8h]
Seat 1: VolkovDmitri (big blind) collected ($35.50)
Seat 2: ManuelSikora (button) (small blind) folded on the River


PokerStars Hand #147358108605:  Hold'em Limit ($3/$6 USD) - 2016/01/20 6:47:38 ET
Table 'Luda II' 2-max Seat #1 is the button
Seat 1: VolkovDmitri ($194.16 in chips)
Seat 2: ManuelSikora ($51.20 in chips)
VolkovDmitri: posts small blind $1
ManuelSikora: posts big blind $3
*** HOLE CARDS ***
VolkovDmitri: raises $3 to $6
ManuelSikora: calls $3
*** FLOP *** [5h 3d 6h]
ManuelSikora: bets $3
VolkovDmitri: raises $3 to $6
ManuelSikora: raises $3 to $9
VolkovDmitri: raises $3 to $12
Betting is capped
ManuelSikora: calls $3
*** TURN *** [5h 3d 6h] [9s]
ManuelSikora: bets $6
VolkovDmitri: raises $6 to $12
ManuelSikora: calls $6
*** RIVER *** [5h 3d 6h 9s] [8h]
ManuelSikora: bets $6
VolkovDmitri: calls $6
*** SHOW DOWN ***
ManuelSikora: shows [9h Jh] (a flush, Jack high)
VolkovDmitri: mucks hand
ManuelSikora collected $71.50 from pot
*** SUMMARY ***
Total pot $72 | Rake $0.50
Board [5h 3d 6h 9s 8h]
Seat 1: VolkovDmitri (button) (small blind) mucked
Seat 2: ManuelSikora (big blind) showed [9h Jh] and won ($71.50) with a flush, Jack high


PokerStars Hand #147358120075:  Hold'em Limit ($3/$6 USD) - 2016/01/20 6:47:58 ET
Table 'Luda II' 2-max Seat #2 is the button
Seat 1: VolkovDmitri ($158.16 in chips)
Seat 2: ManuelSikora ($86.70 in chips)
ManuelSikora: posts small blind $1
VolkovDmitri: posts big blind $3
*** HOLE CARDS ***
ManuelSikora: raises $3 to $6
VolkovDmitri: raises $3 to $9
ManuelSikora: calls $3
*** FLOP *** [Qc Ac 5h]
VolkovDmitri: bets $3
ManuelSikora: calls $3
*** TURN *** [Qc Ac 5h] [8d]
VolkovDmitri: bets $6
ManuelSikora: folds
Uncalled bet ($6) returned to VolkovDmitri
VolkovDmitri collected $23.52 from pot
VolkovDmitri: doesn't show hand
*** SUMMARY ***
Total pot $24 | Rake $0.48
Board [Qc Ac 5h 8d]
Seat 1: VolkovDmitri (big blind) collected ($23.52)
Seat 2: ManuelSikora (button) (small blind) folded on the Turn


PokerStars Hand #147358127608:  Hold'em Limit ($3/$6 USD) - 2016/01/20 6:48:12 ET
Table 'Luda II' 2-max Seat #1 is the button
Seat 1: VolkovDmitri ($169.68 in chips)
Seat 2: ManuelSikora ($74.70 in chips)
VolkovDmitri: posts small blind $1
ManuelSikora: posts big blind $3
*** HOLE CARDS ***
VolkovDmitri: raises $3 to $6
ManuelSikora: calls $3
*** FLOP *** [As 6c Kc]
ManuelSikora: bets $3
VolkovDmitri: raises $3 to $6
ManuelSikora: folds
Uncalled bet ($3) returned to VolkovDmitri
VolkovDmitri collected $17.64 from pot
VolkovDmitri: doesn't show hand
*** SUMMARY ***
Total pot $18 | Rake $0.36
Board [As 6c Kc]
Seat 1: VolkovDmitri (button) (small blind) collected ($17.64)
Seat 2: ManuelSikora (big blind) folded on the Flop


PokerStars Hand #147358133561:  Hold'em Limit ($3/$6 USD) - 2016/01/20 6:48:22 ET
Table 'Luda II' 2-max Seat #2 is the button
Seat 1: VolkovDmitri ($178.32 in chips)
Seat 2: ManuelSikora ($65.70 in chips)
ManuelSikora: posts small blind $1
VolkovDmitri: posts big blind $3
*** HOLE CARDS ***
ManuelSikora: raises $3 to $6
VolkovDmitri: raises $3 to $9
ManuelSikora: calls $3
*** FLOP *** [8h 5s 6d]
VolkovDmitri: bets $3
ManuelSikora: raises $3 to $6
VolkovDmitri: calls $3
*** TURN *** [8h 5s 6d] [Qs]
VolkovDmitri: checks
ManuelSikora: checks
*** RIVER *** [8h 5s 6d Qs] [Qd]
VolkovDmitri: checks
ManuelSikora: checks
*** SHOW DOWN ***
VolkovDmitri: shows [9c Ad] (a pair of Queens)
ManuelSikora: shows [5c 3s] (two pair, Queens and Fives)
ManuelSikora collected $29.50 from pot
*** SUMMARY ***
Total pot $30 | Rake $0.50
Board [8h 5s 6d Qs Qd]
Seat 1: VolkovDmitri (big blind) showed [9c Ad] and lost with a pair of Queens
Seat 2: ManuelSikora (button) (small blind) showed [5c 3s] and won ($29.50) with two pair, Queens and Fives


PokerStars Hand #147358142751:  Hold'em Limit ($3/$6 USD) - 2016/01/20 6:48:39 ET
Table 'Luda II' 2-max Seat #1 is the button
Seat 1: VolkovDmitri ($163.32 in chips)
Seat 2: ManuelSikora ($80.20 in chips)
VolkovDmitri: posts small blind $1
ManuelSikora: posts big blind $3
*** HOLE CARDS ***
VolkovDmitri: raises $3 to $6
ManuelSikora: raises $3 to $9
VolkovDmitri: calls $3
*** FLOP *** [Qc 2h 8d]
ManuelSikora: bets $3
VolkovDmitri: calls $3
*** TURN *** [Qc 2h 8d] [Jd]
ManuelSikora: bets $6
VolkovDmitri: folds
Uncalled bet ($6) returned to ManuelSikora
ManuelSikora collected $23.52 from pot
ManuelSikora: doesn't show hand
*** SUMMARY ***
Total pot $24 | Rake $0.48
Board [Qc 2h 8d Jd]
Seat 1: VolkovDmitri (button) (small blind) folded on the Turn
Seat 2: ManuelSikora (big blind) collected ($23.52)


PokerStars Hand #147358153615:  Hold'em Limit ($3/$6 USD) - 2016/01/20 6:48:58 ET
Table 'Luda II' 2-max Seat #2 is the button
Seat 1: VolkovDmitri ($151.32 in chips)
Seat 2: ManuelSikora ($91.72 in chips)
ManuelSikora: posts small blind $1
VolkovDmitri: posts big blind $3
*** HOLE CARDS ***
ManuelSikora: raises $3 to $6
VolkovDmitri: calls $3
*** FLOP *** [9c Kh 2h]
VolkovDmitri: bets $3
ManuelSikora: folds
Uncalled bet ($3) returned to VolkovDmitri
VolkovDmitri collected $11.76 from pot
VolkovDmitri: doesn't show hand
*** SUMMARY ***
Total pot $12 | Rake $0.24
Board [9c Kh 2h]
Seat 1: VolkovDmitri (big blind) collected ($11.76)
Seat 2: ManuelSikora (button) (small blind) folded on the Flop


PokerStars Hand #147358159057:  Hold'em Limit ($3/$6 USD) - 2016/01/20 6:49:08 ET
Table 'Luda II' 2-max Seat #1 is the button
Seat 1: VolkovDmitri ($157.08 in chips)
Seat 2: ManuelSikora ($85.72 in chips)
VolkovDmitri: posts small blind $1
ManuelSikora: posts big blind $3
*** HOLE CARDS ***
VolkovDmitri: raises $3 to $6
ManuelSikora: calls $3
*** FLOP *** [4d Ah 2d]
ManuelSikora: checks
VolkovDmitri: bets $3
ManuelSikora: folds
Uncalled bet ($3) returned to VolkovDmitri
VolkovDmitri collected $11.76 from pot
VolkovDmitri: doesn't show hand
*** SUMMARY ***
Total pot $12 | Rake $0.24
Board [4d Ah 2d]
Seat 1: VolkovDmitri (button) (small blind) collected ($11.76)
Seat 2: ManuelSikora (big blind) folded on the Flop


PokerStars Hand #147358184087:  Hold'em Limit ($3/$6 USD) - 2016/01/20 6:49:53 ET
Table 'Luda II' 2-max Seat #1 is the button
Seat 1: VolkovDmitri ($177.34 in chips)
Seat 2: ManuelSikora ($64.72 in chips)
VolkovDmitri: posts small blind $1
ManuelSikora: posts big blind $3
*** HOLE CARDS ***
VolkovDmitri: raises $3 to $6
ManuelSikora: folds
Uncalled bet ($3) returned to VolkovDmitri
VolkovDmitri collected $6 from pot
VolkovDmitri: doesn't show hand
*** SUMMARY ***
Total pot $6 | Rake $0
Seat 1: VolkovDmitri (button) (small blind) collected ($6)
Seat 2: ManuelSikora (big blind) folded before Flop


PokerStars Hand #147358165975:  Hold'em Limit ($3/$6 USD) - 2016/01/20 6:49:20 ET
Table 'Luda II' 2-max Seat #2 is the button
Seat 1: VolkovDmitri ($162.84 in chips)
Seat 2: ManuelSikora ($79.72 in chips)
ManuelSikora: posts small blind $1
VolkovDmitri: posts big blind $3
*** HOLE CARDS ***
ManuelSikora: calls $2
VolkovDmitri: raises $3 to $6
ManuelSikora: calls $3
*** FLOP *** [8c 6s Tc]
VolkovDmitri: bets $3
ManuelSikora: calls $3
*** TURN *** [8c 6s Tc] [Jc]
VolkovDmitri: checks
ManuelSikora: bets $6
VolkovDmitri: calls $6
*** RIVER *** [8c 6s Tc Jc] [5c]
VolkovDmitri: bets $6
ManuelSikora: folds
Uncalled bet ($6) returned to VolkovDmitri
VolkovDmitri collected $29.50 from pot
VolkovDmitri: doesn't show hand
*** SUMMARY ***
Total pot $30 | Rake $0.50
Board [8c 6s Tc Jc 5c]
Seat 1: VolkovDmitri (big blind) collected ($29.50)
Seat 2: ManuelSikora (button) (small blind) folded on the River


PokerStars Hand #147358189083:  Hold'em Limit ($3/$6 USD) - 2016/01/20 6:50:02 ET
Table 'Luda II' 2-max Seat #2 is the button
Seat 1: VolkovDmitri ($180.34 in chips)
Seat 2: ManuelSikora ($61.72 in chips)
ManuelSikora: posts small blind $1
VolkovDmitri: posts big blind $3
*** HOLE CARDS ***
ManuelSikora: raises $3 to $6
VolkovDmitri: calls $3
*** FLOP *** [3d Ad 5s]
VolkovDmitri: checks
ManuelSikora: checks
*** TURN *** [3d Ad 5s] [4h]
VolkovDmitri: bets $6
ManuelSikora: calls $6
*** RIVER *** [3d Ad 5s 4h] [Ac]
VolkovDmitri: checks
ManuelSikora: checks
*** SHOW DOWN ***
VolkovDmitri: shows [9h 4c] (two pair, Aces and Fours)
ManuelSikora: mucks hand
VolkovDmitri collected $23.52 from pot
*** SUMMARY ***
Total pot $24 | Rake $0.48
Board [3d Ad 5s 4h Ac]
Seat 1: VolkovDmitri (big blind) showed [9h 4c] and won ($23.52) with two pair, Aces and Fours
Seat 2: ManuelSikora (button) (small blind) mucked


PokerStars Hand #147358200698:  Hold'em Limit ($3/$6 USD) - 2016/01/20 6:50:23 ET
Table 'Luda II' 2-max Seat #1 is the button
Seat 1: VolkovDmitri ($191.86 in chips)
Seat 2: ManuelSikora ($49.72 in chips)
VolkovDmitri: posts small blind $1
ManuelSikora: posts big blind $3
*** HOLE CARDS ***
VolkovDmitri: raises $3 to $6
ManuelSikora: calls $3
*** FLOP *** [3d 7s 6c]
ManuelSikora: bets $3
VolkovDmitri: calls $3
*** TURN *** [3d 7s 6c] [3s]
ManuelSikora: bets $6
VolkovDmitri: calls $6
*** RIVER *** [3d 7s 6c 3s] [5h]
ManuelSikora: bets $6
VolkovDmitri: folds
Uncalled bet ($6) returned to ManuelSikora
ManuelSikora collected $29.50 from pot
ManuelSikora: doesn't show hand
*** SUMMARY ***
Total pot $30 | Rake $0.50
Board [3d 7s 6c 3s 5h]
Seat 1: VolkovDmitri (button) (small blind) folded on the River
Seat 2: ManuelSikora (big blind) collected ($29.50)


PokerStars Hand #147358209782:  Hold'em Limit ($3/$6 USD) - 2016/01/20 6:50:39 ET
Table 'Luda II' 2-max Seat #2 is the button
Seat 1: VolkovDmitri ($176.86 in chips)
Seat 2: ManuelSikora ($64.22 in chips)
ManuelSikora: posts small blind $1
VolkovDmitri: posts big blind $3
*** HOLE CARDS ***
ManuelSikora: raises $3 to $6
VolkovDmitri: folds
Uncalled bet ($3) returned to ManuelSikora
ManuelSikora collected $6 from pot
ManuelSikora: doesn't show hand
*** SUMMARY ***
Total pot $6 | Rake $0
Seat 1: VolkovDmitri (big blind) folded before Flop
Seat 2: ManuelSikora (button) (small blind) collected ($6)


PokerStars Hand #147358213511:  Hold'em Limit ($3/$6 USD) - 2016/01/20 6:50:46 ET
Table 'Luda II' 2-max Seat #1 is the button
Seat 1: VolkovDmitri ($173.86 in chips)
Seat 2: ManuelSikora ($67.22 in chips)
VolkovDmitri: posts small blind $1
ManuelSikora: posts big blind $3
*** HOLE CARDS ***
VolkovDmitri: raises $3 to $6
ManuelSikora: raises $3 to $9
VolkovDmitri: calls $3
*** FLOP *** [Qc 7s Kd]
ManuelSikora: bets $3
VolkovDmitri: calls $3
*** TURN *** [Qc 7s Kd] [Ac]
ManuelSikora: checks
VolkovDmitri: checks
*** RIVER *** [Qc 7s Kd Ac] [5h]
ManuelSikora: checks
VolkovDmitri: bets $6
ManuelSikora: folds
Uncalled bet ($6) returned to VolkovDmitri
VolkovDmitri collected $23.52 from pot
VolkovDmitri: doesn't show hand
*** SUMMARY ***
Total pot $24 | Rake $0.48
Board [Qc 7s Kd Ac 5h]
Seat 1: VolkovDmitri (button) (small blind) collected ($23.52)
Seat 2: ManuelSikora (big blind) folded on the River


PokerStars Hand #147358230270:  Hold'em Limit ($3/$6 USD) - 2016/01/20 6:51:17 ET
Table 'Luda II' 2-max Seat #2 is the button
Seat 1: VolkovDmitri ($185.38 in chips)
Seat 2: ManuelSikora ($55.22 in chips)
ManuelSikora: posts small blind $1
VolkovDmitri: posts big blind $3
*** HOLE CARDS ***
ManuelSikora: raises $3 to $6
VolkovDmitri: raises $3 to $9
ManuelSikora: raises $3 to $12
Betting is capped
VolkovDmitri: calls $3
*** FLOP *** [Ks 8s Qd]
VolkovDmitri: bets $3
ManuelSikora: calls $3
*** TURN *** [Ks 8s Qd] [8h]
VolkovDmitri: bets $6
ManuelSikora: calls $6
*** RIVER *** [Ks 8s Qd 8h] [Jc]
VolkovDmitri: bets $6
ManuelSikora: folds
Uncalled bet ($6) returned to VolkovDmitri
VolkovDmitri collected $41.50 from pot
VolkovDmitri: doesn't show hand
*** SUMMARY ***
Total pot $42 | Rake $0.50
Board [Ks 8s Qd 8h Jc]
Seat 1: VolkovDmitri (big blind) collected ($41.50)
Seat 2: ManuelSikora (button) (small blind) folded on the River


PokerStars Hand #147358242072:  Hold'em Limit ($3/$6 USD) - 2016/01/20 6:51:38 ET
Table 'Luda II' 2-max Seat #1 is the button
Seat 1: VolkovDmitri ($205.88 in chips)
Seat 2: ManuelSikora ($34.22 in chips)
VolkovDmitri: posts small blind $1
ManuelSikora: posts big blind $3
*** HOLE CARDS ***
VolkovDmitri: raises $3 to $6
ManuelSikora: raises $3 to $9
VolkovDmitri: calls $3
*** FLOP *** [Kc 5c 8c]
ManuelSikora: bets $3
VolkovDmitri: folds
Uncalled bet ($3) returned to ManuelSikora
ManuelSikora collected $17.64 from pot
ManuelSikora: doesn't show hand
*** SUMMARY ***
Total pot $18 | Rake $0.36
Board [Kc 5c 8c]
Seat 1: VolkovDmitri (button) (small blind) folded on the Flop
Seat 2: ManuelSikora (big blind) collected ($17.64)


PokerStars Hand #147358265166:  Hold'em Limit ($3/$6 USD) - 2016/01/20 6:52:20 ET
Table 'Luda II' 2-max Seat #1 is the button
Seat 1: VolkovDmitri ($172.88 in chips)
Seat 2: ManuelSikora ($66.36 in chips)
VolkovDmitri: posts small blind $1
ManuelSikora: posts big blind $3
*** HOLE CARDS ***
VolkovDmitri: raises $3 to $6
ManuelSikora: calls $3
*** FLOP *** [5d 4d Ac]
ManuelSikora: bets $3
VolkovDmitri: calls $3
*** TURN *** [5d 4d Ac] [Ks]
ManuelSikora: bets $6
VolkovDmitri: raises $6 to $12
ManuelSikora: calls $6
*** RIVER *** [5d 4d Ac Ks] [3d]
ManuelSikora: bets $6
VolkovDmitri: calls $6
*** SHOW DOWN ***
ManuelSikora: shows [7c 6h] (a straight, Three to Seven)
VolkovDmitri: mucks hand
ManuelSikora collected $53.50 from pot
*** SUMMARY ***
Total pot $54 | Rake $0.50
Board [5d 4d Ac Ks 3d]
Seat 1: VolkovDmitri (button) (small blind) mucked
Seat 2: ManuelSikora (big blind) showed [7c 6h] and won ($53.50) with a straight, Three to Seven


PokerStars Hand #147358276004:  Hold'em Limit ($3/$6 USD) - 2016/01/20 6:52:39 ET
Table 'Luda II' 2-max Seat #2 is the button
Seat 1: VolkovDmitri ($145.88 in chips)
Seat 2: ManuelSikora ($92.86 in chips)
ManuelSikora: posts small blind $1
VolkovDmitri: posts big blind $3
*** HOLE CARDS ***
ManuelSikora: raises $3 to $6
VolkovDmitri: folds
Uncalled bet ($3) returned to ManuelSikora
ManuelSikora collected $6 from pot
ManuelSikora: doesn't show hand
*** SUMMARY ***
Total pot $6 | Rake $0
Seat 1: VolkovDmitri (big blind) folded before Flop
Seat 2: ManuelSikora (button) (small blind) collected ($6)


PokerStars Hand #147358280217:  Hold'em Limit ($3/$6 USD) - 2016/01/20 6:52:46 ET
Table 'Luda II' 2-max Seat #1 is the button
Seat 1: VolkovDmitri ($142.88 in chips)
Seat 2: ManuelSikora ($95.86 in chips)
VolkovDmitri: posts small blind $1
ManuelSikora: posts big blind $3
*** HOLE CARDS ***
VolkovDmitri: raises $3 to $6
ManuelSikora: raises $3 to $9
VolkovDmitri: calls $3
*** FLOP *** [Td Js 2d]
ManuelSikora: bets $3
VolkovDmitri: folds
Uncalled bet ($3) returned to ManuelSikora
ManuelSikora collected $17.64 from pot
ManuelSikora: doesn't show hand
*** SUMMARY ***
Total pot $18 | Rake $0.36
Board [Td Js 2d]
Seat 1: VolkovDmitri (button) (small blind) folded on the Flop
Seat 2: ManuelSikora (big blind) collected ($17.64)


PokerStars Hand #147358286161:  Hold'em Limit ($3/$6 USD) - 2016/01/20 6:52:57 ET
Table 'Luda II' 2-max Seat #2 is the button
Seat 1: VolkovDmitri ($133.88 in chips)
Seat 2: ManuelSikora ($104.50 in chips)
ManuelSikora: posts small blind $1
VolkovDmitri: posts big blind $3
*** HOLE CARDS ***
ManuelSikora: raises $3 to $6
VolkovDmitri: calls $3
*** FLOP *** [6h Jd Tc]
VolkovDmitri: checks
ManuelSikora: checks
*** TURN *** [6h Jd Tc] [Qh]
VolkovDmitri: bets $6
ManuelSikora: calls $6
*** RIVER *** [6h Jd Tc Qh] [3c]
VolkovDmitri: bets $6
ManuelSikora: calls $6
*** SHOW DOWN ***
VolkovDmitri: shows [9d Kc] (a straight, Nine to King)
ManuelSikora: mucks hand
VolkovDmitri collected $35.50 from pot
*** SUMMARY ***
Total pot $36 | Rake $0.50
Board [6h Jd Tc Qh 3c]
Seat 1: VolkovDmitri (big blind) showed [9d Kc] and won ($35.50) with a straight, Nine to King
Seat 2: ManuelSikora (button) (small blind) mucked


PokerStars Hand #147358255220:  Hold'em Limit ($3/$6 USD) - 2016/01/20 6:52:01 ET
Table 'Luda II' 2-max Seat #2 is the button
Seat 1: VolkovDmitri ($196.88 in chips)
Seat 2: ManuelSikora ($42.86 in chips)
ManuelSikora: posts small blind $1
VolkovDmitri: posts big blind $3
*** HOLE CARDS ***
ManuelSikora: raises $3 to $6
VolkovDmitri: raises $3 to $9
ManuelSikora: calls $3
*** FLOP *** [6c 8d 8h]
VolkovDmitri: bets $3
ManuelSikora: calls $3
*** TURN *** [6c 8d 8h] [Kh]
VolkovDmitri: bets $6
ManuelSikora: raises $6 to $12
VolkovDmitri: calls $6
*** RIVER *** [6c 8d 8h Kh] [7d]
VolkovDmitri: checks
ManuelSikora: checks
*** SHOW DOWN ***
VolkovDmitri: shows [Jh As] (a pair of Eights)
ManuelSikora: shows [5s Kd] (two pair, Kings and Eights)
ManuelSikora collected $47.50 from pot
*** SUMMARY ***
Total pot $48 | Rake $0.50
Board [6c 8d 8h Kh 7d]
Seat 1: VolkovDmitri (big blind) showed [Jh As] and lost with a pair of Eights
Seat 2: ManuelSikora (button) (small blind) showed [5s Kd] and won ($47.50) with two pair, Kings and Eights


PokerStars Hand #147358305927:  Hold'em Limit ($3/$6 USD) - 2016/01/20 6:53:33 ET
Table 'Luda II' 2-max Seat #2 is the button
Seat 1: VolkovDmitri ($162.90 in chips)
Seat 2: ManuelSikora ($74.50 in chips)
ManuelSikora: posts small blind $1
VolkovDmitri: posts big blind $3
*** HOLE CARDS ***
ManuelSikora: raises $3 to $6
VolkovDmitri: calls $3
*** FLOP *** [Jc As 4d]
VolkovDmitri: checks
ManuelSikora: checks
*** TURN *** [Jc As 4d] [9s]
VolkovDmitri: bets $6
ManuelSikora: calls $6
*** RIVER *** [Jc As 4d 9s] [Ah]
VolkovDmitri: checks
ManuelSikora: checks
*** SHOW DOWN ***
VolkovDmitri: shows [Ks 2s] (a pair of Aces)
ManuelSikora: mucks hand
VolkovDmitri collected $23.52 from pot
*** SUMMARY ***
Total pot $24 | Rake $0.48
Board [Jc As 4d 9s Ah]
Seat 1: VolkovDmitri (big blind) showed [Ks 2s] and won ($23.52) with a pair of Aces
Seat 2: ManuelSikora (button) (small blind) mucked


PokerStars Hand #147358295398:  Hold'em Limit ($3/$6 USD) - 2016/01/20 6:53:14 ET
Table 'Luda II' 2-max Seat #1 is the button
Seat 1: VolkovDmitri ($151.38 in chips)
Seat 2: ManuelSikora ($86.50 in chips)
VolkovDmitri: posts small blind $1
ManuelSikora: posts big blind $3
*** HOLE CARDS ***
VolkovDmitri: raises $3 to $6
ManuelSikora: calls $3
*** FLOP *** [4s As Js]
ManuelSikora: checks
VolkovDmitri: checks
*** TURN *** [4s As Js] [Jd]
ManuelSikora: checks
VolkovDmitri: bets $6
ManuelSikora: calls $6
*** RIVER *** [4s As Js Jd] [Qc]
ManuelSikora: checks
VolkovDmitri: bets $6
ManuelSikora: folds
Uncalled bet ($6) returned to VolkovDmitri
VolkovDmitri collected $23.52 from pot
VolkovDmitri: doesn't show hand
*** SUMMARY ***
Total pot $24 | Rake $0.48
Board [4s As Js Jd Qc]
Seat 1: VolkovDmitri (button) (small blind) collected ($23.52)
Seat 2: ManuelSikora (big blind) folded on the River


PokerStars Hand #147358349454:  Hold'em Limit ($3/$6 USD) - 2016/01/20 6:54:51 ET
Table 'Luda II' 2-max Seat #2 is the button
Seat 1: VolkovDmitri ($173.92 in chips)
Seat 2: ManuelSikora ($61.78 in chips)
ManuelSikora: posts small blind $1
VolkovDmitri: posts big blind $3
*** HOLE CARDS ***
ManuelSikora: raises $3 to $6
VolkovDmitri: raises $3 to $9
ManuelSikora: calls $3
*** FLOP *** [Ks 8d Tc]
VolkovDmitri: bets $3
ManuelSikora: calls $3
*** TURN *** [Ks 8d Tc] [7d]
VolkovDmitri: bets $6
ManuelSikora: raises $6 to $12
VolkovDmitri: calls $6
*** RIVER *** [Ks 8d Tc 7d] [Ah]
VolkovDmitri: checks
ManuelSikora: checks
*** SHOW DOWN ***
VolkovDmitri: shows [Qc Th] (a pair of Tens)
ManuelSikora: mucks hand
VolkovDmitri collected $47.50 from pot
*** SUMMARY ***
Total pot $48 | Rake $0.50
Board [Ks 8d Tc 7d Ah]
Seat 1: VolkovDmitri (big blind) showed [Qc Th] and won ($47.50) with a pair of Tens
Seat 2: ManuelSikora (button) (small blind) mucked


PokerStars Hand #147358343216:  Hold'em Limit ($3/$6 USD) - 2016/01/20 6:54:40 ET
Table 'Luda II' 2-max Seat #1 is the button
Seat 1: VolkovDmitri ($182.92 in chips)
Seat 2: ManuelSikora ($53.14 in chips)
VolkovDmitri: posts small blind $1
ManuelSikora: posts big blind $3
*** HOLE CARDS ***
VolkovDmitri: raises $3 to $6
ManuelSikora: calls $3
*** FLOP *** [Kh 4h 7h]
ManuelSikora: bets $3
VolkovDmitri: calls $3
*** TURN *** [Kh 4h 7h] [5d]
ManuelSikora: bets $6
VolkovDmitri: folds
Uncalled bet ($6) returned to ManuelSikora
ManuelSikora collected $17.64 from pot
ManuelSikora: doesn't show hand
*** SUMMARY ***
Total pot $18 | Rake $0.36
Board [Kh 4h 7h 5d]
Seat 1: VolkovDmitri (button) (small blind) folded on the Turn
Seat 2: ManuelSikora (big blind) collected ($17.64)


PokerStars Hand #147358331055:  Hold'em Limit ($3/$6 USD) - 2016/01/20 6:54:18 ET
Table 'Luda II' 2-max Seat #2 is the button
Seat 1: VolkovDmitri ($165.42 in chips)
Seat 2: ManuelSikora ($71.14 in chips)
ManuelSikora: posts small blind $1
VolkovDmitri: posts big blind $3
*** HOLE CARDS ***
ManuelSikora: raises $3 to $6
VolkovDmitri: calls $3
*** FLOP *** [2c Ks Kc]
VolkovDmitri: checks
ManuelSikora: bets $3
VolkovDmitri: raises $3 to $6
ManuelSikora: calls $3
*** TURN *** [2c Ks Kc] [Ah]
VolkovDmitri: checks
ManuelSikora: checks
*** RIVER *** [2c Ks Kc Ah] [As]
VolkovDmitri: bets $6
ManuelSikora: calls $6
*** SHOW DOWN ***
VolkovDmitri: shows [7s Kh] (a full house, Kings full of Aces)
ManuelSikora: mucks hand
VolkovDmitri collected $35.50 from pot
*** SUMMARY ***
Total pot $36 | Rake $0.50
Board [2c Ks Kc Ah As]
Seat 1: VolkovDmitri (big blind) showed [7s Kh] and won ($35.50) with a full house, Kings full of Aces
Seat 2: ManuelSikora (button) (small blind) mucked


PokerStars Hand #147358316447:  Hold'em Limit ($3/$6 USD) - 2016/01/20 6:53:52 ET
Table 'Luda II' 2-max Seat #1 is the button
Seat 1: VolkovDmitri ($174.42 in chips)
Seat 2: ManuelSikora ($62.50 in chips)
VolkovDmitri: posts small blind $1
ManuelSikora: posts big blind $3
*** HOLE CARDS ***
VolkovDmitri: raises $3 to $6
ManuelSikora: raises $3 to $9
VolkovDmitri: calls $3
*** FLOP *** [Ac Kc 3h]
ManuelSikora: bets $3
VolkovDmitri: folds
Uncalled bet ($3) returned to ManuelSikora
ManuelSikora collected $17.64 from pot
ManuelSikora: doesn't show hand
*** SUMMARY ***
Total pot $18 | Rake $0.36
Board [Ac Kc 3h]
Seat 1: VolkovDmitri (button) (small blind) folded on the Flop
Seat 2: ManuelSikora (big blind) collected ($17.64)


PokerStars Hand #147358370872:  Hold'em Limit ($3/$6 USD) - 2016/01/20 6:55:33 ET
Table 'Luda II' 2-max Seat #2 is the button
Seat 1: VolkovDmitri ($179.42 in chips)
Seat 2: ManuelSikora ($55.28 in chips)
ManuelSikora: posts small blind $1
VolkovDmitri: posts big blind $3
*** HOLE CARDS ***
ManuelSikora: folds
Uncalled bet ($2) returned to VolkovDmitri
VolkovDmitri collected $2 from pot
VolkovDmitri: doesn't show hand
*** SUMMARY ***
Total pot $2 | Rake $0
Seat 1: VolkovDmitri (big blind) collected ($2)
Seat 2: ManuelSikora (button) (small blind) folded before Flop


PokerStars Hand #147358360923:  Hold'em Limit ($3/$6 USD) - 2016/01/20 6:55:13 ET
Table 'Luda II' 2-max Seat #1 is the button
Seat 1: VolkovDmitri ($197.42 in chips)
Seat 2: ManuelSikora ($37.78 in chips)
VolkovDmitri: posts small blind $1
ManuelSikora: posts big blind $3
*** HOLE CARDS ***
VolkovDmitri: raises $3 to $6
ManuelSikora: raises $3 to $9
VolkovDmitri: calls $3
*** FLOP *** [8s 6c 8c]
ManuelSikora: bets $3
VolkovDmitri: calls $3
*** TURN *** [8s 6c 8c] [As]
ManuelSikora: bets $6
VolkovDmitri: calls $6
*** RIVER *** [8s 6c 8c As] [Ts]
ManuelSikora: bets $6
VolkovDmitri: folds
Uncalled bet ($6) returned to ManuelSikora
ManuelSikora collected $35.50 from pot
ManuelSikora: doesn't show hand
*** SUMMARY ***
Total pot $36 | Rake $0.50
Board [8s 6c 8c As Ts]
Seat 1: VolkovDmitri (button) (small blind) folded on the River
Seat 2: ManuelSikora (big blind) collected ($35.50)


PokerStars Hand #147358390698:  Hold'em Limit ($3/$6 USD) - 2016/01/20 6:56:15 ET
Table 'Luda II' 2-max Seat #2 is the button
Seat 1: VolkovDmitri ($206.92 in chips)
Seat 2: ManuelSikora ($27.28 in chips)
ManuelSikora: posts small blind $1
VolkovDmitri: posts big blind $3
*** HOLE CARDS ***
ManuelSikora: calls $2
VolkovDmitri: raises $3 to $6
ManuelSikora: calls $3
*** FLOP *** [3h 6h Jc]
VolkovDmitri: bets $3
ManuelSikora: raises $3 to $6
VolkovDmitri: raises $3 to $9
ManuelSikora: raises $3 to $12
Betting is capped
VolkovDmitri: calls $3
*** TURN *** [3h 6h Jc] [8c]
VolkovDmitri: bets $6
ManuelSikora: raises $3.28 to $9.28 and is all-in
VolkovDmitri: calls $3.28
*** RIVER *** [3h 6h Jc 8c] [5d]
*** SHOW DOWN ***
VolkovDmitri: shows [Ah Ac] (a pair of Aces)
ManuelSikora: shows [Qh Jh] (a pair of Jacks)
VolkovDmitri collected $54.06 from pot
*** SUMMARY ***
Total pot $54.56 | Rake $0.50
Board [3h 6h Jc 8c 5d]
Seat 1: VolkovDmitri (big blind) showed [Ah Ac] and won ($54.06) with a pair of Aces
Seat 2: ManuelSikora (button) (small blind) showed [Qh Jh] and lost with a pair of Jacks


PokerStars Hand #147358373515:  Hold'em Limit ($3/$6 USD) - 2016/01/20 6:55:39 ET
Table 'Luda II' 2-max Seat #1 is the button
Seat 1: VolkovDmitri ($180.42 in chips)
Seat 2: ManuelSikora ($54.28 in chips)
VolkovDmitri: posts small blind $1
ManuelSikora: posts big blind $3
*** HOLE CARDS ***
VolkovDmitri: raises $3 to $6
ManuelSikora: calls $3
*** FLOP *** [7s 4h 5d]
ManuelSikora: bets $3
VolkovDmitri: calls $3
*** TURN *** [7s 4h 5d] [Th]
ManuelSikora: bets $6
VolkovDmitri: raises $6 to $12
ManuelSikora: calls $6
*** RIVER *** [7s 4h 5d Th] [9h]
ManuelSikora: bets $6
VolkovDmitri: calls $6
*** SHOW DOWN ***
ManuelSikora: shows [6h 9c] (a pair of Nines)
VolkovDmitri: shows [5h Td] (two pair, Tens and Fives)
VolkovDmitri collected $53.50 from pot
*** SUMMARY ***
Total pot $54 | Rake $0.50
Board [7s 4h 5d Th 9h]
Seat 1: VolkovDmitri (button) (small blind) showed [5h Td] and won ($53.50) with two pair, Tens and Fives
Seat 2: ManuelSikora (big blind) showed [6h 9c] and lost with a pair of Nines


