PokerStars Hand #155844210646:  Hold'em Limit ($3/$6 USD) - 2016/07/11 14:31:50 ET
Table 'Luda' 6-max Seat #3 is the button
Seat 3: D.Ferrer ($55.29 in chips)
Seat 4: AzureCaper ($81.50 in chips)
D.Ferrer: posts small blind $1
AzureCaper: posts big blind $3
*** HOLE CARDS ***
D.Ferrer: raises $3 to $6
AzureCaper: folds
Uncalled bet ($3) returned to D.Ferrer
D.Ferrer collected $6 from pot
*** SUMMARY ***
Total pot $6 | Rake $0
Seat 3: D.Ferrer (button) (small blind) collected ($6)
Seat 4: AzureCaper (big blind) folded before Flop


PokerStars Hand #155844206322:  Hold'em Limit ($3/$6 USD) - 2016/07/11 14:31:44 ET
Table 'Luda' 6-max Seat #4 is the button
Seat 3: D.Ferrer ($54.29 in chips)
Seat 4: AzureCaper ($82.50 in chips)
AzureCaper: posts small blind $1
D.Ferrer: posts big blind $3
*** HOLE CARDS ***
AzureCaper: folds
Uncalled bet ($2) returned to D.Ferrer
D.Ferrer collected $2 from pot
*** SUMMARY ***
Total pot $2 | Rake $0
Seat 3: D.Ferrer (big blind) collected ($2)
Seat 4: AzureCaper (button) (small blind) folded before Flop


PokerStars Hand #155844203141:  Hold'em Limit ($3/$6 USD) - 2016/07/11 14:31:40 ET
Table 'Luda' 6-max Seat #3 is the button
Seat 3: D.Ferrer ($55.29 in chips)
Seat 4: AzureCaper ($81.50 in chips)
D.Ferrer: posts small blind $1
AzureCaper: posts big blind $3
*** HOLE CARDS ***
D.Ferrer: folds
Uncalled bet ($2) returned to AzureCaper
AzureCaper collected $2 from pot
AzureCaper: doesn't show hand
*** SUMMARY ***
Total pot $2 | Rake $0
Seat 3: D.Ferrer (button) (small blind) folded before Flop
Seat 4: AzureCaper (big blind) collected ($2)


PokerStars Hand #155844199120:  Hold'em Limit ($3/$6 USD) - 2016/07/11 14:31:35 ET
Table 'Luda' 6-max Seat #4 is the button
Seat 3: D.Ferrer ($54.29 in chips)
Seat 4: AzureCaper ($82.50 in chips)
AzureCaper: posts small blind $1
D.Ferrer: posts big blind $3
*** HOLE CARDS ***
AzureCaper: folds
Uncalled bet ($2) returned to D.Ferrer
D.Ferrer collected $2 from pot
*** SUMMARY ***
Total pot $2 | Rake $0
Seat 3: D.Ferrer (big blind) collected ($2)
Seat 4: AzureCaper (button) (small blind) folded before Flop


PokerStars Hand #155844190091:  Hold'em Limit ($3/$6 USD) - 2016/07/11 14:31:23 ET
Table 'Luda' 6-max Seat #3 is the button
Seat 3: D.Ferrer ($48.53 in chips)
Seat 4: AzureCaper ($88.50 in chips)
D.Ferrer: posts small blind $1
AzureCaper: posts big blind $3
*** HOLE CARDS ***
D.Ferrer: raises $3 to $6
AzureCaper: calls $3
*** FLOP *** [Qd 2d 2c]
AzureCaper: checks
D.Ferrer: checks
*** TURN *** [Qd 2d 2c] [Kd]
AzureCaper: checks
D.Ferrer: bets $6
AzureCaper: folds
Uncalled bet ($6) returned to D.Ferrer
D.Ferrer collected $11.76 from pot
*** SUMMARY ***
Total pot $12 | Rake $0.24
Board [Qd 2d 2c Kd]
Seat 3: D.Ferrer (button) (small blind) collected ($11.76)
Seat 4: AzureCaper (big blind) folded on the Turn


PokerStars Hand #155844186939:  Hold'em Limit ($3/$6 USD) - 2016/07/11 14:31:19 ET
Table 'Luda' 6-max Seat #4 is the button
Seat 3: D.Ferrer ($47.53 in chips)
Seat 4: AzureCaper ($89.50 in chips)
AzureCaper: posts small blind $1
D.Ferrer: posts big blind $3
*** HOLE CARDS ***
AzureCaper: folds
Uncalled bet ($2) returned to D.Ferrer
D.Ferrer collected $2 from pot
*** SUMMARY ***
Total pot $2 | Rake $0
Seat 3: D.Ferrer (big blind) collected ($2)
Seat 4: AzureCaper (button) (small blind) folded before Flop


PokerStars Hand #155844174972:  Hold'em Limit ($3/$6 USD) - 2016/07/11 14:31:03 ET
Table 'Luda' 6-max Seat #3 is the button
Seat 3: D.Ferrer ($65.53 in chips)
Seat 4: AzureCaper ($72 in chips)
D.Ferrer: posts small blind $1
AzureCaper: posts big blind $3
*** HOLE CARDS ***
D.Ferrer: raises $3 to $6
AzureCaper: raises $3 to $9
D.Ferrer: calls $3
*** FLOP *** [4s Qs Jc]
AzureCaper: bets $3
D.Ferrer: calls $3
*** TURN *** [4s Qs Jc] [Qd]
AzureCaper: bets $6
D.Ferrer: calls $6
*** RIVER *** [4s Qs Jc Qd] [6s]
AzureCaper: checks
D.Ferrer: checks
*** SHOW DOWN ***
AzureCaper: shows [Ac Jh] (two pair, Queens and Jacks)
D.Ferrer: mucks hand
AzureCaper collected $35.50 from pot
*** SUMMARY ***
Total pot $36 | Rake $0.50
Board [4s Qs Jc Qd 6s]
Seat 3: D.Ferrer (button) (small blind) mucked
Seat 4: AzureCaper (big blind) showed [Ac Jh] and won ($35.50) with two pair, Queens and Jacks


PokerStars Hand #155844156653:  Hold'em Limit ($3/$6 USD) - 2016/07/11 14:30:39 ET
Table 'Luda' 6-max Seat #4 is the button
Seat 3: D.Ferrer ($54.01 in chips)
Seat 4: AzureCaper ($73 in chips)
AzureCaper: posts small blind $1
D.Ferrer: posts big blind $3
*** HOLE CARDS ***
AzureCaper: raises $3 to $6
D.Ferrer: raises $3 to $9
AzureCaper: calls $3
*** FLOP *** [Jc 4c 5d]
D.Ferrer: checks
AzureCaper: bets $3
D.Ferrer: calls $3
*** TURN *** [Jc 4c 5d] [4s]
D.Ferrer: checks
AzureCaper: checks
*** RIVER *** [Jc 4c 5d 4s] [8d]
D.Ferrer: bets $6
AzureCaper: folds
Uncalled bet ($6) returned to D.Ferrer
D.Ferrer collected $23.52 from pot
*** SUMMARY ***
Total pot $24 | Rake $0.48
Board [Jc 4c 5d 4s 8d]
Seat 3: D.Ferrer (big blind) collected ($23.52)
Seat 4: AzureCaper (button) (small blind) folded on the River


PokerStars Hand #155844231597:  Hold'em Limit ($3/$6 USD) - 2016/07/11 14:32:17 ET
Table 'Luda' 6-max Seat #4 is the button
Seat 3: D.Ferrer ($65.93 in chips)
Seat 4: AzureCaper ($73 in chips)
AzureCaper: posts small blind $1
D.Ferrer: posts big blind $3
*** HOLE CARDS ***
AzureCaper: raises $3 to $6
D.Ferrer: calls $3
*** FLOP *** [Kh 6h Jc]
D.Ferrer: checks
AzureCaper: bets $3
D.Ferrer: calls $3
*** TURN *** [Kh 6h Jc] [5s]
D.Ferrer: checks
AzureCaper: checks
*** RIVER *** [Kh 6h Jc 5s] [Ad]
D.Ferrer: bets $6
AzureCaper: folds
Uncalled bet ($6) returned to D.Ferrer
D.Ferrer collected $17.64 from pot
*** SUMMARY ***
Total pot $18 | Rake $0.36
Board [Kh 6h Jc 5s Ad]
Seat 3: D.Ferrer (big blind) collected ($17.64)
Seat 4: AzureCaper (button) (small blind) folded on the River


PokerStars Hand #155844227963:  Hold'em Limit ($3/$6 USD) - 2016/07/11 14:32:12 ET
Table 'Luda' 6-max Seat #3 is the button
Seat 3: D.Ferrer ($66.93 in chips)
Seat 4: AzureCaper ($72 in chips)
D.Ferrer: posts small blind $1
AzureCaper: posts big blind $3
*** HOLE CARDS ***
D.Ferrer: folds
Uncalled bet ($2) returned to AzureCaper
AzureCaper collected $2 from pot
AzureCaper: doesn't show hand
*** SUMMARY ***
Total pot $2 | Rake $0
Seat 3: D.Ferrer (button) (small blind) folded before Flop
Seat 4: AzureCaper (big blind) collected ($2)


PokerStars Hand #155844215018:  Hold'em Limit ($3/$6 USD) - 2016/07/11 14:31:55 ET
Table 'Luda' 6-max Seat #4 is the button
Seat 3: D.Ferrer ($58.29 in chips)
Seat 4: AzureCaper ($78.50 in chips)
AzureCaper: posts small blind $1
D.Ferrer: posts big blind $3
*** HOLE CARDS ***
AzureCaper: raises $3 to $6
D.Ferrer: calls $3
*** FLOP *** [Td 3c 5s]
D.Ferrer: checks
AzureCaper: bets $3
D.Ferrer: raises $3 to $6
AzureCaper: folds
Uncalled bet ($3) returned to D.Ferrer
D.Ferrer collected $17.64 from pot
*** SUMMARY ***
Total pot $18 | Rake $0.36
Board [Td 3c 5s]
Seat 3: D.Ferrer (big blind) collected ($17.64)
Seat 4: AzureCaper (button) (small blind) folded on the Flop


PokerStars Hand #155844245786:  Hold'em Limit ($3/$6 USD) - 2016/07/11 14:32:35 ET
Table 'Luda' 6-max Seat #3 is the button
Seat 3: D.Ferrer ($74.57 in chips)
Seat 4: AzureCaper ($72 in chips)
D.Ferrer: posts small blind $1
AzureCaper: posts big blind $3
*** HOLE CARDS ***
D.Ferrer: calls $2
AzureCaper: raises $3 to $6
D.Ferrer: calls $3
*** FLOP *** [Ac 6h Td]
AzureCaper: bets $3
D.Ferrer: calls $3
*** TURN *** [Ac 6h Td] [3d]
AzureCaper: checks
D.Ferrer: bets $6
AzureCaper: calls $6
*** RIVER *** [Ac 6h Td 3d] [Qs]
AzureCaper: checks
D.Ferrer: bets $6
AzureCaper: raises $6 to $12
D.Ferrer: calls $6
*** SHOW DOWN ***
AzureCaper: shows [Jh Kh] (a straight, Ten to Ace)
D.Ferrer: mucks hand
AzureCaper collected $53.50 from pot
*** SUMMARY ***
Total pot $54 | Rake $0.50
Board [Ac 6h Td 3d Qs]
Seat 3: D.Ferrer (button) (small blind) mucked
Seat 4: AzureCaper (big blind) showed [Jh Kh] and won ($53.50) with a straight, Ten to Ace


