PokerStars Hand #146956434755:  Hold'em Limit ($3/$6 USD) - 2016/01/13 4:12:43 ET
Table 'Ludovica II' 2-max Seat #2 is the button
Seat 1: dodge658 ($48.04 in chips)
Seat 2: Masqb ($126 in chips)
Masqb: posts small blind $1
dodge658: posts big blind $3
*** HOLE CARDS ***
Masqb: raises $3 to $6
dodge658: calls $3
*** FLOP *** [2c Jh 6h]
dodge658: bets $3
Masqb: raises $3 to $6
dodge658: calls $3
*** TURN *** [2c Jh 6h] [9d]
dodge658: checks
Masqb: bets $6
dodge658: calls $6
*** RIVER *** [2c Jh 6h 9d] [7s]
dodge658: bets $6
Masqb: calls $6
*** SHOW DOWN ***
dodge658: shows [2d 5h] (a pair of Deuces)
Masqb: shows [6s 5d] (a pair of Sixes)
Masqb collected $47.50 from pot
*** SUMMARY ***
Total pot $48 | Rake $0.50
Board [2c Jh 6h 9d 7s]
Seat 1: dodge658 (big blind) showed [2d 5h] and lost with a pair of Deuces
Seat 2: Masqb (button) (small blind) showed [6s 5d] and won ($47.50) with a pair of Sixes


PokerStars Hand #146956450305:  Hold'em Limit ($3/$6 USD) - 2016/01/13 4:13:24 ET
Table 'Ludovica II' 2-max Seat #1 is the button
Seat 1: dodge658 ($24.04 in chips)
Seat 2: Masqb ($149.50 in chips)
dodge658: posts small blind $1
Masqb: posts big blind $3
*** HOLE CARDS ***
dodge658: calls $2
Masqb: checks
*** FLOP *** [9h Qs Ah]
Masqb: checks
dodge658: checks
*** TURN *** [9h Qs Ah] [5h]
Masqb: checks
dodge658: checks
*** RIVER *** [9h Qs Ah 5h] [Jd]
Masqb: bets $6
dodge658: calls $6
*** SHOW DOWN ***
Masqb: shows [2h Js] (a pair of Jacks)
dodge658: mucks hand
Masqb collected $17.64 from pot
*** SUMMARY ***
Total pot $18 | Rake $0.36
Board [9h Qs Ah 5h Jd]
Seat 1: dodge658 (button) (small blind) mucked
Seat 2: Masqb (big blind) showed [2h Js] and won ($17.64) with a pair of Jacks


PokerStars Hand #146956459807:  Hold'em Limit ($3/$6 USD) - 2016/01/13 4:13:49 ET
Table 'Ludovica II' 2-max Seat #2 is the button
Seat 1: dodge658 ($15.04 in chips)
Seat 2: Masqb ($158.14 in chips)
Masqb: posts small blind $1
dodge658: posts big blind $3
*** HOLE CARDS ***
Masqb: raises $3 to $6
dodge658: calls $3
*** FLOP *** [7h 3c 2d]
dodge658: bets $3
Masqb: calls $3
*** TURN *** [7h 3c 2d] [Qh]
dodge658: bets $6
Masqb: calls $6
*** RIVER *** [7h 3c 2d Qh] [3h]
dodge658: bets $0.04 and is all-in
Masqb: calls $0.04
*** SHOW DOWN ***
dodge658: shows [7c Qs] (two pair, Queens and Sevens)
Masqb: shows [2c Ah] (two pair, Threes and Deuces)
dodge658 collected $29.58 from pot
*** SUMMARY ***
Total pot $30.08 | Rake $0.50
Board [7h 3c 2d Qh 3h]
Seat 1: dodge658 (big blind) showed [7c Qs] and won ($29.58) with two pair, Queens and Sevens
Seat 2: Masqb (button) (small blind) showed [2c Ah] and lost with two pair, Threes and Deuces


PokerStars Hand #146956470180:  Hold'em Limit ($3/$6 USD) - 2016/01/13 4:14:17 ET
Table 'Ludovica II' 2-max Seat #1 is the button
Seat 1: dodge658 ($29.58 in chips)
Seat 2: Masqb ($143.10 in chips)
dodge658: posts small blind $1
Masqb: posts big blind $3
*** HOLE CARDS ***
dodge658: calls $2
Masqb: raises $3 to $6
dodge658: calls $3
*** FLOP *** [2h 4h Ad]
Masqb: bets $3
dodge658: calls $3
*** TURN *** [2h 4h Ad] [3d]
Masqb: checks
dodge658: checks
*** RIVER *** [2h 4h Ad 3d] [Tc]
Masqb: checks
dodge658: checks
*** SHOW DOWN ***
Masqb: shows [Qc Jh] (high card Ace)
dodge658: shows [7d 7c] (a pair of Sevens)
dodge658 collected $17.64 from pot
*** SUMMARY ***
Total pot $18 | Rake $0.36
Board [2h 4h Ad 3d Tc]
Seat 1: dodge658 (button) (small blind) showed [7d 7c] and won ($17.64) with a pair of Sevens
Seat 2: Masqb (big blind) showed [Qc Jh] and lost with high card Ace


PokerStars Hand #146956484921:  Hold'em Limit ($3/$6 USD) - 2016/01/13 4:14:55 ET
Table 'Ludovica II' 2-max Seat #2 is the button
Seat 1: dodge658 ($38.22 in chips)
Seat 2: Masqb ($134.10 in chips)
Masqb: posts small blind $1
dodge658: posts big blind $3
*** HOLE CARDS ***
Masqb: raises $3 to $6
dodge658: calls $3
*** FLOP *** [9s 4h Kh]
dodge658: bets $3
Masqb: calls $3
*** TURN *** [9s 4h Kh] [6h]
dodge658: checks
Masqb: bets $6
dodge658: calls $6
*** RIVER *** [9s 4h Kh 6h] [4d]
dodge658: checks
Masqb: bets $6
dodge658: folds
Uncalled bet ($6) returned to Masqb
Masqb collected $29.50 from pot
Masqb: doesn't show hand
*** SUMMARY ***
Total pot $30 | Rake $0.50
Board [9s 4h Kh 6h 4d]
Seat 1: dodge658 (big blind) folded on the River
Seat 2: Masqb (button) (small blind) collected ($29.50)


PokerStars Hand #146956499977:  Hold'em Limit ($3/$6 USD) - 2016/01/13 4:15:35 ET
Table 'Ludovica II' 2-max Seat #2 is the button
Seat 1: dodge658 ($22.22 in chips)
Seat 2: Masqb ($149.60 in chips)
Masqb: posts small blind $1
dodge658: posts big blind $3
*** HOLE CARDS ***
Masqb: folds
Uncalled bet ($2) returned to dodge658
dodge658 collected $2 from pot
dodge658: doesn't show hand
*** SUMMARY ***
Total pot $2 | Rake $0
Seat 1: dodge658 (big blind) collected ($2)
Seat 2: Masqb (button) (small blind) folded before Flop


PokerStars Hand #146956497788:  Hold'em Limit ($3/$6 USD) - 2016/01/13 4:15:29 ET
Table 'Ludovica II' 2-max Seat #1 is the button
Seat 1: dodge658 ($23.22 in chips)
Seat 2: Masqb ($148.60 in chips)
dodge658: posts small blind $1
Masqb: posts big blind $3
*** HOLE CARDS ***
dodge658: folds
Uncalled bet ($2) returned to Masqb
Masqb collected $2 from pot
Masqb: doesn't show hand
*** SUMMARY ***
Total pot $2 | Rake $0
Seat 1: dodge658 (button) (small blind) folded before Flop
Seat 2: Masqb (big blind) collected ($2)


PokerStars Hand #146956502502:  Hold'em Limit ($3/$6 USD) - 2016/01/13 4:15:42 ET
Table 'Ludovica II' 2-max Seat #1 is the button
Seat 1: dodge658 ($23.22 in chips)
Seat 2: Masqb ($148.60 in chips)
dodge658: posts small blind $1
Masqb: posts big blind $3
*** HOLE CARDS ***
dodge658: calls $2
Masqb: checks
*** FLOP *** [4d 6c 8h]
Masqb: checks
dodge658: bets $3
Masqb: calls $3
*** TURN *** [4d 6c 8h] [Jh]
Masqb: checks
dodge658: bets $6
Masqb: raises $6 to $12
dodge658: calls $6
*** RIVER *** [4d 6c 8h Jh] [5d]
Masqb: bets $6
dodge658: calls $5.22 and is all-in
Uncalled bet ($0.78) returned to Masqb
*** SHOW DOWN ***
Masqb: shows [7h 2h] (a straight, Four to Eight)
dodge658: shows [Th 8c] (a pair of Eights)
Masqb collected $45.94 from pot
*** SUMMARY ***
Total pot $46.44 | Rake $0.50
Board [4d 6c 8h Jh 5d]
Seat 1: dodge658 (button) (small blind) showed [Th 8c] and lost with a pair of Eights
Seat 2: Masqb (big blind) showed [7h 2h] and won ($45.94) with a straight, Four to Eight


PokerStars Hand #146959240937:  Hold'em Limit ($3/$6 USD) - 2016/01/13 5:58:20 ET
Table 'Ludovica II' 2-max Seat #1 is the button
Seat 1: dodge658 ($49.24 in chips)
Seat 2: Masqb ($170.32 in chips)
dodge658: posts small blind $1
Masqb: posts big blind $3
*** HOLE CARDS ***
dodge658: calls $2
Masqb: checks
*** FLOP *** [Qd 4c Kc]
Masqb: bets $3
dodge658: calls $3
*** TURN *** [Qd 4c Kc] [Ac]
Masqb: checks
dodge658: checks
*** RIVER *** [Qd 4c Kc Ac] [Qs]
Masqb: checks
dodge658: bets $6
Masqb: folds
Uncalled bet ($6) returned to dodge658
dodge658 collected $11.76 from pot
dodge658: doesn't show hand
*** SUMMARY ***
Total pot $12 | Rake $0.24
Board [Qd 4c Kc Ac Qs]
Seat 1: dodge658 (button) (small blind) collected ($11.76)
Seat 2: Masqb (big blind) folded on the River


PokerStars Hand #146959284505:  Hold'em Limit ($3/$6 USD) - 2016/01/13 5:59:50 ET
Table 'Ludovica II' 2-max Seat #1 is the button
Seat 1: dodge658 ($63.64 in chips)
Seat 2: Masqb ($155.32 in chips)
dodge658: posts small blind $1
Masqb: posts big blind $3
*** HOLE CARDS ***
dodge658: calls $2
Masqb: checks
*** FLOP *** [Tc 8s 2s]
Masqb: bets $3
dodge658: calls $3
*** TURN *** [Tc 8s 2s] [4c]
Masqb: checks
dodge658: checks
*** RIVER *** [Tc 8s 2s 4c] [5s]
Masqb: checks
dodge658: bets $6
Masqb: calls $6
*** SHOW DOWN ***
dodge658: shows [2d Ad] (a pair of Deuces)
Masqb: mucks hand
dodge658 collected $23.52 from pot
*** SUMMARY ***
Total pot $24 | Rake $0.48
Board [Tc 8s 2s 4c 5s]
Seat 1: dodge658 (button) (small blind) showed [2d Ad] and won ($23.52) with a pair of Deuces
Seat 2: Masqb (big blind) mucked


PokerStars Hand #146959265672:  Hold'em Limit ($3/$6 USD) - 2016/01/13 5:59:07 ET
Table 'Ludovica II' 2-max Seat #2 is the button
Seat 1: dodge658 ($55 in chips)
Seat 2: Masqb ($164.32 in chips)
Masqb: posts small blind $1
dodge658: posts big blind $3
*** HOLE CARDS ***
Masqb: raises $3 to $6
dodge658: calls $3
*** FLOP *** [2c Ac 7s]
dodge658: checks
Masqb: bets $3
dodge658: calls $3
*** TURN *** [2c Ac 7s] [3h]
dodge658: checks
Masqb: checks
*** RIVER *** [2c Ac 7s 3h] [6s]
dodge658: bets $6
Masqb: folds
Uncalled bet ($6) returned to dodge658
dodge658 collected $17.64 from pot
dodge658: doesn't show hand
*** SUMMARY ***
Total pot $18 | Rake $0.36
Board [2c Ac 7s 3h 6s]
Seat 1: dodge658 (big blind) collected ($17.64)
Seat 2: Masqb (button) (small blind) folded on the River


PokerStars Hand #146959348282:  Hold'em Limit ($3/$6 USD) - 2016/01/13 6:02:07 ET
Table 'Ludovica II' 2-max Seat #1 is the button
Seat 1: dodge658 ($98.42 in chips)
Seat 2: Masqb ($119.20 in chips)
dodge658: posts small blind $1
Masqb: posts big blind $3
*** HOLE CARDS ***
dodge658: calls $2
Masqb: checks
*** FLOP *** [Jd 4c 5c]
Masqb: bets $3
dodge658: calls $3
*** TURN *** [Jd 4c 5c] [Qc]
Masqb: bets $6
dodge658: calls $6
*** RIVER *** [Jd 4c 5c Qc] [8c]
Masqb: bets $6
dodge658: folds
Uncalled bet ($6) returned to Masqb
Masqb collected $23.52 from pot
Masqb: doesn't show hand
*** SUMMARY ***
Total pot $24 | Rake $0.48
Board [Jd 4c 5c Qc 8c]
Seat 1: dodge658 (button) (small blind) folded on the River
Seat 2: Masqb (big blind) collected ($23.52)


PokerStars Hand #146959331961:  Hold'em Limit ($3/$6 USD) - 2016/01/13 6:01:34 ET
Table 'Ludovica II' 2-max Seat #2 is the button
Seat 1: dodge658 ($77.92 in chips)
Seat 2: Masqb ($140.20 in chips)
Masqb: posts small blind $1
dodge658: posts big blind $3
*** HOLE CARDS ***
Masqb: raises $3 to $6
dodge658: calls $3
*** FLOP *** [9s 4h 2s]
dodge658: checks
Masqb: bets $3
dodge658: calls $3
*** TURN *** [9s 4h 2s] [Jh]
dodge658: checks
Masqb: bets $6
dodge658: calls $6
*** RIVER *** [9s 4h 2s Jh] [Ts]
dodge658: bets $6
Masqb: calls $6
*** SHOW DOWN ***
dodge658: shows [Tc 8s] (a pair of Tens)
Masqb: mucks hand
dodge658 collected $41.50 from pot
*** SUMMARY ***
Total pot $42 | Rake $0.50
Board [9s 4h 2s Jh Ts]
Seat 1: dodge658 (big blind) showed [Tc 8s] and won ($41.50) with a pair of Tens
Seat 2: Masqb (button) (small blind) mucked


PokerStars Hand #146959318295:  Hold'em Limit ($3/$6 USD) - 2016/01/13 6:01:05 ET
Table 'Ludovica II' 2-max Seat #1 is the button
Seat 1: dodge658 ($80.92 in chips)
Seat 2: Masqb ($137.32 in chips)
dodge658: posts small blind $1
Masqb: posts big blind $3
*** HOLE CARDS ***
dodge658: calls $2
Masqb: checks
*** FLOP *** [Ad 5d 5c]
Masqb: checks
dodge658: checks
*** TURN *** [Ad 5d 5c] [Qc]
Masqb: checks
dodge658: checks
*** RIVER *** [Ad 5d 5c Qc] [3h]
Masqb: checks
dodge658: checks
*** SHOW DOWN ***
Masqb: shows [Tc 7s] (a pair of Fives)
dodge658: mucks hand
Masqb collected $5.88 from pot
*** SUMMARY ***
Total pot $6 | Rake $0.12
Board [Ad 5d 5c Qc 3h]
Seat 1: dodge658 (button) (small blind) mucked
Seat 2: Masqb (big blind) showed [Tc 7s] and won ($5.88) with a pair of Fives


PokerStars Hand #146959307607:  Hold'em Limit ($3/$6 USD) - 2016/01/13 6:00:42 ET
Table 'Ludovica II' 2-max Seat #2 is the button
Seat 1: dodge658 ($75.16 in chips)
Seat 2: Masqb ($143.32 in chips)
Masqb: posts small blind $1
dodge658: posts big blind $3
*** HOLE CARDS ***
Masqb: raises $3 to $6
dodge658: calls $3
*** FLOP *** [7c 5s Ts]
dodge658: checks
Masqb: checks
*** TURN *** [7c 5s Ts] [Ah]
dodge658: bets $6
Masqb: folds
Uncalled bet ($6) returned to dodge658
dodge658 collected $11.76 from pot
dodge658: doesn't show hand
*** SUMMARY ***
Total pot $12 | Rake $0.24
Board [7c 5s Ts Ah]
Seat 1: dodge658 (big blind) collected ($11.76)
Seat 2: Masqb (button) (small blind) folded on the Turn


PokerStars Hand #146959368435:  Hold'em Limit ($3/$6 USD) - 2016/01/13 6:02:48 ET
Table 'Ludovica II' 2-max Seat #2 is the button
Seat 1: dodge658 ($86.42 in chips)
Seat 2: Masqb ($130.72 in chips)
Masqb: posts small blind $1
dodge658: posts big blind $3
*** HOLE CARDS ***
Masqb: raises $3 to $6
dodge658: calls $3
*** FLOP *** [8c Kd Ad]
dodge658: bets $3
Masqb: calls $3
*** TURN *** [8c Kd Ad] [4d]
dodge658: bets $6
Masqb: folds
Uncalled bet ($6) returned to dodge658
dodge658 collected $17.64 from pot
dodge658: doesn't show hand
*** SUMMARY ***
Total pot $18 | Rake $0.36
Board [8c Kd Ad 4d]
Seat 1: dodge658 (big blind) collected ($17.64)
Seat 2: Masqb (button) (small blind) folded on the Turn


PokerStars Hand #146959402833:  Hold'em Limit ($3/$6 USD) - 2016/01/13 6:03:56 ET
Table 'Ludovica II' 2-max Seat #2 is the button
Seat 1: dodge658 ($115.56 in chips)
Seat 2: Masqb ($100.72 in chips)
Masqb: posts small blind $1
dodge658: posts big blind $3
*** HOLE CARDS ***
Masqb: raises $3 to $6
dodge658: calls $3
*** FLOP *** [7d Ts 7h]
dodge658: checks
Masqb: bets $3
dodge658: calls $3
*** TURN *** [7d Ts 7h] [6c]
dodge658: checks
Masqb: checks
*** RIVER *** [7d Ts 7h 6c] [Kd]
dodge658: checks
Masqb: checks
*** SHOW DOWN ***
dodge658: shows [9h Qd] (a pair of Sevens)
Masqb: shows [5h Qs] (a pair of Sevens)
dodge658 collected $8.82 from pot
Masqb collected $8.82 from pot
*** SUMMARY ***
Total pot $18 | Rake $0.36
Board [7d Ts 7h 6c Kd]
Seat 1: dodge658 (big blind) showed [9h Qd] and won ($8.82) with a pair of Sevens
Seat 2: Masqb (button) (small blind) showed [5h Qs] and won ($8.82) with a pair of Sevens


PokerStars Hand #146959380996:  Hold'em Limit ($3/$6 USD) - 2016/01/13 6:03:13 ET
Table 'Ludovica II' 2-max Seat #1 is the button
Seat 1: dodge658 ($95.06 in chips)
Seat 2: Masqb ($121.72 in chips)
dodge658: posts small blind $1
Masqb: posts big blind $3
*** HOLE CARDS ***
dodge658: calls $2
Masqb: raises $3 to $6
dodge658: calls $3
*** FLOP *** [Kh Kc Td]
Masqb: bets $3
dodge658: calls $3
*** TURN *** [Kh Kc Td] [8d]
Masqb: bets $6
dodge658: calls $6
*** RIVER *** [Kh Kc Td 8d] [3h]
Masqb: checks
dodge658: bets $6
Masqb: calls $6
*** SHOW DOWN ***
dodge658: shows [Ah 3s] (two pair, Kings and Threes)
Masqb: mucks hand
dodge658 collected $41.50 from pot
*** SUMMARY ***
Total pot $42 | Rake $0.50
Board [Kh Kc Td 8d 3h]
Seat 1: dodge658 (button) (small blind) showed [Ah 3s] and won ($41.50) with two pair, Kings and Threes
Seat 2: Masqb (big blind) mucked


PokerStars Hand #146959439832:  Hold'em Limit ($3/$6 USD) - 2016/01/13 6:05:10 ET
Table 'Ludovica II' 2-max Seat #2 is the button
Seat 1: dodge658 ($135.88 in chips)
Seat 2: Masqb ($79.54 in chips)
Masqb: posts small blind $1
dodge658: posts big blind $3
*** HOLE CARDS ***
Masqb: raises $3 to $6
dodge658: calls $3
*** FLOP *** [Qc Td Qd]
dodge658: bets $3
Masqb: folds
Uncalled bet ($3) returned to dodge658
dodge658 collected $11.76 from pot
dodge658: doesn't show hand
*** SUMMARY ***
Total pot $12 | Rake $0.24
Board [Qc Td Qd]
Seat 1: dodge658 (big blind) collected ($11.76)
Seat 2: Masqb (button) (small blind) folded on the Flop


PokerStars Hand #146959420767:  Hold'em Limit ($3/$6 USD) - 2016/01/13 6:04:32 ET
Table 'Ludovica II' 2-max Seat #1 is the button
Seat 1: dodge658 ($115.38 in chips)
Seat 2: Masqb ($100.54 in chips)
dodge658: posts small blind $1
Masqb: posts big blind $3
*** HOLE CARDS ***
dodge658: calls $2
Masqb: raises $3 to $6
dodge658: calls $3
*** FLOP *** [6s 5h 2h]
Masqb: bets $3
dodge658: calls $3
*** TURN *** [6s 5h 2h] [3c]
Masqb: checks
dodge658: bets $6
Masqb: calls $6
*** RIVER *** [6s 5h 2h 3c] [7h]
Masqb: checks
dodge658: bets $6
Masqb: calls $6
*** SHOW DOWN ***
dodge658: shows [Qc 3d] (a pair of Threes)
Masqb: mucks hand
dodge658 collected $41.50 from pot
*** SUMMARY ***
Total pot $42 | Rake $0.50
Board [6s 5h 2h 3c 7h]
Seat 1: dodge658 (button) (small blind) showed [Qc 3d] and won ($41.50) with a pair of Threes
Seat 2: Masqb (big blind) mucked


PokerStars Hand #146959481208:  Hold'em Limit ($3/$6 USD) - 2016/01/13 6:06:31 ET
Table 'Ludovica II' 2-max Seat #1 is the button
Seat 1: dodge658 ($147.14 in chips)
Seat 2: Masqb ($134.64 in chips)
dodge658: posts small blind $1
Masqb: posts big blind $3
*** HOLE CARDS ***
dodge658: folds
Uncalled bet ($2) returned to Masqb
Masqb collected $2 from pot
Masqb: doesn't show hand
*** SUMMARY ***
Total pot $2 | Rake $0
Seat 1: dodge658 (button) (small blind) folded before Flop
Seat 2: Masqb (big blind) collected ($2)


PokerStars Hand #146959467103:  Hold'em Limit ($3/$6 USD) - 2016/01/13 6:06:03 ET
Table 'Ludovica II' 2-max Seat #2 is the button
Seat 1: dodge658 ($156.14 in chips)
Seat 2: Masqb ($126 in chips)
Masqb: posts small blind $1
dodge658: posts big blind $3
*** HOLE CARDS ***
Masqb: raises $3 to $6
dodge658: calls $3
*** FLOP *** [4s 5h Ad]
dodge658: checks
Masqb: bets $3
dodge658: calls $3
*** TURN *** [4s 5h Ad] [5d]
dodge658: checks
Masqb: bets $6
dodge658: folds
Uncalled bet ($6) returned to Masqb
Masqb collected $17.64 from pot
Masqb: doesn't show hand
*** SUMMARY ***
Total pot $18 | Rake $0.36
Board [4s 5h Ad 5d]
Seat 1: dodge658 (big blind) folded on the Turn
Seat 2: Masqb (button) (small blind) collected ($17.64)


PokerStars Hand #146959446477:  Hold'em Limit ($3/$6 USD) - 2016/01/13 6:05:23 ET
Table 'Ludovica II' 2-max Seat #1 is the button
Seat 1: dodge658 ($141.64 in chips)
Seat 2: Masqb ($73.54 in chips)
dodge658: posts small blind $1
Masqb: posts big blind $3
*** HOLE CARDS ***
dodge658: calls $2
Masqb: raises $3 to $6
dodge658: calls $3
*** FLOP *** [Th 7h 3c]
Masqb: bets $3
dodge658: calls $3
*** TURN *** [Th 7h 3c] [As]
Masqb: checks
dodge658: checks
*** RIVER *** [Th 7h 3c As] [4h]
Masqb: checks
dodge658: bets $6
Masqb: calls $6
*** SHOW DOWN ***
dodge658: shows [9d 9h] (a pair of Nines)
Masqb: mucks hand
dodge658 collected $29.50 from pot
*** SUMMARY ***
Total pot $30 | Rake $0.50
Board [Th 7h 3c As 4h]
Seat 1: dodge658 (button) (small blind) showed [9d 9h] and won ($29.50) with a pair of Nines
Seat 2: Masqb (big blind) mucked


PokerStars Hand #146959484827:  Hold'em Limit ($3/$6 USD) - 2016/01/13 6:06:38 ET
Table 'Ludovica II' 2-max Seat #2 is the button
Seat 1: dodge658 ($146.14 in chips)
Seat 2: Masqb ($135.64 in chips)
Masqb: posts small blind $1
dodge658: posts big blind $3
*** HOLE CARDS ***
Masqb: raises $3 to $6
dodge658: calls $3
*** FLOP *** [4s Js 5h]
dodge658: bets $3
Masqb: calls $3
*** TURN *** [4s Js 5h] [Ah]
dodge658: bets $6
Masqb: raises $6 to $12
dodge658: calls $6
*** RIVER *** [4s Js 5h Ah] [7s]
dodge658: bets $6
Masqb: raises $6 to $12
dodge658: calls $6
*** SHOW DOWN ***
Masqb: shows [Jh Ad] (two pair, Aces and Jacks)
dodge658: shows [9s 2s] (a flush, Jack high)
dodge658 collected $65.50 from pot
*** SUMMARY ***
Total pot $66 | Rake $0.50
Board [4s Js 5h Ah 7s]
Seat 1: dodge658 (big blind) showed [9s 2s] and won ($65.50) with a flush, Jack high
Seat 2: Masqb (button) (small blind) showed [Jh Ad] and lost with two pair, Aces and Jacks


PokerStars Hand #146959502653:  Hold'em Limit ($3/$6 USD) - 2016/01/13 6:07:13 ET
Table 'Ludovica II' 2-max Seat #1 is the button
Seat 1: dodge658 ($178.64 in chips)
Seat 2: Masqb ($102.64 in chips)
dodge658: posts small blind $1
Masqb: posts big blind $3
*** HOLE CARDS ***
dodge658: calls $2
Masqb: checks
*** FLOP *** [Kh 2c 2d]
Masqb: checks
dodge658: checks
*** TURN *** [Kh 2c 2d] [5c]
Masqb: checks
dodge658: checks
*** RIVER *** [Kh 2c 2d 5c] [6d]
Masqb: checks
dodge658: checks
*** SHOW DOWN ***
Masqb: shows [Th 3d] (a pair of Deuces)
dodge658: mucks hand
Masqb collected $5.88 from pot
*** SUMMARY ***
Total pot $6 | Rake $0.12
Board [Kh 2c 2d 5c 6d]
Seat 1: dodge658 (button) (small blind) mucked
Seat 2: Masqb (big blind) showed [Th 3d] and won ($5.88) with a pair of Deuces


PokerStars Hand #146959547665:  Hold'em Limit ($3/$6 USD) - 2016/01/13 6:08:40 ET
Table 'Ludovica II' 2-max Seat #2 is the button
Seat 1: dodge658 ($175.40 in chips)
Seat 2: Masqb ($105.28 in chips)
Masqb: posts small blind $1
dodge658: posts big blind $3
*** HOLE CARDS ***
Masqb: raises $3 to $6
dodge658: calls $3
*** FLOP *** [Td 8d 6h]
dodge658: bets $3
Masqb: folds
Uncalled bet ($3) returned to dodge658
dodge658 collected $11.76 from pot
dodge658: doesn't show hand
*** SUMMARY ***
Total pot $12 | Rake $0.24
Board [Td 8d 6h]
Seat 1: dodge658 (big blind) collected ($11.76)
Seat 2: Masqb (button) (small blind) folded on the Flop


PokerStars Hand #146959524373:  Hold'em Limit ($3/$6 USD) - 2016/01/13 6:07:55 ET
Table 'Ludovica II' 2-max Seat #1 is the button
Seat 1: dodge658 ($169.64 in chips)
Seat 2: Masqb ($111.28 in chips)
dodge658: posts small blind $1
Masqb: posts big blind $3
*** HOLE CARDS ***
dodge658: calls $2
Masqb: checks
*** FLOP *** [Jh 3s Qs]
Masqb: checks
dodge658: bets $3
Masqb: calls $3
*** TURN *** [Jh 3s Qs] [7h]
Masqb: checks
dodge658 is disconnected
dodge658 has timed out while disconnected
dodge658: checks
*** RIVER *** [Jh 3s Qs 7h] [Ac]
Masqb: checks
dodge658 is connected
dodge658: checks
*** SHOW DOWN ***
Masqb: shows [3d Ts] (a pair of Threes)
dodge658: shows [Js 6h] (a pair of Jacks)
dodge658 collected $11.76 from pot
*** SUMMARY ***
Total pot $12 | Rake $0.24
Board [Jh 3s Qs 7h Ac]
Seat 1: dodge658 (button) (small blind) showed [Js 6h] and won ($11.76) with a pair of Jacks
Seat 2: Masqb (big blind) showed [3d Ts] and lost with a pair of Threes


PokerStars Hand #146959555624:  Hold'em Limit ($3/$6 USD) - 2016/01/13 6:08:55 ET
Table 'Ludovica II' 2-max Seat #1 is the button
Seat 1: dodge658 ($181.16 in chips)
Seat 2: Masqb ($99.28 in chips)
dodge658: posts small blind $1
Masqb: posts big blind $3
*** HOLE CARDS ***
dodge658: calls $2
Masqb: raises $3 to $6
dodge658: calls $3
*** FLOP *** [Js 8h Qd]
Masqb: bets $3
dodge658: folds
Uncalled bet ($3) returned to Masqb
Masqb collected $11.76 from pot
Masqb: doesn't show hand
*** SUMMARY ***
Total pot $12 | Rake $0.24
Board [Js 8h Qd]
Seat 1: dodge658 (button) (small blind) folded on the Flop
Seat 2: Masqb (big blind) collected ($11.76)


PokerStars Hand #146959564033:  Hold'em Limit ($3/$6 USD) - 2016/01/13 6:09:12 ET
Table 'Ludovica II' 2-max Seat #2 is the button
Seat 1: dodge658 ($175.16 in chips)
Seat 2: Masqb ($105.04 in chips)
Masqb: posts small blind $1
dodge658: posts big blind $3
*** HOLE CARDS ***
Masqb: raises $3 to $6
dodge658: calls $3
*** FLOP *** [Jc 3c Js]
dodge658: checks
Masqb: bets $3
dodge658: folds
Uncalled bet ($3) returned to Masqb
Masqb collected $11.76 from pot
Masqb: doesn't show hand
*** SUMMARY ***
Total pot $12 | Rake $0.24
Board [Jc 3c Js]
Seat 1: dodge658 (big blind) folded on the Flop
Seat 2: Masqb (button) (small blind) collected ($11.76)


PokerStars Hand #146959572112:  Hold'em Limit ($3/$6 USD) - 2016/01/13 6:09:28 ET
Table 'Ludovica II' 2-max Seat #1 is the button
Seat 1: dodge658 ($169.16 in chips)
Seat 2: Masqb ($110.80 in chips)
dodge658: posts small blind $1
Masqb: posts big blind $3
*** HOLE CARDS ***
dodge658: calls $2
Masqb: checks
*** FLOP *** [8d 2h Tc]
Masqb: checks
dodge658: bets $3
Masqb: folds
Uncalled bet ($3) returned to dodge658
dodge658 collected $5.88 from pot
dodge658: doesn't show hand
*** SUMMARY ***
Total pot $6 | Rake $0.12
Board [8d 2h Tc]
Seat 1: dodge658 (button) (small blind) collected ($5.88)
Seat 2: Masqb (big blind) folded on the Flop


PokerStars Hand #146959580113:  Hold'em Limit ($3/$6 USD) - 2016/01/13 6:09:44 ET
Table 'Ludovica II' 2-max Seat #2 is the button
Seat 1: dodge658 ($172.04 in chips)
Seat 2: Masqb ($107.80 in chips)
Masqb: posts small blind $1
dodge658: posts big blind $3
*** HOLE CARDS ***
Masqb: raises $3 to $6
dodge658: calls $3
*** FLOP *** [Jc 7h 7d]
dodge658: checks
Masqb: bets $3
dodge658: calls $3
*** TURN *** [Jc 7h 7d] [Ks]
dodge658: checks
Masqb: bets $6
dodge658: calls $6
*** RIVER *** [Jc 7h 7d Ks] [9h]
dodge658: bets $6
Masqb: calls $6
*** SHOW DOWN ***
dodge658: shows [Qh Td] (a straight, Nine to King)
Masqb: mucks hand
dodge658 collected $41.50 from pot
*** SUMMARY ***
Total pot $42 | Rake $0.50
Board [Jc 7h 7d Ks 9h]
Seat 1: dodge658 (big blind) showed [Qh Td] and won ($41.50) with a straight, Nine to King
Seat 2: Masqb (button) (small blind) mucked


PokerStars Hand #146959595565:  Hold'em Limit ($3/$6 USD) - 2016/01/13 6:10:14 ET
Table 'Ludovica II' 2-max Seat #1 is the button
Seat 1: dodge658 ($192.54 in chips)
Seat 2: Masqb ($86.80 in chips)
dodge658: posts small blind $1
Masqb: posts big blind $3
*** HOLE CARDS ***
dodge658: calls $2
Masqb: raises $3 to $6
dodge658: calls $3
*** FLOP *** [2c 2h 2s]
Masqb: bets $3
dodge658: calls $3
*** TURN *** [2c 2h 2s] [6s]
Masqb: bets $6
dodge658: calls $6
*** RIVER *** [2c 2h 2s 6s] [Th]
Masqb: checks
dodge658: checks
*** SHOW DOWN ***
Masqb: shows [3c Ac] (three of a kind, Deuces)
dodge658: mucks hand
Masqb collected $29.50 from pot
*** SUMMARY ***
Total pot $30 | Rake $0.50
Board [2c 2h 2s 6s Th]
Seat 1: dodge658 (button) (small blind) mucked
Seat 2: Masqb (big blind) showed [3c Ac] and won ($29.50) with three of a kind, Deuces


PokerStars Hand #146959609353:  Hold'em Limit ($3/$6 USD) - 2016/01/13 6:10:40 ET
Table 'Ludovica II' 2-max Seat #2 is the button
Seat 1: dodge658 ($177.54 in chips)
Seat 2: Masqb ($101.30 in chips)
Masqb: posts small blind $1
dodge658: posts big blind $3
*** HOLE CARDS ***
Masqb: raises $3 to $6
dodge658: calls $3
*** FLOP *** [8d 6d Qc]
dodge658: bets $3
Masqb: calls $3
*** TURN *** [8d 6d Qc] [4c]
dodge658: checks
Masqb: bets $6
dodge658: calls $6
*** RIVER *** [8d 6d Qc 4c] [2c]
dodge658: bets $6
Masqb: raises $6 to $12
dodge658: calls $6
*** SHOW DOWN ***
Masqb: shows [7s 5d] (a straight, Four to Eight)
dodge658: mucks hand
Masqb collected $53.50 from pot
*** SUMMARY ***
Total pot $54 | Rake $0.50
Board [8d 6d Qc 4c 2c]
Seat 1: dodge658 (big blind) mucked
Seat 2: Masqb (button) (small blind) showed [7s 5d] and won ($53.50) with a straight, Four to Eight


PokerStars Hand #146959623193:  Hold'em Limit ($3/$6 USD) - 2016/01/13 6:11:08 ET
Table 'Ludovica II' 2-max Seat #1 is the button
Seat 1: dodge658 ($150.54 in chips)
Seat 2: Masqb ($127.80 in chips)
dodge658: posts small blind $1
Masqb: posts big blind $3
*** HOLE CARDS ***
dodge658: folds
Uncalled bet ($2) returned to Masqb
Masqb collected $2 from pot
Masqb: doesn't show hand
*** SUMMARY ***
Total pot $2 | Rake $0
Seat 1: dodge658 (button) (small blind) folded before Flop
Seat 2: Masqb (big blind) collected ($2)


PokerStars Hand #146959626575:  Hold'em Limit ($3/$6 USD) - 2016/01/13 6:11:14 ET
Table 'Ludovica II' 2-max Seat #2 is the button
Seat 1: dodge658 ($149.54 in chips)
Seat 2: Masqb ($128.80 in chips)
Masqb: posts small blind $1
dodge658: posts big blind $3
*** HOLE CARDS ***
Masqb: raises $3 to $6
dodge658: calls $3
*** FLOP *** [Ad Kd 4d]
dodge658: bets $3
Masqb: calls $3
*** TURN *** [Ad Kd 4d] [2c]
dodge658: bets $6
Masqb: calls $6
*** RIVER *** [Ad Kd 4d 2c] [6c]
dodge658: bets $6
Masqb: calls $6
*** SHOW DOWN ***
dodge658: shows [4s Kh] (two pair, Kings and Fours)
Masqb: mucks hand
dodge658 collected $41.50 from pot
*** SUMMARY ***
Total pot $42 | Rake $0.50
Board [Ad Kd 4d 2c 6c]
Seat 1: dodge658 (big blind) showed [4s Kh] and won ($41.50) with two pair, Kings and Fours
Seat 2: Masqb (button) (small blind) mucked


PokerStars Hand #146959639573:  Hold'em Limit ($3/$6 USD) - 2016/01/13 6:11:40 ET
Table 'Ludovica II' 2-max Seat #1 is the button
Seat 1: dodge658 ($170.04 in chips)
Seat 2: Masqb ($107.80 in chips)
dodge658: posts small blind $1
Masqb: posts big blind $3
*** HOLE CARDS ***
dodge658: calls $2
Masqb: checks
*** FLOP *** [3c 7h 6c]
Masqb: bets $3
dodge658: calls $3
*** TURN *** [3c 7h 6c] [7d]
Masqb: bets $6
dodge658: folds
Uncalled bet ($6) returned to Masqb
Masqb collected $11.76 from pot
Masqb: doesn't show hand
*** SUMMARY ***
Total pot $12 | Rake $0.24
Board [3c 7h 6c 7d]
Seat 1: dodge658 (button) (small blind) folded on the Turn
Seat 2: Masqb (big blind) collected ($11.76)


PokerStars Hand #146959650873:  Hold'em Limit ($3/$6 USD) - 2016/01/13 6:12:02 ET
Table 'Ludovica II' 2-max Seat #2 is the button
Seat 1: dodge658 ($164.04 in chips)
Seat 2: Masqb ($113.56 in chips)
Masqb: posts small blind $1
dodge658: posts big blind $3
*** HOLE CARDS ***
Masqb: raises $3 to $6
dodge658: calls $3
*** FLOP *** [9d 9h 3h]
dodge658: bets $3
Masqb: calls $3
*** TURN *** [9d 9h 3h] [2c]
dodge658: bets $6
Masqb: folds
Uncalled bet ($6) returned to dodge658
dodge658 collected $17.64 from pot
dodge658: doesn't show hand
*** SUMMARY ***
Total pot $18 | Rake $0.36
Board [9d 9h 3h 2c]
Seat 1: dodge658 (big blind) collected ($17.64)
Seat 2: Masqb (button) (small blind) folded on the Turn


PokerStars Hand #146959663567:  Hold'em Limit ($3/$6 USD) - 2016/01/13 6:12:27 ET
Table 'Ludovica II' 2-max Seat #1 is the button
Seat 1: dodge658 ($172.68 in chips)
Seat 2: Masqb ($104.56 in chips)
dodge658: posts small blind $1
Masqb: posts big blind $3
*** HOLE CARDS ***
dodge658: calls $2
Masqb: checks
*** FLOP *** [6h Kd Ks]
Masqb: checks
dodge658: bets $3
Masqb: folds
Uncalled bet ($3) returned to dodge658
dodge658 collected $5.88 from pot
dodge658: doesn't show hand
*** SUMMARY ***
Total pot $6 | Rake $0.12
Board [6h Kd Ks]
Seat 1: dodge658 (button) (small blind) collected ($5.88)
Seat 2: Masqb (big blind) folded on the Flop


PokerStars Hand #146959686340:  Hold'em Limit ($3/$6 USD) - 2016/01/13 6:13:12 ET
Table 'Ludovica II' 2-max Seat #1 is the button
Seat 1: dodge658 ($187.08 in chips)
Seat 2: Masqb ($89.56 in chips)
dodge658: posts small blind $1
Masqb: posts big blind $3
*** HOLE CARDS ***
dodge658: calls $2
Masqb: raises $3 to $6
dodge658: calls $3
*** FLOP *** [Td 2d 3h]
Masqb: bets $3
dodge658: calls $3
*** TURN *** [Td 2d 3h] [6d]
Masqb: bets $6
dodge658: calls $6
*** RIVER *** [Td 2d 3h 6d] [9c]
Masqb: checks
dodge658: bets $6
Masqb: calls $6
*** SHOW DOWN ***
dodge658: shows [6s 2s] (two pair, Sixes and Deuces)
Masqb: mucks hand
dodge658 collected $41.50 from pot
*** SUMMARY ***
Total pot $42 | Rake $0.50
Board [Td 2d 3h 6d 9c]
Seat 1: dodge658 (button) (small blind) showed [6s 2s] and won ($41.50) with two pair, Sixes and Deuces
Seat 2: Masqb (big blind) mucked


PokerStars Hand #146959672030:  Hold'em Limit ($3/$6 USD) - 2016/01/13 6:12:44 ET
Table 'Ludovica II' 2-max Seat #2 is the button
Seat 1: dodge658 ($175.56 in chips)
Seat 2: Masqb ($101.56 in chips)
Masqb: posts small blind $1
dodge658: posts big blind $3
*** HOLE CARDS ***
Masqb: raises $3 to $6
dodge658: calls $3
*** FLOP *** [9h Kc Qc]
dodge658: bets $3
Masqb: raises $3 to $6
dodge658: calls $3
*** TURN *** [9h Kc Qc] [4c]
dodge658: bets $6
Masqb: folds
Uncalled bet ($6) returned to dodge658
dodge658 collected $23.52 from pot
dodge658: doesn't show hand
*** SUMMARY ***
Total pot $24 | Rake $0.48
Board [9h Kc Qc 4c]
Seat 1: dodge658 (big blind) collected ($23.52)
Seat 2: Masqb (button) (small blind) folded on the Turn


PokerStars Hand #146959702336:  Hold'em Limit ($3/$6 USD) - 2016/01/13 6:13:43 ET
Table 'Ludovica II' 2-max Seat #2 is the button
Seat 1: dodge658 ($207.58 in chips)
Seat 2: Masqb ($68.56 in chips)
Masqb: posts small blind $1
dodge658: posts big blind $3
*** HOLE CARDS ***
Masqb: raises $3 to $6
dodge658: calls $3
*** FLOP *** [5s 4d 9h]
dodge658: bets $3
Masqb: calls $3
*** TURN *** [5s 4d 9h] [6c]
dodge658: bets $6
Masqb: raises $6 to $12
dodge658: calls $6
*** RIVER *** [5s 4d 9h 6c] [5c]
dodge658: checks
Masqb: checks
*** SHOW DOWN ***
dodge658: shows [Kh 9s] (two pair, Nines and Fives)
Masqb: mucks hand
dodge658 collected $41.50 from pot
*** SUMMARY ***
Total pot $42 | Rake $0.50
Board [5s 4d 9h 6c 5c]
Seat 1: dodge658 (big blind) showed [Kh 9s] and won ($41.50) with two pair, Nines and Fives
Seat 2: Masqb (button) (small blind) mucked


PokerStars Hand #146959719924:  Hold'em Limit ($3/$6 USD) - 2016/01/13 6:14:18 ET
Table 'Ludovica II' 2-max Seat #1 is the button
Seat 1: dodge658 ($228.08 in chips)
Seat 2: Masqb ($126 in chips)
dodge658: posts small blind $1
Masqb: posts big blind $3
*** HOLE CARDS ***
dodge658: calls $2
Masqb: checks
*** FLOP *** [8h 9d 9h]
Masqb: bets $3
dodge658: calls $3
*** TURN *** [8h 9d 9h] [Th]
Masqb: bets $6
dodge658: calls $6
*** RIVER *** [8h 9d 9h Th] [9c]
Masqb: bets $6
dodge658: calls $6
*** SHOW DOWN ***
Masqb: shows [7h 9s] (four of a kind, Nines)
dodge658: mucks hand
Masqb collected $35.50 from pot
*** SUMMARY ***
Total pot $36 | Rake $0.50
Board [8h 9d 9h Th 9c]
Seat 1: dodge658 (button) (small blind) mucked
Seat 2: Masqb (big blind) showed [7h 9s] and won ($35.50) with four of a kind, Nines


PokerStars Hand #146959741673:  Hold'em Limit ($3/$6 USD) - 2016/01/13 6:15:00 ET
Table 'Ludovica II' 2-max Seat #1 is the button
Seat 1: dodge658 ($218.72 in chips)
Seat 2: Masqb ($134.50 in chips)
dodge658: posts small blind $1
Masqb: posts big blind $3
*** HOLE CARDS ***
dodge658: calls $2
Masqb: raises $3 to $6
dodge658: calls $3
*** FLOP *** [3s Jd 4h]
Masqb: bets $3
dodge658: calls $3
*** TURN *** [3s Jd 4h] [Kd]
Masqb: bets $6
dodge658: folds
Uncalled bet ($6) returned to Masqb
Masqb collected $17.64 from pot
Masqb: doesn't show hand
*** SUMMARY ***
Total pot $18 | Rake $0.36
Board [3s Jd 4h Kd]
Seat 1: dodge658 (button) (small blind) folded on the Turn
Seat 2: Masqb (big blind) collected ($17.64)


PokerStars Hand #146959731415:  Hold'em Limit ($3/$6 USD) - 2016/01/13 6:14:40 ET
Table 'Ludovica II' 2-max Seat #2 is the button
Seat 1: dodge658 ($210.08 in chips)
Seat 2: Masqb ($143.50 in chips)
Masqb: posts small blind $1
dodge658: posts big blind $3
*** HOLE CARDS ***
Masqb: raises $3 to $6
dodge658: calls $3
*** FLOP *** [2s 6s Qh]
dodge658: bets $3
Masqb: calls $3
*** TURN *** [2s 6s Qh] [7h]
dodge658: bets $6
Masqb: folds
Uncalled bet ($6) returned to dodge658
dodge658 collected $17.64 from pot
dodge658: doesn't show hand
*** SUMMARY ***
Total pot $18 | Rake $0.36
Board [2s 6s Qh 7h]
Seat 1: dodge658 (big blind) collected ($17.64)
Seat 2: Masqb (button) (small blind) folded on the Turn


PokerStars Hand #146959791261:  Hold'em Limit ($3/$6 USD) - 2016/01/13 6:16:36 ET
Table 'Ludovica II' 2-max Seat #1 is the button
Seat 1: dodge658 ($191.36 in chips)
Seat 2: Masqb ($160.40 in chips)
dodge658: posts small blind $1
Masqb: posts big blind $3
*** HOLE CARDS ***
dodge658: raises $3 to $6
Masqb: calls $3
*** FLOP *** [Ac As 8c]
Masqb: checks
dodge658: bets $3
Masqb: folds
Uncalled bet ($3) returned to dodge658
dodge658 collected $11.76 from pot
dodge658: doesn't show hand
*** SUMMARY ***
Total pot $12 | Rake $0.24
Board [Ac As 8c]
Seat 1: dodge658 (button) (small blind) collected ($11.76)
Seat 2: Masqb (big blind) folded on the Flop


PokerStars Hand #146959780470:  Hold'em Limit ($3/$6 USD) - 2016/01/13 6:16:16 ET
Table 'Ludovica II' 2-max Seat #2 is the button
Seat 1: dodge658 ($182.72 in chips)
Seat 2: Masqb ($169.40 in chips)
Masqb: posts small blind $1
dodge658: posts big blind $3
*** HOLE CARDS ***
Masqb: raises $3 to $6
dodge658: calls $3
*** FLOP *** [As 9d Td]
dodge658: bets $3
Masqb: calls $3
*** TURN *** [As 9d Td] [Js]
dodge658: bets $6
Masqb: folds
Uncalled bet ($6) returned to dodge658
dodge658 collected $17.64 from pot
dodge658: doesn't show hand
*** SUMMARY ***
Total pot $18 | Rake $0.36
Board [As 9d Td Js]
Seat 1: dodge658 (big blind) collected ($17.64)
Seat 2: Masqb (button) (small blind) folded on the Turn


PokerStars Hand #146959772199:  Hold'em Limit ($3/$6 USD) - 2016/01/13 6:16:00 ET
Table 'Ludovica II' 2-max Seat #1 is the button
Seat 1: dodge658 ($188.72 in chips)
Seat 2: Masqb ($163.64 in chips)
dodge658: posts small blind $1
Masqb: posts big blind $3
*** HOLE CARDS ***
dodge658: calls $2
Masqb: raises $3 to $6
dodge658: calls $3
*** FLOP *** [6c Ac 4h]
Masqb: bets $3
dodge658: folds
Uncalled bet ($3) returned to Masqb
Masqb collected $11.76 from pot
Masqb: doesn't show hand
*** SUMMARY ***
Total pot $12 | Rake $0.24
Board [6c Ac 4h]
Seat 1: dodge658 (button) (small blind) folded on the Flop
Seat 2: Masqb (big blind) collected ($11.76)


PokerStars Hand #146959753145:  Hold'em Limit ($3/$6 USD) - 2016/01/13 6:15:23 ET
Table 'Ludovica II' 2-max Seat #2 is the button
Seat 1: dodge658 ($209.72 in chips)
Seat 2: Masqb ($143.14 in chips)
Masqb: posts small blind $1
dodge658: posts big blind $3
*** HOLE CARDS ***
Masqb: raises $3 to $6
dodge658: calls $3
*** FLOP *** [5h 4d Jc]
dodge658: checks
Masqb: bets $3
dodge658: calls $3
*** TURN *** [5h 4d Jc] [5c]
dodge658: checks
Masqb: bets $6
dodge658: calls $6
*** RIVER *** [5h 4d Jc 5c] [7c]
dodge658: bets $6
Masqb: calls $6
*** SHOW DOWN ***
dodge658: shows [Ts Qc] (a pair of Fives)
Masqb: shows [Ks 7d] (two pair, Sevens and Fives)
Masqb collected $41.50 from pot
*** SUMMARY ***
Total pot $42 | Rake $0.50
Board [5h 4d Jc 5c 7c]
Seat 1: dodge658 (big blind) showed [Ts Qc] and lost with a pair of Fives
Seat 2: Masqb (button) (small blind) showed [Ks 7d] and won ($41.50) with two pair, Sevens and Fives


PokerStars Hand #146959803101:  Hold'em Limit ($3/$6 USD) - 2016/01/13 6:16:59 ET
Table 'Ludovica II' 2-max Seat #1 is the button
Seat 1: dodge658 ($198.12 in chips)
Seat 2: Masqb ($153.40 in chips)
dodge658: posts small blind $1
Masqb: posts big blind $3
*** HOLE CARDS ***
dodge658: calls $2
Masqb: raises $3 to $6
dodge658: calls $3
*** FLOP *** [Qd 6s 3s]
Masqb: bets $3
dodge658: folds
Uncalled bet ($3) returned to Masqb
Masqb collected $11.76 from pot
Masqb: doesn't show hand
*** SUMMARY ***
Total pot $12 | Rake $0.24
Board [Qd 6s 3s]
Seat 1: dodge658 (button) (small blind) folded on the Flop
Seat 2: Masqb (big blind) collected ($11.76)


PokerStars Hand #146959799834:  Hold'em Limit ($3/$6 USD) - 2016/01/13 6:16:53 ET
Table 'Ludovica II' 2-max Seat #2 is the button
Seat 1: dodge658 ($197.12 in chips)
Seat 2: Masqb ($154.40 in chips)
Masqb: posts small blind $1
dodge658: posts big blind $3
*** HOLE CARDS ***
Masqb: folds
Uncalled bet ($2) returned to dodge658
dodge658 collected $2 from pot
dodge658: doesn't show hand
*** SUMMARY ***
Total pot $2 | Rake $0
Seat 1: dodge658 (big blind) collected ($2)
Seat 2: Masqb (button) (small blind) folded before Flop


PokerStars Hand #146959819461:  Hold'em Limit ($3/$6 USD) - 2016/01/13 6:17:30 ET
Table 'Ludovica II' 2-max Seat #2 is the button
Seat 1: dodge658 ($192.12 in chips)
Seat 2: Masqb ($159.16 in chips)
Masqb: posts small blind $1
dodge658: posts big blind $3
*** HOLE CARDS ***
Masqb: raises $3 to $6
dodge658: calls $3
*** FLOP *** [3h 5c 3d]
dodge658: bets $3
Masqb: calls $3
*** TURN *** [3h 5c 3d] [Jc]
dodge658: bets $6
Masqb: calls $6
*** RIVER *** [3h 5c 3d Jc] [Qs]
dodge658: bets $6
Masqb: calls $6
*** SHOW DOWN ***
dodge658: shows [4h Ah] (a pair of Threes)
Masqb: shows [Ts Th] (two pair, Tens and Threes)
Masqb collected $41.50 from pot
*** SUMMARY ***
Total pot $42 | Rake $0.50
Board [3h 5c 3d Jc Qs]
Seat 1: dodge658 (big blind) showed [4h Ah] and lost with a pair of Threes
Seat 2: Masqb (button) (small blind) showed [Ts Th] and won ($41.50) with two pair, Tens and Threes


PokerStars Hand #146959845034:  Hold'em Limit ($3/$6 USD) - 2016/01/13 6:18:20 ET
Table 'Ludovica II' 2-max Seat #2 is the button
Seat 1: dodge658 ($176.88 in chips)
Seat 2: Masqb ($173.66 in chips)
Masqb: posts small blind $1
dodge658: posts big blind $3
*** HOLE CARDS ***
Masqb: raises $3 to $6
dodge658: calls $3
*** FLOP *** [Ac 8d Ah]
dodge658: checks
Masqb: bets $3
dodge658: calls $3
*** TURN *** [Ac 8d Ah] [Kh]
dodge658: checks
Masqb: bets $6
dodge658: folds
Uncalled bet ($6) returned to Masqb
Masqb collected $17.64 from pot
Masqb: doesn't show hand
*** SUMMARY ***
Total pot $18 | Rake $0.36
Board [Ac 8d Ah Kh]
Seat 1: dodge658 (big blind) folded on the Turn
Seat 2: Masqb (button) (small blind) collected ($17.64)


PokerStars Hand #146959834337:  Hold'em Limit ($3/$6 USD) - 2016/01/13 6:17:59 ET
Table 'Ludovica II' 2-max Seat #1 is the button
Seat 1: dodge658 ($171.12 in chips)
Seat 2: Masqb ($179.66 in chips)
dodge658: posts small blind $1
Masqb: posts big blind $3
*** HOLE CARDS ***
dodge658: calls $2
Masqb: checks
*** FLOP *** [9c Tc 8h]
Masqb: bets $3
dodge658: calls $3
*** TURN *** [9c Tc 8h] [Qs]
Masqb: checks
dodge658: bets $6
Masqb: folds
Uncalled bet ($6) returned to dodge658
dodge658 collected $11.76 from pot
dodge658: doesn't show hand
*** SUMMARY ***
Total pot $12 | Rake $0.24
Board [9c Tc 8h Qs]
Seat 1: dodge658 (button) (small blind) collected ($11.76)
Seat 2: Masqb (big blind) folded on the Turn


PokerStars Hand #146959856921:  Hold'em Limit ($3/$6 USD) - 2016/01/13 6:18:43 ET
Table 'Ludovica II' 2-max Seat #1 is the button
Seat 1: dodge658 ($167.88 in chips)
Seat 2: Masqb ($182.30 in chips)
dodge658: posts small blind $1
Masqb: posts big blind $3
*** HOLE CARDS ***
dodge658: calls $2
Masqb: checks
*** FLOP *** [4d 9c 8s]
Masqb: bets $3
dodge658: calls $3
*** TURN *** [4d 9c 8s] [Th]
Masqb: bets $6
dodge658: calls $6
*** RIVER *** [4d 9c 8s Th] [5c]
Masqb: bets $6
dodge658: calls $6
*** SHOW DOWN ***
Masqb: shows [6s 7h] (a straight, Six to Ten)
dodge658: mucks hand
Masqb collected $35.50 from pot
*** SUMMARY ***
Total pot $36 | Rake $0.50
Board [4d 9c 8s Th 5c]
Seat 1: dodge658 (button) (small blind) mucked
Seat 2: Masqb (big blind) showed [6s 7h] and won ($35.50) with a straight, Six to Ten


PokerStars Hand #146959869301:  Hold'em Limit ($3/$6 USD) - 2016/01/13 6:19:06 ET
Table 'Ludovica II' 2-max Seat #2 is the button
Seat 1: dodge658 ($149.88 in chips)
Seat 2: Masqb ($199.80 in chips)
Masqb: posts small blind $1
dodge658: posts big blind $3
*** HOLE CARDS ***
Masqb: raises $3 to $6
dodge658: calls $3
*** FLOP *** [Th Qs 7c]
dodge658: checks
Masqb: bets $3
dodge658: folds
Uncalled bet ($3) returned to Masqb
Masqb collected $11.76 from pot
Masqb: doesn't show hand
*** SUMMARY ***
Total pot $12 | Rake $0.24
Board [Th Qs 7c]
Seat 1: dodge658 (big blind) folded on the Flop
Seat 2: Masqb (button) (small blind) collected ($11.76)


PokerStars Hand #146959876590:  Hold'em Limit ($3/$6 USD) - 2016/01/13 6:19:20 ET
Table 'Ludovica II' 2-max Seat #1 is the button
Seat 1: dodge658 ($143.88 in chips)
Seat 2: Masqb ($205.56 in chips)
dodge658: posts small blind $1
Masqb: posts big blind $3
*** HOLE CARDS ***
dodge658: folds
Uncalled bet ($2) returned to Masqb
Masqb collected $2 from pot
Masqb: doesn't show hand
*** SUMMARY ***
Total pot $2 | Rake $0
Seat 1: dodge658 (button) (small blind) folded before Flop
Seat 2: Masqb (big blind) collected ($2)


PokerStars Hand #146959886230:  Hold'em Limit ($3/$6 USD) - 2016/01/13 6:19:38 ET
Table 'Ludovica II' 2-max Seat #1 is the button
Seat 1: dodge658 ($148.64 in chips)
Seat 2: Masqb ($200.56 in chips)
dodge658: posts small blind $1
Masqb: posts big blind $3
*** HOLE CARDS ***
dodge658: folds
Uncalled bet ($2) returned to Masqb
Masqb collected $2 from pot
Masqb: doesn't show hand
*** SUMMARY ***
Total pot $2 | Rake $0
Seat 1: dodge658 (button) (small blind) folded before Flop
Seat 2: Masqb (big blind) collected ($2)


PokerStars Hand #146959879581:  Hold'em Limit ($3/$6 USD) - 2016/01/13 6:19:26 ET
Table 'Ludovica II' 2-max Seat #2 is the button
Seat 1: dodge658 ($142.88 in chips)
Seat 2: Masqb ($206.56 in chips)
Masqb: posts small blind $1
dodge658: posts big blind $3
*** HOLE CARDS ***
Masqb: raises $3 to $6
dodge658: calls $3
*** FLOP *** [Jh Ah 2s]
dodge658: bets $3
Masqb: folds
Uncalled bet ($3) returned to dodge658
dodge658 collected $11.76 from pot
dodge658: doesn't show hand
*** SUMMARY ***
Total pot $12 | Rake $0.24
Board [Jh Ah 2s]
Seat 1: dodge658 (big blind) collected ($11.76)
Seat 2: Masqb (button) (small blind) folded on the Flop


PokerStars Hand #146959889726:  Hold'em Limit ($3/$6 USD) - 2016/01/13 6:19:45 ET
Table 'Ludovica II' 2-max Seat #2 is the button
Seat 1: dodge658 ($147.64 in chips)
Seat 2: Masqb ($201.56 in chips)
Masqb: posts small blind $1
dodge658: posts big blind $3
*** HOLE CARDS ***
Masqb: raises $3 to $6
dodge658: calls $3
*** FLOP *** [Jh Qs Td]
dodge658: checks
Masqb: bets $3
dodge658: calls $3
*** TURN *** [Jh Qs Td] [Ad]
dodge658: checks
Masqb: bets $6
dodge658: folds
Uncalled bet ($6) returned to Masqb
Masqb collected $17.64 from pot
Masqb: doesn't show hand
*** SUMMARY ***
Total pot $18 | Rake $0.36
Board [Jh Qs Td Ad]
Seat 1: dodge658 (big blind) folded on the Turn
Seat 2: Masqb (button) (small blind) collected ($17.64)


PokerStars Hand #146959902580:  Hold'em Limit ($3/$6 USD) - 2016/01/13 6:20:09 ET
Table 'Ludovica II' 2-max Seat #1 is the button
Seat 1: dodge658 ($138.64 in chips)
Seat 2: Masqb ($210.20 in chips)
dodge658: posts small blind $1
Masqb: posts big blind $3
*** HOLE CARDS ***
dodge658: calls $2
Masqb: checks
*** FLOP *** [Js Jd 9d]
Masqb: checks
dodge658: bets $3
Masqb: folds
Uncalled bet ($3) returned to dodge658
dodge658 collected $5.88 from pot
dodge658: doesn't show hand
*** SUMMARY ***
Total pot $6 | Rake $0.12
Board [Js Jd 9d]
Seat 1: dodge658 (button) (small blind) collected ($5.88)
Seat 2: Masqb (big blind) folded on the Flop


PokerStars Hand #146959910893:  Hold'em Limit ($3/$6 USD) - 2016/01/13 6:20:25 ET
Table 'Ludovica II' 2-max Seat #2 is the button
Seat 1: dodge658 ($141.52 in chips)
Seat 2: Masqb ($207.20 in chips)
Masqb: posts small blind $1
dodge658: posts big blind $3
*** HOLE CARDS ***
Masqb: folds
Uncalled bet ($2) returned to dodge658
dodge658 collected $2 from pot
dodge658: doesn't show hand
*** SUMMARY ***
Total pot $2 | Rake $0
Seat 1: dodge658 (big blind) collected ($2)
Seat 2: Masqb (button) (small blind) folded before Flop


PokerStars Hand #146959913714:  Hold'em Limit ($3/$6 USD) - 2016/01/13 6:20:30 ET
Table 'Ludovica II' 2-max Seat #1 is the button
Seat 1: dodge658 ($142.52 in chips)
Seat 2: Masqb ($206.20 in chips)
dodge658: posts small blind $1
Masqb: posts big blind $3
*** HOLE CARDS ***
dodge658: folds
Uncalled bet ($2) returned to Masqb
Masqb collected $2 from pot
Masqb: doesn't show hand
*** SUMMARY ***
Total pot $2 | Rake $0
Seat 1: dodge658 (button) (small blind) folded before Flop
Seat 2: Masqb (big blind) collected ($2)


PokerStars Hand #146959945544:  Hold'em Limit ($3/$6 USD) - 2016/01/13 6:21:30 ET
Table 'Ludovica II' 2-max Seat #2 is the button
Seat 1: dodge658 ($156.02 in chips)
Seat 2: Masqb ($191.96 in chips)
Masqb: posts small blind $1
dodge658: posts big blind $3
*** HOLE CARDS ***
Masqb: folds
Uncalled bet ($2) returned to dodge658
dodge658 collected $2 from pot
dodge658: doesn't show hand
*** SUMMARY ***
Total pot $2 | Rake $0
Seat 1: dodge658 (big blind) collected ($2)
Seat 2: Masqb (button) (small blind) folded before Flop


PokerStars Hand #146959931820:  Hold'em Limit ($3/$6 USD) - 2016/01/13 6:21:04 ET
Table 'Ludovica II' 2-max Seat #1 is the button
Seat 1: dodge658 ($162.02 in chips)
Seat 2: Masqb ($186.20 in chips)
dodge658: posts small blind $1
Masqb: posts big blind $3
*** HOLE CARDS ***
dodge658: calls $2
Masqb: checks
*** FLOP *** [8h 6h Kc]
Masqb: bets $3
dodge658: calls $3
*** TURN *** [8h 6h Kc] [6d]
Masqb: bets $6
dodge658: folds
Uncalled bet ($6) returned to Masqb
Masqb collected $11.76 from pot
Masqb: doesn't show hand
*** SUMMARY ***
Total pot $12 | Rake $0.24
Board [8h 6h Kc 6d]
Seat 1: dodge658 (button) (small blind) folded on the Turn
Seat 2: Masqb (big blind) collected ($11.76)


PokerStars Hand #146959916996:  Hold'em Limit ($3/$6 USD) - 2016/01/13 6:20:36 ET
Table 'Ludovica II' 2-max Seat #2 is the button
Seat 1: dodge658 ($141.52 in chips)
Seat 2: Masqb ($207.20 in chips)
Masqb: posts small blind $1
dodge658: posts big blind $3
*** HOLE CARDS ***
Masqb: raises $3 to $6
dodge658: calls $3
*** FLOP *** [4c 7h 8d]
dodge658: bets $3
Masqb: calls $3
*** TURN *** [4c 7h 8d] [Qc]
dodge658: bets $6
Masqb: calls $6
*** RIVER *** [4c 7h 8d Qc] [Qd]
dodge658: bets $6
Masqb: calls $6
*** SHOW DOWN ***
dodge658: shows [4d 5s] (two pair, Queens and Fours)
Masqb: mucks hand
dodge658 collected $41.50 from pot
*** SUMMARY ***
Total pot $42 | Rake $0.50
Board [4c 7h 8d Qc Qd]
Seat 1: dodge658 (big blind) showed [4d 5s] and won ($41.50) with two pair, Queens and Fours
Seat 2: Masqb (button) (small blind) mucked


PokerStars Hand #146959959160:  Hold'em Limit ($3/$6 USD) - 2016/01/13 6:21:57 ET
Table 'Ludovica II' 2-max Seat #2 is the button
Seat 1: dodge658 ($165.66 in chips)
Seat 2: Masqb ($181.96 in chips)
Masqb: posts small blind $1
dodge658: posts big blind $3
*** HOLE CARDS ***
Masqb: raises $3 to $6
dodge658: calls $3
*** FLOP *** [3d 7d 5d]
dodge658: checks
Masqb: bets $3
dodge658: calls $3
*** TURN *** [3d 7d 5d] [8h]
dodge658: checks
Masqb: checks
*** RIVER *** [3d 7d 5d 8h] [Qd]
dodge658: bets $6
Masqb: calls $6
*** SHOW DOWN ***
dodge658: shows [9s 8c] (a pair of Eights)
Masqb: shows [Tc Qh] (a pair of Queens)
Masqb collected $29.50 from pot
*** SUMMARY ***
Total pot $30 | Rake $0.50
Board [3d 7d 5d 8h Qd]
Seat 1: dodge658 (big blind) showed [9s 8c] and lost with a pair of Eights
Seat 2: Masqb (button) (small blind) showed [Tc Qh] and won ($29.50) with a pair of Queens


PokerStars Hand #146959948701:  Hold'em Limit ($3/$6 USD) - 2016/01/13 6:21:37 ET
Table 'Ludovica II' 2-max Seat #1 is the button
Seat 1: dodge658 ($157.02 in chips)
Seat 2: Masqb ($190.96 in chips)
dodge658: posts small blind $1
Masqb: posts big blind $3
*** HOLE CARDS ***
dodge658: calls $2
Masqb: raises $3 to $6
dodge658: calls $3
*** FLOP *** [3h 7s Ts]
Masqb: bets $3
dodge658: raises $3 to $6
Masqb: folds
Uncalled bet ($3) returned to dodge658
dodge658 collected $17.64 from pot
dodge658: doesn't show hand
*** SUMMARY ***
Total pot $18 | Rake $0.36
Board [3h 7s Ts]
Seat 1: dodge658 (button) (small blind) collected ($17.64)
Seat 2: Masqb (big blind) folded on the Flop


PokerStars Hand #146959977120:  Hold'em Limit ($3/$6 USD) - 2016/01/13 6:22:31 ET
Table 'Ludovica II' 2-max Seat #1 is the button
Seat 1: dodge658 ($150.66 in chips)
Seat 2: Masqb ($196.46 in chips)
dodge658: posts small blind $1
Masqb: posts big blind $3
*** HOLE CARDS ***
dodge658: calls $2
Masqb: checks
*** FLOP *** [Kh Td 3s]
Masqb: checks
dodge658: checks
*** TURN *** [Kh Td 3s] [3d]
Masqb: checks
dodge658: checks
*** RIVER *** [Kh Td 3s 3d] [Qc]
Masqb: checks
dodge658: bets $6
Masqb: folds
Uncalled bet ($6) returned to dodge658
dodge658 collected $5.88 from pot
dodge658: doesn't show hand
*** SUMMARY ***
Total pot $6 | Rake $0.12
Board [Kh Td 3s 3d Qc]
Seat 1: dodge658 (button) (small blind) collected ($5.88)
Seat 2: Masqb (big blind) folded on the River


PokerStars Hand #146959997060:  Hold'em Limit ($3/$6 USD) - 2016/01/13 6:23:09 ET
Table 'Ludovica II' 2-max Seat #1 is the button
Seat 1: dodge658 ($150.54 in chips)
Seat 2: Masqb ($196.46 in chips)
dodge658: posts small blind $1
Masqb: posts big blind $3
*** HOLE CARDS ***
dodge658: calls $2
Masqb: checks
*** FLOP *** [9c Th 5c]
Masqb: checks
dodge658: checks
*** TURN *** [9c Th 5c] [Kh]
Masqb: checks
dodge658: checks
*** RIVER *** [9c Th 5c Kh] [7s]
Masqb: bets $6
dodge658: raises $6 to $12
Masqb: folds
Uncalled bet ($6) returned to dodge658
dodge658 collected $17.64 from pot
dodge658: doesn't show hand
*** SUMMARY ***
Total pot $18 | Rake $0.36
Board [9c Th 5c Kh 7s]
Seat 1: dodge658 (button) (small blind) collected ($17.64)
Seat 2: Masqb (big blind) folded on the River


PokerStars Hand #146960031792:  Hold'em Limit ($3/$6 USD) - 2016/01/13 6:24:15 ET
Table 'Ludovica II' 2-max Seat #1 is the button
Seat 1: dodge658 ($132.18 in chips)
Seat 2: Masqb ($213.96 in chips)
dodge658: posts small blind $1
Masqb: posts big blind $3
*** HOLE CARDS ***
dodge658: calls $2
Masqb: checks
*** FLOP *** [Qh 5d 3s]
Masqb: checks
dodge658: checks
*** TURN *** [Qh 5d 3s] [Ts]
Masqb: checks
dodge658: checks
*** RIVER *** [Qh 5d 3s Ts] [8h]
Masqb: bets $6
dodge658: calls $6
*** SHOW DOWN ***
Masqb: shows [7d 9c] (high card Queen)
dodge658: shows [Ks Ac] (high card Ace)
dodge658 collected $17.64 from pot
*** SUMMARY ***
Total pot $18 | Rake $0.36
Board [Qh 5d 3s Ts 8h]
Seat 1: dodge658 (button) (small blind) showed [Ks Ac] and won ($17.64) with high card Ace
Seat 2: Masqb (big blind) showed [7d 9c] and lost with high card Queen


PokerStars Hand #146960014934:  Hold'em Limit ($3/$6 USD) - 2016/01/13 6:23:43 ET
Table 'Ludovica II' 2-max Seat #2 is the button
Seat 1: dodge658 ($159.18 in chips)
Seat 2: Masqb ($187.46 in chips)
Masqb: posts small blind $1
dodge658: posts big blind $3
*** HOLE CARDS ***
Masqb: raises $3 to $6
dodge658: calls $3
*** FLOP *** [9d 8d 2h]
dodge658: bets $3
Masqb: calls $3
*** TURN *** [9d 8d 2h] [9h]
dodge658: bets $6
Masqb: raises $6 to $12
dodge658: calls $6
*** RIVER *** [9d 8d 2h 9h] [5s]
dodge658: bets $6
Masqb: calls $6
*** SHOW DOWN ***
dodge658: shows [8s Js] (two pair, Nines and Eights)
Masqb: shows [Ah 8h] (two pair, Nines and Eights - Ace kicker)
Masqb collected $53.50 from pot
*** SUMMARY ***
Total pot $54 | Rake $0.50
Board [9d 8d 2h 9h 5s]
Seat 1: dodge658 (big blind) showed [8s Js] and lost with two pair, Nines and Eights
Seat 2: Masqb (button) (small blind) showed [Ah 8h] and won ($53.50) with two pair, Nines and Eights


PokerStars Hand #146960065474:  Hold'em Limit ($3/$6 USD) - 2016/01/13 6:25:18 ET
Table 'Ludovica II' 2-max Seat #1 is the button
Seat 1: dodge658 ($131.82 in chips)
Seat 2: Masqb ($213.60 in chips)
dodge658: posts small blind $1
Masqb: posts big blind $3
*** HOLE CARDS ***
dodge658: calls $2
Masqb: raises $3 to $6
dodge658: calls $3
*** FLOP *** [2h 9h Jh]
Masqb: bets $3
dodge658: calls $3
*** TURN *** [2h 9h Jh] [Ac]
Masqb: bets $6
dodge658: calls $6
*** RIVER *** [2h 9h Jh Ac] [Kh]
Masqb: bets $6
dodge658: folds
Uncalled bet ($6) returned to Masqb
Masqb collected $29.50 from pot
Masqb: doesn't show hand
*** SUMMARY ***
Total pot $30 | Rake $0.50
Board [2h 9h Jh Ac Kh]
Seat 1: dodge658 (button) (small blind) folded on the River
Seat 2: Masqb (big blind) collected ($29.50)


PokerStars Hand #146960046607:  Hold'em Limit ($3/$6 USD) - 2016/01/13 6:24:43 ET
Table 'Ludovica II' 2-max Seat #2 is the button
Seat 1: dodge658 ($140.82 in chips)
Seat 2: Masqb ($204.96 in chips)
Masqb: posts small blind $1
dodge658: posts big blind $3
*** HOLE CARDS ***
Masqb: raises $3 to $6
dodge658: calls $3
*** FLOP *** [2s 6d 5c]
dodge658: checks
Masqb: bets $3
dodge658: calls $3
*** TURN *** [2s 6d 5c] [Qc]
dodge658: checks
Masqb: checks
*** RIVER *** [2s 6d 5c Qc] [Ac]
dodge658: checks
Masqb: checks
*** SHOW DOWN ***
dodge658: shows [8d 7h] (high card Ace)
Masqb: shows [Kc 7s] (high card Ace - King kicker)
Masqb collected $17.64 from pot
*** SUMMARY ***
Total pot $18 | Rake $0.36
Board [2s 6d 5c Qc Ac]
Seat 1: dodge658 (big blind) showed [8d 7h] and lost with high card Ace
Seat 2: Masqb (button) (small blind) showed [Kc 7s] and won ($17.64) with high card Ace


PokerStars Hand #146960092617:  Hold'em Limit ($3/$6 USD) - 2016/01/13 6:26:10 ET
Table 'Ludovica II' 2-max Seat #1 is the button
Seat 1: dodge658 ($122.58 in chips)
Seat 2: Masqb ($222.10 in chips)
dodge658: posts small blind $1
Masqb: posts big blind $3
*** HOLE CARDS ***
dodge658: calls $2
Masqb: checks
*** FLOP *** [2s Jh 3s]
Masqb: checks
dodge658: bets $3
Masqb: calls $3
*** TURN *** [2s Jh 3s] [4d]
Masqb: checks
dodge658: bets $6
Masqb: calls $6
*** RIVER *** [2s Jh 3s 4d] [3d]
Masqb: checks
dodge658: bets $6
Masqb: calls $6
*** SHOW DOWN ***
dodge658: shows [Jd 9d] (two pair, Jacks and Threes)
Masqb: mucks hand
dodge658 collected $35.50 from pot
*** SUMMARY ***
Total pot $36 | Rake $0.50
Board [2s Jh 3s 4d 3d]
Seat 1: dodge658 (button) (small blind) showed [Jd 9d] and won ($35.50) with two pair, Jacks and Threes
Seat 2: Masqb (big blind) mucked


PokerStars Hand #146960085374:  Hold'em Limit ($3/$6 USD) - 2016/01/13 6:25:56 ET
Table 'Ludovica II' 2-max Seat #2 is the button
Seat 1: dodge658 ($116.82 in chips)
Seat 2: Masqb ($228.10 in chips)
Masqb: posts small blind $1
dodge658: posts big blind $3
*** HOLE CARDS ***
Masqb: raises $3 to $6
dodge658: calls $3
*** FLOP *** [Qh 2d Kd]
dodge658: bets $3
Masqb: folds
Uncalled bet ($3) returned to dodge658
dodge658 collected $11.76 from pot
dodge658: doesn't show hand
*** SUMMARY ***
Total pot $12 | Rake $0.24
Board [Qh 2d Kd]
Seat 1: dodge658 (big blind) collected ($11.76)
Seat 2: Masqb (button) (small blind) folded on the Flop


PokerStars Hand #146960123739:  Hold'em Limit ($3/$6 USD) - 2016/01/13 6:27:09 ET
Table 'Ludovica II' 2-max Seat #1 is the button
Seat 1: dodge658 ($148.72 in chips)
Seat 2: Masqb ($195.10 in chips)
dodge658: posts small blind $1
Masqb: posts big blind $3
*** HOLE CARDS ***
dodge658: calls $2
Masqb: raises $3 to $6
dodge658: calls $3
*** FLOP *** [8h 7c Jd]
Masqb: checks
dodge658: checks
*** TURN *** [8h 7c Jd] [Tc]
Masqb: checks
dodge658: checks
*** RIVER *** [8h 7c Jd Tc] [Qh]
Masqb: checks
dodge658: checks
*** SHOW DOWN ***
Masqb: shows [Ad 5c] (high card Ace)
dodge658: shows [6s As] (high card Ace)
Masqb collected $5.88 from pot
dodge658 collected $5.88 from pot
*** SUMMARY ***
Total pot $12 | Rake $0.24
Board [8h 7c Jd Tc Qh]
Seat 1: dodge658 (button) (small blind) showed [6s As] and won ($5.88) with high card Ace
Seat 2: Masqb (big blind) showed [Ad 5c] and won ($5.88) with high card Ace


PokerStars Hand #146960108388:  Hold'em Limit ($3/$6 USD) - 2016/01/13 6:26:40 ET
Table 'Ludovica II' 2-max Seat #2 is the button
Seat 1: dodge658 ($140.08 in chips)
Seat 2: Masqb ($204.10 in chips)
Masqb: posts small blind $1
dodge658: posts big blind $3
*** HOLE CARDS ***
Masqb: raises $3 to $6
dodge658: calls $3
*** FLOP *** [Tc 2h 8h]
dodge658: checks
Masqb: bets $3
dodge658: calls $3
*** TURN *** [Tc 2h 8h] [5d]
dodge658: checks
Masqb: checks
*** RIVER *** [Tc 2h 8h 5d] [Js]
dodge658: bets $6
Masqb: folds
Uncalled bet ($6) returned to dodge658
dodge658 collected $17.64 from pot
dodge658: doesn't show hand
*** SUMMARY ***
Total pot $18 | Rake $0.36
Board [Tc 2h 8h 5d Js]
Seat 1: dodge658 (big blind) collected ($17.64)
Seat 2: Masqb (button) (small blind) folded on the River


PokerStars Hand #146960166910:  Hold'em Limit ($3/$6 USD) - 2016/01/13 6:28:31 ET
Table 'Ludovica II' 2-max Seat #2 is the button
Seat 1: dodge658 ($142.48 in chips)
Seat 2: Masqb ($200.62 in chips)
Masqb: posts small blind $1
dodge658: posts big blind $3
*** HOLE CARDS ***
Masqb: folds
Uncalled bet ($2) returned to dodge658
dodge658 collected $2 from pot
dodge658: doesn't show hand
*** SUMMARY ***
Total pot $2 | Rake $0
Seat 1: dodge658 (big blind) collected ($2)
Seat 2: Masqb (button) (small blind) folded before Flop


PokerStars Hand #146960155151:  Hold'em Limit ($3/$6 USD) - 2016/01/13 6:28:09 ET
Table 'Ludovica II' 2-max Seat #1 is the button
Seat 1: dodge658 ($139.60 in chips)
Seat 2: Masqb ($203.62 in chips)
dodge658: posts small blind $1
Masqb: posts big blind $3
*** HOLE CARDS ***
dodge658: calls $2
Masqb: checks
*** FLOP *** [8h 9d 4s]
Masqb: checks
dodge658: bets $3
Masqb: folds
Uncalled bet ($3) returned to dodge658
dodge658 collected $5.88 from pot
dodge658: doesn't show hand
*** SUMMARY ***
Total pot $6 | Rake $0.12
Board [8h 9d 4s]
Seat 1: dodge658 (button) (small blind) collected ($5.88)
Seat 2: Masqb (big blind) folded on the Flop


PokerStars Hand #146960137268:  Hold'em Limit ($3/$6 USD) - 2016/01/13 6:27:35 ET
Table 'Ludovica II' 2-max Seat #2 is the button
Seat 1: dodge658 ($148.60 in chips)
Seat 2: Masqb ($194.98 in chips)
Masqb: posts small blind $1
dodge658: posts big blind $3
*** HOLE CARDS ***
Masqb: raises $3 to $6
dodge658: calls $3
*** FLOP *** [7c Ks 7h]
dodge658: checks
Masqb: bets $3
dodge658: calls $3
*** TURN *** [7c Ks 7h] [Qd]
dodge658: checks
Masqb: checks
*** RIVER *** [7c Ks 7h Qd] [8s]
dodge658: checks
Masqb: bets $6
dodge658: folds
Uncalled bet ($6) returned to Masqb
Masqb collected $17.64 from pot
*** SUMMARY ***
Total pot $18 | Rake $0.36
Board [7c Ks 7h Qd 8s]
Seat 1: dodge658 (big blind) folded on the River
Seat 2: Masqb (button) (small blind) collected ($17.64)


PokerStars Hand #146960197527:  Hold'em Limit ($3/$6 USD) - 2016/01/13 6:29:30 ET
Table 'Ludovica II' 2-max Seat #2 is the button
Seat 1: dodge658 ($160.98 in chips)
Seat 2: Masqb ($181.62 in chips)
Masqb: posts small blind $1
dodge658: posts big blind $3
*** HOLE CARDS ***
Masqb: raises $3 to $6
dodge658: calls $3
*** FLOP *** [Tc Ah Kc]
dodge658: checks
Masqb: bets $3
dodge658: folds
Uncalled bet ($3) returned to Masqb
Masqb collected $11.76 from pot
Masqb: doesn't show hand
*** SUMMARY ***
Total pot $12 | Rake $0.24
Board [Tc Ah Kc]
Seat 1: dodge658 (big blind) folded on the Flop
Seat 2: Masqb (button) (small blind) collected ($11.76)


PokerStars Hand #146960172561:  Hold'em Limit ($3/$6 USD) - 2016/01/13 6:28:42 ET
Table 'Ludovica II' 2-max Seat #1 is the button
Seat 1: dodge658 ($143.48 in chips)
Seat 2: Masqb ($199.62 in chips)
dodge658: posts small blind $1
Masqb: posts big blind $3
*** HOLE CARDS ***
dodge658: calls $2
Masqb: raises $3 to $6
dodge658: calls $3
*** FLOP *** [3c 5s Qs]
Masqb: checks
dodge658: checks
*** TURN *** [3c 5s Qs] [Js]
Masqb: bets $6
dodge658: calls $6
*** RIVER *** [3c 5s Qs Js] [6s]
Masqb: checks
dodge658: bets $6
Masqb: calls $6
*** SHOW DOWN ***
dodge658: shows [Jd 4s] (a flush, Queen high)
Masqb: mucks hand
dodge658 collected $35.50 from pot
*** SUMMARY ***
Total pot $36 | Rake $0.50
Board [3c 5s Qs Js 6s]
Seat 1: dodge658 (button) (small blind) showed [Jd 4s] and won ($35.50) with a flush, Queen high
Seat 2: Masqb (big blind) mucked


PokerStars Hand #146960217647:  Hold'em Limit ($3/$6 USD) - 2016/01/13 6:30:07 ET
Table 'Ludovica II' 2-max Seat #2 is the button
Seat 1: dodge658 ($160.74 in chips)
Seat 2: Masqb ($181.38 in chips)
Masqb: posts small blind $1
dodge658: posts big blind $3
*** HOLE CARDS ***
Masqb: raises $3 to $6
dodge658: calls $3
*** FLOP *** [4d Ks Kd]
dodge658: bets $3
Masqb: calls $3
*** TURN *** [4d Ks Kd] [8d]
dodge658: bets $6
Masqb: raises $6 to $12
dodge658: folds
Uncalled bet ($6) returned to Masqb
Masqb collected $29.50 from pot
Masqb: doesn't show hand
*** SUMMARY ***
Total pot $30 | Rake $0.50
Board [4d Ks Kd 8d]
Seat 1: dodge658 (big blind) folded on the Turn
Seat 2: Masqb (button) (small blind) collected ($29.50)


PokerStars Hand #146960206263:  Hold'em Limit ($3/$6 USD) - 2016/01/13 6:29:47 ET
Table 'Ludovica II' 2-max Seat #1 is the button
Seat 1: dodge658 ($154.98 in chips)
Seat 2: Masqb ($187.38 in chips)
dodge658: posts small blind $1
Masqb: posts big blind $3
*** HOLE CARDS ***
dodge658: raises $3 to $6
Masqb: calls $3
*** FLOP *** [Qd 3s 4d]
Masqb: checks
dodge658: bets $3
Masqb: folds
Uncalled bet ($3) returned to dodge658
dodge658 collected $11.76 from pot
dodge658: doesn't show hand
*** SUMMARY ***
Total pot $12 | Rake $0.24
Board [Qd 3s 4d]
Seat 1: dodge658 (button) (small blind) collected ($11.76)
Seat 2: Masqb (big blind) folded on the Flop


PokerStars Hand #146960234270:  Hold'em Limit ($3/$6 USD) - 2016/01/13 6:30:39 ET
Table 'Ludovica II' 2-max Seat #1 is the button
Seat 1: dodge658 ($145.74 in chips)
Seat 2: Masqb ($195.88 in chips)
dodge658: posts small blind $1
Masqb: posts big blind $3
*** HOLE CARDS ***
dodge658: calls $2
Masqb: raises $3 to $6
dodge658: calls $3
*** FLOP *** [Qc 3c 9c]
Masqb: bets $3
dodge658: calls $3
*** TURN *** [Qc 3c 9c] [7s]
Masqb: bets $6
dodge658: calls $6
*** RIVER *** [Qc 3c 9c 7s] [2s]
Masqb: bets $6
dodge658: raises $6 to $12
Masqb: raises $6 to $18
dodge658: calls $6
*** SHOW DOWN ***
Masqb: shows [7c 8c] (a flush, Queen high)
dodge658: mucks hand
Masqb collected $65.50 from pot
*** SUMMARY ***
Total pot $66 | Rake $0.50
Board [Qc 3c 9c 7s 2s]
Seat 1: dodge658 (button) (small blind) mucked
Seat 2: Masqb (big blind) showed [7c 8c] and won ($65.50) with a flush, Queen high


PokerStars Hand #146960253092:  Hold'em Limit ($3/$6 USD) - 2016/01/13 6:31:14 ET
Table 'Ludovica II' 2-max Seat #2 is the button
Seat 1: dodge658 ($112.74 in chips)
Seat 2: Masqb ($228.38 in chips)
Masqb: posts small blind $1
dodge658: posts big blind $3
*** HOLE CARDS ***
Masqb: raises $3 to $6
dodge658: calls $3
*** FLOP *** [7d Qd 5c]
dodge658: checks
Masqb: bets $3
dodge658: calls $3
*** TURN *** [7d Qd 5c] [Kd]
dodge658: checks
Masqb: bets $6
dodge658: calls $6
*** RIVER *** [7d Qd 5c Kd] [8c]
dodge658: checks
Masqb: bets $6
dodge658: folds
Uncalled bet ($6) returned to Masqb
Masqb collected $29.50 from pot
Masqb: doesn't show hand
*** SUMMARY ***
Total pot $30 | Rake $0.50
Board [7d Qd 5c Kd 8c]
Seat 1: dodge658 (big blind) folded on the River
Seat 2: Masqb (button) (small blind) collected ($29.50)


PokerStars Hand #146960295483:  Hold'em Limit ($3/$6 USD) - 2016/01/13 6:32:32 ET
Table 'Ludovica II' 2-max Seat #2 is the button
Seat 1: dodge658 ($121.24 in chips)
Seat 2: Masqb ($218.88 in chips)
Masqb: posts small blind $1
dodge658: posts big blind $3
*** HOLE CARDS ***
Masqb: raises $3 to $6
dodge658: calls $3
*** FLOP *** [Jc 7c Jd]
dodge658: checks
Masqb: bets $3
dodge658: folds
Uncalled bet ($3) returned to Masqb
Masqb collected $11.76 from pot
Masqb: doesn't show hand
*** SUMMARY ***
Total pot $12 | Rake $0.24
Board [Jc 7c Jd]
Seat 1: dodge658 (big blind) folded on the Flop
Seat 2: Masqb (button) (small blind) collected ($11.76)


PokerStars Hand #146960275251:  Hold'em Limit ($3/$6 USD) - 2016/01/13 6:31:55 ET
Table 'Ludovica II' 2-max Seat #1 is the button
Seat 1: dodge658 ($97.74 in chips)
Seat 2: Masqb ($242.88 in chips)
dodge658: posts small blind $1
Masqb: posts big blind $3
*** HOLE CARDS ***
dodge658: calls $2
Masqb: checks
*** FLOP *** [3h 8s Jc]
Masqb: bets $3
dodge658: calls $3
*** TURN *** [3h 8s Jc] [7s]
Masqb: bets $6
dodge658: calls $6
*** RIVER *** [3h 8s Jc 7s] [Js]
Masqb: bets $6
dodge658: raises $6 to $12
Masqb: calls $6
*** SHOW DOWN ***
dodge658: shows [Jd 6d] (three of a kind, Jacks)
Masqb: mucks hand
dodge658 collected $47.50 from pot
*** SUMMARY ***
Total pot $48 | Rake $0.50
Board [3h 8s Jc 7s Js]
Seat 1: dodge658 (button) (small blind) showed [Jd 6d] and won ($47.50) with three of a kind, Jacks
Seat 2: Masqb (big blind) mucked


PokerStars Hand #146960309532:  Hold'em Limit ($3/$6 USD) - 2016/01/13 6:32:58 ET
Table 'Ludovica II' 2-max Seat #1 is the button
Seat 1: dodge658 ($115.24 in chips)
Seat 2: Masqb ($224.64 in chips)
dodge658: posts small blind $1
Masqb: posts big blind $3
*** HOLE CARDS ***
dodge658: calls $2
Masqb: checks
*** FLOP *** [2h As 7c]
Masqb: checks
dodge658: checks
*** TURN *** [2h As 7c] [8c]
Masqb: checks
dodge658: bets $6
Masqb: folds
Uncalled bet ($6) returned to dodge658
dodge658 collected $5.88 from pot
dodge658: doesn't show hand
*** SUMMARY ***
Total pot $6 | Rake $0.12
Board [2h As 7c 8c]
Seat 1: dodge658 (button) (small blind) collected ($5.88)
Seat 2: Masqb (big blind) folded on the Turn


PokerStars Hand #146960356069:  Hold'em Limit ($3/$6 USD) - 2016/01/13 6:34:24 ET
Table 'Ludovica II' 2-max Seat #2 is the button
Seat 1: dodge658 ($96.12 in chips)
Seat 2: Masqb ($243.14 in chips)
Masqb: posts small blind $1
dodge658: posts big blind $3
*** HOLE CARDS ***
Masqb: raises $3 to $6
dodge658: calls $3
*** FLOP *** [Ac 2c Kh]
dodge658: bets $3
Masqb: raises $3 to $6
dodge658: calls $3
*** TURN *** [Ac 2c Kh] [2d]
dodge658: bets $6
Masqb: folds
Uncalled bet ($6) returned to dodge658
dodge658 collected $23.52 from pot
dodge658: doesn't show hand
*** SUMMARY ***
Total pot $24 | Rake $0.48
Board [Ac 2c Kh 2d]
Seat 1: dodge658 (big blind) collected ($23.52)
Seat 2: Masqb (button) (small blind) folded on the Turn


PokerStars Hand #146960352287:  Hold'em Limit ($3/$6 USD) - 2016/01/13 6:34:17 ET
Table 'Ludovica II' 2-max Seat #1 is the button
Seat 1: dodge658 ($97.12 in chips)
Seat 2: Masqb ($242.14 in chips)
dodge658: posts small blind $1
Masqb: posts big blind $3
*** HOLE CARDS ***
dodge658: folds
Uncalled bet ($2) returned to Masqb
Masqb collected $2 from pot
Masqb: doesn't show hand
*** SUMMARY ***
Total pot $2 | Rake $0
Seat 1: dodge658 (button) (small blind) folded before Flop
Seat 2: Masqb (big blind) collected ($2)


PokerStars Hand #146960323487:  Hold'em Limit ($3/$6 USD) - 2016/01/13 6:33:24 ET
Table 'Ludovica II' 2-max Seat #2 is the button
Seat 1: dodge658 ($118.12 in chips)
Seat 2: Masqb ($221.64 in chips)
Masqb: posts small blind $1
dodge658: posts big blind $3
*** HOLE CARDS ***
Masqb: raises $3 to $6
dodge658: calls $3
*** FLOP *** [3s Kc 3c]
dodge658: checks
Masqb: bets $3
dodge658: calls $3
*** TURN *** [3s Kc 3c] [Th]
dodge658: checks
Masqb: bets $6
dodge658: calls $6
*** RIVER *** [3s Kc 3c Th] [Jc]
dodge658: checks
Masqb: bets $6
dodge658: calls $6
*** SHOW DOWN ***
Masqb: shows [Ac 4c] (a flush, Ace high)
dodge658: mucks hand
Masqb collected $41.50 from pot
*** SUMMARY ***
Total pot $42 | Rake $0.50
Board [3s Kc 3c Th Jc]
Seat 1: dodge658 (big blind) mucked
Seat 2: Masqb (button) (small blind) showed [Ac 4c] and won ($41.50) with a flush, Ace high


PokerStars Hand #146960383865:  Hold'em Limit ($3/$6 USD) - 2016/01/13 6:35:15 ET
Table 'Ludovica II' 2-max Seat #2 is the button
Seat 1: dodge658 ($110.52 in chips)
Seat 2: Masqb ($228.14 in chips)
Masqb: posts small blind $1
dodge658: posts big blind $3
*** HOLE CARDS ***
Masqb: raises $3 to $6
dodge658: calls $3
*** FLOP *** [9s 4c 7c]
dodge658: bets $3
Masqb: calls $3
*** TURN *** [9s 4c 7c] [Qd]
dodge658: bets $6
Masqb: raises $6 to $12
dodge658: calls $6
*** RIVER *** [9s 4c 7c Qd] [2h]
dodge658: bets $6
Masqb: raises $6 to $12
dodge658: calls $6
*** SHOW DOWN ***
Masqb: shows [8h Qh] (a pair of Queens)
dodge658: shows [7d 9c] (two pair, Nines and Sevens)
dodge658 collected $65.50 from pot
*** SUMMARY ***
Total pot $66 | Rake $0.50
Board [9s 4c 7c Qd 2h]
Seat 1: dodge658 (big blind) showed [7d 9c] and won ($65.50) with two pair, Nines and Sevens
Seat 2: Masqb (button) (small blind) showed [8h Qh] and lost with a pair of Queens


PokerStars Hand #146960368328:  Hold'em Limit ($3/$6 USD) - 2016/01/13 6:34:47 ET
Table 'Ludovica II' 2-max Seat #1 is the button
Seat 1: dodge658 ($107.64 in chips)
Seat 2: Masqb ($231.14 in chips)
dodge658: posts small blind $1
Masqb: posts big blind $3
*** HOLE CARDS ***
dodge658: calls $2
Masqb: checks
*** FLOP *** [Jh 9h Ts]
Masqb: checks
dodge658: bets $3
Masqb: folds
Uncalled bet ($3) returned to dodge658
dodge658 collected $5.88 from pot
dodge658: doesn't show hand
*** SUMMARY ***
Total pot $6 | Rake $0.12
Board [Jh 9h Ts]
Seat 1: dodge658 (button) (small blind) collected ($5.88)
Seat 2: Masqb (big blind) folded on the Flop


PokerStars Hand #146960427511:  Hold'em Limit ($3/$6 USD) - 2016/01/13 6:36:35 ET
Table 'Ludovica II' 2-max Seat #2 is the button
Seat 1: dodge658 ($151.66 in chips)
Seat 2: Masqb ($186.14 in chips)
Masqb: posts small blind $1
dodge658: posts big blind $3
*** HOLE CARDS ***
Masqb: raises $3 to $6
dodge658: calls $3
*** FLOP *** [9c 7c 4d]
dodge658: bets $3
Masqb: calls $3
*** TURN *** [9c 7c 4d] [Jh]
dodge658: bets $6
Masqb: folds
Uncalled bet ($6) returned to dodge658
dodge658 collected $17.64 from pot
dodge658: doesn't show hand
*** SUMMARY ***
Total pot $18 | Rake $0.36
Board [9c 7c 4d Jh]
Seat 1: dodge658 (big blind) collected ($17.64)
Seat 2: Masqb (button) (small blind) folded on the Turn


PokerStars Hand #146960403343:  Hold'em Limit ($3/$6 USD) - 2016/01/13 6:35:51 ET
Table 'Ludovica II' 2-max Seat #1 is the button
Seat 1: dodge658 ($143.02 in chips)
Seat 2: Masqb ($195.14 in chips)
dodge658: posts small blind $1
Masqb: posts big blind $3
*** HOLE CARDS ***
dodge658: calls $2
Masqb: checks
*** FLOP *** [7s Jc Js]
Masqb: checks
dodge658: checks
*** TURN *** [7s Jc Js] [9h]
Masqb: checks
dodge658: checks
*** RIVER *** [7s Jc Js 9h] [5d]
Masqb: checks
dodge658: bets $6
Masqb: calls $6
*** SHOW DOWN ***
dodge658: shows [6h 8s] (a straight, Five to Nine)
Masqb: mucks hand
dodge658 collected $17.64 from pot
*** SUMMARY ***
Total pot $18 | Rake $0.36
Board [7s Jc Js 9h 5d]
Seat 1: dodge658 (button) (small blind) showed [6h 8s] and won ($17.64) with a straight, Five to Nine
Seat 2: Masqb (big blind) mucked


PokerStars Hand #146960439035:  Hold'em Limit ($3/$6 USD) - 2016/01/13 6:36:56 ET
Table 'Ludovica II' 2-max Seat #1 is the button
Seat 1: dodge658 ($160.30 in chips)
Seat 2: Masqb ($177.14 in chips)
dodge658: posts small blind $1
Masqb: posts big blind $3
*** HOLE CARDS ***
dodge658: calls $2
Masqb: checks
*** FLOP *** [Jh 6h 3h]
Masqb: bets $3
dodge658: calls $3
*** TURN *** [Jh 6h 3h] [Qd]
Masqb: bets $6
dodge658: calls $6
*** RIVER *** [Jh 6h 3h Qd] [7h]
Masqb: checks
dodge658: checks
*** SHOW DOWN ***
Masqb: shows [6s Jc] (two pair, Jacks and Sixes)
dodge658: shows [Jd 7d] (two pair, Jacks and Sevens)
dodge658 collected $23.52 from pot
*** SUMMARY ***
Total pot $24 | Rake $0.48
Board [Jh 6h 3h Qd 7h]
Seat 1: dodge658 (button) (small blind) showed [Jd 7d] and won ($23.52) with two pair, Jacks and Sevens
Seat 2: Masqb (big blind) showed [6s Jc] and lost with two pair, Jacks and Sixes


PokerStars Hand #146960452822:  Hold'em Limit ($3/$6 USD) - 2016/01/13 6:37:21 ET
Table 'Ludovica II' 2-max Seat #2 is the button
Seat 1: dodge658 ($171.82 in chips)
Seat 2: Masqb ($165.14 in chips)
Masqb: posts small blind $1
dodge658: posts big blind $3
*** HOLE CARDS ***
Masqb: raises $3 to $6
dodge658: calls $3
*** FLOP *** [8c 7h Ad]
dodge658: bets $3
Masqb: folds
Uncalled bet ($3) returned to dodge658
dodge658 collected $11.76 from pot
dodge658: doesn't show hand
*** SUMMARY ***
Total pot $12 | Rake $0.24
Board [8c 7h Ad]
Seat 1: dodge658 (big blind) collected ($11.76)
Seat 2: Masqb (button) (small blind) folded on the Flop


PokerStars Hand #146960464851:  Hold'em Limit ($3/$6 USD) - 2016/01/13 6:37:42 ET
Table 'Ludovica II' 2-max Seat #1 is the button
Seat 1: dodge658 ($177.58 in chips)
Seat 2: Masqb ($159.14 in chips)
dodge658: posts small blind $1
Masqb: posts big blind $3
*** HOLE CARDS ***
dodge658: calls $2
Masqb: raises $3 to $6
dodge658: calls $3
*** FLOP *** [5h 8c 4h]
Masqb: bets $3
dodge658: calls $3
*** TURN *** [5h 8c 4h] [Ks]
Masqb: bets $6
dodge658: folds
Uncalled bet ($6) returned to Masqb
Masqb collected $17.64 from pot
Masqb: doesn't show hand
*** SUMMARY ***
Total pot $18 | Rake $0.36
Board [5h 8c 4h Ks]
Seat 1: dodge658 (button) (small blind) folded on the Turn
Seat 2: Masqb (big blind) collected ($17.64)


PokerStars Hand #146960479471:  Hold'em Limit ($3/$6 USD) - 2016/01/13 6:38:09 ET
Table 'Ludovica II' 2-max Seat #2 is the button
Seat 1: dodge658 ($168.58 in chips)
Seat 2: Masqb ($167.78 in chips)
Masqb: posts small blind $1
dodge658: posts big blind $3
*** HOLE CARDS ***
Masqb: raises $3 to $6
dodge658: folds
Uncalled bet ($3) returned to Masqb
Masqb collected $6 from pot
Masqb: doesn't show hand
*** SUMMARY ***
Total pot $6 | Rake $0
Seat 1: dodge658 (big blind) folded before Flop
Seat 2: Masqb (button) (small blind) collected ($6)


PokerStars Hand #146960484485:  Hold'em Limit ($3/$6 USD) - 2016/01/13 6:38:18 ET
Table 'Ludovica II' 2-max Seat #1 is the button
Seat 1: dodge658 ($165.58 in chips)
Seat 2: Masqb ($170.78 in chips)
dodge658: posts small blind $1
Masqb: posts big blind $3
*** HOLE CARDS ***
dodge658: raises $3 to $6
Masqb: raises $3 to $9
dodge658: calls $3
*** FLOP *** [4d Ah 5d]
Masqb: bets $3
dodge658: calls $3
*** TURN *** [4d Ah 5d] [8h]
Masqb: bets $6
dodge658: calls $6
*** RIVER *** [4d Ah 5d 8h] [6h]
Masqb: checks
dodge658: checks
*** SHOW DOWN ***
Masqb: shows [Qd Qs] (a pair of Queens)
dodge658: mucks hand
Masqb collected $35.50 from pot
*** SUMMARY ***
Total pot $36 | Rake $0.50
Board [4d Ah 5d 8h 6h]
Seat 1: dodge658 (button) (small blind) mucked
Seat 2: Masqb (big blind) showed [Qd Qs] and won ($35.50) with a pair of Queens


PokerStars Hand #146960521908:  Hold'em Limit ($3/$6 USD) - 2016/01/13 6:39:26 ET
Table 'Ludovica II' 2-max Seat #1 is the button
Seat 1: dodge658 ($138.58 in chips)
Seat 2: Masqb ($196.92 in chips)
dodge658: posts small blind $1
Masqb: posts big blind $3
*** HOLE CARDS ***
dodge658: folds
Uncalled bet ($2) returned to Masqb
Masqb collected $2 from pot
Masqb: doesn't show hand
*** SUMMARY ***
Total pot $2 | Rake $0
Seat 1: dodge658 (button) (small blind) folded before Flop
Seat 2: Masqb (big blind) collected ($2)


PokerStars Hand #146960505694:  Hold'em Limit ($3/$6 USD) - 2016/01/13 6:38:56 ET
Table 'Ludovica II' 2-max Seat #2 is the button
Seat 1: dodge658 ($147.58 in chips)
Seat 2: Masqb ($188.28 in chips)
Masqb: posts small blind $1
dodge658: posts big blind $3
*** HOLE CARDS ***
Masqb: raises $3 to $6
dodge658: calls $3
*** FLOP *** [Qh 3c 9c]
dodge658: checks
Masqb: bets $3
dodge658: calls $3
*** TURN *** [Qh 3c 9c] [7s]
dodge658: checks
Masqb: checks
*** RIVER *** [Qh 3c 9c 7s] [5h]
dodge658: checks
Masqb: checks
*** SHOW DOWN ***
dodge658: shows [Tc 8d] (high card Queen)
Masqb: shows [Jh 6c] (high card Queen - Jack kicker)
Masqb collected $17.64 from pot
*** SUMMARY ***
Total pot $18 | Rake $0.36
Board [Qh 3c 9c 7s 5h]
Seat 1: dodge658 (big blind) showed [Tc 8d] and lost with high card Queen
Seat 2: Masqb (button) (small blind) showed [Jh 6c] and won ($17.64) with high card Queen


PokerStars Hand #146960525308:  Hold'em Limit ($3/$6 USD) - 2016/01/13 6:39:32 ET
Table 'Ludovica II' 2-max Seat #2 is the button
Seat 1: dodge658 ($137.58 in chips)
Seat 2: Masqb ($197.92 in chips)
Masqb: posts small blind $1
dodge658: posts big blind $3
*** HOLE CARDS ***
Masqb: raises $3 to $6
dodge658: calls $3
*** FLOP *** [5s Jd Kd]
dodge658: bets $3
Masqb: folds
Uncalled bet ($3) returned to dodge658
dodge658 collected $11.76 from pot
dodge658: doesn't show hand
*** SUMMARY ***
Total pot $12 | Rake $0.24
Board [5s Jd Kd]
Seat 1: dodge658 (big blind) collected ($11.76)
Seat 2: Masqb (button) (small blind) folded on the Flop


PokerStars Hand #146960535526:  Hold'em Limit ($3/$6 USD) - 2016/01/13 6:39:50 ET
Table 'Ludovica II' 2-max Seat #1 is the button
Seat 1: dodge658 ($143.34 in chips)
Seat 2: Masqb ($191.92 in chips)
dodge658: posts small blind $1
Masqb: posts big blind $3
*** HOLE CARDS ***
dodge658: calls $2
Masqb: checks
*** FLOP *** [3c 5h 5d]
Masqb: bets $3
dodge658: folds
Uncalled bet ($3) returned to Masqb
Masqb collected $5.88 from pot
Masqb: doesn't show hand
*** SUMMARY ***
Total pot $6 | Rake $0.12
Board [3c 5h 5d]
Seat 1: dodge658 (button) (small blind) folded on the Flop
Seat 2: Masqb (big blind) collected ($5.88)


PokerStars Hand #146960543646:  Hold'em Limit ($3/$6 USD) - 2016/01/13 6:40:05 ET
Table 'Ludovica II' 2-max Seat #2 is the button
Seat 1: dodge658 ($140.34 in chips)
Seat 2: Masqb ($194.80 in chips)
Masqb: posts small blind $1
dodge658: posts big blind $3
*** HOLE CARDS ***
Masqb: raises $3 to $6
dodge658: calls $3
*** FLOP *** [8h 5d Ah]
dodge658: bets $3
Masqb: calls $3
*** TURN *** [8h 5d Ah] [4s]
dodge658: bets $6
Masqb: raises $6 to $12
dodge658: calls $6
*** RIVER *** [8h 5d Ah 4s] [Jc]
dodge658: bets $6
Masqb: raises $6 to $12
dodge658: calls $6
*** SHOW DOWN ***
Masqb: shows [5c 8d] (two pair, Eights and Fives)
dodge658: mucks hand
Masqb collected $65.50 from pot
*** SUMMARY ***
Total pot $66 | Rake $0.50
Board [8h 5d Ah 4s Jc]
Seat 1: dodge658 (big blind) mucked
Seat 2: Masqb (button) (small blind) showed [5c 8d] and won ($65.50) with two pair, Eights and Fives


PokerStars Hand #146960572391:  Hold'em Limit ($3/$6 USD) - 2016/01/13 6:40:58 ET
Table 'Ludovica II' 2-max Seat #2 is the button
Seat 1: dodge658 ($89.34 in chips)
Seat 2: Masqb ($244.80 in chips)
Masqb: posts small blind $1
dodge658: posts big blind $3
*** HOLE CARDS ***
Masqb: folds
Uncalled bet ($2) returned to dodge658
dodge658 collected $2 from pot
dodge658: doesn't show hand
*** SUMMARY ***
Total pot $2 | Rake $0
Seat 1: dodge658 (big blind) collected ($2)
Seat 2: Masqb (button) (small blind) folded before Flop


PokerStars Hand #146960558567:  Hold'em Limit ($3/$6 USD) - 2016/01/13 6:40:32 ET
Table 'Ludovica II' 2-max Seat #1 is the button
Seat 1: dodge658 ($107.34 in chips)
Seat 2: Masqb ($227.30 in chips)
dodge658: posts small blind $1
Masqb: posts big blind $3
*** HOLE CARDS ***
dodge658: calls $2
Masqb: checks
*** FLOP *** [8h 6s 4h]
Masqb: bets $3
dodge658: calls $3
*** TURN *** [8h 6s 4h] [4c]
Masqb: bets $6
dodge658: calls $6
*** RIVER *** [8h 6s 4h 4c] [Js]
Masqb: bets $6
dodge658: calls $6
*** SHOW DOWN ***
Masqb: shows [8c 4d] (a full house, Fours full of Eights)
dodge658: mucks hand
Masqb collected $35.50 from pot
*** SUMMARY ***
Total pot $36 | Rake $0.50
Board [8h 6s 4h 4c Js]
Seat 1: dodge658 (button) (small blind) mucked
Seat 2: Masqb (big blind) showed [8c 4d] and won ($35.50) with a full house, Fours full of Eights


PokerStars Hand #146960575399:  Hold'em Limit ($3/$6 USD) - 2016/01/13 6:41:03 ET
Table 'Ludovica II' 2-max Seat #1 is the button
Seat 1: dodge658 ($90.34 in chips)
Seat 2: Masqb ($243.80 in chips)
dodge658: posts small blind $1
Masqb: posts big blind $3
*** HOLE CARDS ***
dodge658: calls $2
Masqb: checks
*** FLOP *** [7h Jc Kc]
Masqb: checks
dodge658: checks
*** TURN *** [7h Jc Kc] [6h]
Masqb: checks
dodge658: checks
*** RIVER *** [7h Jc Kc 6h] [4h]
Masqb: checks
dodge658: checks
*** SHOW DOWN ***
Masqb: shows [3c Ts] (high card King)
dodge658: shows [8h Qs] (high card King - Queen kicker)
dodge658 collected $5.88 from pot
*** SUMMARY ***
Total pot $6 | Rake $0.12
Board [7h Jc Kc 6h 4h]
Seat 1: dodge658 (button) (small blind) showed [8h Qs] and won ($5.88) with high card King
Seat 2: Masqb (big blind) showed [3c Ts] and lost with high card King


PokerStars Hand #146960598571:  Hold'em Limit ($3/$6 USD) - 2016/01/13 6:41:45 ET
Table 'Ludovica II' 2-max Seat #2 is the button
Seat 1: dodge658 ($93.22 in chips)
Seat 2: Masqb ($240.80 in chips)
Masqb: posts small blind $1
dodge658: posts big blind $3
*** HOLE CARDS ***
Masqb: raises $3 to $6
dodge658: calls $3
*** FLOP *** [9c Ks 4h]
dodge658: bets $3
Masqb: folds
Uncalled bet ($3) returned to dodge658
dodge658 collected $11.76 from pot
dodge658: doesn't show hand
*** SUMMARY ***
Total pot $12 | Rake $0.24
Board [9c Ks 4h]
Seat 1: dodge658 (big blind) collected ($11.76)
Seat 2: Masqb (button) (small blind) folded on the Flop


PokerStars Hand #146960607361:  Hold'em Limit ($3/$6 USD) - 2016/01/13 6:42:01 ET
Table 'Ludovica II' 2-max Seat #1 is the button
Seat 1: dodge658 ($98.98 in chips)
Seat 2: Masqb ($234.80 in chips)
dodge658: posts small blind $1
Masqb: posts big blind $3
*** HOLE CARDS ***
dodge658: calls $2
Masqb: raises $3 to $6
dodge658: calls $3
*** FLOP *** [9c 9s 2c]
Masqb: bets $3
dodge658: calls $3
*** TURN *** [9c 9s 2c] [Ad]
Masqb: bets $6
dodge658: calls $6
*** RIVER *** [9c 9s 2c Ad] [9d]
Masqb: bets $6
dodge658: raises $6 to $12
Masqb: calls $6
*** SHOW DOWN ***
dodge658: shows [9h Jd] (four of a kind, Nines)
Masqb: mucks hand
dodge658 collected $53.50 from pot
*** SUMMARY ***
Total pot $54 | Rake $0.50
Board [9c 9s 2c Ad 9d]
Seat 1: dodge658 (button) (small blind) showed [9h Jd] and won ($53.50) with four of a kind, Nines
Seat 2: Masqb (big blind) mucked


PokerStars Hand #146960638473:  Hold'em Limit ($3/$6 USD) - 2016/01/13 6:42:57 ET
Table 'Ludovica II' 2-max Seat #1 is the button
Seat 1: dodge658 ($119.48 in chips)
Seat 2: Masqb ($213.56 in chips)
dodge658: posts small blind $1
Masqb: posts big blind $3
*** HOLE CARDS ***
dodge658: raises $3 to $6
Masqb: folds
Uncalled bet ($3) returned to dodge658
dodge658 collected $6 from pot
dodge658: doesn't show hand
*** SUMMARY ***
Total pot $6 | Rake $0
Seat 1: dodge658 (button) (small blind) collected ($6)
Seat 2: Masqb (big blind) folded before Flop


PokerStars Hand #146960627254:  Hold'em Limit ($3/$6 USD) - 2016/01/13 6:42:37 ET
Table 'Ludovica II' 2-max Seat #2 is the button
Seat 1: dodge658 ($125.48 in chips)
Seat 2: Masqb ($207.80 in chips)
Masqb: posts small blind $1
dodge658: posts big blind $3
*** HOLE CARDS ***
Masqb: raises $3 to $6
dodge658: calls $3
*** FLOP *** [8h 5h 7s]
dodge658: checks
Masqb: bets $3
dodge658: folds
Uncalled bet ($3) returned to Masqb
Masqb collected $11.76 from pot
Masqb: doesn't show hand
*** SUMMARY ***
Total pot $12 | Rake $0.24
Board [8h 5h 7s]
Seat 1: dodge658 (big blind) folded on the Flop
Seat 2: Masqb (button) (small blind) collected ($11.76)


PokerStars Hand #146960643194:  Hold'em Limit ($3/$6 USD) - 2016/01/13 6:43:05 ET
Table 'Ludovica II' 2-max Seat #2 is the button
Seat 1: dodge658 ($122.48 in chips)
Seat 2: Masqb ($210.56 in chips)
Masqb: posts small blind $1
dodge658: posts big blind $3
*** HOLE CARDS ***
Masqb: raises $3 to $6
dodge658: calls $3
*** FLOP *** [5h 6d 8s]
dodge658: bets $3
Masqb: calls $3
*** TURN *** [5h 6d 8s] [Qd]
dodge658: bets $6
Masqb: calls $6
*** RIVER *** [5h 6d 8s Qd] [Ad]
dodge658: bets $6
Masqb: calls $6
*** SHOW DOWN ***
dodge658: shows [As Ah] (three of a kind, Aces)
Masqb: mucks hand
dodge658 collected $41.50 from pot
*** SUMMARY ***
Total pot $42 | Rake $0.50
Board [5h 6d 8s Qd Ad]
Seat 1: dodge658 (big blind) showed [As Ah] and won ($41.50) with three of a kind, Aces
Seat 2: Masqb (button) (small blind) mucked


PokerStars Hand #146960658428:  Hold'em Limit ($3/$6 USD) - 2016/01/13 6:43:33 ET
Table 'Ludovica II' 2-max Seat #1 is the button
Seat 1: dodge658 ($142.98 in chips)
Seat 2: Masqb ($189.56 in chips)
dodge658: posts small blind $1
Masqb: posts big blind $3
*** HOLE CARDS ***
dodge658: calls $2
Masqb: checks
*** FLOP *** [2d 3d Jd]
Masqb: checks
dodge658: checks
*** TURN *** [2d 3d Jd] [9s]
Masqb: bets $6
dodge658: calls $6
*** RIVER *** [2d 3d Jd 9s] [6d]
Masqb: checks
dodge658: bets $6
Masqb: raises $6 to $12
dodge658: calls $6
*** SHOW DOWN ***
Masqb: shows [7h 2c] (a pair of Deuces)
dodge658: shows [Qh 9d] (a flush, Jack high)
dodge658 collected $41.50 from pot
*** SUMMARY ***
Total pot $42 | Rake $0.50
Board [2d 3d Jd 9s 6d]
Seat 1: dodge658 (button) (small blind) showed [Qh 9d] and won ($41.50) with a flush, Jack high
Seat 2: Masqb (big blind) showed [7h 2c] and lost with a pair of Deuces


PokerStars Hand #146960676108:  Hold'em Limit ($3/$6 USD) - 2016/01/13 6:44:05 ET
Table 'Ludovica II' 2-max Seat #2 is the button
Seat 1: dodge658 ($163.48 in chips)
Seat 2: Masqb ($168.56 in chips)
Masqb: posts small blind $1
dodge658: posts big blind $3
*** HOLE CARDS ***
Masqb: raises $3 to $6
dodge658: calls $3
*** FLOP *** [9d 6s Qc]
dodge658: checks
Masqb: bets $3
dodge658: folds
Uncalled bet ($3) returned to Masqb
Masqb collected $11.76 from pot
Masqb: doesn't show hand
*** SUMMARY ***
Total pot $12 | Rake $0.24
Board [9d 6s Qc]
Seat 1: dodge658 (big blind) folded on the Flop
Seat 2: Masqb (button) (small blind) collected ($11.76)


PokerStars Hand #146960687249:  Hold'em Limit ($3/$6 USD) - 2016/01/13 6:44:25 ET
Table 'Ludovica II' 2-max Seat #1 is the button
Seat 1: dodge658 ($157.48 in chips)
Seat 2: Masqb ($174.32 in chips)
dodge658: posts small blind $1
Masqb: posts big blind $3
*** HOLE CARDS ***
dodge658: calls $2
Masqb: raises $3 to $6
dodge658: calls $3
*** FLOP *** [2d As Qs]
Masqb: bets $3
dodge658: calls $3
*** TURN *** [2d As Qs] [2c]
Masqb: checks
dodge658: checks
*** RIVER *** [2d As Qs 2c] [8c]
Masqb: checks
dodge658: bets $6
Masqb: folds
Uncalled bet ($6) returned to dodge658
dodge658 collected $17.64 from pot
dodge658: doesn't show hand
*** SUMMARY ***
Total pot $18 | Rake $0.36
Board [2d As Qs 2c 8c]
Seat 1: dodge658 (button) (small blind) collected ($17.64)
Seat 2: Masqb (big blind) folded on the River


PokerStars Hand #146960707649:  Hold'em Limit ($3/$6 USD) - 2016/01/13 6:45:02 ET
Table 'Ludovica II' 2-max Seat #2 is the button
Seat 1: dodge658 ($166.12 in chips)
Seat 2: Masqb ($165.32 in chips)
Masqb: posts small blind $1
dodge658: posts big blind $3
*** HOLE CARDS ***
Masqb: raises $3 to $6
dodge658: calls $3
*** FLOP *** [3s Tc 8d]
dodge658: bets $3
Masqb: calls $3
*** TURN *** [3s Tc 8d] [Ac]
dodge658: bets $6
Masqb: raises $6 to $12
dodge658: calls $6
*** RIVER *** [3s Tc 8d Ac] [3h]
dodge658: bets $6
Masqb: raises $6 to $12
dodge658: calls $6
*** SHOW DOWN ***
Masqb: shows [5c 6c] (a pair of Threes)
dodge658: shows [Td 6h] (two pair, Tens and Threes)
dodge658 collected $65.50 from pot
*** SUMMARY ***
Total pot $66 | Rake $0.50
Board [3s Tc 8d Ac 3h]
Seat 1: dodge658 (big blind) showed [Td 6h] and won ($65.50) with two pair, Tens and Threes
Seat 2: Masqb (button) (small blind) showed [5c 6c] and lost with a pair of Threes


PokerStars Hand #146960727167:  Hold'em Limit ($3/$6 USD) - 2016/01/13 6:45:37 ET
Table 'Ludovica II' 2-max Seat #1 is the button
Seat 1: dodge658 ($198.62 in chips)
Seat 2: Masqb ($132.32 in chips)
dodge658: posts small blind $1
Masqb: posts big blind $3
*** HOLE CARDS ***
dodge658: calls $2
Masqb: checks
*** FLOP *** [Ts 6d 8s]
Masqb: checks
dodge658: checks
*** TURN *** [Ts 6d 8s] [Qd]
Masqb: checks
dodge658: checks
*** RIVER *** [Ts 6d 8s Qd] [9c]
Masqb: bets $6
dodge658: folds
Uncalled bet ($6) returned to Masqb
Masqb collected $5.88 from pot
Masqb: doesn't show hand
*** SUMMARY ***
Total pot $6 | Rake $0.12
Board [Ts 6d 8s Qd 9c]
Seat 1: dodge658 (button) (small blind) folded on the River
Seat 2: Masqb (big blind) collected ($5.88)


PokerStars Hand #146960752939:  Hold'em Limit ($3/$6 USD) - 2016/01/13 6:46:24 ET
Table 'Ludovica II' 2-max Seat #1 is the button
Seat 1: dodge658 ($201.38 in chips)
Seat 2: Masqb ($129.20 in chips)
dodge658: posts small blind $1
Masqb: posts big blind $3
*** HOLE CARDS ***
dodge658: calls $2
Masqb: checks
*** FLOP *** [7s 6h 8d]
Masqb: bets $3
dodge658: calls $3
*** TURN *** [7s 6h 8d] [4d]
Masqb: bets $6
dodge658: folds
Uncalled bet ($6) returned to Masqb
Masqb collected $11.76 from pot
Masqb: doesn't show hand
*** SUMMARY ***
Total pot $12 | Rake $0.24
Board [7s 6h 8d 4d]
Seat 1: dodge658 (button) (small blind) folded on the Turn
Seat 2: Masqb (big blind) collected ($11.76)


PokerStars Hand #146960742705:  Hold'em Limit ($3/$6 USD) - 2016/01/13 6:46:05 ET
Table 'Ludovica II' 2-max Seat #2 is the button
Seat 1: dodge658 ($195.62 in chips)
Seat 2: Masqb ($135.20 in chips)
Masqb: posts small blind $1
dodge658: posts big blind $3
*** HOLE CARDS ***
Masqb: raises $3 to $6
dodge658: calls $3
*** FLOP *** [Tc Qs 5h]
dodge658: bets $3
Masqb: folds
Uncalled bet ($3) returned to dodge658
dodge658 collected $11.76 from pot
dodge658: doesn't show hand
*** SUMMARY ***
Total pot $12 | Rake $0.24
Board [Tc Qs 5h]
Seat 1: dodge658 (big blind) collected ($11.76)
Seat 2: Masqb (button) (small blind) folded on the Flop


PokerStars Hand #146960790550:  Hold'em Limit ($3/$6 USD) - 2016/01/13 6:47:32 ET
Table 'Ludovica II' 2-max Seat #1 is the button
Seat 1: dodge658 ($174.38 in chips)
Seat 2: Masqb ($155.46 in chips)
dodge658: posts small blind $1
Masqb: posts big blind $3
*** HOLE CARDS ***
dodge658: calls $2
Masqb: checks
*** FLOP *** [Jd Kh 3c]
Masqb: bets $3
dodge658: calls $3
*** TURN *** [Jd Kh 3c] [Ah]
Masqb: bets $6
dodge658: calls $6
*** RIVER *** [Jd Kh 3c Ah] [Jc]
Masqb: checks
dodge658: bets $6
Masqb: calls $6
*** SHOW DOWN ***
dodge658: shows [Kc 2s] (two pair, Kings and Jacks)
Masqb: mucks hand
dodge658 collected $35.50 from pot
*** SUMMARY ***
Total pot $36 | Rake $0.50
Board [Jd Kh 3c Ah Jc]
Seat 1: dodge658 (button) (small blind) showed [Kc 2s] and won ($35.50) with two pair, Kings and Jacks
Seat 2: Masqb (big blind) mucked


PokerStars Hand #146960769578:  Hold'em Limit ($3/$6 USD) - 2016/01/13 6:46:54 ET
Table 'Ludovica II' 2-max Seat #2 is the button
Seat 1: dodge658 ($195.38 in chips)
Seat 2: Masqb ($134.96 in chips)
Masqb: posts small blind $1
dodge658: posts big blind $3
*** HOLE CARDS ***
Masqb: raises $3 to $6
dodge658: calls $3
*** FLOP *** [2d Ts 4h]
dodge658: checks
Masqb: bets $3
dodge658: calls $3
*** TURN *** [2d Ts 4h] [7h]
dodge658: checks
Masqb: bets $6
dodge658: calls $6
*** RIVER *** [2d Ts 4h 7h] [Js]
dodge658: bets $6
Masqb: calls $6
*** SHOW DOWN ***
dodge658: shows [9h Qc] (high card Queen)
Masqb: shows [8c 7c] (a pair of Sevens)
Masqb collected $41.50 from pot
*** SUMMARY ***
Total pot $42 | Rake $0.50
Board [2d Ts 4h 7h Js]
Seat 1: dodge658 (big blind) showed [9h Qc] and lost with high card Queen
Seat 2: Masqb (button) (small blind) showed [8c 7c] and won ($41.50) with a pair of Sevens


PokerStars Hand #146960807134:  Hold'em Limit ($3/$6 USD) - 2016/01/13 6:48:02 ET
Table 'Ludovica II' 2-max Seat #2 is the button
Seat 1: dodge658 ($191.88 in chips)
Seat 2: Masqb ($137.46 in chips)
Masqb: posts small blind $1
dodge658: posts big blind $3
*** HOLE CARDS ***
Masqb: raises $3 to $6
dodge658: calls $3
*** FLOP *** [5d 5c 6d]
dodge658: bets $3
Masqb: raises $3 to $6
dodge658: calls $3
*** TURN *** [5d 5c 6d] [As]
dodge658: bets $6
Masqb: raises $6 to $12
dodge658: calls $6
*** RIVER *** [5d 5c 6d As] [Qd]
dodge658: bets $6
Masqb: raises $6 to $12
dodge658: calls $6
*** SHOW DOWN ***
Masqb: shows [Td 5h] (three of a kind, Fives)
dodge658: mucks hand
Masqb collected $71.50 from pot
*** SUMMARY ***
Total pot $72 | Rake $0.50
Board [5d 5c 6d As Qd]
Seat 1: dodge658 (big blind) mucked
Seat 2: Masqb (button) (small blind) showed [Td 5h] and won ($71.50) with three of a kind, Fives


PokerStars Hand #146960824511:  Hold'em Limit ($3/$6 USD) - 2016/01/13 6:48:33 ET
Table 'Ludovica II' 2-max Seat #1 is the button
Seat 1: dodge658 ($155.88 in chips)
Seat 2: Masqb ($172.96 in chips)
dodge658: posts small blind $1
Masqb: posts big blind $3
*** HOLE CARDS ***
dodge658: calls $2
Masqb: checks
*** FLOP *** [Ac Ks 7d]
Masqb: checks
dodge658: checks
*** TURN *** [Ac Ks 7d] [Qc]
Masqb: bets $6
dodge658: folds
Uncalled bet ($6) returned to Masqb
Masqb collected $5.88 from pot
Masqb: doesn't show hand
*** SUMMARY ***
Total pot $6 | Rake $0.12
Board [Ac Ks 7d Qc]
Seat 1: dodge658 (button) (small blind) folded on the Turn
Seat 2: Masqb (big blind) collected ($5.88)


PokerStars Hand #146960859848:  Hold'em Limit ($3/$6 USD) - 2016/01/13 6:49:37 ET
Table 'Ludovica II' 2-max Seat #2 is the button
Seat 1: dodge658 ($176.38 in chips)
Seat 2: Masqb ($151.84 in chips)
Masqb: posts small blind $1
dodge658: posts big blind $3
*** HOLE CARDS ***
Masqb: raises $3 to $6
dodge658: calls $3
*** FLOP *** [Kc 8d 4s]
dodge658: checks
Masqb: bets $3
dodge658: calls $3
*** TURN *** [Kc 8d 4s] [Qc]
dodge658: checks
Masqb: bets $6
dodge658: calls $6
*** RIVER *** [Kc 8d 4s Qc] [3s]
dodge658: bets $6
Masqb: calls $6
*** SHOW DOWN ***
dodge658: shows [6h Ac] (high card Ace)
Masqb: shows [Qs 6c] (a pair of Queens)
Masqb collected $41.50 from pot
*** SUMMARY ***
Total pot $42 | Rake $0.50
Board [Kc 8d 4s Qc 3s]
Seat 1: dodge658 (big blind) showed [6h Ac] and lost with high card Ace
Seat 2: Masqb (button) (small blind) showed [Qs 6c] and won ($41.50) with a pair of Queens


PokerStars Hand #146960854681:  Hold'em Limit ($3/$6 USD) - 2016/01/13 6:49:28 ET
Table 'Ludovica II' 2-max Seat #1 is the button
Seat 1: dodge658 ($173.38 in chips)
Seat 2: Masqb ($154.84 in chips)
dodge658: posts small blind $1
Masqb: posts big blind $3
*** HOLE CARDS ***
dodge658: raises $3 to $6
Masqb: folds
Uncalled bet ($3) returned to dodge658
dodge658 collected $6 from pot
dodge658: doesn't show hand
*** SUMMARY ***
Total pot $6 | Rake $0
Seat 1: dodge658 (button) (small blind) collected ($6)
Seat 2: Masqb (big blind) folded before Flop


PokerStars Hand #146960834131:  Hold'em Limit ($3/$6 USD) - 2016/01/13 6:48:51 ET
Table 'Ludovica II' 2-max Seat #2 is the button
Seat 1: dodge658 ($152.88 in chips)
Seat 2: Masqb ($175.84 in chips)
Masqb: posts small blind $1
dodge658: posts big blind $3
*** HOLE CARDS ***
Masqb: raises $3 to $6
dodge658: calls $3
*** FLOP *** [Jd 7h 8d]
dodge658: bets $3
Masqb: calls $3
*** TURN *** [Jd 7h 8d] [6h]
dodge658: bets $6
Masqb: calls $6
*** RIVER *** [Jd 7h 8d 6h] [3s]
dodge658: bets $6
Masqb: calls $6
*** SHOW DOWN ***
dodge658: shows [2h Jh] (a pair of Jacks)
Masqb: mucks hand
dodge658 collected $41.50 from pot
*** SUMMARY ***
Total pot $42 | Rake $0.50
Board [Jd 7h 8d 6h 3s]
Seat 1: dodge658 (big blind) showed [2h Jh] and won ($41.50) with a pair of Jacks
Seat 2: Masqb (button) (small blind) mucked


PokerStars Hand #146960895067:  Hold'em Limit ($3/$6 USD) - 2016/01/13 6:50:41 ET
Table 'Ludovica II' 2-max Seat #2 is the button
Seat 1: dodge658 ($143.38 in chips)
Seat 2: Masqb ($183.86 in chips)
Masqb: posts small blind $1
dodge658: posts big blind $3
*** HOLE CARDS ***
Masqb: folds
Uncalled bet ($2) returned to dodge658
dodge658 collected $2 from pot
dodge658: doesn't show hand
*** SUMMARY ***
Total pot $2 | Rake $0
Seat 1: dodge658 (big blind) collected ($2)
Seat 2: Masqb (button) (small blind) folded before Flop


PokerStars Hand #146960876468:  Hold'em Limit ($3/$6 USD) - 2016/01/13 6:50:07 ET
Table 'Ludovica II' 2-max Seat #1 is the button
Seat 1: dodge658 ($155.38 in chips)
Seat 2: Masqb ($172.34 in chips)
dodge658: posts small blind $1
Masqb: posts big blind $3
*** HOLE CARDS ***
dodge658: calls $2
Masqb: checks
*** FLOP *** [Jh 8h 3c]
Masqb: bets $3
dodge658: calls $3
*** TURN *** [Jh 8h 3c] [8c]
Masqb: bets $6
dodge658: calls $6
*** RIVER *** [Jh 8h 3c 8c] [As]
Masqb: checks
dodge658: checks
*** SHOW DOWN ***
Masqb: shows [Js 5s] (two pair, Jacks and Eights)
dodge658: mucks hand
Masqb collected $23.52 from pot
*** SUMMARY ***
Total pot $24 | Rake $0.48
Board [Jh 8h 3c 8c As]
Seat 1: dodge658 (button) (small blind) mucked
Seat 2: Masqb (big blind) showed [Js 5s] and won ($23.52) with two pair, Jacks and Eights


PokerStars Hand #146960898275:  Hold'em Limit ($3/$6 USD) - 2016/01/13 6:50:47 ET
Table 'Ludovica II' 2-max Seat #1 is the button
Seat 1: dodge658 ($144.38 in chips)
Seat 2: Masqb ($182.86 in chips)
dodge658: posts small blind $1
Masqb: posts big blind $3
*** HOLE CARDS ***
dodge658: calls $2
Masqb: checks
*** FLOP *** [Qd 4d Jh]
Masqb: checks
dodge658: checks
*** TURN *** [Qd 4d Jh] [4h]
Masqb: checks
dodge658: checks
*** RIVER *** [Qd 4d Jh 4h] [Ks]
Masqb: checks
dodge658: checks
*** SHOW DOWN ***
Masqb: shows [6h 2d] (a pair of Fours)
dodge658: shows [Td 6d] (a pair of Fours)
Masqb collected $2.94 from pot
dodge658 collected $2.94 from pot
*** SUMMARY ***
Total pot $6 | Rake $0.12
Board [Qd 4d Jh 4h Ks]
Seat 1: dodge658 (button) (small blind) showed [Td 6d] and won ($2.94) with a pair of Fours
Seat 2: Masqb (big blind) showed [6h 2d] and won ($2.94) with a pair of Fours


PokerStars Hand #146960914775:  Hold'em Limit ($3/$6 USD) - 2016/01/13 6:51:16 ET
Table 'Ludovica II' 2-max Seat #2 is the button
Seat 1: dodge658 ($144.32 in chips)
Seat 2: Masqb ($182.80 in chips)
Masqb: posts small blind $1
dodge658: posts big blind $3
*** HOLE CARDS ***
Masqb: raises $3 to $6
dodge658: calls $3
*** FLOP *** [4h 8h 9c]
dodge658: bets $3
Masqb: calls $3
*** TURN *** [4h 8h 9c] [Kd]
dodge658: bets $6
Masqb: folds
Uncalled bet ($6) returned to dodge658
dodge658 collected $17.64 from pot
dodge658: doesn't show hand
*** SUMMARY ***
Total pot $18 | Rake $0.36
Board [4h 8h 9c Kd]
Seat 1: dodge658 (big blind) collected ($17.64)
Seat 2: Masqb (button) (small blind) folded on the Turn


PokerStars Hand #146960963557:  Hold'em Limit ($3/$6 USD) - 2016/01/13 6:52:45 ET
Table 'Ludovica II' 2-max Seat #2 is the button
Seat 1: dodge658 ($155.84 in chips)
Seat 2: Masqb ($170.80 in chips)
Masqb: posts small blind $1
dodge658: posts big blind $3
*** HOLE CARDS ***
Masqb: folds
Uncalled bet ($2) returned to dodge658
dodge658 collected $2 from pot
dodge658: doesn't show hand
*** SUMMARY ***
Total pot $2 | Rake $0
Seat 1: dodge658 (big blind) collected ($2)
Seat 2: Masqb (button) (small blind) folded before Flop


PokerStars Hand #146960930216:  Hold'em Limit ($3/$6 USD) - 2016/01/13 6:51:44 ET
Table 'Ludovica II' 2-max Seat #1 is the button
Seat 1: dodge658 ($152.96 in chips)
Seat 2: Masqb ($173.80 in chips)
dodge658: posts small blind $1
Masqb: posts big blind $3
*** HOLE CARDS ***
dodge658: calls $2
Masqb: checks
*** FLOP *** [Kc 9h 7d]
Masqb: checks
dodge658: checks
*** TURN *** [Kc 9h 7d] [2d]
Masqb: checks
dodge658: checks
*** RIVER *** [Kc 9h 7d 2d] [Ts]
Masqb: checks
dodge658: bets $6
Masqb: folds
Uncalled bet ($6) returned to dodge658
dodge658 collected $5.88 from pot
dodge658: doesn't show hand
*** SUMMARY ***
Total pot $6 | Rake $0.12
Board [Kc 9h 7d 2d Ts]
Seat 1: dodge658 (button) (small blind) collected ($5.88)
Seat 2: Masqb (big blind) folded on the River


PokerStars Hand #146960998780:  Hold'em Limit ($3/$6 USD) - 2016/01/13 6:53:49 ET
Table 'Ludovica II' 2-max Seat #2 is the button
Seat 1: dodge658 ($151.72 in chips)
Seat 2: Masqb ($174.44 in chips)
Masqb: posts small blind $1
dodge658: posts big blind $3
*** HOLE CARDS ***
Masqb: raises $3 to $6
dodge658: calls $3
*** FLOP *** [2d As Qh]
dodge658: bets $3
Masqb: folds
Uncalled bet ($3) returned to dodge658
dodge658 collected $11.76 from pot
dodge658: doesn't show hand
*** SUMMARY ***
Total pot $12 | Rake $0.24
Board [2d As Qh]
Seat 1: dodge658 (big blind) collected ($11.76)
Seat 2: Masqb (button) (small blind) folded on the Flop


PokerStars Hand #146960987272:  Hold'em Limit ($3/$6 USD) - 2016/01/13 6:53:28 ET
Table 'Ludovica II' 2-max Seat #1 is the button
Seat 1: dodge658 ($160.72 in chips)
Seat 2: Masqb ($165.80 in chips)
dodge658: posts small blind $1
Masqb: posts big blind $3
*** HOLE CARDS ***
dodge658: calls $2
Masqb: raises $3 to $6
dodge658: calls $3
*** FLOP *** [9h 2c Jc]
Masqb: bets $3
dodge658: calls $3
*** TURN *** [9h 2c Jc] [6c]
Masqb: bets $6
dodge658: folds
Uncalled bet ($6) returned to Masqb
Masqb collected $17.64 from pot
Masqb: doesn't show hand
*** SUMMARY ***
Total pot $18 | Rake $0.36
Board [9h 2c Jc 6c]
Seat 1: dodge658 (button) (small blind) folded on the Turn
Seat 2: Masqb (big blind) collected ($17.64)


PokerStars Hand #146960984125:  Hold'em Limit ($3/$6 USD) - 2016/01/13 6:53:22 ET
Table 'Ludovica II' 2-max Seat #2 is the button
Seat 1: dodge658 ($159.72 in chips)
Seat 2: Masqb ($166.80 in chips)
Masqb: posts small blind $1
dodge658: posts big blind $3
*** HOLE CARDS ***
Masqb: folds
Uncalled bet ($2) returned to dodge658
dodge658 collected $2 from pot
dodge658: doesn't show hand
*** SUMMARY ***
Total pot $2 | Rake $0
Seat 1: dodge658 (big blind) collected ($2)
Seat 2: Masqb (button) (small blind) folded before Flop


PokerStars Hand #146960967586:  Hold'em Limit ($3/$6 USD) - 2016/01/13 6:52:52 ET
Table 'Ludovica II' 2-max Seat #1 is the button
Seat 1: dodge658 ($156.84 in chips)
Seat 2: Masqb ($169.80 in chips)
dodge658: posts small blind $1
Masqb: posts big blind $3
*** HOLE CARDS ***
dodge658: calls $2
Masqb: checks
*** FLOP *** [Qs 4d Qh]
Masqb: checks
dodge658: checks
*** TURN *** [Qs 4d Qh] [7h]
Masqb: checks
dodge658: bets $6
Masqb: folds
Uncalled bet ($6) returned to dodge658
dodge658 collected $5.88 from pot
dodge658: doesn't show hand
*** SUMMARY ***
Total pot $6 | Rake $0.12
Board [Qs 4d Qh 7h]
Seat 1: dodge658 (button) (small blind) collected ($5.88)
Seat 2: Masqb (big blind) folded on the Turn


PokerStars Hand #146961025954:  Hold'em Limit ($3/$6 USD) - 2016/01/13 6:54:39 ET
Table 'Ludovica II' 2-max Seat #1 is the button
Seat 1: dodge658 ($135.48 in chips)
Seat 2: Masqb ($189.94 in chips)
dodge658: posts small blind $1
Masqb: posts big blind $3
*** HOLE CARDS ***
dodge658: folds
Uncalled bet ($2) returned to Masqb
Masqb collected $2 from pot
Masqb: doesn't show hand
*** SUMMARY ***
Total pot $2 | Rake $0
Seat 1: dodge658 (button) (small blind) folded before Flop
Seat 2: Masqb (big blind) collected ($2)


PokerStars Hand #146961010825:  Hold'em Limit ($3/$6 USD) - 2016/01/13 6:54:11 ET
Table 'Ludovica II' 2-max Seat #2 is the button
Seat 1: dodge658 ($156.48 in chips)
Seat 2: Masqb ($169.44 in chips)
Masqb: posts small blind $1
dodge658: posts big blind $3
*** HOLE CARDS ***
Masqb: raises $3 to $6
dodge658: calls $3
*** FLOP *** [2c Qc 9d]
dodge658: bets $3
Masqb: calls $3
*** TURN *** [2c Qc 9d] [3s]
dodge658: bets $6
Masqb: calls $6
*** RIVER *** [2c Qc 9d 3s] [As]
dodge658: bets $6
Masqb: calls $6
*** SHOW DOWN ***
dodge658: shows [Td 6s] (high card Ace)
Masqb: shows [4s Ac] (a pair of Aces)
Masqb collected $41.50 from pot
*** SUMMARY ***
Total pot $42 | Rake $0.50
Board [2c Qc 9d 3s As]
Seat 1: dodge658 (big blind) showed [Td 6s] and lost with high card Ace
Seat 2: Masqb (button) (small blind) showed [4s Ac] and won ($41.50) with a pair of Aces


PokerStars Hand #146961007531:  Hold'em Limit ($3/$6 USD) - 2016/01/13 6:54:05 ET
Table 'Ludovica II' 2-max Seat #1 is the button
Seat 1: dodge658 ($157.48 in chips)
Seat 2: Masqb ($168.44 in chips)
dodge658: posts small blind $1
Masqb: posts big blind $3
*** HOLE CARDS ***
dodge658: folds
Uncalled bet ($2) returned to Masqb
Masqb collected $2 from pot
Masqb: doesn't show hand
*** SUMMARY ***
Total pot $2 | Rake $0
Seat 1: dodge658 (button) (small blind) folded before Flop
Seat 2: Masqb (big blind) collected ($2)


PokerStars Hand #146961051249:  Hold'em Limit ($3/$6 USD) - 2016/01/13 6:55:26 ET
Table 'Ludovica II' 2-max Seat #1 is the button
Seat 1: dodge658 ($146 in chips)
Seat 2: Masqb ($178.94 in chips)
dodge658: posts small blind $1
Masqb: posts big blind $3
*** HOLE CARDS ***
dodge658: calls $2
Masqb: raises $3 to $6
dodge658: calls $3
*** FLOP *** [7h 6h 9h]
Masqb: bets $3
dodge658: calls $3
*** TURN *** [7h 6h 9h] [Qs]
Masqb: bets $6
dodge658: calls $6
*** RIVER *** [7h 6h 9h Qs] [Ad]
Masqb: bets $6
dodge658: raises $6 to $12
Masqb: calls $6
*** SHOW DOWN ***
dodge658: shows [4h 2h] (a flush, Nine high)
Masqb: mucks hand
dodge658 collected $53.50 from pot
*** SUMMARY ***
Total pot $54 | Rake $0.50
Board [7h 6h 9h Qs Ad]
Seat 1: dodge658 (button) (small blind) showed [4h 2h] and won ($53.50) with a flush, Nine high
Seat 2: Masqb (big blind) mucked


PokerStars Hand #146961029430:  Hold'em Limit ($3/$6 USD) - 2016/01/13 6:54:45 ET
Table 'Ludovica II' 2-max Seat #2 is the button
Seat 1: dodge658 ($134.48 in chips)
Seat 2: Masqb ($190.94 in chips)
Masqb: posts small blind $1
dodge658: posts big blind $3
*** HOLE CARDS ***
Masqb: raises $3 to $6
dodge658: calls $3
*** FLOP *** [Ts 8c Tc]
dodge658: checks
Masqb: checks
*** TURN *** [Ts 8c Tc] [Kc]
dodge658: checks
Masqb: checks
*** RIVER *** [Ts 8c Tc Kc] [Jd]
dodge658: bets $6
Masqb: calls $6
*** SHOW DOWN ***
dodge658: shows [Jh 6c] (two pair, Jacks and Tens)
Masqb: mucks hand
dodge658 collected $23.52 from pot
*** SUMMARY ***
Total pot $24 | Rake $0.48
Board [Ts 8c Tc Kc Jd]
Seat 1: dodge658 (big blind) showed [Jh 6c] and won ($23.52) with two pair, Jacks and Tens
Seat 2: Masqb (button) (small blind) mucked


PokerStars Hand #146961072654:  Hold'em Limit ($3/$6 USD) - 2016/01/13 6:56:12 ET
Table 'Ludovica II' 2-max Seat #1 is the button
Seat 1: dodge658 ($173.50 in chips)
Seat 2: Masqb ($150.94 in chips)
dodge658: posts small blind $1
Masqb: posts big blind $3
*** HOLE CARDS ***
dodge658: calls $2
Masqb: checks
*** FLOP *** [7c Qh Kd]
Masqb: checks
dodge658: bets $3
Masqb: folds
Uncalled bet ($3) returned to dodge658
dodge658 collected $5.88 from pot
dodge658: doesn't show hand
*** SUMMARY ***
Total pot $6 | Rake $0.12
Board [7c Qh Kd]
Seat 1: dodge658 (button) (small blind) collected ($5.88)
Seat 2: Masqb (big blind) folded on the Flop


PokerStars Hand #146961068367:  Hold'em Limit ($3/$6 USD) - 2016/01/13 6:56:03 ET
Table 'Ludovica II' 2-max Seat #2 is the button
Seat 1: dodge658 ($172.50 in chips)
Seat 2: Masqb ($151.94 in chips)
Masqb: posts small blind $1
dodge658: posts big blind $3
*** HOLE CARDS ***
Masqb: folds
Uncalled bet ($2) returned to dodge658
dodge658 collected $2 from pot
dodge658: doesn't show hand
*** SUMMARY ***
Total pot $2 | Rake $0
Seat 1: dodge658 (big blind) collected ($2)
Seat 2: Masqb (button) (small blind) folded before Flop


PokerStars Hand #146961081095:  Hold'em Limit ($3/$6 USD) - 2016/01/13 6:56:29 ET
Table 'Ludovica II' 2-max Seat #2 is the button
Seat 1: dodge658 ($176.38 in chips)
Seat 2: Masqb ($147.94 in chips)
Masqb: posts small blind $1
dodge658: posts big blind $3
*** HOLE CARDS ***
Masqb: raises $3 to $6
dodge658: calls $3
*** FLOP *** [Qs Ks 8s]
dodge658: bets $3
Masqb: calls $3
*** TURN *** [Qs Ks 8s] [7s]
dodge658: bets $6
Masqb: calls $6
*** RIVER *** [Qs Ks 8s 7s] [4s]
dodge658: bets $6
Masqb: calls $6
*** SHOW DOWN ***
dodge658: shows [Jd Th] (a flush, King high)
Masqb: shows [Kd Qh] (a flush, King high)
dodge658 collected $20.75 from pot
Masqb collected $20.75 from pot
*** SUMMARY ***
Total pot $42 | Rake $0.50
Board [Qs Ks 8s 7s 4s]
Seat 1: dodge658 (big blind) showed [Jd Th] and won ($20.75) with a flush, King high
Seat 2: Masqb (button) (small blind) showed [Kd Qh] and won ($20.75) with a flush, King high


PokerStars Hand #146961103209:  Hold'em Limit ($3/$6 USD) - 2016/01/13 6:57:15 ET
Table 'Ludovica II' 2-max Seat #2 is the button
Seat 1: dodge658 ($175.13 in chips)
Seat 2: Masqb ($148.69 in chips)
Masqb: posts small blind $1
dodge658: posts big blind $3
*** HOLE CARDS ***
Masqb: raises $3 to $6
dodge658: calls $3
*** FLOP *** [Kd 8h 6h]
dodge658: bets $3
Masqb: calls $3
*** TURN *** [Kd 8h 6h] [7d]
dodge658: checks
Masqb: bets $6
dodge658: calls $6
*** RIVER *** [Kd 8h 6h 7d] [Ac]
dodge658: checks
Masqb: bets $6
dodge658: calls $6
*** SHOW DOWN ***
Masqb: shows [9s Ah] (a pair of Aces)
dodge658: mucks hand
Masqb collected $41.50 from pot
*** SUMMARY ***
Total pot $42 | Rake $0.50
Board [Kd 8h 6h 7d Ac]
Seat 1: dodge658 (big blind) mucked
Seat 2: Masqb (button) (small blind) showed [9s Ah] and won ($41.50) with a pair of Aces


PokerStars Hand #146961099794:  Hold'em Limit ($3/$6 USD) - 2016/01/13 6:57:08 ET
Table 'Ludovica II' 2-max Seat #1 is the button
Seat 1: dodge658 ($176.13 in chips)
Seat 2: Masqb ($147.69 in chips)
dodge658: posts small blind $1
Masqb: posts big blind $3
*** HOLE CARDS ***
dodge658: folds
Uncalled bet ($2) returned to Masqb
Masqb collected $2 from pot
Masqb: doesn't show hand
*** SUMMARY ***
Total pot $2 | Rake $0
Seat 1: dodge658 (button) (small blind) folded before Flop
Seat 2: Masqb (big blind) collected ($2)


PokerStars Hand #146961160519:  Hold'em Limit ($3/$6 USD) - 2016/01/13 6:58:48 ET
Table 'Ludovica II' 2-max Seat #1 is the button
Seat 1: dodge658 ($138.89 in chips)
Seat 2: Masqb ($183.69 in chips)
dodge658: posts small blind $1
Masqb: posts big blind $3
*** HOLE CARDS ***
dodge658: folds
Uncalled bet ($2) returned to Masqb
Masqb collected $2 from pot
Masqb: doesn't show hand
*** SUMMARY ***
Total pot $2 | Rake $0
Seat 1: dodge658 (button) (small blind) folded before Flop
Seat 2: Masqb (big blind) collected ($2)


PokerStars Hand #146961141197:  Hold'em Limit ($3/$6 USD) - 2016/01/13 6:58:18 ET
Table 'Ludovica II' 2-max Seat #2 is the button
Seat 1: dodge658 ($159.89 in chips)
Seat 2: Masqb ($163.19 in chips)
Masqb: posts small blind $1
dodge658: posts big blind $3
*** HOLE CARDS ***
Masqb: raises $3 to $6
dodge658: calls $3
*** FLOP *** [7h 9s 6d]
dodge658: bets $3
Masqb: calls $3
*** TURN *** [7h 9s 6d] [2c]
dodge658: bets $6
Masqb: calls $6
*** RIVER *** [7h 9s 6d 2c] [8s]
dodge658: bets $6
Masqb: calls $6
*** SHOW DOWN ***
dodge658: shows [6c Kd] (a pair of Sixes)
Masqb: shows [5c Kh] (a straight, Five to Nine)
Masqb collected $41.50 from pot
*** SUMMARY ***
Total pot $42 | Rake $0.50
Board [7h 9s 6d 2c 8s]
Seat 1: dodge658 (big blind) showed [6c Kd] and lost with a pair of Sixes
Seat 2: Masqb (button) (small blind) showed [5c Kh] and won ($41.50) with a straight, Five to Nine


PokerStars Hand #146961117768:  Hold'em Limit ($3/$6 USD) - 2016/01/13 6:57:46 ET
Table 'Ludovica II' 2-max Seat #1 is the button
Seat 1: dodge658 ($154.13 in chips)
Seat 2: Masqb ($169.19 in chips)
dodge658: posts small blind $1
Masqb: posts big blind $3
*** HOLE CARDS ***
dodge658: calls $2
Masqb: checks
*** FLOP *** [8h 2h 6h]
Masqb: checks
dodge658: bets $3
Masqb: calls $3
*** TURN *** [8h 2h 6h] [Jc]
Masqb: checks
dodge658: bets $6
Masqb: folds
Uncalled bet ($6) returned to dodge658
dodge658 collected $11.76 from pot
dodge658: doesn't show hand
*** SUMMARY ***
Total pot $12 | Rake $0.24
Board [8h 2h 6h Jc]
Seat 1: dodge658 (button) (small blind) collected ($11.76)
Seat 2: Masqb (big blind) folded on the Turn


PokerStars Hand #146961174566:  Hold'em Limit ($3/$6 USD) - 2016/01/13 6:59:16 ET
Table 'Ludovica II' 2-max Seat #1 is the button
Seat 1: dodge658 ($131.89 in chips)
Seat 2: Masqb ($190.45 in chips)
dodge658: posts small blind $1
Masqb: posts big blind $3
*** HOLE CARDS ***
dodge658: calls $2
Masqb: checks
*** FLOP *** [Jc 6h 3c]
Masqb: checks
dodge658: bets $3
Masqb: calls $3
*** TURN *** [Jc 6h 3c] [3s]
Masqb: checks
dodge658: bets $6
Masqb: raises $6 to $12
dodge658: calls $6
*** RIVER *** [Jc 6h 3c 3s] [8d]
Masqb: bets $6
dodge658: calls $6
*** SHOW DOWN ***
Masqb: shows [4s 3d] (three of a kind, Threes)
dodge658: mucks hand
Masqb collected $47.50 from pot
*** SUMMARY ***
Total pot $48 | Rake $0.50
Board [Jc 6h 3c 3s 8d]
Seat 1: dodge658 (button) (small blind) mucked
Seat 2: Masqb (big blind) showed [4s 3d] and won ($47.50) with three of a kind, Threes


PokerStars Hand #146961165564:  Hold'em Limit ($3/$6 USD) - 2016/01/13 6:58:58 ET
Table 'Ludovica II' 2-max Seat #2 is the button
Seat 1: dodge658 ($137.89 in chips)
Seat 2: Masqb ($184.69 in chips)
Masqb: posts small blind $1
dodge658: posts big blind $3
*** HOLE CARDS ***
Masqb: raises $3 to $6
dodge658: calls $3
*** FLOP *** [7h 8c Ac]
dodge658: checks
Masqb: bets $3
dodge658: folds
Uncalled bet ($3) returned to Masqb
Masqb collected $11.76 from pot
Masqb: doesn't show hand
*** SUMMARY ***
Total pot $12 | Rake $0.24
Board [7h 8c Ac]
Seat 1: dodge658 (big blind) folded on the Flop
Seat 2: Masqb (button) (small blind) collected ($11.76)


PokerStars Hand #146961190730:  Hold'em Limit ($3/$6 USD) - 2016/01/13 6:59:50 ET
Table 'Ludovica II' 2-max Seat #2 is the button
Seat 1: dodge658 ($107.89 in chips)
Seat 2: Masqb ($213.95 in chips)
Masqb: posts small blind $1
dodge658: posts big blind $3
*** HOLE CARDS ***
Masqb: raises $3 to $6
dodge658: calls $3
*** FLOP *** [2c 7d 3d]
dodge658: checks
Masqb: bets $3
dodge658: calls $3
*** TURN *** [2c 7d 3d] [Ac]
dodge658: checks
Masqb: bets $6
dodge658: calls $6
*** RIVER *** [2c 7d 3d Ac] [3c]
dodge658: bets $6
Masqb: folds
Uncalled bet ($6) returned to dodge658
dodge658 collected $29.50 from pot
dodge658: doesn't show hand
*** SUMMARY ***
Total pot $30 | Rake $0.50
Board [2c 7d 3d Ac 3c]
Seat 1: dodge658 (big blind) collected ($29.50)
Seat 2: Masqb (button) (small blind) folded on the River


PokerStars Hand #146961211208:  Hold'em Limit ($3/$6 USD) - 2016/01/13 7:00:31 ET
Table 'Ludovica II' 2-max Seat #1 is the button
Seat 1: dodge658 ($122.39 in chips)
Seat 2: Masqb ($198.95 in chips)
dodge658: posts small blind $1
Masqb: posts big blind $3
*** HOLE CARDS ***
dodge658: calls $2
Masqb: raises $3 to $6
dodge658: calls $3
*** FLOP *** [4d Jc 6h]
Masqb: bets $3
dodge658: calls $3
*** TURN *** [4d Jc 6h] [Kd]
Masqb: bets $6
dodge658: raises $6 to $12
Masqb: raises $6 to $18
dodge658: calls $6
*** RIVER *** [4d Jc 6h Kd] [Qd]
Masqb: bets $6
dodge658: calls $6
*** SHOW DOWN ***
Masqb: shows [Jh Js] (three of a kind, Jacks)
dodge658: mucks hand
Masqb collected $65.50 from pot
*** SUMMARY ***
Total pot $66 | Rake $0.50
Board [4d Jc 6h Kd Qd]
Seat 1: dodge658 (button) (small blind) mucked
Seat 2: Masqb (big blind) showed [Jh Js] and won ($65.50) with three of a kind, Jacks


PokerStars Hand #146961241075:  Hold'em Limit ($3/$6 USD) - 2016/01/13 7:01:29 ET
Table 'Ludovica II' 2-max Seat #2 is the button
Seat 1: dodge658 ($89.39 in chips)
Seat 2: Masqb ($231.45 in chips)
Masqb: posts small blind $1
dodge658: posts big blind $3
*** HOLE CARDS ***
Masqb: raises $3 to $6
dodge658: calls $3
*** FLOP *** [Qc 6s Tc]
dodge658: checks
Masqb: bets $3
dodge658: folds
Uncalled bet ($3) returned to Masqb
Masqb collected $11.76 from pot
Masqb: doesn't show hand
*** SUMMARY ***
Total pot $12 | Rake $0.24
Board [Qc 6s Tc]
Seat 1: dodge658 (big blind) folded on the Flop
Seat 2: Masqb (button) (small blind) collected ($11.76)


PokerStars Hand #146961275665:  Hold'em Limit ($3/$6 USD) - 2016/01/13 7:02:34 ET
Table 'Ludovica II' 2-max Seat #2 is the button
Seat 1: dodge658 ($50.39 in chips)
Seat 2: Masqb ($269.71 in chips)
Masqb: posts small blind $1
dodge658: posts big blind $3
*** HOLE CARDS ***
Masqb: folds
Uncalled bet ($2) returned to dodge658
dodge658 collected $2 from pot
dodge658: doesn't show hand
*** SUMMARY ***
Total pot $2 | Rake $0
Seat 1: dodge658 (big blind) collected ($2)
Seat 2: Masqb (button) (small blind) folded before Flop


PokerStars Hand #146961249546:  Hold'em Limit ($3/$6 USD) - 2016/01/13 7:01:46 ET
Table 'Ludovica II' 2-max Seat #1 is the button
Seat 1: dodge658 ($83.39 in chips)
Seat 2: Masqb ($237.21 in chips)
dodge658: posts small blind $1
Masqb: posts big blind $3
*** HOLE CARDS ***
dodge658: calls $2
Masqb: raises $3 to $6
dodge658: calls $3
*** FLOP *** [Js Jh Ac]
Masqb: bets $3
dodge658: calls $3
*** TURN *** [Js Jh Ac] [8d]
Masqb: bets $6
dodge658: calls $6
*** RIVER *** [Js Jh Ac 8d] [8s]
Masqb: bets $6
dodge658: raises $6 to $12
Masqb: raises $6 to $18
dodge658: calls $6
*** SHOW DOWN ***
Masqb: shows [8h Ah] (a full house, Eights full of Aces)
dodge658: mucks hand
Masqb collected $65.50 from pot
*** SUMMARY ***
Total pot $66 | Rake $0.50
Board [Js Jh Ac 8d 8s]
Seat 1: dodge658 (button) (small blind) mucked
Seat 2: Masqb (big blind) showed [8h Ah] and won ($65.50) with a full house, Eights full of Aces


PokerStars Hand #146961278180:  Hold'em Limit ($3/$6 USD) - 2016/01/13 7:02:38 ET
Table 'Ludovica II' 2-max Seat #1 is the button
Seat 1: dodge658 ($51.39 in chips)
Seat 2: Masqb ($268.71 in chips)
dodge658: posts small blind $1
Masqb: posts big blind $3
*** HOLE CARDS ***
dodge658: calls $2
Masqb: checks
*** FLOP *** [9d 8h 8c]
Masqb: checks
dodge658: checks
*** TURN *** [9d 8h 8c] [Qh]
Masqb: checks
dodge658: bets $6
Masqb: folds
Uncalled bet ($6) returned to dodge658
dodge658 collected $5.88 from pot
dodge658: doesn't show hand
*** SUMMARY ***
Total pot $6 | Rake $0.12
Board [9d 8h 8c Qh]
Seat 1: dodge658 (button) (small blind) collected ($5.88)
Seat 2: Masqb (big blind) folded on the Turn


PokerStars Hand #146961334560:  Hold'em Limit ($3/$6 USD) - 2016/01/13 7:04:20 ET
Table 'Ludovica II' 2-max Seat #2 is the button
Seat 1: dodge658 ($39.03 in chips)
Seat 2: Masqb ($280.21 in chips)
Masqb: posts small blind $1
dodge658: posts big blind $3
*** HOLE CARDS ***
Masqb: raises $3 to $6
dodge658: calls $3
*** FLOP *** [Ts Ad 7h]
dodge658: checks
Masqb: bets $3
dodge658: calls $3
*** TURN *** [Ts Ad 7h] [5d]
dodge658: bets $6
Masqb: folds
Uncalled bet ($6) returned to dodge658
dodge658 collected $17.64 from pot
dodge658: doesn't show hand
*** SUMMARY ***
Total pot $18 | Rake $0.36
Board [Ts Ad 7h 5d]
Seat 1: dodge658 (big blind) collected ($17.64)
Seat 2: Masqb (button) (small blind) folded on the Turn


PokerStars Hand #146961317809:  Hold'em Limit ($3/$6 USD) - 2016/01/13 7:03:50 ET
Table 'Ludovica II' 2-max Seat #1 is the button
Seat 1: dodge658 ($60.03 in chips)
Seat 2: Masqb ($259.71 in chips)
dodge658: posts small blind $1
Masqb: posts big blind $3
*** HOLE CARDS ***
dodge658: calls $2
Masqb: raises $3 to $6
dodge658: calls $3
*** FLOP *** [Ad Jh 5d]
Masqb: bets $3
dodge658: calls $3
*** TURN *** [Ad Jh 5d] [7c]
Masqb: bets $6
dodge658: calls $6
*** RIVER *** [Ad Jh 5d 7c] [Jc]
Masqb: bets $6
dodge658: calls $6
*** SHOW DOWN ***
Masqb: shows [Js 8c] (three of a kind, Jacks)
dodge658: mucks hand
Masqb collected $41.50 from pot
*** SUMMARY ***
Total pot $42 | Rake $0.50
Board [Ad Jh 5d 7c Jc]
Seat 1: dodge658 (button) (small blind) mucked
Seat 2: Masqb (big blind) showed [Js 8c] and won ($41.50) with three of a kind, Jacks


PokerStars Hand #146961298191:  Hold'em Limit ($3/$6 USD) - 2016/01/13 7:03:15 ET
Table 'Ludovica II' 2-max Seat #2 is the button
Seat 1: dodge658 ($54.27 in chips)
Seat 2: Masqb ($265.71 in chips)
Masqb: posts small blind $1
dodge658: posts big blind $3
*** HOLE CARDS ***
Masqb: raises $3 to $6
dodge658: calls $3
*** FLOP *** [Jh 7h 3d]
dodge658: checks
Masqb: checks
*** TURN *** [Jh 7h 3d] [9d]
dodge658: bets $6
Masqb: folds
Uncalled bet ($6) returned to dodge658
dodge658 collected $11.76 from pot
dodge658: doesn't show hand
*** SUMMARY ***
Total pot $12 | Rake $0.24
Board [Jh 7h 3d 9d]
Seat 1: dodge658 (big blind) collected ($11.76)
Seat 2: Masqb (button) (small blind) folded on the Turn


PokerStars Hand #146961370901:  Hold'em Limit ($3/$6 USD) - 2016/01/13 7:05:25 ET
Table 'Ludovica II' 2-max Seat #2 is the button
Seat 1: dodge658 ($17.67 in chips)
Seat 2: Masqb ($300.71 in chips)
Masqb: posts small blind $1
dodge658: posts big blind $3
*** HOLE CARDS ***
Masqb: raises $3 to $6
dodge658: calls $3
*** FLOP *** [Qd 8c Qh]
dodge658: checks
Masqb: bets $3
dodge658: calls $3
*** TURN *** [Qd 8c Qh] [2s]
dodge658: checks
Masqb: bets $6
dodge658: folds
Uncalled bet ($6) returned to Masqb
Masqb collected $17.64 from pot
Masqb: doesn't show hand
*** SUMMARY ***
Total pot $18 | Rake $0.36
Board [Qd 8c Qh 2s]
Seat 1: dodge658 (big blind) folded on the Turn
Seat 2: Masqb (button) (small blind) collected ($17.64)


PokerStars Hand #146961406633:  Hold'em Limit ($3/$6 USD) - 2016/01/13 7:06:29 ET
Table 'Ludovica II' 2-max Seat #2 is the button
Seat 1: dodge658 ($16.99 in chips)
Seat 2: Masqb ($300.68 in chips)
Masqb: posts small blind $1
dodge658: posts big blind $3
*** HOLE CARDS ***
Masqb: raises $3 to $6
dodge658: calls $3
*** FLOP *** [Ah 7h Th]
dodge658: checks
Masqb: bets $3
dodge658: calls $3
*** TURN *** [Ah 7h Th] [2c]
dodge658: bets $6
Masqb: raises $6 to $12
dodge658: calls $1.99 and is all-in
Uncalled bet ($4.01) returned to Masqb
*** RIVER *** [Ah 7h Th 2c] [Ts]
*** SHOW DOWN ***
dodge658: shows [8c Kh] (a pair of Tens)
Masqb: shows [8s Jh] (a pair of Tens - lower kicker)
dodge658 collected $33.48 from pot
*** SUMMARY ***
Total pot $33.98 | Rake $0.50
Board [Ah 7h Th 2c Ts]
Seat 1: dodge658 (big blind) showed [8c Kh] and won ($33.48) with a pair of Tens
Seat 2: Masqb (button) (small blind) showed [8s Jh] and lost with a pair of Tens


PokerStars Hand #146961391640:  Hold'em Limit ($3/$6 USD) - 2016/01/13 7:06:03 ET
Table 'Ludovica II' 2-max Seat #1 is the button
Seat 1: dodge658 ($8.67 in chips)
Seat 2: Masqb ($309.35 in chips)
dodge658: posts small blind $1
Masqb: posts big blind $3
*** HOLE CARDS ***
dodge658: calls $2
Masqb: checks
*** FLOP *** [8s 7h 5s]
Masqb: bets $3
dodge658: raises $2.67 to $5.67 and is all-in
Masqb: calls $2.67
*** TURN *** [8s 7h 5s] [As]
*** RIVER *** [8s 7h 5s As] [9c]
*** SHOW DOWN ***
Masqb: shows [5d 8h] (two pair, Eights and Fives)
dodge658: shows [6c Qh] (a straight, Five to Nine)
dodge658 collected $16.99 from pot
*** SUMMARY ***
Total pot $17.34 | Rake $0.35
Board [8s 7h 5s As 9c]
Seat 1: dodge658 (button) (small blind) showed [6c Qh] and won ($16.99) with a straight, Five to Nine
Seat 2: Masqb (big blind) showed [5d 8h] and lost with two pair, Eights and Fives


PokerStars Hand #146961421592:  Hold'em Limit ($3/$6 USD) - 2016/01/13 7:06:56 ET
Table 'Ludovica II' 2-max Seat #1 is the button
Seat 1: dodge658 ($33.48 in chips)
Seat 2: Masqb ($283.69 in chips)
dodge658: posts small blind $1
Masqb: posts big blind $3
*** HOLE CARDS ***
dodge658: calls $2
Masqb: raises $3 to $6
dodge658: calls $3
*** FLOP *** [7s Qs 6s]
Masqb: bets $3
dodge658: calls $3
*** TURN *** [7s Qs 6s] [2s]
Masqb: bets $6
dodge658: calls $6
*** RIVER *** [7s Qs 6s 2s] [5c]
Masqb: bets $6
dodge658: calls $6
*** SHOW DOWN ***
Masqb: shows [Ks 6h] (a flush, King high)
dodge658: mucks hand
Masqb collected $41.50 from pot
*** SUMMARY ***
Total pot $42 | Rake $0.50
Board [7s Qs 6s 2s 5c]
Seat 1: dodge658 (button) (small blind) mucked
Seat 2: Masqb (big blind) showed [Ks 6h] and won ($41.50) with a flush, King high


PokerStars Hand #146961437165:  Hold'em Limit ($3/$6 USD) - 2016/01/13 7:07:24 ET
Table 'Ludovica II' 2-max Seat #2 is the button
Seat 1: dodge658 ($12.48 in chips)
Seat 2: Masqb ($304.19 in chips)
Masqb: posts small blind $1
dodge658: posts big blind $3
*** HOLE CARDS ***
Masqb: folds
Uncalled bet ($2) returned to dodge658
dodge658 collected $2 from pot
dodge658: doesn't show hand
*** SUMMARY ***
Total pot $2 | Rake $0
Seat 1: dodge658 (big blind) collected ($2)
Seat 2: Masqb (button) (small blind) folded before Flop


PokerStars Hand #146961441342:  Hold'em Limit ($3/$6 USD) - 2016/01/13 7:07:31 ET
Table 'Ludovica II' 2-max Seat #1 is the button
Seat 1: dodge658 ($13.48 in chips)
Seat 2: Masqb ($303.19 in chips)
dodge658: posts small blind $1
Masqb: posts big blind $3
*** HOLE CARDS ***
dodge658: calls $2
Masqb: raises $3 to $6
dodge658: calls $3
*** FLOP *** [Ah Jh 3h]
Masqb: bets $3
dodge658: folds
Uncalled bet ($3) returned to Masqb
Masqb collected $11.76 from pot
Masqb: doesn't show hand
*** SUMMARY ***
Total pot $12 | Rake $0.24
Board [Ah Jh 3h]
Seat 1: dodge658 (button) (small blind) folded on the Flop
Seat 2: Masqb (big blind) collected ($11.76)


PokerStars Hand #146961452175:  Hold'em Limit ($3/$6 USD) - 2016/01/13 7:07:51 ET
Table 'Ludovica II' 2-max Seat #2 is the button
Seat 1: dodge658 ($7.48 in chips)
Seat 2: Masqb ($308.95 in chips)
Masqb: posts small blind $1
dodge658: posts big blind $3
*** HOLE CARDS ***
Masqb: raises $3 to $6
dodge658: calls $3
*** FLOP *** [Qc 2h 7d]
dodge658: bets $1.48 and is all-in
Masqb: calls $1.48
*** TURN *** [Qc 2h 7d] [Th]
*** RIVER *** [Qc 2h 7d Th] [9c]
*** SHOW DOWN ***
dodge658: shows [8h 5s] (high card Queen)
Masqb: shows [Jh 8s] (a straight, Eight to Queen)
Masqb collected $14.66 from pot
*** SUMMARY ***
Total pot $14.96 | Rake $0.30
Board [Qc 2h 7d Th 9c]
Seat 1: dodge658 (big blind) showed [8h 5s] and lost with high card Queen
Seat 2: Masqb (button) (small blind) showed [Jh 8s] and won ($14.66) with a straight, Eight to Queen


