PokerStars Hand #176234754338:  Hold'em Limit ($3/$6 USD) - 2017/09/28 14:11:56 ET
Table 'Ludovica II' 6-max Seat #2 is the button
Seat 2: artecris ($330.82 in chips)
Seat 3: Ag3r0n ($75 in chips)
artecris: posts small blind $1
Ag3r0n: posts big blind $3
*** HOLE CARDS ***
artecris: folds
Uncalled bet ($2) returned to Ag3r0n
aade1ante leaves the table
vestimokrec joins the table at seat #5
Ag3r0n collected $2 from pot
Ag3r0n: doesn't show hand
*** SUMMARY ***
Total pot $2 | Rake $0
Seat 2: artecris (button) (small blind) folded before Flop
Seat 3: Ag3r0n (big blind) collected ($2)


PokerStars Hand #176234749439:  Hold'em Limit ($3/$6 USD) - 2017/09/28 14:11:49 ET
Table 'Ludovica II' 6-max Seat #3 is the button
Seat 2: artecris ($333.82 in chips)
Seat 3: Ag3r0n ($72 in chips)
Ag3r0n: posts small blind $1
vestimokrec: is sitting out
aade1ante: is sitting out
artecris: posts big blind $3
*** HOLE CARDS ***
Ag3r0n: raises $3 to $6
vestimokrec leaves the table
artecris: folds
Uncalled bet ($3) returned to Ag3r0n
Ag3r0n collected $6 from pot
Ag3r0n: doesn't show hand
awn94 joins the table at seat #4
*** SUMMARY ***
Total pot $6 | Rake $0
Seat 2: artecris (big blind) folded before Flop
Seat 3: Ag3r0n (button) (small blind) collected ($6)


PokerStars Hand #176234974249:  Hold'em Limit ($3/$6 USD) - 2017/09/28 14:16:53 ET
Table 'Ludovica II' 6-max Seat #6 is the button
Seat 3: Ag3r0n ($140.63 in chips)
Seat 6: CharginWapos ($121.43 in chips)
CharginWapos: posts small blind $1
Ag3r0n: posts big blind $3
*** HOLE CARDS ***
CharginWapos: folds
Uncalled bet ($2) returned to Ag3r0n
Ag3r0n collected $2 from pot
Ag3r0n: doesn't show hand
*** SUMMARY ***
Total pot $2 | Rake $0
Seat 3: Ag3r0n (big blind) collected ($2)
Seat 6: CharginWapos (button) (small blind) folded before Flop


PokerStars Hand #176234963679:  Hold'em Limit ($3/$6 USD) - 2017/09/28 14:16:39 ET
Table 'Ludovica II' 6-max Seat #3 is the button
Seat 3: Ag3r0n ($137.63 in chips)
Seat 6: CharginWapos ($124.43 in chips)
Ag3r0n: posts small blind $1
vestimokrec: is sitting out
CharginWapos: posts big blind $3
*** HOLE CARDS ***
Ag3r0n: raises $3 to $6
vestimokrec leaves the table
CharginWapos: folds
Uncalled bet ($3) returned to Ag3r0n
Ag3r0n collected $6 from pot
Ag3r0n: doesn't show hand
*** SUMMARY ***
Total pot $6 | Rake $0
Seat 3: Ag3r0n (button) (small blind) collected ($6)
Seat 6: CharginWapos (big blind) folded before Flop


