PokerStars Hand #158342235697:  Hold'em Limit ($3/$6 USD) - 2016/09/08 16:17:08 ET
Table 'Lugduna' 6-max Seat #4 is the button
Seat 3: filemon_swe ($205.19 in chips)
Seat 4: CatPuppy1999 ($135.89 in chips)
CatPuppy1999: posts small blind $1
vestimokrec: is sitting out
Velbor107: is sitting out
filemon_swe: posts big blind $3
*** HOLE CARDS ***
CatPuppy1999: raises $3 to $6
vestimokrec leaves the table
Velbor107 leaves the table
filemon_swe: calls $3
*** FLOP *** [4s Kd Qh]
filemon_swe: checks
CatPuppy1999: bets $3
filemon_swe: calls $3
*** TURN *** [4s Kd Qh] [7h]
filemon_swe: checks
CatPuppy1999: bets $6
filemon_swe: calls $6
*** RIVER *** [4s Kd Qh 7h] [3h]
filemon_swe: bets $6
CatPuppy1999: raises $6 to $12
filemon_swe: calls $6
*** SHOW DOWN ***
CatPuppy1999: shows [Ah As] (a pair of Aces)
filemon_swe: mucks hand
CatPuppy1999 collected $53.50 from pot
*** SUMMARY ***
Total pot $54 | Rake $0.50
Board [4s Kd Qh 7h 3h]
Seat 3: filemon_swe (big blind) mucked
Seat 4: CatPuppy1999 (button) (small blind) showed [Ah As] and won ($53.50) with a pair of Aces


PokerStars Hand #158342261404:  Hold'em Limit ($3/$6 USD) - 2016/09/08 16:17:37 ET
Table 'Lugduna' 6-max Seat #3 is the button
Seat 3: filemon_swe ($178.19 in chips)
Seat 4: CatPuppy1999 ($162.39 in chips)
filemon_swe: posts small blind $1
CatPuppy1999: posts big blind $3
*** HOLE CARDS ***
filemon_swe: raises $3 to $6
CatPuppy1999: calls $3
*** FLOP *** [5c Kh 3s]
CatPuppy1999: checks
filemon_swe: checks
*** TURN *** [5c Kh 3s] [Jd]
CatPuppy1999: checks
filemon_swe: checks
*** RIVER *** [5c Kh 3s Jd] [2c]
CatPuppy1999: checks
filemon_swe: bets $6
CatPuppy1999: folds
Uncalled bet ($6) returned to filemon_swe
filemon_swe collected $11.76 from pot
filemon_swe: doesn't show hand
*** SUMMARY ***
Total pot $12 | Rake $0.24
Board [5c Kh 3s Jd 2c]
Seat 3: filemon_swe (button) (small blind) collected ($11.76)
Seat 4: CatPuppy1999 (big blind) folded on the River


PokerStars Hand #158342284945:  Hold'em Limit ($3/$6 USD) - 2016/09/08 16:18:04 ET
Table 'Lugduna' 6-max Seat #4 is the button
Seat 3: filemon_swe ($183.95 in chips)
Seat 4: CatPuppy1999 ($156.39 in chips)
CatPuppy1999: posts small blind $1
filemon_swe: posts big blind $3
*** HOLE CARDS ***
CatPuppy1999: raises $3 to $6
filemon_swe: raises $3 to $9
CatPuppy1999: calls $3
*** FLOP *** [4s Jd Kc]
filemon_swe: bets $3
CatPuppy1999: calls $3
*** TURN *** [4s Jd Kc] [Ac]
filemon_swe: bets $6
CatPuppy1999: calls $6
*** RIVER *** [4s Jd Kc Ac] [9c]
filemon_swe: bets $6
CatPuppy1999: folds
Uncalled bet ($6) returned to filemon_swe
filemon_swe collected $35.50 from pot
filemon_swe: doesn't show hand
*** SUMMARY ***
Total pot $36 | Rake $0.50
Board [4s Jd Kc Ac 9c]
Seat 3: filemon_swe (big blind) collected ($35.50)
Seat 4: CatPuppy1999 (button) (small blind) folded on the River


PokerStars Hand #158342304328:  Hold'em Limit ($3/$6 USD) - 2016/09/08 16:18:25 ET
Table 'Lugduna' 6-max Seat #3 is the button
Seat 3: filemon_swe ($201.45 in chips)
Seat 4: CatPuppy1999 ($138.39 in chips)
filemon_swe: posts small blind $1
CatPuppy1999: posts big blind $3
*** HOLE CARDS ***
filemon_swe: raises $3 to $6
CatPuppy1999: calls $3
*** FLOP *** [6c Kh 8s]
CatPuppy1999: checks
filemon_swe: checks
*** TURN *** [6c Kh 8s] [Qs]
CatPuppy1999: bets $6
filemon_swe: folds
Uncalled bet ($6) returned to CatPuppy1999
CatPuppy1999 collected $11.76 from pot
CatPuppy1999: doesn't show hand
*** SUMMARY ***
Total pot $12 | Rake $0.24
Board [6c Kh 8s Qs]
Seat 3: filemon_swe (button) (small blind) folded on the Turn
Seat 4: CatPuppy1999 (big blind) collected ($11.76)


PokerStars Hand #158342316383:  Hold'em Limit ($3/$6 USD) - 2016/09/08 16:18:39 ET
Table 'Lugduna' 6-max Seat #4 is the button
Seat 3: filemon_swe ($195.45 in chips)
Seat 4: CatPuppy1999 ($144.15 in chips)
CatPuppy1999: posts small blind $1
filemon_swe: posts big blind $3
*** HOLE CARDS ***
CatPuppy1999: raises $3 to $6
filemon_swe: raises $3 to $9
CatPuppy1999: calls $3
*** FLOP *** [6c 4d 8s]
filemon_swe: bets $3
CatPuppy1999: raises $3 to $6
filemon_swe: calls $3
*** TURN *** [6c 4d 8s] [9s]
filemon_swe: checks
CatPuppy1999: bets $6
filemon_swe: calls $6
*** RIVER *** [6c 4d 8s 9s] [3c]
filemon_swe: checks
CatPuppy1999: bets $6
filemon_swe: calls $6
*** SHOW DOWN ***
CatPuppy1999: shows [Th 9c] (a pair of Nines)
filemon_swe: mucks hand
CatPuppy1999 collected $53.50 from pot
*** SUMMARY ***
Total pot $54 | Rake $0.50
Board [6c 4d 8s 9s 3c]
Seat 3: filemon_swe (big blind) mucked
Seat 4: CatPuppy1999 (button) (small blind) showed [Th 9c] and won ($53.50) with a pair of Nines


PokerStars Hand #158342352127:  Hold'em Limit ($3/$6 USD) - 2016/09/08 16:19:19 ET
Table 'Lugduna' 6-max Seat #4 is the button
Seat 3: filemon_swe ($162.45 in chips)
Seat 4: CatPuppy1999 ($176.41 in chips)
CatPuppy1999: posts small blind $1
filemon_swe: posts big blind $3
*** HOLE CARDS ***
CatPuppy1999: folds
Uncalled bet ($2) returned to filemon_swe
filemon_swe collected $2 from pot
filemon_swe: doesn't show hand
*** SUMMARY ***
Total pot $2 | Rake $0
Seat 3: filemon_swe (big blind) collected ($2)
Seat 4: CatPuppy1999 (button) (small blind) folded before Flop


PokerStars Hand #158342337498:  Hold'em Limit ($3/$6 USD) - 2016/09/08 16:19:02 ET
Table 'Lugduna' 6-max Seat #3 is the button
Seat 3: filemon_swe ($168.45 in chips)
Seat 4: CatPuppy1999 ($170.65 in chips)
filemon_swe: posts small blind $1
CatPuppy1999: posts big blind $3
*** HOLE CARDS ***
filemon_swe: raises $3 to $6
CatPuppy1999: calls $3
*** FLOP *** [3d 5d 3h]
CatPuppy1999: checks
filemon_swe: checks
*** TURN *** [3d 5d 3h] [Tc]
CatPuppy1999: bets $6
filemon_swe: folds
Uncalled bet ($6) returned to CatPuppy1999
CatPuppy1999 collected $11.76 from pot
CatPuppy1999: doesn't show hand
*** SUMMARY ***
Total pot $12 | Rake $0.24
Board [3d 5d 3h Tc]
Seat 3: filemon_swe (button) (small blind) folded on the Turn
Seat 4: CatPuppy1999 (big blind) collected ($11.76)


PokerStars Hand #158342356593:  Hold'em Limit ($3/$6 USD) - 2016/09/08 16:19:24 ET
Table 'Lugduna' 6-max Seat #3 is the button
Seat 3: filemon_swe ($163.45 in chips)
Seat 4: CatPuppy1999 ($175.41 in chips)
filemon_swe: posts small blind $1
CatPuppy1999: posts big blind $3
*** HOLE CARDS ***
filemon_swe: raises $3 to $6
CatPuppy1999: raises $3 to $9
filemon_swe: calls $3
*** FLOP *** [5d 7c Ad]
CatPuppy1999: bets $3
filemon_swe: calls $3
*** TURN *** [5d 7c Ad] [4c]
CatPuppy1999: bets $6
filemon_swe: calls $6
*** RIVER *** [5d 7c Ad 4c] [8h]
CatPuppy1999: bets $6
filemon_swe: calls $6
*** SHOW DOWN ***
CatPuppy1999: shows [Jc Jh] (a pair of Jacks)
filemon_swe: mucks hand
CatPuppy1999 collected $47.50 from pot
*** SUMMARY ***
Total pot $48 | Rake $0.50
Board [5d 7c Ad 4c 8h]
Seat 3: filemon_swe (button) (small blind) mucked
Seat 4: CatPuppy1999 (big blind) showed [Jc Jh] and won ($47.50) with a pair of Jacks


PokerStars Hand #158342398712:  Hold'em Limit ($3/$6 USD) - 2016/09/08 16:20:12 ET
Table 'Lugduna' 6-max Seat #3 is the button
Seat 3: filemon_swe ($121.45 in chips)
Seat 4: CatPuppy1999 ($216.41 in chips)
filemon_swe: posts small blind $1
CatPuppy1999: posts big blind $3
*** HOLE CARDS ***
filemon_swe: folds
Uncalled bet ($2) returned to CatPuppy1999
CatPuppy1999 collected $2 from pot
CatPuppy1999: doesn't show hand
*** SUMMARY ***
Total pot $2 | Rake $0
Seat 3: filemon_swe (button) (small blind) folded before Flop
Seat 4: CatPuppy1999 (big blind) collected ($2)


PokerStars Hand #158342378266:  Hold'em Limit ($3/$6 USD) - 2016/09/08 16:19:49 ET
Table 'Lugduna' 6-max Seat #4 is the button
Seat 3: filemon_swe ($139.45 in chips)
Seat 4: CatPuppy1999 ($198.91 in chips)
CatPuppy1999: posts small blind $1
GoliafUa was removed from the table for failing to post
filemon_swe: posts big blind $3
*** HOLE CARDS ***
CatPuppy1999: raises $3 to $6
filemon_swe: raises $3 to $9
CatPuppy1999: calls $3
*** FLOP *** [5d Jh 8c]
filemon_swe: bets $3
CatPuppy1999: calls $3
*** TURN *** [5d Jh 8c] [2s]
filemon_swe: checks
CatPuppy1999: checks
*** RIVER *** [5d Jh 8c 2s] [8s]
filemon_swe: checks
CatPuppy1999: bets $6
filemon_swe: calls $6
*** SHOW DOWN ***
CatPuppy1999: shows [2c Ac] (two pair, Eights and Deuces)
filemon_swe: mucks hand
CatPuppy1999 collected $35.50 from pot
*** SUMMARY ***
Total pot $36 | Rake $0.50
Board [5d Jh 8c 2s 8s]
Seat 3: filemon_swe (big blind) mucked
Seat 4: CatPuppy1999 (button) (small blind) showed [2c Ac] and won ($35.50) with two pair, Eights and Deuces


PokerStars Hand #158342402746:  Hold'em Limit ($3/$6 USD) - 2016/09/08 16:20:17 ET
Table 'Lugduna' 6-max Seat #4 is the button
Seat 3: filemon_swe ($120.45 in chips)
Seat 4: CatPuppy1999 ($217.41 in chips)
CatPuppy1999: posts small blind $1
filemon_swe: posts big blind $3
*** HOLE CARDS ***
CatPuppy1999: raises $3 to $6
filemon_swe: calls $3
*** FLOP *** [9s 7s 9c]
filemon_swe: checks
CatPuppy1999: bets $3
filemon_swe: calls $3
*** TURN *** [9s 7s 9c] [Qh]
filemon_swe: checks
CatPuppy1999: bets $6
filemon_swe: calls $6
*** RIVER *** [9s 7s 9c Qh] [2d]
filemon_swe: bets $6
CatPuppy1999: calls $6
*** SHOW DOWN ***
filemon_swe: shows [9d Qc] (a full house, Nines full of Queens)
CatPuppy1999: mucks hand
filemon_swe collected $41.50 from pot
*** SUMMARY ***
Total pot $42 | Rake $0.50
Board [9s 7s 9c Qh 2d]
Seat 3: filemon_swe (big blind) showed [9d Qc] and won ($41.50) with a full house, Nines full of Queens
Seat 4: CatPuppy1999 (button) (small blind) mucked


PokerStars Hand #158342432790:  Hold'em Limit ($3/$6 USD) - 2016/09/08 16:20:51 ET
Table 'Lugduna' 6-max Seat #3 is the button
Seat 3: filemon_swe ($140.95 in chips)
Seat 4: CatPuppy1999 ($196.41 in chips)
filemon_swe: posts small blind $1
CatPuppy1999: posts big blind $3
*** HOLE CARDS ***
filemon_swe: folds
Uncalled bet ($2) returned to CatPuppy1999
CatPuppy1999 collected $2 from pot
CatPuppy1999: doesn't show hand
*** SUMMARY ***
Total pot $2 | Rake $0
Seat 3: filemon_swe (button) (small blind) folded before Flop
Seat 4: CatPuppy1999 (big blind) collected ($2)


PokerStars Hand #158342437674:  Hold'em Limit ($3/$6 USD) - 2016/09/08 16:20:56 ET
Table 'Lugduna' 6-max Seat #4 is the button
Seat 3: filemon_swe ($139.95 in chips)
Seat 4: CatPuppy1999 ($197.41 in chips)
CatPuppy1999: posts small blind $1
filemon_swe: posts big blind $3
*** HOLE CARDS ***
CatPuppy1999: raises $3 to $6
filemon_swe: raises $3 to $9
CatPuppy1999: calls $3
*** FLOP *** [Qc Kh 4c]
filemon_swe: bets $3
CatPuppy1999: calls $3
*** TURN *** [Qc Kh 4c] [9d]
filemon_swe: bets $6
CatPuppy1999: folds
Uncalled bet ($6) returned to filemon_swe
filemon_swe collected $23.52 from pot
filemon_swe: doesn't show hand
*** SUMMARY ***
Total pot $24 | Rake $0.48
Board [Qc Kh 4c 9d]
Seat 3: filemon_swe (big blind) collected ($23.52)
Seat 4: CatPuppy1999 (button) (small blind) folded on the Turn


PokerStars Hand #158342458372:  Hold'em Limit ($3/$6 USD) - 2016/09/08 16:21:19 ET
Table 'Lugduna' 6-max Seat #3 is the button
Seat 3: filemon_swe ($151.47 in chips)
Seat 4: CatPuppy1999 ($185.41 in chips)
filemon_swe: posts small blind $1
CatPuppy1999: posts big blind $3
*** HOLE CARDS ***
filemon_swe: raises $3 to $6
CatPuppy1999: raises $3 to $9
filemon_swe: calls $3
*** FLOP *** [Th 8c Kd]
CatPuppy1999: bets $3
filemon_swe: calls $3
*** TURN *** [Th 8c Kd] [Ad]
CatPuppy1999: bets $6
filemon_swe: calls $6
*** RIVER *** [Th 8c Kd Ad] [9s]
CatPuppy1999: bets $6
filemon_swe: calls $6
*** SHOW DOWN ***
CatPuppy1999: shows [Qc As] (a pair of Aces)
filemon_swe: mucks hand
CatPuppy1999 collected $47.50 from pot
*** SUMMARY ***
Total pot $48 | Rake $0.50
Board [Th 8c Kd Ad 9s]
Seat 3: filemon_swe (button) (small blind) mucked
Seat 4: CatPuppy1999 (big blind) showed [Qc As] and won ($47.50) with a pair of Aces


PokerStars Hand #158342487345:  Hold'em Limit ($3/$6 USD) - 2016/09/08 16:21:52 ET
Table 'Lugduna' 6-max Seat #4 is the button
Seat 3: filemon_swe ($127.47 in chips)
Seat 4: CatPuppy1999 ($208.91 in chips)
CatPuppy1999: posts small blind $1
filemon_swe: posts big blind $3
*** HOLE CARDS ***
CatPuppy1999: raises $3 to $6
filemon_swe: calls $3
*** FLOP *** [Kd 4h 2c]
filemon_swe: bets $3
CatPuppy1999: calls $3
*** TURN *** [Kd 4h 2c] [9h]
filemon_swe: bets $6
CatPuppy1999: calls $6
*** RIVER *** [Kd 4h 2c 9h] [As]
filemon_swe: checks
CatPuppy1999: bets $6
filemon_swe: folds
Uncalled bet ($6) returned to CatPuppy1999
CatPuppy1999 collected $29.50 from pot
CatPuppy1999: doesn't show hand
*** SUMMARY ***
Total pot $30 | Rake $0.50
Board [Kd 4h 2c 9h As]
Seat 3: filemon_swe (big blind) folded on the River
Seat 4: CatPuppy1999 (button) (small blind) collected ($29.50)


PokerStars Hand #158342505701:  Hold'em Limit ($3/$6 USD) - 2016/09/08 16:22:13 ET
Table 'Lugduna' 6-max Seat #3 is the button
Seat 3: filemon_swe ($112.47 in chips)
Seat 4: CatPuppy1999 ($223.41 in chips)
filemon_swe: posts small blind $1
CatPuppy1999: posts big blind $3
*** HOLE CARDS ***
filemon_swe: calls $2
CatPuppy1999: checks
*** FLOP *** [Jh 4c Ts]
CatPuppy1999: checks
filemon_swe: checks
*** TURN *** [Jh 4c Ts] [9d]
CatPuppy1999: checks
filemon_swe: checks
*** RIVER *** [Jh 4c Ts 9d] [Qd]
CatPuppy1999: checks
filemon_swe: bets $6
CatPuppy1999: calls $6
*** SHOW DOWN ***
filemon_swe: shows [Ks Kc] (a straight, Nine to King)
CatPuppy1999: mucks hand
filemon_swe collected $17.64 from pot
*** SUMMARY ***
Total pot $18 | Rake $0.36
Board [Jh 4c Ts 9d Qd]
Seat 3: filemon_swe (button) (small blind) showed [Ks Kc] and won ($17.64) with a straight, Nine to King
Seat 4: CatPuppy1999 (big blind) mucked


PokerStars Hand #158342522577:  Hold'em Limit ($3/$6 USD) - 2016/09/08 16:22:33 ET
Table 'Lugduna' 6-max Seat #4 is the button
Seat 3: filemon_swe ($121.11 in chips)
Seat 4: CatPuppy1999 ($214.41 in chips)
CatPuppy1999: posts small blind $1
filemon_swe: posts big blind $3
*** HOLE CARDS ***
CatPuppy1999: folds
Uncalled bet ($2) returned to filemon_swe
filemon_swe collected $2 from pot
filemon_swe: doesn't show hand
*** SUMMARY ***
Total pot $2 | Rake $0
Seat 3: filemon_swe (big blind) collected ($2)
Seat 4: CatPuppy1999 (button) (small blind) folded before Flop


PokerStars Hand #158342527399:  Hold'em Limit ($3/$6 USD) - 2016/09/08 16:22:38 ET
Table 'Lugduna' 6-max Seat #3 is the button
Seat 3: filemon_swe ($122.11 in chips)
Seat 4: CatPuppy1999 ($213.41 in chips)
filemon_swe: posts small blind $1
CatPuppy1999: posts big blind $3
*** HOLE CARDS ***
filemon_swe: calls $2
CatPuppy1999: checks
*** FLOP *** [5s 4h 4s]
CatPuppy1999: bets $3
filemon_swe: folds
Uncalled bet ($3) returned to CatPuppy1999
CatPuppy1999 collected $5.88 from pot
CatPuppy1999: doesn't show hand
*** SUMMARY ***
Total pot $6 | Rake $0.12
Board [5s 4h 4s]
Seat 3: filemon_swe (button) (small blind) folded on the Flop
Seat 4: CatPuppy1999 (big blind) collected ($5.88)


PokerStars Hand #158342536593:  Hold'em Limit ($3/$6 USD) - 2016/09/08 16:22:49 ET
Table 'Lugduna' 6-max Seat #4 is the button
Seat 3: filemon_swe ($119.11 in chips)
Seat 4: CatPuppy1999 ($216.29 in chips)
CatPuppy1999: posts small blind $1
filemon_swe: posts big blind $3
*** HOLE CARDS ***
CatPuppy1999: raises $3 to $6
filemon_swe: folds
Uncalled bet ($3) returned to CatPuppy1999
CatPuppy1999 collected $6 from pot
CatPuppy1999: doesn't show hand
*** SUMMARY ***
Total pot $6 | Rake $0
Seat 3: filemon_swe (big blind) folded before Flop
Seat 4: CatPuppy1999 (button) (small blind) collected ($6)


PokerStars Hand #158342542503:  Hold'em Limit ($3/$6 USD) - 2016/09/08 16:22:55 ET
Table 'Lugduna' 6-max Seat #3 is the button
Seat 3: filemon_swe ($116.11 in chips)
Seat 4: CatPuppy1999 ($219.29 in chips)
filemon_swe: posts small blind $1
CatPuppy1999: posts big blind $3
*** HOLE CARDS ***
filemon_swe: raises $3 to $6
CatPuppy1999: calls $3
*** FLOP *** [8s 4h 6c]
CatPuppy1999: checks
filemon_swe: checks
*** TURN *** [8s 4h 6c] [6s]
CatPuppy1999: checks
filemon_swe: checks
*** RIVER *** [8s 4h 6c 6s] [2c]
CatPuppy1999: checks
filemon_swe: bets $6
CatPuppy1999: folds
Uncalled bet ($6) returned to filemon_swe
filemon_swe collected $11.76 from pot
filemon_swe: doesn't show hand
*** SUMMARY ***
Total pot $12 | Rake $0.24
Board [8s 4h 6c 6s 2c]
Seat 3: filemon_swe (button) (small blind) collected ($11.76)
Seat 4: CatPuppy1999 (big blind) folded on the River


PokerStars Hand #158342558856:  Hold'em Limit ($3/$6 USD) - 2016/09/08 16:23:14 ET
Table 'Lugduna' 6-max Seat #4 is the button
Seat 3: filemon_swe ($121.87 in chips)
Seat 4: CatPuppy1999 ($213.29 in chips)
CatPuppy1999: posts small blind $1
filemon_swe: posts big blind $3
*** HOLE CARDS ***
CatPuppy1999: raises $3 to $6
filemon_swe: raises $3 to $9
CatPuppy1999: calls $3
*** FLOP *** [3d Ac As]
filemon_swe: bets $3
CatPuppy1999: folds
Uncalled bet ($3) returned to filemon_swe
filemon_swe collected $17.64 from pot
filemon_swe: doesn't show hand
*** SUMMARY ***
Total pot $18 | Rake $0.36
Board [3d Ac As]
Seat 3: filemon_swe (big blind) collected ($17.64)
Seat 4: CatPuppy1999 (button) (small blind) folded on the Flop


PokerStars Hand #158342571113:  Hold'em Limit ($3/$6 USD) - 2016/09/08 16:23:27 ET
Table 'Lugduna' 6-max Seat #3 is the button
Seat 3: filemon_swe ($130.51 in chips)
Seat 4: CatPuppy1999 ($204.29 in chips)
filemon_swe: posts small blind $1
CatPuppy1999: posts big blind $3
*** HOLE CARDS ***
filemon_swe: raises $3 to $6
CatPuppy1999: folds
Uncalled bet ($3) returned to filemon_swe
filemon_swe collected $6 from pot
filemon_swe: doesn't show hand
*** SUMMARY ***
Total pot $6 | Rake $0
Seat 3: filemon_swe (button) (small blind) collected ($6)
Seat 4: CatPuppy1999 (big blind) folded before Flop


PokerStars Hand #158342576173:  Hold'em Limit ($3/$6 USD) - 2016/09/08 16:23:33 ET
Table 'Lugduna' 6-max Seat #4 is the button
Seat 3: filemon_swe ($133.51 in chips)
Seat 4: CatPuppy1999 ($201.29 in chips)
CatPuppy1999: posts small blind $1
filemon_swe: posts big blind $3
*** HOLE CARDS ***
CatPuppy1999: raises $3 to $6
filemon_swe: calls $3
*** FLOP *** [Kd 7s 4d]
filemon_swe: checks
CatPuppy1999: bets $3
filemon_swe: folds
Uncalled bet ($3) returned to CatPuppy1999
CatPuppy1999 collected $11.76 from pot
CatPuppy1999: doesn't show hand
*** SUMMARY ***
Total pot $12 | Rake $0.24
Board [Kd 7s 4d]
Seat 3: filemon_swe (big blind) folded on the Flop
Seat 4: CatPuppy1999 (button) (small blind) collected ($11.76)


PokerStars Hand #158342590469:  Hold'em Limit ($3/$6 USD) - 2016/09/08 16:23:49 ET
Table 'Lugduna' 6-max Seat #3 is the button
Seat 3: filemon_swe ($127.51 in chips)
Seat 4: CatPuppy1999 ($207.05 in chips)
filemon_swe: posts small blind $1
CatPuppy1999: posts big blind $3
*** HOLE CARDS ***
filemon_swe: folds
Uncalled bet ($2) returned to CatPuppy1999
CatPuppy1999 collected $2 from pot
CatPuppy1999: doesn't show hand
*** SUMMARY ***
Total pot $2 | Rake $0
Seat 3: filemon_swe (button) (small blind) folded before Flop
Seat 4: CatPuppy1999 (big blind) collected ($2)


PokerStars Hand #158342595013:  Hold'em Limit ($3/$6 USD) - 2016/09/08 16:23:54 ET
Table 'Lugduna' 6-max Seat #4 is the button
Seat 3: filemon_swe ($126.51 in chips)
Seat 4: CatPuppy1999 ($208.05 in chips)
CatPuppy1999: posts small blind $1
filemon_swe: posts big blind $3
*** HOLE CARDS ***
CatPuppy1999: raises $3 to $6
filemon_swe: raises $3 to $9
CatPuppy1999: calls $3
*** FLOP *** [2s Qh 6c]
filemon_swe: bets $3
CatPuppy1999: calls $3
*** TURN *** [2s Qh 6c] [Qs]
filemon_swe: bets $6
CatPuppy1999: folds
Uncalled bet ($6) returned to filemon_swe
filemon_swe collected $23.52 from pot
filemon_swe: doesn't show hand
*** SUMMARY ***
Total pot $24 | Rake $0.48
Board [2s Qh 6c Qs]
Seat 3: filemon_swe (big blind) collected ($23.52)
Seat 4: CatPuppy1999 (button) (small blind) folded on the Turn


PokerStars Hand #158342606236:  Hold'em Limit ($3/$6 USD) - 2016/09/08 16:24:07 ET
Table 'Lugduna' 6-max Seat #3 is the button
Seat 3: filemon_swe ($138.03 in chips)
Seat 4: CatPuppy1999 ($196.05 in chips)
filemon_swe: posts small blind $1
CatPuppy1999: posts big blind $3
*** HOLE CARDS ***
filemon_swe: raises $3 to $6
CatPuppy1999: calls $3
*** FLOP *** [Td 2c 2d]
CatPuppy1999: checks
filemon_swe: bets $3
CatPuppy1999: calls $3
*** TURN *** [Td 2c 2d] [Th]
CatPuppy1999: checks
filemon_swe: bets $6
CatPuppy1999: calls $6
*** RIVER *** [Td 2c 2d Th] [6c]
CatPuppy1999: checks
filemon_swe: bets $6
CatPuppy1999: folds
Uncalled bet ($6) returned to filemon_swe
filemon_swe collected $29.50 from pot
filemon_swe: doesn't show hand
*** SUMMARY ***
Total pot $30 | Rake $0.50
Board [Td 2c 2d Th 6c]
Seat 3: filemon_swe (button) (small blind) collected ($29.50)
Seat 4: CatPuppy1999 (big blind) folded on the River


PokerStars Hand #158342636255:  Hold'em Limit ($3/$6 USD) - 2016/09/08 16:24:41 ET
Table 'Lugduna' 6-max Seat #4 is the button
Seat 3: filemon_swe ($152.53 in chips)
Seat 4: CatPuppy1999 ($181.05 in chips)
CatPuppy1999: posts small blind $1
filemon_swe: posts big blind $3
*** HOLE CARDS ***
CatPuppy1999: raises $3 to $6
filemon_swe: raises $3 to $9
CatPuppy1999: calls $3
*** FLOP *** [6c 6d 3s]
filemon_swe: bets $3
CatPuppy1999: folds
Uncalled bet ($3) returned to filemon_swe
filemon_swe collected $17.64 from pot
filemon_swe: doesn't show hand
*** SUMMARY ***
Total pot $18 | Rake $0.36
Board [6c 6d 3s]
Seat 3: filemon_swe (big blind) collected ($17.64)
Seat 4: CatPuppy1999 (button) (small blind) folded on the Flop


PokerStars Hand #158342652878:  Hold'em Limit ($3/$6 USD) - 2016/09/08 16:25:00 ET
Table 'Lugduna' 6-max Seat #3 is the button
Seat 3: filemon_swe ($161.17 in chips)
Seat 4: CatPuppy1999 ($172.05 in chips)
filemon_swe: posts small blind $1
CatPuppy1999: posts big blind $3
*** HOLE CARDS ***
filemon_swe: raises $3 to $6
CatPuppy1999: calls $3
*** FLOP *** [Jd Th 8c]
CatPuppy1999: checks
filemon_swe: bets $3
CatPuppy1999: calls $3
*** TURN *** [Jd Th 8c] [Ac]
CatPuppy1999: checks
filemon_swe: bets $6
CatPuppy1999: folds
Uncalled bet ($6) returned to filemon_swe
filemon_swe collected $17.64 from pot
filemon_swe: doesn't show hand
*** SUMMARY ***
Total pot $18 | Rake $0.36
Board [Jd Th 8c Ac]
Seat 3: filemon_swe (button) (small blind) collected ($17.64)
Seat 4: CatPuppy1999 (big blind) folded on the Turn


PokerStars Hand #158342677717:  Hold'em Limit ($3/$6 USD) - 2016/09/08 16:25:28 ET
Table 'Lugduna' 6-max Seat #4 is the button
Seat 3: filemon_swe ($169.81 in chips)
Seat 4: CatPuppy1999 ($163.05 in chips)
CatPuppy1999: posts small blind $1
filemon_swe: posts big blind $3
*** HOLE CARDS ***
CatPuppy1999: raises $3 to $6
filemon_swe: raises $3 to $9
CatPuppy1999: calls $3
*** FLOP *** [9s 2d 5d]
filemon_swe: bets $3
CatPuppy1999: calls $3
*** TURN *** [9s 2d 5d] [3h]
filemon_swe: checks
CatPuppy1999: checks
*** RIVER *** [9s 2d 5d 3h] [Ac]
filemon_swe: checks
CatPuppy1999: checks
*** SHOW DOWN ***
filemon_swe: shows [7s Td] (high card Ace)
CatPuppy1999: shows [2s Kc] (a pair of Deuces)
CatPuppy1999 collected $23.52 from pot
*** SUMMARY ***
Total pot $24 | Rake $0.48
Board [9s 2d 5d 3h Ac]
Seat 3: filemon_swe (big blind) showed [7s Td] and lost with high card Ace
Seat 4: CatPuppy1999 (button) (small blind) showed [2s Kc] and won ($23.52) with a pair of Deuces


PokerStars Hand #158342699883:  Hold'em Limit ($3/$6 USD) - 2016/09/08 16:25:53 ET
Table 'Lugduna' 6-max Seat #3 is the button
Seat 3: filemon_swe ($157.81 in chips)
Seat 4: CatPuppy1999 ($174.57 in chips)
filemon_swe: posts small blind $1
CatPuppy1999: posts big blind $3
*** HOLE CARDS ***
filemon_swe: folds
Uncalled bet ($2) returned to CatPuppy1999
CatPuppy1999 collected $2 from pot
CatPuppy1999: doesn't show hand
*** SUMMARY ***
Total pot $2 | Rake $0
Seat 3: filemon_swe (button) (small blind) folded before Flop
Seat 4: CatPuppy1999 (big blind) collected ($2)


PokerStars Hand #158342704086:  Hold'em Limit ($3/$6 USD) - 2016/09/08 16:25:58 ET
Table 'Lugduna' 6-max Seat #4 is the button
Seat 3: filemon_swe ($156.81 in chips)
Seat 4: CatPuppy1999 ($175.57 in chips)
CatPuppy1999: posts small blind $1
filemon_swe: posts big blind $3
*** HOLE CARDS ***
CatPuppy1999: raises $3 to $6
filemon_swe: calls $3
*** FLOP *** [7s Qc 4h]
filemon_swe: bets $3
CatPuppy1999: calls $3
*** TURN *** [7s Qc 4h] [2s]
filemon_swe: bets $6
CatPuppy1999: calls $6
*** RIVER *** [7s Qc 4h 2s] [Jh]
filemon_swe: bets $6
CatPuppy1999: calls $6
*** SHOW DOWN ***
filemon_swe: shows [4s Js] (two pair, Jacks and Fours)
CatPuppy1999: mucks hand
filemon_swe collected $41.50 from pot
*** SUMMARY ***
Total pot $42 | Rake $0.50
Board [7s Qc 4h 2s Jh]
Seat 3: filemon_swe (big blind) showed [4s Js] and won ($41.50) with two pair, Jacks and Fours
Seat 4: CatPuppy1999 (button) (small blind) mucked


PokerStars Hand #158342728718:  Hold'em Limit ($3/$6 USD) - 2016/09/08 16:26:26 ET
Table 'Lugduna' 6-max Seat #3 is the button
Seat 3: filemon_swe ($177.31 in chips)
Seat 4: CatPuppy1999 ($154.57 in chips)
filemon_swe: posts small blind $1
CatPuppy1999: posts big blind $3
*** HOLE CARDS ***
filemon_swe: raises $3 to $6
CatPuppy1999: raises $3 to $9
filemon_swe: raises $3 to $12
Betting is capped
CatPuppy1999: calls $3
*** FLOP *** [3s Jd 5d]
CatPuppy1999: checks
filemon_swe: bets $3
CatPuppy1999: calls $3
*** TURN *** [3s Jd 5d] [4h]
CatPuppy1999: checks
filemon_swe: bets $6
CatPuppy1999: folds
Uncalled bet ($6) returned to filemon_swe
filemon_swe collected $29.50 from pot
filemon_swe: doesn't show hand
*** SUMMARY ***
Total pot $30 | Rake $0.50
Board [3s Jd 5d 4h]
Seat 3: filemon_swe (button) (small blind) collected ($29.50)
Seat 4: CatPuppy1999 (big blind) folded on the Turn


PokerStars Hand #158342747379:  Hold'em Limit ($3/$6 USD) - 2016/09/08 16:26:48 ET
Table 'Lugduna' 6-max Seat #4 is the button
Seat 3: filemon_swe ($191.81 in chips)
Seat 4: CatPuppy1999 ($139.57 in chips)
CatPuppy1999: posts small blind $1
filemon_swe: posts big blind $3
*** HOLE CARDS ***
CatPuppy1999: raises $3 to $6
filemon_swe: raises $3 to $9
CatPuppy1999: calls $3
*** FLOP *** [8d Tc 6d]
filemon_swe: bets $3
CatPuppy1999: calls $3
*** TURN *** [8d Tc 6d] [Th]
filemon_swe: bets $6
CatPuppy1999: raises $6 to $12
filemon_swe: calls $6
*** RIVER *** [8d Tc 6d Th] [4d]
filemon_swe: checks
CatPuppy1999: bets $6
filemon_swe: calls $6
*** SHOW DOWN ***
CatPuppy1999: shows [Td Kh] (three of a kind, Tens)
filemon_swe: mucks hand
CatPuppy1999 collected $59.50 from pot
*** SUMMARY ***
Total pot $60 | Rake $0.50
Board [8d Tc 6d Th 4d]
Seat 3: filemon_swe (big blind) mucked
Seat 4: CatPuppy1999 (button) (small blind) showed [Td Kh] and won ($59.50) with three of a kind, Tens


PokerStars Hand #158342770347:  Hold'em Limit ($3/$6 USD) - 2016/09/08 16:27:09 ET
Table 'Lugduna' 6-max Seat #3 is the button
Seat 3: filemon_swe ($161.81 in chips)
Seat 4: CatPuppy1999 ($169.07 in chips)
filemon_swe: posts small blind $1
CatPuppy1999: posts big blind $3
*** HOLE CARDS ***
filemon_swe: raises $3 to $6
CatPuppy1999: calls $3
*** FLOP *** [5h 4c 6c]
CatPuppy1999: checks
filemon_swe: bets $3
CatPuppy1999: raises $3 to $6
filemon_swe: calls $3
*** TURN *** [5h 4c 6c] [Jh]
CatPuppy1999: bets $6
filemon_swe: calls $6
*** RIVER *** [5h 4c 6c Jh] [8d]
CatPuppy1999: bets $6
filemon_swe: raises $6 to $12
CatPuppy1999: calls $6
*** SHOW DOWN ***
filemon_swe: shows [As 7d] (a straight, Four to Eight)
CatPuppy1999: mucks hand
filemon_swe collected $59.50 from pot
*** SUMMARY ***
Total pot $60 | Rake $0.50
Board [5h 4c 6c Jh 8d]
Seat 3: filemon_swe (button) (small blind) showed [As 7d] and won ($59.50) with a straight, Four to Eight
Seat 4: CatPuppy1999 (big blind) mucked


PokerStars Hand #158342788703:  Hold'em Limit ($3/$6 USD) - 2016/09/08 16:27:30 ET
Table 'Lugduna' 6-max Seat #4 is the button
Seat 3: filemon_swe ($191.31 in chips)
Seat 4: CatPuppy1999 ($139.07 in chips)
CatPuppy1999: posts small blind $1
filemon_swe: posts big blind $3
*** HOLE CARDS ***
CatPuppy1999: raises $3 to $6
filemon_swe: raises $3 to $9
CatPuppy1999: calls $3
*** FLOP *** [5c Th 2s]
filemon_swe: bets $3
CatPuppy1999: calls $3
*** TURN *** [5c Th 2s] [3s]
filemon_swe: bets $6
CatPuppy1999: calls $6
*** RIVER *** [5c Th 2s 3s] [2d]
filemon_swe: bets $6
CatPuppy1999: calls $6
*** SHOW DOWN ***
filemon_swe: shows [8c Qd] (a pair of Deuces)
CatPuppy1999: shows [6s 5s] (two pair, Fives and Deuces)
CatPuppy1999 collected $47.50 from pot
*** SUMMARY ***
Total pot $48 | Rake $0.50
Board [5c Th 2s 3s 2d]
Seat 3: filemon_swe (big blind) showed [8c Qd] and lost with a pair of Deuces
Seat 4: CatPuppy1999 (button) (small blind) showed [6s 5s] and won ($47.50) with two pair, Fives and Deuces


PokerStars Hand #158342842227:  Hold'em Limit ($3/$6 USD) - 2016/09/08 16:28:32 ET
Table 'Lugduna' 6-max Seat #3 is the button
Seat 3: filemon_swe ($143.31 in chips)
Seat 4: CatPuppy1999 ($185.71 in chips)
filemon_swe: posts small blind $1
CatPuppy1999: posts big blind $3
*** HOLE CARDS ***
filemon_swe: calls $2
CatPuppy1999: checks
*** FLOP *** [2d 6c 2h]
CatPuppy1999: checks
filemon_swe: bets $3
CatPuppy1999: folds
Uncalled bet ($3) returned to filemon_swe
filemon_swe collected $5.88 from pot
filemon_swe: doesn't show hand
*** SUMMARY ***
Total pot $6 | Rake $0.12
Board [2d 6c 2h]
Seat 3: filemon_swe (button) (small blind) collected ($5.88)
Seat 4: CatPuppy1999 (big blind) folded on the Flop


PokerStars Hand #158342818613:  Hold'em Limit ($3/$6 USD) - 2016/09/08 16:28:05 ET
Table 'Lugduna' 6-max Seat #4 is the button
Seat 3: filemon_swe ($158.31 in chips)
Seat 4: CatPuppy1999 ($171.21 in chips)
CatPuppy1999: posts small blind $1
filemon_swe: posts big blind $3
*** HOLE CARDS ***
CatPuppy1999: raises $3 to $6
filemon_swe: calls $3
*** FLOP *** [4d 3h 5d]
filemon_swe: bets $3
CatPuppy1999: calls $3
*** TURN *** [4d 3h 5d] [Qs]
filemon_swe: checks
CatPuppy1999: checks
*** RIVER *** [4d 3h 5d Qs] [Kh]
filemon_swe: bets $6
CatPuppy1999: calls $6
*** SHOW DOWN ***
filemon_swe: shows [Th 6c] (high card King)
CatPuppy1999: shows [As Ts] (high card Ace)
CatPuppy1999 collected $29.50 from pot
*** SUMMARY ***
Total pot $30 | Rake $0.50
Board [4d 3h 5d Qs Kh]
Seat 3: filemon_swe (big blind) showed [Th 6c] and lost with high card King
Seat 4: CatPuppy1999 (button) (small blind) showed [As Ts] and won ($29.50) with high card Ace


PokerStars Hand #158342802003:  Hold'em Limit ($3/$6 USD) - 2016/09/08 16:27:46 ET
Table 'Lugduna' 6-max Seat #3 is the button
Seat 3: filemon_swe ($167.31 in chips)
Seat 4: CatPuppy1999 ($162.57 in chips)
filemon_swe: posts small blind $1
CatPuppy1999: posts big blind $3
*** HOLE CARDS ***
filemon_swe: raises $3 to $6
CatPuppy1999: calls $3
*** FLOP *** [3h Kh 9c]
CatPuppy1999: checks
filemon_swe: bets $3
CatPuppy1999: calls $3
*** TURN *** [3h Kh 9c] [As]
CatPuppy1999: checks
filemon_swe: checks
*** RIVER *** [3h Kh 9c As] [9d]
CatPuppy1999: checks
filemon_swe: checks
*** SHOW DOWN ***
CatPuppy1999: shows [4c 3c] (two pair, Nines and Threes)
filemon_swe: mucks hand
CatPuppy1999 collected $17.64 from pot
*** SUMMARY ***
Total pot $18 | Rake $0.36
Board [3h Kh 9c As 9d]
Seat 3: filemon_swe (button) (small blind) mucked
Seat 4: CatPuppy1999 (big blind) showed [4c 3c] and won ($17.64) with two pair, Nines and Threes


PokerStars Hand #158342880244:  Hold'em Limit ($3/$6 USD) - 2016/09/08 16:29:16 ET
Table 'Lugduna' 6-max Seat #4 is the button
Seat 3: filemon_swe ($159.69 in chips)
Seat 4: CatPuppy1999 ($168.71 in chips)
CatPuppy1999: posts small blind $1
filemon_swe: posts big blind $3
*** HOLE CARDS ***
CatPuppy1999: raises $3 to $6
filemon_swe: raises $3 to $9
CatPuppy1999: calls $3
*** FLOP *** [9s Kh 5h]
filemon_swe: bets $3
CatPuppy1999: calls $3
*** TURN *** [9s Kh 5h] [Kd]
filemon_swe: checks
CatPuppy1999: bets $6
filemon_swe: calls $6
*** RIVER *** [9s Kh 5h Kd] [Jd]
filemon_swe: checks
CatPuppy1999: bets $6
filemon_swe: folds
Uncalled bet ($6) returned to CatPuppy1999
CatPuppy1999 collected $35.50 from pot
CatPuppy1999: doesn't show hand
*** SUMMARY ***
Total pot $36 | Rake $0.50
Board [9s Kh 5h Kd Jd]
Seat 3: filemon_swe (big blind) folded on the River
Seat 4: CatPuppy1999 (button) (small blind) collected ($35.50)


PokerStars Hand #158342875733:  Hold'em Limit ($3/$6 USD) - 2016/09/08 16:29:11 ET
Table 'Lugduna' 6-max Seat #3 is the button
Seat 3: filemon_swe ($160.69 in chips)
Seat 4: CatPuppy1999 ($167.71 in chips)
filemon_swe: posts small blind $1
CatPuppy1999: posts big blind $3
*** HOLE CARDS ***
filemon_swe: folds
Uncalled bet ($2) returned to CatPuppy1999
CatPuppy1999 collected $2 from pot
CatPuppy1999: doesn't show hand
*** SUMMARY ***
Total pot $2 | Rake $0
Seat 3: filemon_swe (button) (small blind) folded before Flop
Seat 4: CatPuppy1999 (big blind) collected ($2)


PokerStars Hand #158342855282:  Hold'em Limit ($3/$6 USD) - 2016/09/08 16:28:47 ET
Table 'Lugduna' 6-max Seat #4 is the button
Seat 3: filemon_swe ($146.19 in chips)
Seat 4: CatPuppy1999 ($182.71 in chips)
CatPuppy1999: posts small blind $1
filemon_swe: posts big blind $3
*** HOLE CARDS ***
CatPuppy1999: raises $3 to $6
filemon_swe: calls $3
*** FLOP *** [7s 9c Kd]
filemon_swe: bets $3
CatPuppy1999: calls $3
*** TURN *** [7s 9c Kd] [Jd]
filemon_swe: checks
CatPuppy1999: checks
*** RIVER *** [7s 9c Kd Jd] [5s]
filemon_swe: checks
CatPuppy1999: bets $6
filemon_swe: calls $6
*** SHOW DOWN ***
CatPuppy1999: shows [6d 7c] (a pair of Sevens)
filemon_swe: shows [Qd 7h] (a pair of Sevens - King+Queen kicker)
filemon_swe collected $29.50 from pot
*** SUMMARY ***
Total pot $30 | Rake $0.50
Board [7s 9c Kd Jd 5s]
Seat 3: filemon_swe (big blind) showed [Qd 7h] and won ($29.50) with a pair of Sevens
Seat 4: CatPuppy1999 (button) (small blind) showed [6d 7c] and lost with a pair of Sevens


PokerStars Hand #158342939070:  Hold'em Limit ($3/$6 USD) - 2016/09/08 16:30:23 ET
Table 'Lugduna' 6-max Seat #4 is the button
Seat 3: filemon_swe ($191.69 in chips)
Seat 4: CatPuppy1999 ($135.21 in chips)
CatPuppy1999: posts small blind $1
filemon_swe: posts big blind $3
*** HOLE CARDS ***
CatPuppy1999: raises $3 to $6
filemon_swe: calls $3
*** FLOP *** [4d 4c 3c]
filemon_swe: bets $3
CatPuppy1999: calls $3
*** TURN *** [4d 4c 3c] [As]
filemon_swe: bets $6
CatPuppy1999: calls $6
*** RIVER *** [4d 4c 3c As] [3s]
filemon_swe: bets $6
CatPuppy1999: calls $6
*** SHOW DOWN ***
filemon_swe: shows [4h Kc] (a full house, Fours full of Threes)
CatPuppy1999: mucks hand
filemon_swe collected $41.50 from pot
*** SUMMARY ***
Total pot $42 | Rake $0.50
Board [4d 4c 3c As 3s]
Seat 3: filemon_swe (big blind) showed [4h Kc] and won ($41.50) with a full house, Fours full of Threes
Seat 4: CatPuppy1999 (button) (small blind) mucked


PokerStars Hand #158342934412:  Hold'em Limit ($3/$6 USD) - 2016/09/08 16:30:18 ET
Table 'Lugduna' 6-max Seat #3 is the button
Seat 3: filemon_swe ($188.69 in chips)
Seat 4: CatPuppy1999 ($138.21 in chips)
filemon_swe: posts small blind $1
CatPuppy1999: posts big blind $3
*** HOLE CARDS ***
filemon_swe: raises $3 to $6
CatPuppy1999: folds
Uncalled bet ($3) returned to filemon_swe
filemon_swe collected $6 from pot
filemon_swe: doesn't show hand
*** SUMMARY ***
Total pot $6 | Rake $0
Seat 3: filemon_swe (button) (small blind) collected ($6)
Seat 4: CatPuppy1999 (big blind) folded before Flop


PokerStars Hand #158342916884:  Hold'em Limit ($3/$6 USD) - 2016/09/08 16:29:57 ET
Table 'Lugduna' 6-max Seat #4 is the button
Seat 3: filemon_swe ($168.19 in chips)
Seat 4: CatPuppy1999 ($159.21 in chips)
CatPuppy1999: posts small blind $1
filemon_swe: posts big blind $3
*** HOLE CARDS ***
CatPuppy1999: raises $3 to $6
filemon_swe: calls $3
*** FLOP *** [7h 8c Ah]
filemon_swe: bets $3
CatPuppy1999: calls $3
*** TURN *** [7h 8c Ah] [8d]
filemon_swe: bets $6
CatPuppy1999: calls $6
*** RIVER *** [7h 8c Ah 8d] [Jc]
filemon_swe: bets $6
CatPuppy1999: calls $6
*** SHOW DOWN ***
filemon_swe: shows [4c 7d] (two pair, Eights and Sevens)
CatPuppy1999: mucks hand
filemon_swe collected $41.50 from pot
*** SUMMARY ***
Total pot $42 | Rake $0.50
Board [7h 8c Ah 8d Jc]
Seat 3: filemon_swe (big blind) showed [4c 7d] and won ($41.50) with two pair, Eights and Sevens
Seat 4: CatPuppy1999 (button) (small blind) mucked


PokerStars Hand #158342898169:  Hold'em Limit ($3/$6 USD) - 2016/09/08 16:29:36 ET
Table 'Lugduna' 6-max Seat #3 is the button
Seat 3: filemon_swe ($141.69 in chips)
Seat 4: CatPuppy1999 ($186.21 in chips)
filemon_swe: posts small blind $1
CatPuppy1999: posts big blind $3
*** HOLE CARDS ***
filemon_swe: raises $3 to $6
CatPuppy1999: raises $3 to $9
filemon_swe: raises $3 to $12
Betting is capped
CatPuppy1999: calls $3
*** FLOP *** [6c 4d 8s]
CatPuppy1999: checks
filemon_swe: bets $3
CatPuppy1999: calls $3
*** TURN *** [6c 4d 8s] [2s]
CatPuppy1999: checks
filemon_swe: bets $6
CatPuppy1999: calls $6
*** RIVER *** [6c 4d 8s 2s] [7h]
CatPuppy1999: checks
filemon_swe: bets $6
CatPuppy1999: calls $6
*** SHOW DOWN ***
filemon_swe: shows [Ah 2h] (a pair of Deuces)
CatPuppy1999: mucks hand
filemon_swe collected $53.50 from pot
*** SUMMARY ***
Total pot $54 | Rake $0.50
Board [6c 4d 8s 2s 7h]
Seat 3: filemon_swe (button) (small blind) showed [Ah 2h] and won ($53.50) with a pair of Deuces
Seat 4: CatPuppy1999 (big blind) mucked


PokerStars Hand #158342994718:  Hold'em Limit ($3/$6 USD) - 2016/09/08 16:31:27 ET
Table 'Lugduna' 6-max Seat #4 is the button
Seat 3: filemon_swe ($209.83 in chips)
Seat 4: CatPuppy1999 ($115.73 in chips)
CatPuppy1999: posts small blind $1
filemon_swe: posts big blind $3
*** HOLE CARDS ***
CatPuppy1999: raises $3 to $6
filemon_swe: calls $3
*** FLOP *** [7h 2c 5c]
filemon_swe: bets $3
CatPuppy1999: folds
Uncalled bet ($3) returned to filemon_swe
filemon_swe collected $11.76 from pot
filemon_swe: doesn't show hand
*** SUMMARY ***
Total pot $12 | Rake $0.24
Board [7h 2c 5c]
Seat 3: filemon_swe (big blind) collected ($11.76)
Seat 4: CatPuppy1999 (button) (small blind) folded on the Flop


PokerStars Hand #158342990363:  Hold'em Limit ($3/$6 USD) - 2016/09/08 16:31:22 ET
Table 'Lugduna' 6-max Seat #3 is the button
Seat 3: filemon_swe ($210.83 in chips)
Seat 4: CatPuppy1999 ($114.73 in chips)
filemon_swe: posts small blind $1
CatPuppy1999: posts big blind $3
*** HOLE CARDS ***
filemon_swe: folds
Uncalled bet ($2) returned to CatPuppy1999
CatPuppy1999 collected $2 from pot
CatPuppy1999: doesn't show hand
*** SUMMARY ***
Total pot $2 | Rake $0
Seat 3: filemon_swe (button) (small blind) folded before Flop
Seat 4: CatPuppy1999 (big blind) collected ($2)


PokerStars Hand #158342981272:  Hold'em Limit ($3/$6 USD) - 2016/09/08 16:31:12 ET
Table 'Lugduna' 6-max Seat #4 is the button
Seat 3: filemon_swe ($202.19 in chips)
Seat 4: CatPuppy1999 ($123.73 in chips)
CatPuppy1999: posts small blind $1
filemon_swe: posts big blind $3
*** HOLE CARDS ***
CatPuppy1999: raises $3 to $6
filemon_swe: raises $3 to $9
CatPuppy1999: calls $3
*** FLOP *** [Qh 2d 9h]
filemon_swe: bets $3
CatPuppy1999: folds
Uncalled bet ($3) returned to filemon_swe
filemon_swe collected $17.64 from pot
filemon_swe: doesn't show hand
*** SUMMARY ***
Total pot $18 | Rake $0.36
Board [Qh 2d 9h]
Seat 3: filemon_swe (big blind) collected ($17.64)
Seat 4: CatPuppy1999 (button) (small blind) folded on the Flop


PokerStars Hand #158342976384:  Hold'em Limit ($3/$6 USD) - 2016/09/08 16:31:06 ET
Table 'Lugduna' 6-max Seat #3 is the button
Seat 3: filemon_swe ($203.19 in chips)
Seat 4: CatPuppy1999 ($122.73 in chips)
filemon_swe: posts small blind $1
CatPuppy1999: posts big blind $3
*** HOLE CARDS ***
filemon_swe: folds
Uncalled bet ($2) returned to CatPuppy1999
CatPuppy1999 collected $2 from pot
CatPuppy1999: doesn't show hand
*** SUMMARY ***
Total pot $2 | Rake $0
Seat 3: filemon_swe (button) (small blind) folded before Flop
Seat 4: CatPuppy1999 (big blind) collected ($2)


PokerStars Hand #158342961675:  Hold'em Limit ($3/$6 USD) - 2016/09/08 16:30:49 ET
Table 'Lugduna' 6-max Seat #4 is the button
Seat 3: filemon_swe ($215.19 in chips)
Seat 4: CatPuppy1999 ($111.21 in chips)
CatPuppy1999: posts small blind $1
filemon_swe: posts big blind $3
*** HOLE CARDS ***
CatPuppy1999: raises $3 to $6
filemon_swe: raises $3 to $9
CatPuppy1999: calls $3
*** FLOP *** [2h 9d 5d]
filemon_swe: bets $3
CatPuppy1999: calls $3
*** TURN *** [2h 9d 5d] [9c]
filemon_swe: checks
CatPuppy1999: bets $6
filemon_swe: folds
Uncalled bet ($6) returned to CatPuppy1999
CatPuppy1999 collected $23.52 from pot
CatPuppy1999: doesn't show hand
*** SUMMARY ***
Total pot $24 | Rake $0.48
Board [2h 9d 5d 9c]
Seat 3: filemon_swe (big blind) folded on the Turn
Seat 4: CatPuppy1999 (button) (small blind) collected ($23.52)


PokerStars Hand #158343037783:  Hold'em Limit ($3/$6 USD) - 2016/09/08 16:32:17 ET
Table 'Lugduna' 6-max Seat #3 is the button
Seat 3: filemon_swe ($233.99 in chips)
Seat 4: CatPuppy1999 ($90.73 in chips)
filemon_swe: posts small blind $1
CatPuppy1999: posts big blind $3
*** HOLE CARDS ***
filemon_swe: folds
Uncalled bet ($2) returned to CatPuppy1999
CatPuppy1999 collected $2 from pot
*** SUMMARY ***
Total pot $2 | Rake $0
Seat 3: filemon_swe (button) (small blind) folded before Flop
Seat 4: CatPuppy1999 (big blind) collected ($2)


PokerStars Hand #158343028300:  Hold'em Limit ($3/$6 USD) - 2016/09/08 16:32:06 ET
Table 'Lugduna' 6-max Seat #4 is the button
Seat 3: filemon_swe ($225.35 in chips)
Seat 4: CatPuppy1999 ($99.73 in chips)
CatPuppy1999: posts small blind $1
filemon_swe: posts big blind $3
*** HOLE CARDS ***
CatPuppy1999: raises $3 to $6
filemon_swe: raises $3 to $9
CatPuppy1999: calls $3
*** FLOP *** [7h 2c 4s]
filemon_swe: bets $3
CatPuppy1999: folds
Uncalled bet ($3) returned to filemon_swe
filemon_swe collected $17.64 from pot
filemon_swe: doesn't show hand
*** SUMMARY ***
Total pot $18 | Rake $0.36
Board [7h 2c 4s]
Seat 3: filemon_swe (big blind) collected ($17.64)
Seat 4: CatPuppy1999 (button) (small blind) folded on the Flop


PokerStars Hand #158343023428:  Hold'em Limit ($3/$6 USD) - 2016/09/08 16:32:00 ET
Table 'Lugduna' 6-max Seat #3 is the button
Seat 3: filemon_swe ($222.35 in chips)
Seat 4: CatPuppy1999 ($102.73 in chips)
filemon_swe: posts small blind $1
CatPuppy1999: posts big blind $3
*** HOLE CARDS ***
filemon_swe: raises $3 to $6
CatPuppy1999: folds
Uncalled bet ($3) returned to filemon_swe
filemon_swe collected $6 from pot
filemon_swe: doesn't show hand
*** SUMMARY ***
Total pot $6 | Rake $0
Seat 3: filemon_swe (button) (small blind) collected ($6)
Seat 4: CatPuppy1999 (big blind) folded before Flop


PokerStars Hand #158343018164:  Hold'em Limit ($3/$6 USD) - 2016/09/08 16:31:54 ET
Table 'Lugduna' 6-max Seat #4 is the button
Seat 3: filemon_swe ($221.35 in chips)
Seat 4: CatPuppy1999 ($103.73 in chips)
CatPuppy1999: posts small blind $1
filemon_swe: posts big blind $3
*** HOLE CARDS ***
CatPuppy1999: folds
Uncalled bet ($2) returned to filemon_swe
filemon_swe collected $2 from pot
filemon_swe: doesn't show hand
*** SUMMARY ***
Total pot $2 | Rake $0
Seat 3: filemon_swe (big blind) collected ($2)
Seat 4: CatPuppy1999 (button) (small blind) folded before Flop


PokerStars Hand #158343003331:  Hold'em Limit ($3/$6 USD) - 2016/09/08 16:31:37 ET
Table 'Lugduna' 6-max Seat #3 is the button
Seat 3: filemon_swe ($215.59 in chips)
Seat 4: CatPuppy1999 ($109.73 in chips)
filemon_swe: posts small blind $1
CatPuppy1999: posts big blind $3
*** HOLE CARDS ***
filemon_swe: raises $3 to $6
CatPuppy1999: calls $3
*** FLOP *** [9c Kc 9h]
CatPuppy1999: checks
filemon_swe: bets $3
CatPuppy1999: folds
Uncalled bet ($3) returned to filemon_swe
filemon_swe collected $11.76 from pot
filemon_swe: doesn't show hand
*** SUMMARY ***
Total pot $12 | Rake $0.24
Board [9c Kc 9h]
Seat 3: filemon_swe (button) (small blind) collected ($11.76)
Seat 4: CatPuppy1999 (big blind) folded on the Flop


PokerStars Hand #158343054133:  Hold'em Limit ($3/$6 USD) - 2016/09/08 16:32:36 ET
Table 'Lugduna' 6-max Seat #3 is the button
Seat 3: filemon_swe ($238.75 in chips)
Seat 4: CatPuppy1999 ($85.73 in chips)
filemon_swe: posts small blind $1
CatPuppy1999: posts big blind $3
*** HOLE CARDS ***
filemon_swe: raises $3 to $6
CatPuppy1999: calls $3
*** FLOP *** [6s 4c Qc]
CatPuppy1999: checks
filemon_swe: bets $3
CatPuppy1999: folds
Uncalled bet ($3) returned to filemon_swe
filemon_swe collected $11.76 from pot
filemon_swe: doesn't show hand
*** SUMMARY ***
Total pot $12 | Rake $0.24
Board [6s 4c Qc]
Seat 3: filemon_swe (button) (small blind) collected ($11.76)
Seat 4: CatPuppy1999 (big blind) folded on the Flop


PokerStars Hand #158343043709:  Hold'em Limit ($3/$6 USD) - 2016/09/08 16:32:24 ET
Table 'Lugduna' 6-max Seat #4 is the button
Seat 3: filemon_swe ($232.99 in chips)
Seat 4: CatPuppy1999 ($91.73 in chips)
CatPuppy1999: posts small blind $1
filemon_swe: posts big blind $3
*** HOLE CARDS ***
CatPuppy1999: raises $3 to $6
filemon_swe: calls $3
*** FLOP *** [7c 9d 2s]
filemon_swe: bets $3
CatPuppy1999: folds
Uncalled bet ($3) returned to filemon_swe
filemon_swe collected $11.76 from pot
filemon_swe: doesn't show hand
*** SUMMARY ***
Total pot $12 | Rake $0.24
Board [7c 9d 2s]
Seat 3: filemon_swe (big blind) collected ($11.76)
Seat 4: CatPuppy1999 (button) (small blind) folded on the Flop


PokerStars Hand #158343082826:  Hold'em Limit ($3/$6 USD) - 2016/09/08 16:33:08 ET
Table 'Lugduna' 6-max Seat #3 is the button
Seat 3: filemon_swe ($214.51 in chips)
Seat 4: CatPuppy1999 ($109.23 in chips)
filemon_swe: posts small blind $1
CatPuppy1999: posts big blind $3
*** HOLE CARDS ***
filemon_swe: raises $3 to $6
CatPuppy1999: raises $3 to $9
filemon_swe: raises $3 to $12
Betting is capped
CatPuppy1999: calls $3
*** FLOP *** [5d 2s Qh]
CatPuppy1999: checks
Hi Im Alexey joins the table at seat #5
filemon_swe: bets $3
CatPuppy1999: calls $3
*** TURN *** [5d 2s Qh] [Ad]
CatPuppy1999: checks
filemon_swe: checks
*** RIVER *** [5d 2s Qh Ad] [Ah]
CatPuppy1999: bets $6
filemon_swe: calls $6
*** SHOW DOWN ***
CatPuppy1999: shows [7s 6s] (a pair of Aces)
filemon_swe: shows [3c 3s] (two pair, Aces and Threes)
filemon_swe collected $41.50 from pot
*** SUMMARY ***
Total pot $42 | Rake $0.50
Board [5d 2s Qh Ad Ah]
Seat 3: filemon_swe (button) (small blind) showed [3c 3s] and won ($41.50) with two pair, Aces and Threes
Seat 4: CatPuppy1999 (big blind) showed [7s 6s] and lost with a pair of Aces


PokerStars Hand #158343066575:  Hold'em Limit ($3/$6 USD) - 2016/09/08 16:32:50 ET
Table 'Lugduna' 6-max Seat #4 is the button
Seat 3: filemon_swe ($244.51 in chips)
Seat 4: CatPuppy1999 ($79.73 in chips)
CatPuppy1999: posts small blind $1
filemon_swe: posts big blind $3
*** HOLE CARDS ***
CatPuppy1999: raises $3 to $6
filemon_swe: raises $3 to $9
CatPuppy1999: calls $3
*** FLOP *** [Ac 8s Qs]
filemon_swe: bets $3
CatPuppy1999: calls $3
*** TURN *** [Ac 8s Qs] [7h]
filemon_swe: bets $6
CatPuppy1999: calls $6
*** RIVER *** [Ac 8s Qs 7h] [Ah]
filemon_swe: bets $6
CatPuppy1999: raises $6 to $12
filemon_swe: calls $6
*** SHOW DOWN ***
CatPuppy1999: shows [6d As] (three of a kind, Aces)
filemon_swe: mucks hand
CatPuppy1999 collected $59.50 from pot
*** SUMMARY ***
Total pot $60 | Rake $0.50
Board [Ac 8s Qs 7h Ah]
Seat 3: filemon_swe (big blind) mucked
Seat 4: CatPuppy1999 (button) (small blind) showed [6d As] and won ($59.50) with three of a kind, Aces


PokerStars Hand #158343291602:  Hold'em Limit ($3/$6 USD) - 2016/09/08 16:37:08 ET
Table 'Lugduna' 6-max Seat #3 is the button
Seat 3: filemon_swe ($254.68 in chips)
Seat 5: Hi Im Alexey ($73.17 in chips)
filemon_swe: posts small blind $1
Hi Im Alexey: posts big blind $3
*** HOLE CARDS ***
filemon_swe: raises $3 to $6
Hi Im Alexey: raises $3 to $9
filemon_swe: calls $3
*** FLOP *** [7h 7c 9c]
Hi Im Alexey: bets $3
filemon_swe: calls $3
*** TURN *** [7h 7c 9c] [7s]
Hi Im Alexey: bets $6
minigus575 joins the table at seat #1
filemon_swe: calls $6
*** RIVER *** [7h 7c 9c 7s] [8h]
Hi Im Alexey: checks
filemon_swe: checks
*** SHOW DOWN ***
Hi Im Alexey: shows [Qh Ah] (three of a kind, Sevens)
filemon_swe: mucks hand
Hi Im Alexey collected $35.50 from pot
*** SUMMARY ***
Total pot $36 | Rake $0.50
Board [7h 7c 9c 7s 8h]
Seat 3: filemon_swe (button) (small blind) mucked
Seat 5: Hi Im Alexey (big blind) showed [Qh Ah] and won ($35.50) with three of a kind, Sevens


PokerStars Hand #158343268106:  Hold'em Limit ($3/$6 USD) - 2016/09/08 16:36:41 ET
Table 'Lugduna' 6-max Seat #5 is the button
Seat 3: filemon_swe ($225.18 in chips)
Seat 5: Hi Im Alexey ($103.17 in chips)
Hi Im Alexey: posts small blind $1
filemon_swe: posts big blind $3
*** HOLE CARDS ***
Hi Im Alexey: raises $3 to $6
filemon_swe: raises $3 to $9
Hi Im Alexey: calls $3
*** FLOP *** [Jd 9d 9c]
filemon_swe: bets $3
Hi Im Alexey: calls $3
*** TURN *** [Jd 9d 9c] [6d]
filemon_swe: bets $6
Hi Im Alexey: raises $6 to $12
filemon_swe: calls $6
*** RIVER *** [Jd 9d 9c 6d] [As]
filemon_swe: bets $6
Hi Im Alexey: calls $6
*** SHOW DOWN ***
filemon_swe: shows [Tc Ad] (two pair, Aces and Nines)
Hi Im Alexey: mucks hand
filemon_swe collected $59.50 from pot
*** SUMMARY ***
Total pot $60 | Rake $0.50
Board [Jd 9d 9c 6d As]
Seat 3: filemon_swe (big blind) showed [Tc Ad] and won ($59.50) with two pair, Aces and Nines
Seat 5: Hi Im Alexey (button) (small blind) mucked


PokerStars Hand #158343245789:  Hold'em Limit ($3/$6 USD) - 2016/09/08 16:36:16 ET
Table 'Lugduna' 6-max Seat #3 is the button
Seat 3: filemon_swe ($234.18 in chips)
Seat 5: Hi Im Alexey ($94.53 in chips)
filemon_swe: posts small blind $1
CatPuppy1999: is sitting out
Hi Im Alexey: posts big blind $3
*** HOLE CARDS ***
CatPuppy1999 leaves the table
filemon_swe: raises $3 to $6
Hi Im Alexey: calls $3
*** FLOP *** [3s 8h 6s]
Hi Im Alexey: checks
filemon_swe: bets $3
Hi Im Alexey: calls $3
*** TURN *** [3s 8h 6s] [9d]
Hi Im Alexey: checks
filemon_swe: checks
*** RIVER *** [3s 8h 6s 9d] [5h]
Hi Im Alexey: bets $6
filemon_swe: folds
Uncalled bet ($6) returned to Hi Im Alexey
Hi Im Alexey collected $17.64 from pot
*** SUMMARY ***
Total pot $18 | Rake $0.36
Board [3s 8h 6s 9d 5h]
Seat 3: filemon_swe (button) (small blind) folded on the River
Seat 5: Hi Im Alexey (big blind) collected ($17.64)


