PokerStars Hand #152871069006:  Hold'em Limit ($3/$6 USD) - 2016/05/04 23:51:45 ET
Table 'Lugduna' 6-max Seat #1 is the button
Seat 1: assitoni ($119.37 in chips)
Seat 4: Mudager ($167.83 in chips)
assitoni: posts small blind $1
Mudager: posts big blind $3
*** HOLE CARDS ***
assitoni: raises $3 to $6
Mudager: folds
Uncalled bet ($3) returned to assitoni
assitoni collected $6 from pot
*** SUMMARY ***
Total pot $6 | Rake $0
Seat 1: assitoni (button) (small blind) collected ($6)
Seat 4: Mudager (big blind) folded before Flop


PokerStars Hand #152871059432:  Hold'em Limit ($3/$6 USD) - 2016/05/04 23:51:10 ET
Table 'Lugduna' 6-max Seat #4 is the button
Seat 1: assitoni ($125.37 in chips)
Seat 4: Mudager ($162.07 in chips)
Mudager: posts small blind $1
assitoni: posts big blind $3
*** HOLE CARDS ***
Mudager: raises $3 to $6
assitoni: calls $3
*** FLOP *** [8d Jc Qs]
assitoni: checks
Mudager: bets $3
assitoni: folds
Uncalled bet ($3) returned to Mudager
Mudager collected $11.76 from pot
Mudager: doesn't show hand
*** SUMMARY ***
Total pot $12 | Rake $0.24
Board [8d Jc Qs]
Seat 1: assitoni (big blind) folded on the Flop
Seat 4: Mudager (button) (small blind) collected ($11.76)


PokerStars Hand #152871120460:  Hold'em Limit ($3/$6 USD) - 2016/05/04 23:54:56 ET
Table 'Lugduna' 6-max Seat #6 is the button
Seat 4: Mudager ($124.83 in chips)
Seat 6: znarf_1 ($73.33 in chips)
znarf_1: posts small blind $1
Mudager: posts big blind $3
*** HOLE CARDS ***
znarf_1: raises $3 to $6
Mudager: calls $3
*** FLOP *** [Ts 4s Jh]
Mudager: checks
znarf_1: bets $3
Mudager: raises $3 to $6
znarf_1: raises $3 to $9
Mudager: calls $3
*** TURN *** [Ts 4s Jh] [Ad]
Mudager: checks
znarf_1: bets $6
Mudager: calls $6
*** RIVER *** [Ts 4s Jh Ad] [Ac]
Mudager: checks
znarf_1: bets $6
Mudager: calls $6
*** SHOW DOWN ***
znarf_1: shows [Kh Qd] (a straight, Ten to Ace)
Mudager: mucks hand
znarf_1 collected $53.50 from pot
*** SUMMARY ***
Total pot $54 | Rake $0.50
Board [Ts 4s Jh Ad Ac]
Seat 4: Mudager (big blind) mucked
Seat 6: znarf_1 (button) (small blind) showed [Kh Qd] and won ($53.50) with a straight, Ten to Ace


PokerStars Hand #152871118634:  Hold'em Limit ($3/$6 USD) - 2016/05/04 23:54:49 ET
Table 'Lugduna' 6-max Seat #4 is the button
Seat 4: Mudager ($125.83 in chips)
Seat 6: znarf_1 ($72.33 in chips)
Mudager: posts small blind $1
znarf_1: posts big blind $3
*** HOLE CARDS ***
Mudager: folds
Uncalled bet ($2) returned to znarf_1
znarf_1 collected $2 from pot
*** SUMMARY ***
Total pot $2 | Rake $0
Seat 4: Mudager (button) (small blind) folded before Flop
Seat 6: znarf_1 (big blind) collected ($2)


PokerStars Hand #152871114182:  Hold'em Limit ($3/$6 USD) - 2016/05/04 23:54:33 ET
Table 'Lugduna' 6-max Seat #6 is the button
Seat 4: Mudager ($128.83 in chips)
Seat 6: znarf_1 ($69.45 in chips)
znarf_1: posts small blind $1
assitoni: is sitting out
Mudager: posts big blind $3
*** HOLE CARDS ***
znarf_1: calls $2
Mudager: checks
*** FLOP *** [Ah 3d Kc]
assitoni leaves the table
Mudager: checks
znarf_1: bets $3
Mudager: folds
Uncalled bet ($3) returned to znarf_1
znarf_1 collected $5.88 from pot
*** SUMMARY ***
Total pot $6 | Rake $0.12
Board [Ah 3d Kc]
Seat 4: Mudager (big blind) folded on the Flop
Seat 6: znarf_1 (button) (small blind) collected ($5.88)


PokerStars Hand #152871136873:  Hold'em Limit ($3/$6 USD) - 2016/05/04 23:56:04 ET
Table 'Lugduna' 6-max Seat #6 is the button
Seat 4: Mudager ($128.64 in chips)
Seat 6: znarf_1 ($94.71 in chips)
znarf_1: posts small blind $1
Mudager: posts big blind $3
*** HOLE CARDS ***
znarf_1: raises $3 to $6
Mudager: calls $3
*** FLOP *** [Ad 5s 5d]
Mudager: checks
znarf_1: bets $3
Mudager: folds
Uncalled bet ($3) returned to znarf_1
znarf_1 collected $11.76 from pot
*** SUMMARY ***
Total pot $12 | Rake $0.24
Board [Ad 5s 5d]
Seat 4: Mudager (big blind) folded on the Flop
Seat 6: znarf_1 (button) (small blind) collected ($11.76)


PokerStars Hand #152871132664:  Hold'em Limit ($3/$6 USD) - 2016/05/04 23:55:46 ET
Table 'Lugduna' 6-max Seat #4 is the button
Seat 4: Mudager ($120 in chips)
Seat 6: znarf_1 ($103.71 in chips)
Mudager: posts small blind $1
znarf_1: posts big blind $3
*** HOLE CARDS ***
Mudager: raises $3 to $6
znarf_1: calls $3
*** FLOP *** [Ad Kd Td]
znarf_1: checks
Mudager: bets $3
znarf_1: calls $3
*** TURN *** [Ad Kd Td] [4h]
znarf_1: checks
Mudager: bets $6
znarf_1: folds
Uncalled bet ($6) returned to Mudager
Mudager collected $17.64 from pot
Mudager: doesn't show hand
*** SUMMARY ***
Total pot $18 | Rake $0.36
Board [Ad Kd Td 4h]
Seat 4: Mudager (button) (small blind) collected ($17.64)
Seat 6: znarf_1 (big blind) folded on the Turn


PokerStars Hand #152871128837:  Hold'em Limit ($3/$6 USD) - 2016/05/04 23:55:30 ET
Table 'Lugduna' 6-max Seat #6 is the button
Seat 4: Mudager ($120 in chips)
Seat 6: znarf_1 ($100.83 in chips)
znarf_1: posts small blind $1
Mudager: posts big blind $3
*** HOLE CARDS ***
znarf_1: calls $2
Mudager: checks
*** FLOP *** [Qs 6c Kh]
Mudager: checks
znarf_1: bets $3
Mudager: folds
Uncalled bet ($3) returned to znarf_1
znarf_1 collected $5.88 from pot
*** SUMMARY ***
Total pot $6 | Rake $0.12
Board [Qs 6c Kh]
Seat 4: Mudager (big blind) folded on the Flop
Seat 6: znarf_1 (button) (small blind) collected ($5.88)


PokerStars Hand #152871127616:  Hold'em Limit ($3/$6 USD) - 2016/05/04 23:55:25 ET
Table 'Lugduna' 6-max Seat #4 is the button
Seat 4: Mudager ($120 in chips)
Seat 6: znarf_1 ($99.83 in chips)
Mudager: posts small blind $1
znarf_1: posts big blind $3
*** HOLE CARDS ***
Mudager: folds
Uncalled bet ($2) returned to znarf_1
znarf_1 collected $2 from pot
*** SUMMARY ***
Total pot $2 | Rake $0
Seat 4: Mudager (button) (small blind) folded before Flop
Seat 6: znarf_1 (big blind) collected ($2)


PokerStars Hand #152871147872:  Hold'em Limit ($3/$6 USD) - 2016/05/04 23:56:50 ET
Table 'Lugduna' 6-max Seat #6 is the button
Seat 4: Mudager ($120 in chips)
Seat 6: znarf_1 ($109.11 in chips)
znarf_1: posts small blind $1
Mudager: posts big blind $3
*** HOLE CARDS ***
znarf_1: calls $2
Mudager: checks
*** FLOP *** [8c 2c 8d]
Mudager: checks
znarf_1: bets $3
Mudager: raises $3 to $6
znarf_1: raises $3 to $9
Mudager: calls $3
*** TURN *** [8c 2c 8d] [Th]
Mudager: checks
znarf_1: bets $6
Mudager: raises $6 to $12
znarf_1: calls $6
*** RIVER *** [8c 2c 8d Th] [Qc]
Mudager: bets $6
znarf_1: folds
Uncalled bet ($6) returned to Mudager
Mudager collected $47.50 from pot
Mudager: doesn't show hand
*** SUMMARY ***
Total pot $48 | Rake $0.50
Board [8c 2c 8d Th Qc]
Seat 4: Mudager (big blind) collected ($47.50)
Seat 6: znarf_1 (button) (small blind) folded on the River


PokerStars Hand #152871142137:  Hold'em Limit ($3/$6 USD) - 2016/05/04 23:56:26 ET
Table 'Lugduna' 6-max Seat #4 is the button
Seat 4: Mudager ($122.64 in chips)
Seat 6: znarf_1 ($100.47 in chips)
Mudager: posts small blind $1
znarf_1: posts big blind $3
*** HOLE CARDS ***
Mudager: raises $3 to $6
znarf_1: calls $3
*** FLOP *** [6c Kd 8h]
znarf_1: checks
Mudager: bets $3
znarf_1: calls $3
*** TURN *** [6c Kd 8h] [9h]
znarf_1: checks
Mudager: checks
*** RIVER *** [6c Kd 8h 9h] [9d]
znarf_1: bets $6
Mudager: folds
Uncalled bet ($6) returned to znarf_1
znarf_1 collected $17.64 from pot
*** SUMMARY ***
Total pot $18 | Rake $0.36
Board [6c Kd 8h 9h 9d]
Seat 4: Mudager (button) (small blind) folded on the River
Seat 6: znarf_1 (big blind) collected ($17.64)


PokerStars Hand #152871171151:  Hold'em Limit ($3/$6 USD) - 2016/05/04 23:57:57 ET
Table 'Lugduna' 6-max Seat #6 is the button
Seat 4: Mudager ($120 in chips)
Seat 6: znarf_1 ($108.61 in chips)
znarf_1: posts small blind $1
Mudager: posts big blind $3
*** HOLE CARDS ***
znarf_1: raises $3 to $6
Mudager: calls $3
*** FLOP *** [Qd 7d 3c]
Mudager: checks
znarf_1: bets $3
Mudager: folds
Uncalled bet ($3) returned to znarf_1
znarf_1 collected $11.76 from pot
*** SUMMARY ***
Total pot $12 | Rake $0.24
Board [Qd 7d 3c]
Seat 4: Mudager (big blind) folded on the Flop
Seat 6: znarf_1 (button) (small blind) collected ($11.76)


PokerStars Hand #152871166833:  Hold'em Limit ($3/$6 USD) - 2016/05/04 23:57:40 ET
Table 'Lugduna' 6-max Seat #4 is the button
Seat 4: Mudager ($143.50 in chips)
Seat 6: znarf_1 ($85.11 in chips)
Mudager: posts small blind $1
znarf_1: posts big blind $3
*** HOLE CARDS ***
Mudager: raises $3 to $6
znarf_1: raises $3 to $9
Mudager: calls $3
*** FLOP *** [8c 2h Js]
znarf_1: bets $3
Mudager: calls $3
*** TURN *** [8c 2h Js] [Ks]
znarf_1: bets $6
Mudager: calls $6
*** RIVER *** [8c 2h Js Ks] [Jc]
znarf_1: bets $6
Mudager: calls $6
*** SHOW DOWN ***
znarf_1: shows [Kc Qh] (two pair, Kings and Jacks)
Mudager: mucks hand
znarf_1 collected $47.50 from pot
*** SUMMARY ***
Total pot $48 | Rake $0.50
Board [8c 2h Js Ks Jc]
Seat 4: Mudager (button) (small blind) mucked
Seat 6: znarf_1 (big blind) showed [Kc Qh] and won ($47.50) with two pair, Kings and Jacks


PokerStars Hand #152871165562:  Hold'em Limit ($3/$6 USD) - 2016/05/04 23:57:34 ET
Table 'Lugduna' 6-max Seat #6 is the button
Seat 4: Mudager ($142.50 in chips)
Seat 6: znarf_1 ($86.11 in chips)
znarf_1: posts small blind $1
Mudager: posts big blind $3
*** HOLE CARDS ***
znarf_1: folds
Uncalled bet ($2) returned to Mudager
Mudager collected $2 from pot
Mudager: doesn't show hand
*** SUMMARY ***
Total pot $2 | Rake $0
Seat 4: Mudager (big blind) collected ($2)
Seat 6: znarf_1 (button) (small blind) folded before Flop


PokerStars Hand #152871164274:  Hold'em Limit ($3/$6 USD) - 2016/05/04 23:57:29 ET
Table 'Lugduna' 6-max Seat #4 is the button
Seat 4: Mudager ($143.50 in chips)
Seat 6: znarf_1 ($85.11 in chips)
Mudager: posts small blind $1
znarf_1: posts big blind $3
*** HOLE CARDS ***
Mudager: folds
Uncalled bet ($2) returned to znarf_1
znarf_1 collected $2 from pot
*** SUMMARY ***
Total pot $2 | Rake $0
Seat 4: Mudager (button) (small blind) folded before Flop
Seat 6: znarf_1 (big blind) collected ($2)


PokerStars Hand #152871181204:  Hold'em Limit ($3/$6 USD) - 2016/05/04 23:58:39 ET
Table 'Lugduna' 6-max Seat #6 is the button
Seat 4: Mudager ($143.50 in chips)
Seat 6: znarf_1 ($90.37 in chips)
znarf_1: posts small blind $1
Mudager: posts big blind $3
*** HOLE CARDS ***
znarf_1: raises $3 to $6
Mudager: raises $3 to $9
znarf_1: raises $3 to $12
Betting is capped
Mudager: calls $3
*** FLOP *** [7d Ad 7c]
Mudager: checks
znarf_1: bets $3
Mudager: calls $3
*** TURN *** [7d Ad 7c] [Jh]
Mudager: checks
znarf_1: bets $6
Mudager: calls $6
*** RIVER *** [7d Ad 7c Jh] [3c]
Mudager: checks
znarf_1: bets $6
Mudager: calls $6
*** SHOW DOWN ***
znarf_1: shows [Ah Jd] (two pair, Aces and Jacks)
Mudager: mucks hand
znarf_1 collected $53.50 from pot
*** SUMMARY ***
Total pot $54 | Rake $0.50
Board [7d Ad 7c Jh 3c]
Seat 4: Mudager (big blind) mucked
Seat 6: znarf_1 (button) (small blind) showed [Ah Jd] and won ($53.50) with two pair, Aces and Jacks


PokerStars Hand #152871175065:  Hold'em Limit ($3/$6 USD) - 2016/05/04 23:58:14 ET
Table 'Lugduna' 6-max Seat #4 is the button
Seat 4: Mudager ($120 in chips)
Seat 6: znarf_1 ($114.37 in chips)
Mudager: posts small blind $1
znarf_1: posts big blind $3
*** HOLE CARDS ***
Mudager: raises $3 to $6
znarf_1: raises $3 to $9
Mudager: calls $3
*** FLOP *** [Kd 8h 6h]
znarf_1: checks
Mudager: bets $3
znarf_1: calls $3
*** TURN *** [Kd 8h 6h] [9d]
znarf_1: checks
Mudager: bets $6
znarf_1: calls $6
*** RIVER *** [Kd 8h 6h 9d] [2c]
znarf_1: checks
Mudager: bets $6
znarf_1: calls $6
*** SHOW DOWN ***
Mudager: shows [8d Qd] (a pair of Eights)
znarf_1: shows [7h 7c] (a pair of Sevens)
Mudager collected $47.50 from pot
*** SUMMARY ***
Total pot $48 | Rake $0.50
Board [Kd 8h 6h 9d 2c]
Seat 4: Mudager (button) (small blind) showed [8d Qd] and won ($47.50) with a pair of Eights
Seat 6: znarf_1 (big blind) showed [7h 7c] and lost with a pair of Sevens


PokerStars Hand #152871200517:  Hold'em Limit ($3/$6 USD) - 2016/05/05 0:00:01 ET
Table 'Lugduna' 6-max Seat #6 is the button
Seat 4: Mudager ($120 in chips)
Seat 6: znarf_1 ($148.77 in chips)
znarf_1: posts small blind $1
Mudager: posts big blind $3
*** HOLE CARDS ***
znarf_1: calls $2
Mudager: checks
*** FLOP *** [Th 8h 2d]
Mudager: checks
znarf_1: checks
*** TURN *** [Th 8h 2d] [7c]
Mudager: checks
znarf_1: checks
*** RIVER *** [Th 8h 2d 7c] [6d]
Mudager: bets $6
znarf_1: folds
Uncalled bet ($6) returned to Mudager
Mudager collected $5.88 from pot
Mudager: doesn't show hand
*** SUMMARY ***
Total pot $6 | Rake $0.12
Board [Th 8h 2d 7c 6d]
Seat 4: Mudager (big blind) collected ($5.88)
Seat 6: znarf_1 (button) (small blind) folded on the River


PokerStars Hand #152871196775:  Hold'em Limit ($3/$6 USD) - 2016/05/04 23:59:46 ET
Table 'Lugduna' 6-max Seat #4 is the button
Seat 4: Mudager ($120 in chips)
Seat 6: znarf_1 ($137.25 in chips)
Mudager: posts small blind $1
znarf_1: posts big blind $3
*** HOLE CARDS ***
Mudager: calls $2
znarf_1: checks
*** FLOP *** [Qh Ts Kd]
znarf_1: bets $3
Mudager: calls $3
*** TURN *** [Qh Ts Kd] [Kc]
znarf_1: bets $6
Mudager: calls $6
*** RIVER *** [Qh Ts Kd Kc] [9d]
znarf_1: checks
Mudager: checks
*** SHOW DOWN ***
znarf_1: shows [6c Qs] (two pair, Kings and Queens)
Mudager: mucks hand
znarf_1 collected $23.52 from pot
*** SUMMARY ***
Total pot $24 | Rake $0.48
Board [Qh Ts Kd Kc 9d]
Seat 4: Mudager (button) (small blind) mucked
Seat 6: znarf_1 (big blind) showed [6c Qs] and won ($23.52) with two pair, Kings and Queens


PokerStars Hand #152871193593:  Hold'em Limit ($3/$6 USD) - 2016/05/04 23:59:32 ET
Table 'Lugduna' 6-max Seat #6 is the button
Seat 4: Mudager ($120 in chips)
Seat 6: znarf_1 ($134.37 in chips)
znarf_1: posts small blind $1
Mudager: posts big blind $3
*** HOLE CARDS ***
znarf_1: calls $2
Mudager: checks
*** FLOP *** [3c 5c Ah]
Mudager: checks
znarf_1: bets $3
Mudager: folds
Uncalled bet ($3) returned to znarf_1
znarf_1 collected $5.88 from pot
*** SUMMARY ***
Total pot $6 | Rake $0.12
Board [3c 5c Ah]
Seat 4: Mudager (big blind) folded on the Flop
Seat 6: znarf_1 (button) (small blind) collected ($5.88)


PokerStars Hand #152871186518:  Hold'em Limit ($3/$6 USD) - 2016/05/04 23:59:02 ET
Table 'Lugduna' 6-max Seat #4 is the button
Seat 4: Mudager ($120 in chips)
Seat 6: znarf_1 ($116.87 in chips)
Mudager: posts small blind $1
znarf_1: posts big blind $3
*** HOLE CARDS ***
Mudager: raises $3 to $6
znarf_1: calls $3
*** FLOP *** [2s 7c 5h]
znarf_1: checks
Mudager: checks
*** TURN *** [2s 7c 5h] [Ks]
znarf_1: checks
Mudager: bets $6
znarf_1: calls $6
*** RIVER *** [2s 7c 5h Ks] [3d]
znarf_1: checks
Mudager: bets $6
znarf_1: calls $6
*** SHOW DOWN ***
Mudager: shows [4s Th] (high card King)
znarf_1: shows [4c 5s] (a pair of Fives)
znarf_1 collected $35.50 from pot
*** SUMMARY ***
Total pot $36 | Rake $0.50
Board [2s 7c 5h Ks 3d]
Seat 4: Mudager (button) (small blind) showed [4s Th] and lost with high card King
Seat 6: znarf_1 (big blind) showed [4c 5s] and won ($35.50) with a pair of Fives


PokerStars Hand #152871219408:  Hold'em Limit ($3/$6 USD) - 2016/05/05 0:01:16 ET
Table 'Lugduna' 6-max Seat #6 is the button
Seat 4: Mudager ($120 in chips)
Seat 6: znarf_1 ($155.41 in chips)
znarf_1: posts small blind $1
Mudager: posts big blind $3
*** HOLE CARDS ***
znarf_1: folds
Uncalled bet ($2) returned to Mudager
Mudager collected $2 from pot
Mudager: doesn't show hand
*** SUMMARY ***
Total pot $2 | Rake $0
Seat 4: Mudager (big blind) collected ($2)
Seat 6: znarf_1 (button) (small blind) folded before Flop


PokerStars Hand #152871217938:  Hold'em Limit ($3/$6 USD) - 2016/05/05 0:01:11 ET
Table 'Lugduna' 6-max Seat #4 is the button
Seat 4: Mudager ($120 in chips)
Seat 6: znarf_1 ($154.41 in chips)
Mudager: posts small blind $1
znarf_1: posts big blind $3
*** HOLE CARDS ***
Mudager: folds
Uncalled bet ($2) returned to znarf_1
znarf_1 collected $2 from pot
znarf_1: doesn't show hand
*** SUMMARY ***
Total pot $2 | Rake $0
Seat 4: Mudager (button) (small blind) folded before Flop
Seat 6: znarf_1 (big blind) collected ($2)


PokerStars Hand #152871214746:  Hold'em Limit ($3/$6 USD) - 2016/05/05 0:00:59 ET
Table 'Lugduna' 6-max Seat #6 is the button
Seat 4: Mudager ($120 in chips)
Seat 6: znarf_1 ($148.65 in chips)
znarf_1: posts small blind $1
Mudager: posts big blind $3
*** HOLE CARDS ***
znarf_1: raises $3 to $6
Mudager: calls $3
*** FLOP *** [5s 6h Ac]
Mudager: checks
znarf_1: bets $3
Mudager: folds
Uncalled bet ($3) returned to znarf_1
znarf_1 collected $11.76 from pot
*** SUMMARY ***
Total pot $12 | Rake $0.24
Board [5s 6h Ac]
Seat 4: Mudager (big blind) folded on the Flop
Seat 6: znarf_1 (button) (small blind) collected ($11.76)


PokerStars Hand #152871205844:  Hold'em Limit ($3/$6 USD) - 2016/05/05 0:00:23 ET
Table 'Lugduna' 6-max Seat #4 is the button
Seat 4: Mudager ($122.88 in chips)
Seat 6: znarf_1 ($145.77 in chips)
Mudager: posts small blind $1
znarf_1: posts big blind $3
*** HOLE CARDS ***
Mudager: calls $2
znarf_1: checks
*** FLOP *** [4h Ts 8s]
znarf_1: checks
Mudager: checks
*** TURN *** [4h Ts 8s] [7h]
znarf_1: checks
Mudager: checks
*** RIVER *** [4h Ts 8s 7h] [9h]
znarf_1: checks
Mudager: checks
*** SHOW DOWN ***
znarf_1: shows [9c 2d] (a pair of Nines)
Mudager: mucks hand
znarf_1 collected $5.88 from pot
*** SUMMARY ***
Total pot $6 | Rake $0.12
Board [4h Ts 8s 7h 9h]
Seat 4: Mudager (button) (small blind) mucked
Seat 6: znarf_1 (big blind) showed [9c 2d] and won ($5.88) with a pair of Nines


PokerStars Hand #152871220785:  Hold'em Limit ($3/$6 USD) - 2016/05/05 0:01:22 ET
Table 'Lugduna' 6-max Seat #4 is the button
Seat 4: Mudager ($121 in chips)
Seat 6: znarf_1 ($154.41 in chips)
Mudager: posts small blind $1
znarf_1: posts big blind $3
*** HOLE CARDS ***
Mudager: raises $3 to $6
znarf_1: calls $3
*** FLOP *** [Jc 7h Td]
znarf_1: folds
Mudager collected $11.76 from pot
Mudager: doesn't show hand
*** SUMMARY ***
Total pot $12 | Rake $0.24
Board [Jc 7h Td]
Seat 4: Mudager (button) (small blind) collected ($11.76)
Seat 6: znarf_1 (big blind) folded on the Flop


