PokerStars Hand #166728043769:  Hold'em Limit ($3/$6 USD) - 2017/02/24 20:38:39 ET
Table 'Luisa' 6-max Seat #3 is the button
Seat 3: NoVebra ($120 in chips)
Seat 4: kismespit ($76.45 in chips)
NoVebra: posts small blind $1
kismespit: posts big blind $3
*** HOLE CARDS ***
NoVebra: raises $3 to $6
kismespit: calls $3
*** FLOP *** [4h Tc 6d]
kismespit: checks
NoVebra: bets $3
kismespit: raises $3 to $6
NoVebra: calls $3
*** TURN *** [4h Tc 6d] [5h]
kismespit: bets $6
NoVebra: calls $6
*** RIVER *** [4h Tc 6d 5h] [Ad]
kismespit: bets $6
NoVebra: calls $6
*** SHOW DOWN ***
kismespit: shows [6c 8d] (a pair of Sixes)
NoVebra: mucks hand
kismespit collected $47.50 from pot
*** SUMMARY ***
Total pot $48 | Rake $0.50
Board [4h Tc 6d 5h Ad]
Seat 3: NoVebra (button) (small blind) mucked
Seat 4: kismespit (big blind) showed [6c 8d] and won ($47.50) with a pair of Sixes


PokerStars Hand #166728071508:  Hold'em Limit ($3/$6 USD) - 2017/02/24 20:39:32 ET
Table 'Luisa' 6-max Seat #3 is the button
Seat 3: NoVebra ($121 in chips)
Seat 4: kismespit ($98.95 in chips)
NoVebra: posts small blind $1
kismespit: posts big blind $3
*** HOLE CARDS ***
NoVebra: raises $3 to $6
kismespit: calls $3
*** FLOP *** [7h Ah As]
kismespit: checks
NoVebra: bets $3
kismespit: calls $3
*** TURN *** [7h Ah As] [Ks]
kismespit: checks
NoVebra: checks
*** RIVER *** [7h Ah As Ks] [7s]
kismespit: bets $6
NoVebra: calls $6
*** SHOW DOWN ***
kismespit: shows [4h Ac] (a full house, Aces full of Sevens)
NoVebra: mucks hand
kismespit collected $29.50 from pot
*** SUMMARY ***
Total pot $30 | Rake $0.50
Board [7h Ah As Ks 7s]
Seat 3: NoVebra (button) (small blind) mucked
Seat 4: kismespit (big blind) showed [4h Ac] and won ($29.50) with a full house, Aces full of Sevens


PokerStars Hand #166728086854:  Hold'em Limit ($3/$6 USD) - 2017/02/24 20:40:02 ET
Table 'Luisa' 6-max Seat #3 is the button
Seat 3: NoVebra ($121 in chips)
Seat 4: kismespit ($112.45 in chips)
NoVebra: posts small blind $1
kismespit: posts big blind $3
*** HOLE CARDS ***
NoVebra: raises $3 to $6
kismespit: folds
Uncalled bet ($3) returned to NoVebra
NoVebra collected $6 from pot
NoVebra: doesn't show hand
*** SUMMARY ***
Total pot $6 | Rake $0
Seat 3: NoVebra (button) (small blind) collected ($6)
Seat 4: kismespit (big blind) folded before Flop


PokerStars Hand #166728083883:  Hold'em Limit ($3/$6 USD) - 2017/02/24 20:39:56 ET
Table 'Luisa' 6-max Seat #4 is the button
Seat 3: NoVebra ($120 in chips)
Seat 4: kismespit ($113.45 in chips)
kismespit: posts small blind $1
NoVebra: posts big blind $3
*** HOLE CARDS ***
kismespit: folds
Uncalled bet ($2) returned to NoVebra
NoVebra collected $2 from pot
NoVebra: doesn't show hand
*** SUMMARY ***
Total pot $2 | Rake $0
Seat 3: NoVebra (big blind) collected ($2)
Seat 4: kismespit (button) (small blind) folded before Flop


PokerStars Hand #166728062876:  Hold'em Limit ($3/$6 USD) - 2017/02/24 20:39:16 ET
Table 'Luisa' 6-max Seat #4 is the button
Seat 3: NoVebra ($120 in chips)
Seat 4: kismespit ($99.95 in chips)
kismespit: posts small blind $1
NoVebra: posts big blind $3
*** HOLE CARDS ***
kismespit: folds
Uncalled bet ($2) returned to NoVebra
NoVebra collected $2 from pot
NoVebra: doesn't show hand
*** SUMMARY ***
Total pot $2 | Rake $0
Seat 3: NoVebra (big blind) collected ($2)
Seat 4: kismespit (button) (small blind) folded before Flop


PokerStars Hand #166728097435:  Hold'em Limit ($3/$6 USD) - 2017/02/24 20:40:23 ET
Table 'Luisa' 6-max Seat #3 is the button
Seat 3: NoVebra ($120 in chips)
Seat 4: kismespit ($115.21 in chips)
NoVebra: posts small blind $1
kismespit: posts big blind $3
*** HOLE CARDS ***
NoVebra: raises $3 to $6
kismespit: calls $3
*** FLOP *** [Qc 4d 9s]
kismespit: checks
NoVebra: bets $3
kismespit: folds
Uncalled bet ($3) returned to NoVebra
NoVebra collected $11.76 from pot
NoVebra: doesn't show hand
*** SUMMARY ***
Total pot $12 | Rake $0.24
Board [Qc 4d 9s]
Seat 3: NoVebra (button) (small blind) collected ($11.76)
Seat 4: kismespit (big blind) folded on the Flop


PokerStars Hand #166728090871:  Hold'em Limit ($3/$6 USD) - 2017/02/24 20:40:10 ET
Table 'Luisa' 6-max Seat #4 is the button
Seat 3: NoVebra ($124 in chips)
Seat 4: kismespit ($109.45 in chips)
kismespit: posts small blind $1
NoVebra: posts big blind $3
*** HOLE CARDS ***
kismespit: raises $3 to $6
NoVebra: calls $3
*** FLOP *** [Kd 3h 2h]
NoVebra: checks
kismespit: bets $3
NoVebra: folds
Uncalled bet ($3) returned to kismespit
kismespit collected $11.76 from pot
*** SUMMARY ***
Total pot $12 | Rake $0.24
Board [Kd 3h 2h]
Seat 3: NoVebra (big blind) folded on the Flop
Seat 4: kismespit (button) (small blind) collected ($11.76)


PokerStars Hand #166728105360:  Hold'em Limit ($3/$6 USD) - 2017/02/24 20:40:38 ET
Table 'Luisa' 6-max Seat #4 is the button
Seat 3: NoVebra ($125.76 in chips)
Seat 4: kismespit ($109.21 in chips)
kismespit: posts small blind $1
NoVebra: posts big blind $3
*** HOLE CARDS ***
kismespit: raises $3 to $6
NoVebra: raises $3 to $9
kismespit: calls $3
*** FLOP *** [9s Qc 5d]
NoVebra: bets $3
kismespit: calls $3
*** TURN *** [9s Qc 5d] [As]
NoVebra: checks
kismespit: bets $6
NoVebra: raises $6 to $12
kismespit: folds
Uncalled bet ($6) returned to NoVebra
NoVebra collected $35.50 from pot
NoVebra: doesn't show hand
*** SUMMARY ***
Total pot $36 | Rake $0.50
Board [9s Qc 5d As]
Seat 3: NoVebra (big blind) collected ($35.50)
Seat 4: kismespit (button) (small blind) folded on the Turn


PokerStars Hand #166728147736:  Hold'em Limit ($3/$6 USD) - 2017/02/24 20:42:01 ET
Table 'Luisa' 6-max Seat #3 is the button
Seat 3: NoVebra ($158.02 in chips)
Seat 4: kismespit ($76.21 in chips)
NoVebra: posts small blind $1
kismespit: posts big blind $3
*** HOLE CARDS ***
NoVebra: raises $3 to $6
kismespit: folds
Uncalled bet ($3) returned to NoVebra
NoVebra collected $6 from pot
NoVebra: doesn't show hand
*** SUMMARY ***
Total pot $6 | Rake $0
Seat 3: NoVebra (button) (small blind) collected ($6)
Seat 4: kismespit (big blind) folded before Flop


PokerStars Hand #166728142702:  Hold'em Limit ($3/$6 USD) - 2017/02/24 20:41:51 ET
Table 'Luisa' 6-max Seat #4 is the button
Seat 3: NoVebra ($157.02 in chips)
Seat 4: kismespit ($77.21 in chips)
kismespit: posts small blind $1
NoVebra: posts big blind $3
*** HOLE CARDS ***
kismespit: folds
Uncalled bet ($2) returned to NoVebra
NoVebra collected $2 from pot
NoVebra: doesn't show hand
*** SUMMARY ***
Total pot $2 | Rake $0
Seat 3: NoVebra (big blind) collected ($2)
Seat 4: kismespit (button) (small blind) folded before Flop


PokerStars Hand #166728118962:  Hold'em Limit ($3/$6 USD) - 2017/02/24 20:41:05 ET
Table 'Luisa' 6-max Seat #3 is the button
Seat 3: NoVebra ($143.26 in chips)
Seat 4: kismespit ($91.21 in chips)
NoVebra: posts small blind $1
kismespit: posts big blind $3
*** HOLE CARDS ***
NoVebra: raises $3 to $6
kismespit: calls $3
*** FLOP *** [Ah 6h 2s]
kismespit: checks
NoVebra: bets $3
kismespit: folds
Uncalled bet ($3) returned to NoVebra
NoVebra collected $11.76 from pot
NoVebra: doesn't show hand
*** SUMMARY ***
Total pot $12 | Rake $0.24
Board [Ah 6h 2s]
Seat 3: NoVebra (button) (small blind) collected ($11.76)
Seat 4: kismespit (big blind) folded on the Flop


PokerStars Hand #166728138868:  Hold'em Limit ($3/$6 USD) - 2017/02/24 20:41:44 ET
Table 'Luisa' 6-max Seat #3 is the button
Seat 3: NoVebra ($154.02 in chips)
Seat 4: kismespit ($80.21 in chips)
NoVebra: posts small blind $1
kismespit: posts big blind $3
*** HOLE CARDS ***
NoVebra: raises $3 to $6
kismespit: folds
Uncalled bet ($3) returned to NoVebra
NoVebra collected $6 from pot
NoVebra: doesn't show hand
*** SUMMARY ***
Total pot $6 | Rake $0
Seat 3: NoVebra (button) (small blind) collected ($6)
Seat 4: kismespit (big blind) folded before Flop


PokerStars Hand #166728135018:  Hold'em Limit ($3/$6 USD) - 2017/02/24 20:41:36 ET
Table 'Luisa' 6-max Seat #4 is the button
Seat 3: NoVebra ($153.02 in chips)
Seat 4: kismespit ($81.21 in chips)
kismespit: posts small blind $1
NoVebra: posts big blind $3
*** HOLE CARDS ***
kismespit: folds
Uncalled bet ($2) returned to NoVebra
NoVebra collected $2 from pot
NoVebra: doesn't show hand
*** SUMMARY ***
Total pot $2 | Rake $0
Seat 3: NoVebra (big blind) collected ($2)
Seat 4: kismespit (button) (small blind) folded before Flop


PokerStars Hand #166728132133:  Hold'em Limit ($3/$6 USD) - 2017/02/24 20:41:30 ET
Table 'Luisa' 6-max Seat #3 is the button
Seat 3: NoVebra ($150.02 in chips)
Seat 4: kismespit ($84.21 in chips)
NoVebra: posts small blind $1
kismespit: posts big blind $3
*** HOLE CARDS ***
NoVebra: raises $3 to $6
kismespit: folds
Uncalled bet ($3) returned to NoVebra
NoVebra collected $6 from pot
NoVebra: doesn't show hand
*** SUMMARY ***
Total pot $6 | Rake $0
Seat 3: NoVebra (button) (small blind) collected ($6)
Seat 4: kismespit (big blind) folded before Flop


PokerStars Hand #166728127594:  Hold'em Limit ($3/$6 USD) - 2017/02/24 20:41:21 ET
Table 'Luisa' 6-max Seat #4 is the button
Seat 3: NoVebra ($149.02 in chips)
Seat 4: kismespit ($85.21 in chips)
kismespit: posts small blind $1
NoVebra: posts big blind $3
*** HOLE CARDS ***
kismespit: folds
Uncalled bet ($2) returned to NoVebra
NoVebra collected $2 from pot
NoVebra: doesn't show hand
*** SUMMARY ***
Total pot $2 | Rake $0
Seat 3: NoVebra (big blind) collected ($2)
Seat 4: kismespit (button) (small blind) folded before Flop


PokerStars Hand #166728152266:  Hold'em Limit ($3/$6 USD) - 2017/02/24 20:42:10 ET
Table 'Luisa' 6-max Seat #4 is the button
Seat 3: NoVebra ($161.02 in chips)
Seat 4: kismespit ($73.21 in chips)
kismespit: posts small blind $1
NoVebra: posts big blind $3
*** HOLE CARDS ***
kismespit: raises $3 to $6
NoVebra: calls $3
*** FLOP *** [4d 5s 7c]
NoVebra: checks
kismespit: bets $3
NoVebra: calls $3
*** TURN *** [4d 5s 7c] [Ts]
NoVebra: checks
kismespit: checks
*** RIVER *** [4d 5s 7c Ts] [Ad]
NoVebra: checks
kismespit: checks
*** SHOW DOWN ***
NoVebra: shows [Kh 3h] (high card Ace)
kismespit: shows [9h Kc] (high card Ace - King+Ten+Nine kicker)
kismespit collected $17.64 from pot
*** SUMMARY ***
Total pot $18 | Rake $0.36
Board [4d 5s 7c Ts Ad]
Seat 3: NoVebra (big blind) showed [Kh 3h] and lost with high card Ace
Seat 4: kismespit (button) (small blind) showed [9h Kc] and won ($17.64) with high card Ace


PokerStars Hand #166728176614:  Hold'em Limit ($3/$6 USD) - 2017/02/24 20:42:58 ET
Table 'Luisa' 6-max Seat #3 is the button
Seat 3: NoVebra ($156.02 in chips)
Seat 4: kismespit ($77.85 in chips)
NoVebra: posts small blind $1
kismespit: posts big blind $3
*** HOLE CARDS ***
NoVebra: raises $3 to $6
kismespit: calls $3
*** FLOP *** [3c Qs Kh]
kismespit: checks
NoVebra: bets $3
kismespit: folds
Uncalled bet ($3) returned to NoVebra
NoVebra collected $11.76 from pot
NoVebra: doesn't show hand
*** SUMMARY ***
Total pot $12 | Rake $0.24
Board [3c Qs Kh]
Seat 3: NoVebra (button) (small blind) collected ($11.76)
Seat 4: kismespit (big blind) folded on the Flop


PokerStars Hand #166728172354:  Hold'em Limit ($3/$6 USD) - 2017/02/24 20:42:50 ET
Table 'Luisa' 6-max Seat #4 is the button
Seat 3: NoVebra ($155.02 in chips)
Seat 4: kismespit ($78.85 in chips)
kismespit: posts small blind $1
NoVebra: posts big blind $3
*** HOLE CARDS ***
kismespit: folds
Uncalled bet ($2) returned to NoVebra
NoVebra collected $2 from pot
NoVebra: doesn't show hand
*** SUMMARY ***
Total pot $2 | Rake $0
Seat 3: NoVebra (big blind) collected ($2)
Seat 4: kismespit (button) (small blind) folded before Flop


PokerStars Hand #166728168541:  Hold'em Limit ($3/$6 USD) - 2017/02/24 20:42:42 ET
Table 'Luisa' 6-max Seat #3 is the button
Seat 3: NoVebra ($152.02 in chips)
Seat 4: kismespit ($81.85 in chips)
NoVebra: posts small blind $1
kismespit: posts big blind $3
*** HOLE CARDS ***
NoVebra: raises $3 to $6
kismespit: folds
Uncalled bet ($3) returned to NoVebra
NoVebra collected $6 from pot
NoVebra: doesn't show hand
*** SUMMARY ***
Total pot $6 | Rake $0
Seat 3: NoVebra (button) (small blind) collected ($6)
Seat 4: kismespit (big blind) folded before Flop


PokerStars Hand #166728206957:  Hold'em Limit ($3/$6 USD) - 2017/02/24 20:43:58 ET
Table 'Luisa' 6-max Seat #3 is the button
Seat 3: NoVebra ($179.28 in chips)
Seat 4: kismespit ($53.85 in chips)
NoVebra: posts small blind $1
kismespit: posts big blind $3
*** HOLE CARDS ***
NoVebra: raises $3 to $6
kismespit: calls $3
*** FLOP *** [Kh 7d 8h]
kismespit: checks
NoVebra: bets $3
kismespit: folds
Uncalled bet ($3) returned to NoVebra
NoVebra collected $11.76 from pot
NoVebra: doesn't show hand
*** SUMMARY ***
Total pot $12 | Rake $0.24
Board [Kh 7d 8h]
Seat 3: NoVebra (button) (small blind) collected ($11.76)
Seat 4: kismespit (big blind) folded on the Flop


PokerStars Hand #166728203957:  Hold'em Limit ($3/$6 USD) - 2017/02/24 20:43:52 ET
Table 'Luisa' 6-max Seat #4 is the button
Seat 3: NoVebra ($178.28 in chips)
Seat 4: kismespit ($54.85 in chips)
kismespit: posts small blind $1
NoVebra: posts big blind $3
*** HOLE CARDS ***
kismespit: folds
Uncalled bet ($2) returned to NoVebra
NoVebra collected $2 from pot
NoVebra: doesn't show hand
*** SUMMARY ***
Total pot $2 | Rake $0
Seat 3: NoVebra (big blind) collected ($2)
Seat 4: kismespit (button) (small blind) folded before Flop


PokerStars Hand #166728201267:  Hold'em Limit ($3/$6 USD) - 2017/02/24 20:43:46 ET
Table 'Luisa' 6-max Seat #3 is the button
Seat 3: NoVebra ($179.28 in chips)
Seat 4: kismespit ($53.85 in chips)
NoVebra: posts small blind $1
kismespit: posts big blind $3
*** HOLE CARDS ***
NoVebra: folds
Uncalled bet ($2) returned to kismespit
kismespit collected $2 from pot
*** SUMMARY ***
Total pot $2 | Rake $0
Seat 3: NoVebra (button) (small blind) folded before Flop
Seat 4: kismespit (big blind) collected ($2)


PokerStars Hand #166728186131:  Hold'em Limit ($3/$6 USD) - 2017/02/24 20:43:17 ET
Table 'Luisa' 6-max Seat #4 is the button
Seat 3: NoVebra ($161.78 in chips)
Seat 4: kismespit ($71.85 in chips)
kismespit: posts small blind $1
NoVebra: posts big blind $3
*** HOLE CARDS ***
kismespit: raises $3 to $6
NoVebra: raises $3 to $9
kismespit: raises $3 to $12
Betting is capped
NoVebra: calls $3
*** FLOP *** [7h 6d 2s]
NoVebra: checks
kismespit: bets $3
NoVebra: raises $3 to $6
kismespit: calls $3
*** TURN *** [7h 6d 2s] [As]
NoVebra: bets $6
kismespit: folds
Uncalled bet ($6) returned to NoVebra
NoVebra collected $35.50 from pot
NoVebra: doesn't show hand
*** SUMMARY ***
Total pot $36 | Rake $0.50
Board [7h 6d 2s As]
Seat 3: NoVebra (big blind) collected ($35.50)
Seat 4: kismespit (button) (small blind) folded on the Turn


PokerStars Hand #166728241618:  Hold'em Limit ($3/$6 USD) - 2017/02/24 20:45:06 ET
Table 'Luisa' 6-max Seat #4 is the button
Seat 3: NoVebra ($149.04 in chips)
Seat 4: kismespit ($82.85 in chips)
kismespit: posts small blind $1
NoVebra: posts big blind $3
*** HOLE CARDS ***
kismespit: folds
Uncalled bet ($2) returned to NoVebra
NoVebra collected $2 from pot
NoVebra: doesn't show hand
*** SUMMARY ***
Total pot $2 | Rake $0
Seat 3: NoVebra (big blind) collected ($2)
Seat 4: kismespit (button) (small blind) folded before Flop


PokerStars Hand #166728228215:  Hold'em Limit ($3/$6 USD) - 2017/02/24 20:44:39 ET
Table 'Luisa' 6-max Seat #3 is the button
Seat 3: NoVebra ($164.04 in chips)
Seat 4: kismespit ($68.35 in chips)
NoVebra: posts small blind $1
kismespit: posts big blind $3
*** HOLE CARDS ***
NoVebra: raises $3 to $6
kismespit: calls $3
*** FLOP *** [4s 5h 5d]
kismespit: bets $3
NoVebra: calls $3
*** TURN *** [4s 5h 5d] [2s]
kismespit: bets $6
NoVebra: calls $6
*** RIVER *** [4s 5h 5d 2s] [8d]
kismespit: bets $6
NoVebra: folds
Uncalled bet ($6) returned to kismespit
kismespit collected $29.50 from pot
*** SUMMARY ***
Total pot $30 | Rake $0.50
Board [4s 5h 5d 2s 8d]
Seat 3: NoVebra (button) (small blind) folded on the River
Seat 4: kismespit (big blind) collected ($29.50)


PokerStars Hand #166728214735:  Hold'em Limit ($3/$6 USD) - 2017/02/24 20:44:13 ET
Table 'Luisa' 6-max Seat #4 is the button
Seat 3: NoVebra ($185.04 in chips)
Seat 4: kismespit ($47.85 in chips)
kismespit: posts small blind $1
NoVebra: posts big blind $3
*** HOLE CARDS ***
kismespit: raises $3 to $6
NoVebra: calls $3
*** FLOP *** [5h Jc 5s]
NoVebra: checks
kismespit: bets $3
NoVebra: calls $3
*** TURN *** [5h Jc 5s] [Td]
NoVebra: checks
kismespit: bets $6
NoVebra: calls $6
*** RIVER *** [5h Jc 5s Td] [8c]
NoVebra: checks
kismespit: bets $6
NoVebra: calls $6
*** SHOW DOWN ***
kismespit: shows [5c Kh] (three of a kind, Fives)
NoVebra: mucks hand
kismespit collected $41.50 from pot
*** SUMMARY ***
Total pot $42 | Rake $0.50
Board [5h Jc 5s Td 8c]
Seat 3: NoVebra (big blind) mucked
Seat 4: kismespit (button) (small blind) showed [5c Kh] and won ($41.50) with three of a kind, Fives


PokerStars Hand #166728244260:  Hold'em Limit ($3/$6 USD) - 2017/02/24 20:45:11 ET
Table 'Luisa' 6-max Seat #3 is the button
Seat 3: NoVebra ($150.04 in chips)
Seat 4: kismespit ($81.85 in chips)
NoVebra: posts small blind $1
kismespit: posts big blind $3
*** HOLE CARDS ***
NoVebra: raises $3 to $6
kismespit: calls $3
*** FLOP *** [9d 9s 8d]
kismespit: bets $3
NoVebra: calls $3
*** TURN *** [9d 9s 8d] [6d]
kismespit: bets $6
NoVebra: calls $6
*** RIVER *** [9d 9s 8d 6d] [Js]
kismespit: bets $6
NoVebra: folds
Uncalled bet ($6) returned to kismespit
kismespit collected $29.50 from pot
*** SUMMARY ***
Total pot $30 | Rake $0.50
Board [9d 9s 8d 6d Js]
Seat 3: NoVebra (button) (small blind) folded on the River
Seat 4: kismespit (big blind) collected ($29.50)


PokerStars Hand #166728254510:  Hold'em Limit ($3/$6 USD) - 2017/02/24 20:45:31 ET
Table 'Luisa' 6-max Seat #4 is the button
Seat 3: NoVebra ($135.04 in chips)
Seat 4: kismespit ($96.35 in chips)
kismespit: posts small blind $1
NoVebra: posts big blind $3
*** HOLE CARDS ***
kismespit: raises $3 to $6
NoVebra: calls $3
*** FLOP *** [6s Js 6h]
NoVebra: checks
kismespit: checks
*** TURN *** [6s Js 6h] [2d]
NoVebra: checks
kismespit: checks
*** RIVER *** [6s Js 6h 2d] [9s]
NoVebra: bets $6
kismespit: folds
Uncalled bet ($6) returned to NoVebra
NoVebra collected $11.76 from pot
NoVebra: doesn't show hand
*** SUMMARY ***
Total pot $12 | Rake $0.24
Board [6s Js 6h 2d 9s]
Seat 3: NoVebra (big blind) collected ($11.76)
Seat 4: kismespit (button) (small blind) folded on the River


PokerStars Hand #166728266298:  Hold'em Limit ($3/$6 USD) - 2017/02/24 20:45:54 ET
Table 'Luisa' 6-max Seat #3 is the button
Seat 3: NoVebra ($140.80 in chips)
Seat 4: kismespit ($90.35 in chips)
NoVebra: posts small blind $1
kismespit: posts big blind $3
*** HOLE CARDS ***
NoVebra: raises $3 to $6
kismespit: raises $3 to $9
NoVebra: calls $3
*** FLOP *** [Jh 6c Kc]
kismespit: bets $3
NoVebra: calls $3
*** TURN *** [Jh 6c Kc] [3c]
kismespit: bets $6
NoVebra: calls $6
*** RIVER *** [Jh 6c Kc 3c] [2c]
kismespit: bets $6
NoVebra: raises $6 to $12
kismespit: folds
Uncalled bet ($6) returned to NoVebra
NoVebra collected $47.50 from pot
NoVebra: doesn't show hand
*** SUMMARY ***
Total pot $48 | Rake $0.50
Board [Jh 6c Kc 3c 2c]
Seat 3: NoVebra (button) (small blind) collected ($47.50)
Seat 4: kismespit (big blind) folded on the River


PokerStars Hand #166728331649:  Hold'em Limit ($3/$6 USD) - 2017/02/24 20:48:04 ET
Table 'Luisa' 6-max Seat #3 is the button
Seat 3: NoVebra ($165.82 in chips)
Seat 4: kismespit ($63.75 in chips)
NoVebra: posts small blind $1
kismespit: posts big blind $3
*** HOLE CARDS ***
NoVebra: folds
Uncalled bet ($2) returned to kismespit
kismespit collected $2 from pot
*** SUMMARY ***
Total pot $2 | Rake $0
Seat 3: NoVebra (button) (small blind) folded before Flop
Seat 4: kismespit (big blind) collected ($2)


PokerStars Hand #166728323903:  Hold'em Limit ($3/$6 USD) - 2017/02/24 20:47:48 ET
Table 'Luisa' 6-max Seat #4 is the button
Seat 3: NoVebra ($171.82 in chips)
Seat 4: kismespit ($57.99 in chips)
kismespit: posts small blind $1
NoVebra: posts big blind $3
*** HOLE CARDS ***
kismespit: raises $3 to $6
NoVebra: calls $3
*** FLOP *** [9d 8s 2d]
NoVebra: checks
kismespit: bets $3
NoVebra: folds
Uncalled bet ($3) returned to kismespit
kismespit collected $11.76 from pot
*** SUMMARY ***
Total pot $12 | Rake $0.24
Board [9d 8s 2d]
Seat 3: NoVebra (big blind) folded on the Flop
Seat 4: kismespit (button) (small blind) collected ($11.76)


PokerStars Hand #166728316381:  Hold'em Limit ($3/$6 USD) - 2017/02/24 20:47:34 ET
Table 'Luisa' 6-max Seat #3 is the button
Seat 3: NoVebra ($166.06 in chips)
Seat 4: kismespit ($63.99 in chips)
NoVebra: posts small blind $1
kismespit: posts big blind $3
*** HOLE CARDS ***
NoVebra: raises $3 to $6
kismespit: calls $3
*** FLOP *** [5h Ac 2c]
kismespit: checks
NoVebra: bets $3
kismespit: folds
Uncalled bet ($3) returned to NoVebra
NoVebra collected $11.76 from pot
NoVebra: doesn't show hand
*** SUMMARY ***
Total pot $12 | Rake $0.24
Board [5h Ac 2c]
Seat 3: NoVebra (button) (small blind) collected ($11.76)
Seat 4: kismespit (big blind) folded on the Flop


PokerStars Hand #166728307092:  Hold'em Limit ($3/$6 USD) - 2017/02/24 20:47:15 ET
Table 'Luisa' 6-max Seat #4 is the button
Seat 3: NoVebra ($175.06 in chips)
Seat 4: kismespit ($55.35 in chips)
kismespit: posts small blind $1
NoVebra: posts big blind $3
*** HOLE CARDS ***
kismespit: raises $3 to $6
NoVebra: calls $3
*** FLOP *** [7h 2c 7d]
NoVebra: checks
kismespit: bets $3
NoVebra: calls $3
*** TURN *** [7h 2c 7d] [Qc]
NoVebra: checks
kismespit: bets $6
NoVebra: folds
Uncalled bet ($6) returned to kismespit
kismespit collected $17.64 from pot
*** SUMMARY ***
Total pot $18 | Rake $0.36
Board [7h 2c 7d Qc]
Seat 3: NoVebra (big blind) folded on the Turn
Seat 4: kismespit (button) (small blind) collected ($17.64)


PokerStars Hand #166728304011:  Hold'em Limit ($3/$6 USD) - 2017/02/24 20:47:09 ET
Table 'Luisa' 6-max Seat #3 is the button
Seat 3: NoVebra ($176.06 in chips)
Seat 4: kismespit ($54.35 in chips)
NoVebra: posts small blind $1
kismespit: posts big blind $3
*** HOLE CARDS ***
NoVebra: folds
Uncalled bet ($2) returned to kismespit
kismespit collected $2 from pot
*** SUMMARY ***
Total pot $2 | Rake $0
Seat 3: NoVebra (button) (small blind) folded before Flop
Seat 4: kismespit (big blind) collected ($2)


PokerStars Hand #166728301093:  Hold'em Limit ($3/$6 USD) - 2017/02/24 20:47:03 ET
Table 'Luisa' 6-max Seat #4 is the button
Seat 3: NoVebra ($175.06 in chips)
Seat 4: kismespit ($55.35 in chips)
kismespit: posts small blind $1
NoVebra: posts big blind $3
*** HOLE CARDS ***
kismespit: folds
Uncalled bet ($2) returned to NoVebra
NoVebra collected $2 from pot
NoVebra: doesn't show hand
*** SUMMARY ***
Total pot $2 | Rake $0
Seat 3: NoVebra (big blind) collected ($2)
Seat 4: kismespit (button) (small blind) folded before Flop


PokerStars Hand #166728296651:  Hold'em Limit ($3/$6 USD) - 2017/02/24 20:46:54 ET
Table 'Luisa' 6-max Seat #3 is the button
Seat 3: NoVebra ($172.06 in chips)
Seat 4: kismespit ($58.35 in chips)
NoVebra: posts small blind $1
kismespit: posts big blind $3
*** HOLE CARDS ***
NoVebra: raises $3 to $6
kismespit: folds
Uncalled bet ($3) returned to NoVebra
NoVebra collected $6 from pot
NoVebra: doesn't show hand
*** SUMMARY ***
Total pot $6 | Rake $0
Seat 3: NoVebra (button) (small blind) collected ($6)
Seat 4: kismespit (big blind) folded before Flop


PokerStars Hand #166728293276:  Hold'em Limit ($3/$6 USD) - 2017/02/24 20:46:48 ET
Table 'Luisa' 6-max Seat #4 is the button
Seat 3: NoVebra ($171.06 in chips)
Seat 4: kismespit ($59.35 in chips)
kismespit: posts small blind $1
NoVebra: posts big blind $3
*** HOLE CARDS ***
kismespit: folds
Uncalled bet ($2) returned to NoVebra
NoVebra collected $2 from pot
NoVebra: doesn't show hand
*** SUMMARY ***
Total pot $2 | Rake $0
Seat 3: NoVebra (big blind) collected ($2)
Seat 4: kismespit (button) (small blind) folded before Flop


PokerStars Hand #166728285469:  Hold'em Limit ($3/$6 USD) - 2017/02/24 20:46:32 ET
Table 'Luisa' 6-max Seat #3 is the button
Seat 3: NoVebra ($165.30 in chips)
Seat 4: kismespit ($65.35 in chips)
NoVebra: posts small blind $1
kismespit: posts big blind $3
*** HOLE CARDS ***
NoVebra: raises $3 to $6
kismespit: calls $3
*** FLOP *** [6c Tc 9c]
kismespit: checks
NoVebra: bets $3
kismespit: folds
Uncalled bet ($3) returned to NoVebra
NoVebra collected $11.76 from pot
NoVebra: doesn't show hand
*** SUMMARY ***
Total pot $12 | Rake $0.24
Board [6c Tc 9c]
Seat 3: NoVebra (button) (small blind) collected ($11.76)
Seat 4: kismespit (big blind) folded on the Flop


PokerStars Hand #166728280839:  Hold'em Limit ($3/$6 USD) - 2017/02/24 20:46:23 ET
Table 'Luisa' 6-max Seat #4 is the button
Seat 3: NoVebra ($164.30 in chips)
Seat 4: kismespit ($66.35 in chips)
kismespit: posts small blind $1
NoVebra: posts big blind $3
*** HOLE CARDS ***
kismespit: folds
Uncalled bet ($2) returned to NoVebra
NoVebra collected $2 from pot
NoVebra: doesn't show hand
*** SUMMARY ***
Total pot $2 | Rake $0
Seat 3: NoVebra (big blind) collected ($2)
Seat 4: kismespit (button) (small blind) folded before Flop


PokerStars Hand #166728334337:  Hold'em Limit ($3/$6 USD) - 2017/02/24 20:48:09 ET
Table 'Luisa' 6-max Seat #4 is the button
Seat 3: NoVebra ($164.82 in chips)
Seat 4: kismespit ($64.75 in chips)
kismespit: posts small blind $1
NoVebra: posts big blind $3
*** HOLE CARDS ***
kismespit: raises $3 to $6
NoVebra: calls $3
*** FLOP *** [9d 5d 8c]
NoVebra: checks
kismespit: checks
*** TURN *** [9d 5d 8c] [Kc]
NoVebra: bets $6
kismespit: folds
Uncalled bet ($6) returned to NoVebra
NoVebra collected $11.76 from pot
NoVebra: doesn't show hand
*** SUMMARY ***
Total pot $12 | Rake $0.24
Board [9d 5d 8c Kc]
Seat 3: NoVebra (big blind) collected ($11.76)
Seat 4: kismespit (button) (small blind) folded on the Turn


PokerStars Hand #166728343231:  Hold'em Limit ($3/$6 USD) - 2017/02/24 20:48:27 ET
Table 'Luisa' 6-max Seat #3 is the button
Seat 3: NoVebra ($170.58 in chips)
Seat 4: kismespit ($58.75 in chips)
NoVebra: posts small blind $1
kismespit: posts big blind $3
*** HOLE CARDS ***
NoVebra: raises $3 to $6
kismespit: calls $3
*** FLOP *** [Ad Js 2c]
kismespit: checks
NoVebra: checks
*** TURN *** [Ad Js 2c] [3c]
kismespit: checks
NoVebra: checks
*** RIVER *** [Ad Js 2c 3c] [9s]
kismespit: checks
NoVebra: bets $6
kismespit: folds
Uncalled bet ($6) returned to NoVebra
NoVebra collected $11.76 from pot
NoVebra: doesn't show hand
*** SUMMARY ***
Total pot $12 | Rake $0.24
Board [Ad Js 2c 3c 9s]
Seat 3: NoVebra (button) (small blind) collected ($11.76)
Seat 4: kismespit (big blind) folded on the River


PokerStars Hand #166728374521:  Hold'em Limit ($3/$6 USD) - 2017/02/24 20:49:30 ET
Table 'Luisa' 6-max Seat #4 is the button
Seat 3: NoVebra ($165.34 in chips)
Seat 4: kismespit ($63.27 in chips)
kismespit: posts small blind $1
NoVebra: posts big blind $3
*** HOLE CARDS ***
kismespit: raises $3 to $6
LWNS joins the table at seat #5
NoVebra: calls $3
*** FLOP *** [Jh Ks Td]
NoVebra: checks
kismespit: bets $3
NoVebra: raises $3 to $6
kismespit: calls $3
*** TURN *** [Jh Ks Td] [3s]
NoVebra: bets $6
kismespit: raises $6 to $12
NoVebra: calls $6
*** RIVER *** [Jh Ks Td 3s] [Kh]
NoVebra: checks
kismespit: bets $6
NoVebra: calls $6
*** SHOW DOWN ***
kismespit: shows [Js Jc] (a full house, Jacks full of Kings)
NoVebra: mucks hand
kismespit collected $59.50 from pot
*** SUMMARY ***
Total pot $60 | Rake $0.50
Board [Jh Ks Td 3s Kh]
Seat 3: NoVebra (big blind) mucked
Seat 4: kismespit (button) (small blind) showed [Js Jc] and won ($59.50) with a full house, Jacks full of Kings


PokerStars Hand #166728390752:  Hold'em Limit ($3/$6 USD) - 2017/02/24 20:50:02 ET
Table 'Luisa' 6-max Seat #3 is the button
Seat 3: NoVebra ($135.34 in chips)
Seat 4: kismespit ($92.77 in chips)
NoVebra: posts small blind $1
kismespit: posts big blind $3
*** HOLE CARDS ***
NoVebra: raises $3 to $6
kismespit: folds
Uncalled bet ($3) returned to NoVebra
NoVebra collected $6 from pot
NoVebra: doesn't show hand
*** SUMMARY ***
Total pot $6 | Rake $0
Seat 3: NoVebra (button) (small blind) collected ($6)
Seat 4: kismespit (big blind) folded before Flop


PokerStars Hand #166728364077:  Hold'em Limit ($3/$6 USD) - 2017/02/24 20:49:09 ET
Table 'Luisa' 6-max Seat #3 is the button
Seat 3: NoVebra ($177.34 in chips)
Seat 4: kismespit ($51.75 in chips)
NoVebra: posts small blind $1
kismespit: posts big blind $3
*** HOLE CARDS ***
NoVebra: raises $3 to $6
kismespit: raises $3 to $9
NoVebra: calls $3
*** FLOP *** [4c Qh 3c]
kismespit: bets $3
NoVebra: calls $3
*** TURN *** [4c Qh 3c] [2c]
kismespit: bets $6
NoVebra: folds
Uncalled bet ($6) returned to kismespit
kismespit collected $23.52 from pot
*** SUMMARY ***
Total pot $24 | Rake $0.48
Board [4c Qh 3c 2c]
Seat 3: NoVebra (button) (small blind) folded on the Turn
Seat 4: kismespit (big blind) collected ($23.52)


PokerStars Hand #166728360090:  Hold'em Limit ($3/$6 USD) - 2017/02/24 20:49:01 ET
Table 'Luisa' 6-max Seat #4 is the button
Seat 3: NoVebra ($176.34 in chips)
Seat 4: kismespit ($52.75 in chips)
kismespit: posts small blind $1
NoVebra: posts big blind $3
*** HOLE CARDS ***
kismespit: folds
Uncalled bet ($2) returned to NoVebra
NoVebra collected $2 from pot
NoVebra: doesn't show hand
*** SUMMARY ***
Total pot $2 | Rake $0
Seat 3: NoVebra (big blind) collected ($2)
Seat 4: kismespit (button) (small blind) folded before Flop


PokerStars Hand #166729010396:  Hold'em Limit ($3/$6 USD) - 2017/02/24 21:11:44 ET
Table 'Luisa' 6-max Seat #1 is the button
Seat 1: MellivoraSto ($254.71 in chips)
Seat 6: Joker4691 ($54.48 in chips)
MellivoraSto: posts small blind $1
SassyShads: is sitting out
Joker4691: posts big blind $3
*** HOLE CARDS ***
MellivoraSto: folds
Uncalled bet ($2) returned to Joker4691
Joker4691 collected $2 from pot
Joker4691: doesn't show hand
*** SUMMARY ***
Total pot $2 | Rake $0
Seat 1: MellivoraSto (button) (small blind) folded before Flop
Seat 6: Joker4691 (big blind) collected ($2)


PokerStars Hand #166729037154:  Hold'em Limit ($3/$6 USD) - 2017/02/24 21:12:39 ET
Table 'Luisa' 6-max Seat #6 is the button
Seat 1: MellivoraSto ($241.71 in chips)
Seat 6: Joker4691 ($66.98 in chips)
Joker4691: posts small blind $1
MellivoraSto: posts big blind $3
*** HOLE CARDS ***
Joker4691: raises $3 to $6
MellivoraSto: calls $3
*** FLOP *** [Kc Ad Qd]
MellivoraSto: checks
Joker4691: bets $3
MellivoraSto: raises $3 to $6
Joker4691: folds
Uncalled bet ($3) returned to MellivoraSto
MellivoraSto collected $17.64 from pot
MellivoraSto: doesn't show hand
*** SUMMARY ***
Total pot $18 | Rake $0.36
Board [Kc Ad Qd]
Seat 1: MellivoraSto (big blind) collected ($17.64)
Seat 6: Joker4691 (button) (small blind) folded on the Flop


PokerStars Hand #166729013183:  Hold'em Limit ($3/$6 USD) - 2017/02/24 21:11:49 ET
Table 'Luisa' 6-max Seat #6 is the button
Seat 1: MellivoraSto ($253.71 in chips)
Seat 6: Joker4691 ($55.48 in chips)
Joker4691: posts small blind $1
MellivoraSto: posts big blind $3
*** HOLE CARDS ***
Joker4691: raises $3 to $6
SassyShads leaves the table
MellivoraSto: calls $3
*** FLOP *** [7s 8d 7h]
MellivoraSto: bets $3
Joker4691: calls $3
*** TURN *** [7s 8d 7h] [Jh]
MellivoraSto: checks
Joker4691: bets $6
MellivoraSto: calls $6
*** RIVER *** [7s 8d 7h Jh] [6s]
MellivoraSto: checks
Joker4691: bets $6
MellivoraSto: folds
Uncalled bet ($6) returned to Joker4691
Joker4691 collected $29.50 from pot
Joker4691: doesn't show hand
*** SUMMARY ***
Total pot $30 | Rake $0.50
Board [7s 8d 7h Jh 6s]
Seat 1: MellivoraSto (big blind) folded on the River
Seat 6: Joker4691 (button) (small blind) collected ($29.50)


PokerStars Hand #166729072120:  Hold'em Limit ($3/$6 USD) - 2017/02/24 21:13:52 ET
Table 'Luisa' 6-max Seat #1 is the button
Seat 1: MellivoraSto ($252.85 in chips)
Seat 6: Joker4691 ($54.50 in chips)
MellivoraSto: posts small blind $1
Joker4691: posts big blind $3
*** HOLE CARDS ***
MellivoraSto: raises $3 to $6
Joker4691: raises $3 to $9
MellivoraSto: calls $3
*** FLOP *** [3s 2d 8c]
Joker4691: bets $3
MellivoraSto: calls $3
*** TURN *** [3s 2d 8c] [Kc]
Joker4691: bets $6
MellivoraSto: calls $6
*** RIVER *** [3s 2d 8c Kc] [Ks]
Joker4691: bets $6
MellivoraSto: calls $6
*** SHOW DOWN ***
Joker4691: shows [7c Kh] (three of a kind, Kings)
MellivoraSto: mucks hand
Joker4691 collected $47.50 from pot
*** SUMMARY ***
Total pot $48 | Rake $0.50
Board [3s 2d 8c Kc Ks]
Seat 1: MellivoraSto (button) (small blind) mucked
Seat 6: Joker4691 (big blind) showed [7c Kh] and won ($47.50) with three of a kind, Kings


PokerStars Hand #166729047452:  Hold'em Limit ($3/$6 USD) - 2017/02/24 21:13:00 ET
Table 'Luisa' 6-max Seat #1 is the button
Seat 1: MellivoraSto ($250.35 in chips)
Seat 6: Joker4691 ($57.98 in chips)
MellivoraSto: posts small blind $1
Joker4691: posts big blind $3
*** HOLE CARDS ***
MellivoraSto: raises $3 to $6
Joker4691: raises $3 to $9
MellivoraSto: calls $3
*** FLOP *** [Qd 8h 2s]
Joker4691: bets $3
MellivoraSto: calls $3
*** TURN *** [Qd 8h 2s] [Jd]
Joker4691: bets $6
MellivoraSto: folds
Uncalled bet ($6) returned to Joker4691
Joker4691 collected $23.52 from pot
Joker4691: doesn't show hand
*** SUMMARY ***
Total pot $24 | Rake $0.48
Board [Qd 8h 2s Jd]
Seat 1: MellivoraSto (button) (small blind) folded on the Turn
Seat 6: Joker4691 (big blind) collected ($23.52)


PokerStars Hand #166729057779:  Hold'em Limit ($3/$6 USD) - 2017/02/24 21:13:22 ET
Table 'Luisa' 6-max Seat #6 is the button
Seat 1: MellivoraSto ($238.35 in chips)
Seat 6: Joker4691 ($69.50 in chips)
Joker4691: posts small blind $1
MellivoraSto: posts big blind $3
*** HOLE CARDS ***
Joker4691: raises $3 to $6
MellivoraSto: raises $3 to $9
Joker4691: raises $3 to $12
Betting is capped
MellivoraSto: calls $3
*** FLOP *** [2d Ac 7h]
MellivoraSto: checks
Joker4691: bets $3
MellivoraSto: calls $3
*** TURN *** [2d Ac 7h] [7s]
MellivoraSto: checks
Joker4691: checks
*** RIVER *** [2d Ac 7h 7s] [5s]
MellivoraSto: checks
Joker4691: checks
*** SHOW DOWN ***
MellivoraSto: shows [Qc Kc] (a pair of Sevens)
Joker4691: mucks hand
MellivoraSto collected $29.50 from pot
*** SUMMARY ***
Total pot $30 | Rake $0.50
Board [2d Ac 7h 7s 5s]
Seat 1: MellivoraSto (big blind) showed [Qc Kc] and won ($29.50) with a pair of Sevens
Seat 6: Joker4691 (button) (small blind) mucked


PokerStars Hand #166729083171:  Hold'em Limit ($3/$6 USD) - 2017/02/24 21:14:15 ET
Table 'Luisa' 6-max Seat #6 is the button
Seat 1: MellivoraSto ($228.85 in chips)
Seat 6: Joker4691 ($78 in chips)
Joker4691: posts small blind $1
MellivoraSto: posts big blind $3
*** HOLE CARDS ***
Joker4691: raises $3 to $6
MellivoraSto: folds
Uncalled bet ($3) returned to Joker4691
Joker4691 collected $6 from pot
Joker4691: doesn't show hand
*** SUMMARY ***
Total pot $6 | Rake $0
Seat 1: MellivoraSto (big blind) folded before Flop
Seat 6: Joker4691 (button) (small blind) collected ($6)


PokerStars Hand #166729086595:  Hold'em Limit ($3/$6 USD) - 2017/02/24 21:14:22 ET
Table 'Luisa' 6-max Seat #1 is the button
Seat 1: MellivoraSto ($225.85 in chips)
Seat 6: Joker4691 ($81 in chips)
MellivoraSto: posts small blind $1
Joker4691: posts big blind $3
davyyyyyyy joins the table at seat #5
*** HOLE CARDS ***
MellivoraSto: raises $3 to $6
Joker4691: raises $3 to $9
MellivoraSto: raises $3 to $12
Betting is capped
Joker4691: calls $3
*** FLOP *** [9c Jh Ts]
Joker4691: bets $3
MellivoraSto: raises $3 to $6
Joker4691: calls $3
*** TURN *** [9c Jh Ts] [Ks]
Joker4691: checks
MellivoraSto: bets $6
Joker4691: calls $6
*** RIVER *** [9c Jh Ts Ks] [As]
Joker4691: checks
MellivoraSto: checks
*** SHOW DOWN ***
Joker4691: shows [3s Ac] (a pair of Aces)
MellivoraSto: shows [Ah Kh] (two pair, Aces and Kings)
MellivoraSto collected $47.50 from pot
*** SUMMARY ***
Total pot $48 | Rake $0.50
Board [9c Jh Ts Ks As]
Seat 1: MellivoraSto (button) (small blind) showed [Ah Kh] and won ($47.50) with two pair, Aces and Kings
Seat 6: Joker4691 (big blind) showed [3s Ac] and lost with a pair of Aces


PokerStars Hand #166729101682:  Hold'em Limit ($3/$6 USD) - 2017/02/24 21:14:54 ET
Table 'Luisa' 6-max Seat #6 is the button
Seat 1: MellivoraSto ($249.35 in chips)
Seat 6: Joker4691 ($57 in chips)
Joker4691: posts small blind $1
MellivoraSto: posts big blind $3
*** HOLE CARDS ***
Joker4691: raises $3 to $6
MellivoraSto: calls $3
*** FLOP *** [5s 7c Qs]
MellivoraSto: checks
Joker4691: bets $3
bubsski joins the table at seat #3
MellivoraSto: folds
Uncalled bet ($3) returned to Joker4691
SevenTeen79 joins the table at seat #2
Joker4691 collected $11.76 from pot
Joker4691: doesn't show hand
*** SUMMARY ***
Total pot $12 | Rake $0.24
Board [5s 7c Qs]
Seat 1: MellivoraSto (big blind) folded on the Flop
Seat 6: Joker4691 (button) (small blind) collected ($11.76)


PokerStars Hand #166733787133:  Hold'em Limit ($3/$6 USD) - 2017/02/25 0:49:36 ET
Table 'Luisa' 6-max Seat #3 is the button
Seat 3: Chessnok ($302.21 in chips)
Seat 6: MellivoraSto ($277.28 in chips)
Chessnok: posts small blind $1
MellivoraSto: posts big blind $3
*** HOLE CARDS ***
Chessnok: raises $3 to $6
MellivoraSto: folds
Uncalled bet ($3) returned to Chessnok
Chessnok collected $6 from pot
Chessnok: doesn't show hand
*** SUMMARY ***
Total pot $6 | Rake $0
Seat 3: Chessnok (button) (small blind) collected ($6)
Seat 6: MellivoraSto (big blind) folded before Flop


