PokerStars Hand #147061774805:  Hold'em Limit ($3/$6 USD) - 2016/01/15 0:56:39 ET
Table 'Luisa II' 10-max Seat #5 is the button
Seat 1: Masqb ($119 in chips)
Seat 5: Bruno_ruben ($36.76 in chips)
Bruno_ruben: posts small blind $1
Masqb: posts big blind $3
*** HOLE CARDS ***
Chessnok joins the table at seat #6
Bruno_ruben: folds
Uncalled bet ($2) returned to Masqb
Masqb collected $2 from pot
Masqb: doesn't show hand
*** SUMMARY ***
Total pot $2 | Rake $0
Seat 1: Masqb (big blind) collected ($2)
Seat 5: Bruno_ruben (button) (small blind) folded before Flop


PokerStars Hand #147061773636:  Hold'em Limit ($3/$6 USD) - 2016/01/15 0:56:34 ET
Table 'Luisa II' 10-max Seat #1 is the button
Seat 1: Masqb ($120 in chips)
Seat 5: Bruno_ruben ($35.76 in chips)
Masqb: posts small blind $1
Bruno_ruben: posts big blind $3
*** HOLE CARDS ***
Masqb: folds
Uncalled bet ($2) returned to Bruno_ruben
Bruno_ruben collected $2 from pot
Bruno_ruben: doesn't show hand
*** SUMMARY ***
Total pot $2 | Rake $0
Seat 1: Masqb (button) (small blind) folded before Flop
Seat 5: Bruno_ruben (big blind) collected ($2)


PokerStars Hand #147061765956:  Hold'em Limit ($3/$6 USD) - 2016/01/15 0:56:03 ET
Table 'Luisa II' 10-max Seat #5 is the button
Seat 1: Masqb ($126 in chips)
Seat 5: Bruno_ruben ($30 in chips)
Bruno_ruben: posts small blind $1
Masqb: posts big blind $3
*** HOLE CARDS ***
Bruno_ruben: raises $3 to $6
Masqb: calls $3
*** FLOP *** [Qc 5c Ts]
Masqb: checks
Bruno_ruben: bets $3
Masqb: folds
Uncalled bet ($3) returned to Bruno_ruben
Bruno_ruben collected $11.76 from pot
Bruno_ruben: doesn't show hand
*** SUMMARY ***
Total pot $12 | Rake $0.24
Board [Qc 5c Ts]
Seat 1: Masqb (big blind) folded on the Flop
Seat 5: Bruno_ruben (button) (small blind) collected ($11.76)


PokerStars Hand #147061776075:  Hold'em Limit ($3/$6 USD) - 2016/01/15 0:56:44 ET
Table 'Luisa II' 10-max Seat #1 is the button
Seat 1: Masqb ($120 in chips)
Seat 5: Bruno_ruben ($35.76 in chips)
Masqb: posts small blind $1
Bruno_ruben: posts big blind $3
*** HOLE CARDS ***
Masqb: raises $3 to $6
Bruno_ruben: calls $3
*** FLOP *** [3h Ts Kh]
Bruno_ruben: bets $3
Masqb: calls $3
*** TURN *** [3h Ts Kh] [9c]
Bruno_ruben: bets $6
Masqb: calls $6
*** RIVER *** [3h Ts Kh 9c] [7c]
Bruno_ruben: bets $6
Masqb: folds
Uncalled bet ($6) returned to Bruno_ruben
Bruno_ruben collected $29.50 from pot
Bruno_ruben: doesn't show hand
*** SUMMARY ***
Total pot $30 | Rake $0.50
Board [3h Ts Kh 9c 7c]
Seat 1: Masqb (button) (small blind) folded on the River
Seat 5: Bruno_ruben (big blind) collected ($29.50)


