PokerStars Hand #156769598844:  Hold'em Limit ($3/$6 USD) - 2016/08/02 11:39:17 ET
Table 'Lumen II' 6-max Seat #1 is the button
Seat 1: Icecold ($67.31 in chips)
Seat 2: BuzovaPro ($77.76 in chips)
Icecold: posts small blind $1
BuzovaPro: posts big blind $3
*** HOLE CARDS ***
Icecold: folds
Uncalled bet ($2) returned to BuzovaPro
BuzovaPro collected $2 from pot
BuzovaPro: doesn't show hand
*** SUMMARY ***
Total pot $2 | Rake $0
Seat 1: Icecold (button) (small blind) folded before Flop
Seat 2: BuzovaPro (big blind) collected ($2)


PokerStars Hand #156769582398:  Hold'em Limit ($3/$6 USD) - 2016/08/02 11:38:50 ET
Table 'Lumen II' 6-max Seat #2 is the button
Seat 1: Icecold ($73.31 in chips)
Seat 2: BuzovaPro ($72 in chips)
BuzovaPro: posts small blind $1
Icecold: posts big blind $3
*** HOLE CARDS ***
BuzovaPro: raises $3 to $6
Icecold: calls $3
*** FLOP *** [9c 5h Qc]
Icecold: checks
BuzovaPro: checks
*** TURN *** [9c 5h Qc] [Ts]
Icecold: checks
BuzovaPro: bets $6
Icecold: folds
Uncalled bet ($6) returned to BuzovaPro
BuzovaPro collected $11.76 from pot
BuzovaPro: doesn't show hand
*** SUMMARY ***
Total pot $12 | Rake $0.24
Board [9c 5h Qc Ts]
Seat 1: Icecold (big blind) folded on the Turn
Seat 2: BuzovaPro (button) (small blind) collected ($11.76)


PokerStars Hand #156769602374:  Hold'em Limit ($3/$6 USD) - 2016/08/02 11:39:23 ET
Table 'Lumen II' 6-max Seat #2 is the button
Seat 1: Icecold ($66.31 in chips)
Seat 2: BuzovaPro ($78.76 in chips)
BuzovaPro: posts small blind $1
Icecold: posts big blind $3
*** HOLE CARDS ***
BuzovaPro: raises $3 to $6
Icecold: calls $3
*** FLOP *** [Ks 3c Qd]
Icecold: checks
BuzovaPro: bets $3
Icecold: raises $3 to $6
BuzovaPro: folds
Uncalled bet ($3) returned to Icecold
Icecold collected $17.64 from pot
*** SUMMARY ***
Total pot $18 | Rake $0.36
Board [Ks 3c Qd]
Seat 1: Icecold (big blind) collected ($17.64)
Seat 2: BuzovaPro (button) (small blind) folded on the Flop


PokerStars Hand #156769625068:  Hold'em Limit ($3/$6 USD) - 2016/08/02 11:39:59 ET
Table 'Lumen II' 6-max Seat #1 is the button
Seat 1: Icecold ($74.95 in chips)
Seat 2: BuzovaPro ($72 in chips)
Icecold: posts small blind $1
BuzovaPro: posts big blind $3
*** HOLE CARDS ***
Icecold: raises $3 to $6
BuzovaPro: raises $3 to $9
Icecold: calls $3
*** FLOP *** [8d Ac Qh]
BuzovaPro: bets $3
Icecold: calls $3
*** TURN *** [8d Ac Qh] [7s]
BuzovaPro: checks
Icecold: checks
*** RIVER *** [8d Ac Qh 7s] [9s]
BuzovaPro: checks
Icecold: checks
*** SHOW DOWN ***
BuzovaPro: shows [6d 6h] (a pair of Sixes)
Icecold: mucks hand
BuzovaPro collected $23.52 from pot
*** SUMMARY ***
Total pot $24 | Rake $0.48
Board [8d Ac Qh 7s 9s]
Seat 1: Icecold (button) (small blind) mucked
Seat 2: BuzovaPro (big blind) showed [6d 6h] and won ($23.52) with a pair of Sixes


PokerStars Hand #156769654460:  Hold'em Limit ($3/$6 USD) - 2016/08/02 11:40:46 ET
Table 'Lumen II' 6-max Seat #1 is the button
Seat 1: Icecold ($53.95 in chips)
Seat 2: BuzovaPro ($92.16 in chips)
Icecold: posts small blind $1
BuzovaPro: posts big blind $3
*** HOLE CARDS ***
Icecold: folds
Uncalled bet ($2) returned to BuzovaPro
BuzovaPro collected $2 from pot
BuzovaPro: doesn't show hand
*** SUMMARY ***
Total pot $2 | Rake $0
Seat 1: Icecold (button) (small blind) folded before Flop
Seat 2: BuzovaPro (big blind) collected ($2)


PokerStars Hand #156769641783:  Hold'em Limit ($3/$6 USD) - 2016/08/02 11:40:26 ET
Table 'Lumen II' 6-max Seat #2 is the button
Seat 1: Icecold ($62.95 in chips)
Seat 2: BuzovaPro ($83.52 in chips)
BuzovaPro: posts small blind $1
Icecold: posts big blind $3
*** HOLE CARDS ***
BuzovaPro: raises $3 to $6
Icecold: calls $3
*** FLOP *** [Kh 6h 9h]
Icecold: checks
BuzovaPro: bets $3
Icecold: calls $3
*** TURN *** [Kh 6h 9h] [Jh]
Icecold: checks
BuzovaPro: checks
*** RIVER *** [Kh 6h 9h Jh] [Td]
Icecold: checks
BuzovaPro: bets $6
Icecold: folds
Uncalled bet ($6) returned to BuzovaPro
BuzovaPro collected $17.64 from pot
BuzovaPro: doesn't show hand
*** SUMMARY ***
Total pot $18 | Rake $0.36
Board [Kh 6h 9h Jh Td]
Seat 1: Icecold (big blind) folded on the River
Seat 2: BuzovaPro (button) (small blind) collected ($17.64)


PokerStars Hand #156769657841:  Hold'em Limit ($3/$6 USD) - 2016/08/02 11:40:51 ET
Table 'Lumen II' 6-max Seat #2 is the button
Seat 1: Icecold ($52.95 in chips)
Seat 2: BuzovaPro ($93.16 in chips)
BuzovaPro: posts small blind $1
Icecold: posts big blind $3
*** HOLE CARDS ***
BuzovaPro: raises $3 to $6
Icecold: calls $3
*** FLOP *** [Td 6c 6h]
Icecold: checks
BuzovaPro: bets $3
Icecold: raises $3 to $6
BuzovaPro: calls $3
*** TURN *** [Td 6c 6h] [4c]
Icecold: bets $6
BuzovaPro: calls $6
*** RIVER *** [Td 6c 6h 4c] [8d]
Icecold: bets $6
BuzovaPro: calls $6
*** SHOW DOWN ***
Icecold: shows [3c 9h] (a pair of Sixes)
BuzovaPro: shows [7d Ad] (a pair of Sixes - Ace kicker)
BuzovaPro collected $47.50 from pot
*** SUMMARY ***
Total pot $48 | Rake $0.50
Board [Td 6c 6h 4c 8d]
Seat 1: Icecold (big blind) showed [3c 9h] and lost with a pair of Sixes
Seat 2: BuzovaPro (button) (small blind) showed [7d Ad] and won ($47.50) with a pair of Sixes


PokerStars Hand #156769702511:  Hold'em Limit ($3/$6 USD) - 2016/08/02 11:42:03 ET
Table 'Lumen II' 6-max Seat #2 is the button
Seat 1: Icecold ($19.01 in chips)
Seat 2: BuzovaPro ($125.51 in chips)
BuzovaPro: posts small blind $1
Icecold: posts big blind $3
*** HOLE CARDS ***
BuzovaPro: folds
Uncalled bet ($2) returned to Icecold
Icecold collected $2 from pot
*** SUMMARY ***
Total pot $2 | Rake $0
Seat 1: Icecold (big blind) collected ($2)
Seat 2: BuzovaPro (button) (small blind) folded before Flop


PokerStars Hand #156769691962:  Hold'em Limit ($3/$6 USD) - 2016/08/02 11:41:46 ET
Table 'Lumen II' 6-max Seat #1 is the button
Seat 1: Icecold ($9.70 in chips)
Seat 2: BuzovaPro ($135.21 in chips)
Icecold: posts small blind $1
BuzovaPro: posts big blind $3
*** HOLE CARDS ***
Icecold: raises $3 to $6
BuzovaPro: calls $3
*** FLOP *** [8h 7d 3d]
BuzovaPro: checks
Icecold: bets $3
BuzovaPro: calls $3
*** TURN *** [8h 7d 3d] [Ts]
BuzovaPro: checks
Icecold: bets $0.70 and is all-in
BuzovaPro: calls $0.70
*** RIVER *** [8h 7d 3d Ts] [2h]
*** SHOW DOWN ***
BuzovaPro: shows [9s Qc] (high card Queen)
Icecold: shows [8d 6c] (a pair of Eights)
Icecold collected $19.01 from pot
*** SUMMARY ***
Total pot $19.40 | Rake $0.39
Board [8h 7d 3d Ts 2h]
Seat 1: Icecold (button) (small blind) showed [8d 6c] and won ($19.01) with a pair of Eights
Seat 2: BuzovaPro (big blind) showed [9s Qc] and lost with high card Queen


PokerStars Hand #156769671226:  Hold'em Limit ($3/$6 USD) - 2016/08/02 11:41:13 ET
Table 'Lumen II' 6-max Seat #1 is the button
Seat 1: Icecold ($28.95 in chips)
Seat 2: BuzovaPro ($116.66 in chips)
Icecold: posts small blind $1
BuzovaPro: posts big blind $3
*** HOLE CARDS ***
Icecold: raises $3 to $6
BuzovaPro: calls $3
*** FLOP *** [7c 8d Ac]
BuzovaPro: checks
Icecold: bets $3
BuzovaPro: raises $3 to $6
Icecold: calls $3
*** TURN *** [7c 8d Ac] [3s]
BuzovaPro: bets $6
Icecold: calls $6
*** RIVER *** [7c 8d Ac 3s] [8h]
BuzovaPro: bets $6
Icecold: calls $6
*** SHOW DOWN ***
BuzovaPro: shows [8s 9c] (three of a kind, Eights)
Icecold: mucks hand
BuzovaPro collected $47.50 from pot
*** SUMMARY ***
Total pot $48 | Rake $0.50
Board [7c 8d Ac 3s 8h]
Seat 1: Icecold (button) (small blind) mucked
Seat 2: BuzovaPro (big blind) showed [8s 9c] and won ($47.50) with three of a kind, Eights


PokerStars Hand #156769684329:  Hold'em Limit ($3/$6 USD) - 2016/08/02 11:41:34 ET
Table 'Lumen II' 6-max Seat #2 is the button
Seat 1: Icecold ($4.95 in chips)
Seat 2: BuzovaPro ($140.16 in chips)
BuzovaPro: posts small blind $1
Icecold: posts big blind $3
*** HOLE CARDS ***
BuzovaPro: raises $3 to $6
Icecold: calls $1.95 and is all-in
Uncalled bet ($1.05) returned to BuzovaPro
*** FLOP *** [Ac 8d 9c]
*** TURN *** [Ac 8d 9c] [Ah]
*** RIVER *** [Ac 8d 9c Ah] [4h]
*** SHOW DOWN ***
Icecold: shows [5s Kh] (a pair of Aces)
BuzovaPro: shows [Qh 6h] (a pair of Aces - lower kicker)
Icecold collected $9.70 from pot
*** SUMMARY ***
Total pot $9.90 | Rake $0.20
Board [Ac 8d 9c Ah 4h]
Seat 1: Icecold (big blind) showed [5s Kh] and won ($9.70) with a pair of Aces
Seat 2: BuzovaPro (button) (small blind) showed [Qh 6h] and lost with a pair of Aces


PokerStars Hand #156769718935:  Hold'em Limit ($3/$6 USD) - 2016/08/02 11:42:30 ET
Table 'Lumen II' 6-max Seat #1 is the button
Seat 1: Icecold ($9.01 in chips)
Seat 2: BuzovaPro ($135.03 in chips)
Icecold: posts small blind $1
BuzovaPro: posts big blind $3
*** HOLE CARDS ***
Icecold: raises $3 to $6
BuzovaPro: raises $3 to $9
Icecold: calls $3
*** FLOP *** [Qd 2h Ad]
BuzovaPro: bets $3
Icecold: calls $0.01 and is all-in
Uncalled bet ($2.99) returned to BuzovaPro
*** TURN *** [Qd 2h Ad] [Jh]
*** RIVER *** [Qd 2h Ad Jh] [7c]
*** SHOW DOWN ***
BuzovaPro: shows [8c Ah] (a pair of Aces)
Icecold: shows [6h Jc] (a pair of Jacks)
BuzovaPro collected $17.66 from pot
*** SUMMARY ***
Total pot $18.02 | Rake $0.36
Board [Qd 2h Ad Jh 7c]
Seat 1: Icecold (button) (small blind) showed [6h Jc] and lost with a pair of Jacks
Seat 2: BuzovaPro (big blind) showed [8c Ah] and won ($17.66) with a pair of Aces


PokerStars Hand #156769715914:  Hold'em Limit ($3/$6 USD) - 2016/08/02 11:42:25 ET
Table 'Lumen II' 6-max Seat #2 is the button
Seat 1: Icecold ($8.01 in chips)
Seat 2: BuzovaPro ($136.03 in chips)
BuzovaPro: posts small blind $1
Icecold: posts big blind $3
*** HOLE CARDS ***
BuzovaPro: folds
Uncalled bet ($2) returned to Icecold
Icecold collected $2 from pot
*** SUMMARY ***
Total pot $2 | Rake $0
Seat 1: Icecold (big blind) collected ($2)
Seat 2: BuzovaPro (button) (small blind) folded before Flop


PokerStars Hand #156769705486:  Hold'em Limit ($3/$6 USD) - 2016/08/02 11:42:08 ET
Table 'Lumen II' 6-max Seat #1 is the button
Seat 1: Icecold ($20.01 in chips)
Seat 2: BuzovaPro ($124.51 in chips)
Icecold: posts small blind $1
BuzovaPro: posts big blind $3
*** HOLE CARDS ***
Icecold: raises $3 to $6
BuzovaPro: raises $3 to $9
Icecold: calls $3
*** FLOP *** [6c 5c 9s]
BuzovaPro: bets $3
Icecold: calls $3
*** TURN *** [6c 5c 9s] [8s]
BuzovaPro: checks
Icecold: checks
*** RIVER *** [6c 5c 9s 8s] [3c]
BuzovaPro: checks
Icecold: checks
*** SHOW DOWN ***
BuzovaPro: shows [Ad 5d] (a pair of Fives)
Icecold: mucks hand
BuzovaPro collected $23.52 from pot
*** SUMMARY ***
Total pot $24 | Rake $0.48
Board [6c 5c 9s 8s 3c]
Seat 1: Icecold (button) (small blind) mucked
Seat 2: BuzovaPro (big blind) showed [Ad 5d] and won ($23.52) with a pair of Fives


