PokerStars Hand #144887360712:  Hold'em Limit ($3/$6 USD) - 2015/12/05 19:32:46 ET
Table 'Lumen II' 2-max Seat #1 is the button
Seat 1: LifeisagameX ($44.50 in chips)
Seat 2: DoctorGonzo7 ($84 in chips)
LifeisagameX: posts small blind $1
DoctorGonzo7: posts big blind $3
*** HOLE CARDS ***
LifeisagameX: raises $3 to $6
DoctorGonzo7: calls $3
*** FLOP *** [Td Qd 6d]
DoctorGonzo7: checks
LifeisagameX: checks
*** TURN *** [Td Qd 6d] [2s]
DoctorGonzo7: checks
LifeisagameX: bets $6
DoctorGonzo7: folds
Uncalled bet ($6) returned to LifeisagameX
LifeisagameX collected $11.76 from pot
LifeisagameX: doesn't show hand
*** SUMMARY ***
Total pot $12 | Rake $0.24
Board [Td Qd 6d 2s]
Seat 1: LifeisagameX (button) (small blind) collected ($11.76)
Seat 2: DoctorGonzo7 (big blind) folded on the Turn


PokerStars Hand #144887378527:  Hold'em Limit ($3/$6 USD) - 2015/12/05 19:33:14 ET
Table 'Lumen II' 2-max Seat #2 is the button
Seat 1: LifeisagameX ($50.26 in chips)
Seat 2: DoctorGonzo7 ($78 in chips)
DoctorGonzo7: posts small blind $1
LifeisagameX: posts big blind $3
*** HOLE CARDS ***
DoctorGonzo7: raises $3 to $6
LifeisagameX: raises $3 to $9
DoctorGonzo7: calls $3
*** FLOP *** [5c 7s Td]
LifeisagameX: bets $3
DoctorGonzo7: calls $3
*** TURN *** [5c 7s Td] [Ad]
LifeisagameX: bets $6
DoctorGonzo7: calls $6
*** RIVER *** [5c 7s Td Ad] [Qc]
LifeisagameX: bets $6
DoctorGonzo7: folds
Uncalled bet ($6) returned to LifeisagameX
LifeisagameX collected $35.50 from pot
LifeisagameX: doesn't show hand
*** SUMMARY ***
Total pot $36 | Rake $0.50
Board [5c 7s Td Ad Qc]
Seat 1: LifeisagameX (big blind) collected ($35.50)
Seat 2: DoctorGonzo7 (button) (small blind) folded on the River


PokerStars Hand #144887407893:  Hold'em Limit ($3/$6 USD) - 2015/12/05 19:34:01 ET
Table 'Lumen II' 2-max Seat #1 is the button
Seat 1: LifeisagameX ($67.76 in chips)
Seat 2: DoctorGonzo7 ($60 in chips)
LifeisagameX: posts small blind $1
DoctorGonzo7: posts big blind $3
*** HOLE CARDS ***
LifeisagameX: raises $3 to $6
DoctorGonzo7: calls $3
*** FLOP *** [Tc 9c 7h]
DoctorGonzo7: checks
LifeisagameX: checks
*** TURN *** [Tc 9c 7h] [Js]
DoctorGonzo7: bets $6
LifeisagameX: folds
Uncalled bet ($6) returned to DoctorGonzo7
DoctorGonzo7 collected $11.76 from pot
DoctorGonzo7: doesn't show hand
*** SUMMARY ***
Total pot $12 | Rake $0.24
Board [Tc 9c 7h Js]
Seat 1: LifeisagameX (button) (small blind) folded on the Turn
Seat 2: DoctorGonzo7 (big blind) collected ($11.76)


PokerStars Hand #144887434309:  Hold'em Limit ($3/$6 USD) - 2015/12/05 19:34:43 ET
Table 'Lumen II' 2-max Seat #2 is the button
Seat 1: LifeisagameX ($61.76 in chips)
Seat 2: DoctorGonzo7 ($65.76 in chips)
DoctorGonzo7: posts small blind $1
LifeisagameX: posts big blind $3
*** HOLE CARDS ***
DoctorGonzo7: raises $3 to $6
LifeisagameX: calls $3
*** FLOP *** [7d 4s 7s]
LifeisagameX: checks
DoctorGonzo7: bets $3
LifeisagameX: raises $3 to $6
DoctorGonzo7: calls $3
*** TURN *** [7d 4s 7s] [Jd]
LifeisagameX: bets $6
DoctorGonzo7: calls $6
*** RIVER *** [7d 4s 7s Jd] [Qs]
LifeisagameX: bets $6
DoctorGonzo7: folds
Uncalled bet ($6) returned to LifeisagameX
LifeisagameX collected $35.50 from pot
LifeisagameX: doesn't show hand
*** SUMMARY ***
Total pot $36 | Rake $0.50
Board [7d 4s 7s Jd Qs]
Seat 1: LifeisagameX (big blind) collected ($35.50)
Seat 2: DoctorGonzo7 (button) (small blind) folded on the River


