PokerStars Hand #162808124897:  Hold'em Limit ($3/$6 USD) - 2016/12/11 21:12:53 ET
Table 'Lumen' 6-max Seat #2 is the button
Seat 1: LifeisagameX ($87 in chips)
Seat 2: rascal_319 ($83 in chips)
rascal_319: posts small blind $1
LifeisagameX: posts big blind $3
*** HOLE CARDS ***
rascal_319: raises $3 to $6
LifeisagameX: raises $3 to $9
rascal_319: calls $3
*** FLOP *** [9h 2h Qs]
LifeisagameX: bets $3
rascal_319: calls $3
*** TURN *** [9h 2h Qs] [Qd]
LifeisagameX: bets $6
rascal_319: calls $6
*** RIVER *** [9h 2h Qs Qd] [Td]
LifeisagameX: bets $6
rascal_319: calls $6
*** SHOW DOWN ***
LifeisagameX: shows [Ts Ah] (two pair, Queens and Tens)
rascal_319: mucks hand
LifeisagameX collected $47.50 from pot
*** SUMMARY ***
Total pot $48 | Rake $0.50
Board [9h 2h Qs Qd Td]
Seat 1: LifeisagameX (big blind) showed [Ts Ah] and won ($47.50) with two pair, Queens and Tens
Seat 2: rascal_319 (button) (small blind) mucked


PokerStars Hand #162808142371:  Hold'em Limit ($3/$6 USD) - 2016/12/11 21:13:31 ET
Table 'Lumen' 6-max Seat #1 is the button
Seat 1: LifeisagameX ($110.50 in chips)
Seat 2: rascal_319 ($59 in chips)
LifeisagameX: posts small blind $1
rascal_319: posts big blind $3
*** HOLE CARDS ***
LifeisagameX: raises $3 to $6
rascal_319: folds
Uncalled bet ($3) returned to LifeisagameX
LifeisagameX collected $6 from pot
LifeisagameX: doesn't show hand
*** SUMMARY ***
Total pot $6 | Rake $0
Seat 1: LifeisagameX (button) (small blind) collected ($6)
Seat 2: rascal_319 (big blind) folded before Flop


PokerStars Hand #162808153375:  Hold'em Limit ($3/$6 USD) - 2016/12/11 21:13:54 ET
Table 'Lumen' 6-max Seat #1 is the button
Seat 1: LifeisagameX ($110.50 in chips)
Seat 2: rascal_319 ($59 in chips)
LifeisagameX: posts small blind $1
rascal_319: posts big blind $3
*** HOLE CARDS ***
LifeisagameX: raises $3 to $6
rascal_319: raises $3 to $9
LifeisagameX: calls $3
*** FLOP *** [7c 5s 6c]
rascal_319: bets $3
LifeisagameX: calls $3
*** TURN *** [7c 5s 6c] [3d]
rascal_319: bets $6
ToDaFelt joins the table at seat #3
LifeisagameX: raises $6 to $12
rascal_319: calls $6
*** RIVER *** [7c 5s 6c 3d] [9d]
rascal_319: checks
LifeisagameX: checks
*** SHOW DOWN ***
rascal_319: shows [Td Tc] (a pair of Tens)
LifeisagameX: mucks hand
rascal_319 collected $47.50 from pot
*** SUMMARY ***
Total pot $48 | Rake $0.50
Board [7c 5s 6c 3d 9d]
Seat 1: LifeisagameX (button) (small blind) mucked
Seat 2: rascal_319 (big blind) showed [Td Tc] and won ($47.50) with a pair of Tens


PokerStars Hand #162808180319:  Hold'em Limit ($3/$6 USD) - 2016/12/11 21:14:52 ET
Table 'Lumen' 6-max Seat #1 is the button
Seat 1: LifeisagameX ($87.50 in chips)
Seat 3: ToDaFelt ($120 in chips)
rascal_319 will be allowed to play after the button
LifeisagameX: posts small blind $1
ToDaFelt: posts big blind $3
*** HOLE CARDS ***
LifeisagameX: raises $3 to $6
ToDaFelt: calls $3
*** FLOP *** [9d 8c Th]
hairy1961 joins the table at seat #5
ToDaFelt: checks
LifeisagameX: checks
*** TURN *** [9d 8c Th] [4d]
ToDaFelt: bets $6
LifeisagameX: raises $6 to $12
ToDaFelt: calls $6
*** RIVER *** [9d 8c Th 4d] [Kh]
ToDaFelt: checks
LifeisagameX: checks
*** SHOW DOWN ***
ToDaFelt: shows [4c Ad] (a pair of Fours)
lanford joins the table at seat #6
LifeisagameX: mucks hand
ToDaFelt collected $35.50 from pot
*** SUMMARY ***
Total pot $36 | Rake $0.50
Board [9d 8c Th 4d Kh]
Seat 1: LifeisagameX (button) (small blind) mucked
Seat 3: ToDaFelt (big blind) showed [4c Ad] and won ($35.50) with a pair of Fours


PokerStars Hand #162810959672:  Hold'em Limit ($3/$6 USD) - 2016/12/11 23:18:51 ET
Table 'Lumen' 6-max Seat #6 is the button
Seat 3: ToDaFelt ($184.44 in chips)
Seat 6: karambakilla ($134.09 in chips)
karambakilla: posts small blind $1
ABATAPP: is sitting out
ToDaFelt: posts big blind $3
*** HOLE CARDS ***
ABATAPP leaves the table
karambakilla: raises $3 to $6
ToDaFelt: raises $3 to $9
karambakilla: calls $3
*** FLOP *** [7h 3h Qc]
ToDaFelt: bets $3
karambakilla: calls $3
*** TURN *** [7h 3h Qc] [Qd]
ToDaFelt: bets $6
karambakilla: calls $6
*** RIVER *** [7h 3h Qc Qd] [5c]
ToDaFelt: bets $6
karambakilla: calls $6
*** SHOW DOWN ***
ToDaFelt: shows [5d As] (two pair, Queens and Fives)
karambakilla: mucks hand
ToDaFelt collected $47.50 from pot
*** SUMMARY ***
Total pot $48 | Rake $0.50
Board [7h 3h Qc Qd 5c]
Seat 3: ToDaFelt (big blind) showed [5d As] and won ($47.50) with two pair, Queens and Fives
Seat 6: karambakilla (button) (small blind) mucked


PokerStars Hand #162810973234:  Hold'em Limit ($3/$6 USD) - 2016/12/11 23:19:37 ET
Table 'Lumen' 6-max Seat #3 is the button
Seat 3: ToDaFelt ($207.94 in chips)
Seat 6: karambakilla ($110.09 in chips)
ToDaFelt: posts small blind $1
karambakilla: posts big blind $3
*** HOLE CARDS ***
ToDaFelt: raises $3 to $6
karambakilla: folds
Uncalled bet ($3) returned to ToDaFelt
ToDaFelt collected $6 from pot
ToDaFelt: doesn't show hand
*** SUMMARY ***
Total pot $6 | Rake $0
Seat 3: ToDaFelt (button) (small blind) collected ($6)
Seat 6: karambakilla (big blind) folded before Flop


