PokerStars Hand #159955014438:  Hold'em Limit ($3/$6 USD) - 2016/10/15 5:52:03 ET
Table 'Lumen' 6-max Seat #3 is the button
Seat 3: CITYMANAGER8 ($69.42 in chips)
Seat 4: VolkovDmitri ($123 in chips)
CITYMANAGER8: posts small blind $1
VolkovDmitri: posts big blind $3
*** HOLE CARDS ***
CITYMANAGER8: calls $2
VolkovDmitri: raises $3 to $6
CITYMANAGER8: calls $3
*** FLOP *** [Jh 8c 5c]
VolkovDmitri: bets $3
CITYMANAGER8: folds
Uncalled bet ($3) returned to VolkovDmitri
VolkovDmitri collected $11.76 from pot
VolkovDmitri: doesn't show hand
*** SUMMARY ***
Total pot $12 | Rake $0.24
Board [Jh 8c 5c]
Seat 3: CITYMANAGER8 (button) (small blind) folded on the Flop
Seat 4: VolkovDmitri (big blind) collected ($11.76)


PokerStars Hand #159955004866:  Hold'em Limit ($3/$6 USD) - 2016/10/15 5:51:40 ET
Table 'Lumen' 6-max Seat #3 is the button
Seat 3: CITYMANAGER8 ($66.66 in chips)
Seat 4: VolkovDmitri ($120 in chips)
CITYMANAGER8: posts small blind $1
VolkovDmitri: posts big blind $3
*** HOLE CARDS ***
CITYMANAGER8: calls $2
VolkovDmitri: checks
*** FLOP *** [Ad 9h 6s]
VolkovDmitri: bets $3
CITYMANAGER8: raises $3 to $6
VolkovDmitri: folds
Uncalled bet ($3) returned to CITYMANAGER8
CITYMANAGER8 collected $11.76 from pot
CITYMANAGER8: doesn't show hand
*** SUMMARY ***
Total pot $12 | Rake $0.24
Board [Ad 9h 6s]
Seat 3: CITYMANAGER8 (button) (small blind) collected ($11.76)
Seat 4: VolkovDmitri (big blind) folded on the Flop


PokerStars Hand #159955011904:  Hold'em Limit ($3/$6 USD) - 2016/10/15 5:51:57 ET
Table 'Lumen' 6-max Seat #4 is the button
Seat 3: CITYMANAGER8 ($72.42 in chips)
Seat 4: VolkovDmitri ($120 in chips)
VolkovDmitri: posts small blind $1
CITYMANAGER8: posts big blind $3
*** HOLE CARDS ***
VolkovDmitri: raises $3 to $6
CITYMANAGER8: folds
Uncalled bet ($3) returned to VolkovDmitri
VolkovDmitri collected $6 from pot
VolkovDmitri: doesn't show hand
*** SUMMARY ***
Total pot $6 | Rake $0
Seat 3: CITYMANAGER8 (big blind) folded before Flop
Seat 4: VolkovDmitri (button) (small blind) collected ($6)


PokerStars Hand #159955046987:  Hold'em Limit ($3/$6 USD) - 2016/10/15 5:53:23 ET
Table 'Lumen' 6-max Seat #3 is the button
Seat 3: CITYMANAGER8 ($66.06 in chips)
Seat 4: VolkovDmitri ($125.88 in chips)
CITYMANAGER8: posts small blind $1
VolkovDmitri: posts big blind $3
*** HOLE CARDS ***
CITYMANAGER8: folds
Uncalled bet ($2) returned to VolkovDmitri
VolkovDmitri collected $2 from pot
VolkovDmitri: doesn't show hand
*** SUMMARY ***
Total pot $2 | Rake $0
Seat 3: CITYMANAGER8 (button) (small blind) folded before Flop
Seat 4: VolkovDmitri (big blind) collected ($2)


PokerStars Hand #159955040984:  Hold'em Limit ($3/$6 USD) - 2016/10/15 5:53:08 ET
Table 'Lumen' 6-max Seat #4 is the button
Seat 3: CITYMANAGER8 ($69.06 in chips)
Seat 4: VolkovDmitri ($122.88 in chips)
VolkovDmitri: posts small blind $1
CITYMANAGER8: posts big blind $3
*** HOLE CARDS ***
VolkovDmitri: raises $3 to $6
CITYMANAGER8: folds
Uncalled bet ($3) returned to VolkovDmitri
VolkovDmitri collected $6 from pot
VolkovDmitri: doesn't show hand
*** SUMMARY ***
Total pot $6 | Rake $0
Seat 3: CITYMANAGER8 (big blind) folded before Flop
Seat 4: VolkovDmitri (button) (small blind) collected ($6)


PokerStars Hand #159955020524:  Hold'em Limit ($3/$6 USD) - 2016/10/15 5:52:18 ET
Table 'Lumen' 6-max Seat #4 is the button
Seat 3: CITYMANAGER8 ($63.42 in chips)
Seat 4: VolkovDmitri ($128.76 in chips)
VolkovDmitri: posts small blind $1
CITYMANAGER8: posts big blind $3
*** HOLE CARDS ***
VolkovDmitri: raises $3 to $6
CITYMANAGER8: raises $3 to $9
VolkovDmitri: calls $3
*** FLOP *** [8s 6h Ks]
CITYMANAGER8: bets $3
VolkovDmitri: folds
Uncalled bet ($3) returned to CITYMANAGER8
CITYMANAGER8 collected $17.64 from pot
CITYMANAGER8: doesn't show hand
*** SUMMARY ***
Total pot $18 | Rake $0.36
Board [8s 6h Ks]
Seat 3: CITYMANAGER8 (big blind) collected ($17.64)
Seat 4: VolkovDmitri (button) (small blind) folded on the Flop


PokerStars Hand #159955029664:  Hold'em Limit ($3/$6 USD) - 2016/10/15 5:52:41 ET
Table 'Lumen' 6-max Seat #3 is the button
Seat 3: CITYMANAGER8 ($72.06 in chips)
Seat 4: VolkovDmitri ($120 in chips)
CITYMANAGER8: posts small blind $1
VolkovDmitri: posts big blind $3
*** HOLE CARDS ***
CITYMANAGER8: calls $2
VolkovDmitri: checks
*** FLOP *** [As 7c 2s]
VolkovDmitri: bets $3
CITYMANAGER8: folds
Uncalled bet ($3) returned to VolkovDmitri
VolkovDmitri collected $5.88 from pot
VolkovDmitri: doesn't show hand
*** SUMMARY ***
Total pot $6 | Rake $0.12
Board [As 7c 2s]
Seat 3: CITYMANAGER8 (button) (small blind) folded on the Flop
Seat 4: VolkovDmitri (big blind) collected ($5.88)


PokerStars Hand #159955067666:  Hold'em Limit ($3/$6 USD) - 2016/10/15 5:54:14 ET
Table 'Lumen' 6-max Seat #3 is the button
Seat 3: CITYMANAGER8 ($91.56 in chips)
Seat 4: VolkovDmitri ($120 in chips)
CITYMANAGER8: posts small blind $1
VolkovDmitri: posts big blind $3
*** HOLE CARDS ***
CITYMANAGER8: calls $2
VolkovDmitri: checks
*** FLOP *** [2h 3h Ks]
VolkovDmitri: bets $3
CITYMANAGER8: calls $3
*** TURN *** [2h 3h Ks] [2c]
VolkovDmitri: bets $6
CITYMANAGER8: folds
Uncalled bet ($6) returned to VolkovDmitri
VolkovDmitri collected $11.76 from pot
VolkovDmitri: doesn't show hand
*** SUMMARY ***
Total pot $12 | Rake $0.24
Board [2h 3h Ks 2c]
Seat 3: CITYMANAGER8 (button) (small blind) folded on the Turn
Seat 4: VolkovDmitri (big blind) collected ($11.76)


PokerStars Hand #159955049402:  Hold'em Limit ($3/$6 USD) - 2016/10/15 5:53:29 ET
Table 'Lumen' 6-max Seat #4 is the button
Seat 3: CITYMANAGER8 ($65.06 in chips)
Seat 4: VolkovDmitri ($126.88 in chips)
VolkovDmitri: posts small blind $1
CITYMANAGER8: posts big blind $3
*** HOLE CARDS ***
VolkovDmitri: raises $3 to $6
CITYMANAGER8: calls $3
*** FLOP *** [Kh 9c 3h]
CITYMANAGER8: bets $3
VolkovDmitri: raises $3 to $6
CITYMANAGER8: raises $3 to $9
VolkovDmitri: calls $3
*** TURN *** [Kh 9c 3h] [Ks]
CITYMANAGER8: bets $6
VolkovDmitri: calls $6
*** RIVER *** [Kh 9c 3h Ks] [6c]
CITYMANAGER8: bets $6
VolkovDmitri: calls $6
*** SHOW DOWN ***
CITYMANAGER8: shows [9h 8h] (two pair, Kings and Nines)
VolkovDmitri: mucks hand
CITYMANAGER8 collected $53.50 from pot
*** SUMMARY ***
Total pot $54 | Rake $0.50
Board [Kh 9c 3h Ks 6c]
Seat 3: CITYMANAGER8 (big blind) showed [9h 8h] and won ($53.50) with two pair, Kings and Nines
Seat 4: VolkovDmitri (button) (small blind) mucked


PokerStars Hand #159955076323:  Hold'em Limit ($3/$6 USD) - 2016/10/15 5:54:35 ET
Table 'Lumen' 6-max Seat #3 is the button
Seat 3: CITYMANAGER8 ($82.56 in chips)
Seat 4: VolkovDmitri ($128.76 in chips)
CITYMANAGER8: posts small blind $1
VolkovDmitri: posts big blind $3
*** HOLE CARDS ***
CITYMANAGER8: folds
Uncalled bet ($2) returned to VolkovDmitri
VolkovDmitri collected $2 from pot
VolkovDmitri: doesn't show hand
*** SUMMARY ***
Total pot $2 | Rake $0
Seat 3: CITYMANAGER8 (button) (small blind) folded before Flop
Seat 4: VolkovDmitri (big blind) collected ($2)


PokerStars Hand #159955073637:  Hold'em Limit ($3/$6 USD) - 2016/10/15 5:54:28 ET
Table 'Lumen' 6-max Seat #4 is the button
Seat 3: CITYMANAGER8 ($85.56 in chips)
Seat 4: VolkovDmitri ($125.76 in chips)
VolkovDmitri: posts small blind $1
CITYMANAGER8: posts big blind $3
*** HOLE CARDS ***
VolkovDmitri: raises $3 to $6
CITYMANAGER8: folds
Uncalled bet ($3) returned to VolkovDmitri
VolkovDmitri collected $6 from pot
VolkovDmitri: doesn't show hand
*** SUMMARY ***
Total pot $6 | Rake $0
Seat 3: CITYMANAGER8 (big blind) folded before Flop
Seat 4: VolkovDmitri (button) (small blind) collected ($6)


PokerStars Hand #159955078880:  Hold'em Limit ($3/$6 USD) - 2016/10/15 5:54:41 ET
Table 'Lumen' 6-max Seat #4 is the button
Seat 3: CITYMANAGER8 ($81.56 in chips)
Seat 4: VolkovDmitri ($129.76 in chips)
VolkovDmitri: posts small blind $1
CITYMANAGER8: posts big blind $3
*** HOLE CARDS ***
VolkovDmitri: raises $3 to $6
CITYMANAGER8: calls $3
*** FLOP *** [3h 6c Kc]
CITYMANAGER8: checks
VolkovDmitri: bets $3
CITYMANAGER8: folds
Uncalled bet ($3) returned to VolkovDmitri
VolkovDmitri collected $11.76 from pot
CITYMANAGER8 leaves the table
VolkovDmitri: doesn't show hand
*** SUMMARY ***
Total pot $12 | Rake $0.24
Board [3h 6c Kc]
Seat 3: CITYMANAGER8 (big blind) folded on the Flop
Seat 4: VolkovDmitri (button) (small blind) collected ($11.76)


