PokerStars Hand #171613624020:  Hold'em Limit ($3/$6 USD) - 2017/06/10 19:20:03 ET
Table 'Lumen' 6-max Seat #1 is the button
Seat 1: LifeisagameX ($84 in chips)
Seat 2: Natnatz ($62.12 in chips)
LifeisagameX: posts small blind $1
Natnatz: posts big blind $3
*** HOLE CARDS ***
LifeisagameX: raises $3 to $6
Natnatz: calls $3
*** FLOP *** [Ad Jd 8c]
Natnatz: checks
LifeisagameX: checks
*** TURN *** [Ad Jd 8c] [7s]
Natnatz: bets $6
LifeisagameX: calls $6
*** RIVER *** [Ad Jd 8c 7s] [6d]
Natnatz: bets $6
LifeisagameX: raises $6 to $12
Natnatz: folds
Uncalled bet ($6) returned to LifeisagameX
LifeisagameX collected $35.50 from pot
LifeisagameX: doesn't show hand
*** SUMMARY ***
Total pot $36 | Rake $0.50
Board [Ad Jd 8c 7s 6d]
Seat 1: LifeisagameX (button) (small blind) collected ($35.50)
Seat 2: Natnatz (big blind) folded on the River


PokerStars Hand #171613657594:  Hold'em Limit ($3/$6 USD) - 2017/06/10 19:21:02 ET
Table 'Lumen' 6-max Seat #2 is the button
Seat 1: LifeisagameX ($101.50 in chips)
Seat 2: Natnatz ($44.12 in chips)
Natnatz: posts small blind $1
LifeisagameX: posts big blind $3
*** HOLE CARDS ***
Natnatz: raises $3 to $6
LifeisagameX: calls $3
*** FLOP *** [5h Qc 6d]
B_loJkl joins the table at seat #3
LifeisagameX: checks
Natnatz: checks
*** TURN *** [5h Qc 6d] [7h]
LifeisagameX: bets $6
Natnatz: folds
Uncalled bet ($6) returned to LifeisagameX
LifeisagameX collected $11.76 from pot
LifeisagameX: doesn't show hand
*** SUMMARY ***
Total pot $12 | Rake $0.24
Board [5h Qc 6d 7h]
Seat 1: LifeisagameX (big blind) collected ($11.76)
Seat 2: Natnatz (button) (small blind) folded on the Turn


PokerStars Hand #171613687166:  Hold'em Limit ($3/$6 USD) - 2017/06/10 19:21:54 ET
Table 'Lumen' 6-max Seat #1 is the button
Seat 1: LifeisagameX ($107.26 in chips)
Seat 2: Natnatz ($38.12 in chips)
LifeisagameX: posts small blind $1
Natnatz: posts big blind $3
*** HOLE CARDS ***
LifeisagameX: raises $3 to $6
Natnatz: calls $3
*** FLOP *** [6d 5d Ks]
Natnatz: checks
LifeisagameX: checks
*** TURN *** [6d 5d Ks] [4h]
Natnatz: checks
LifeisagameX: bets $6
Natnatz: calls $6
*** RIVER *** [6d 5d Ks 4h] [8d]
Natnatz: checks
LifeisagameX: checks
*** SHOW DOWN ***
Natnatz: shows [2d Qh] (high card King)
LifeisagameX: shows [4c 6c] (two pair, Sixes and Fours)
LifeisagameX collected $23.52 from pot
*** SUMMARY ***
Total pot $24 | Rake $0.48
Board [6d 5d Ks 4h 8d]
Seat 1: LifeisagameX (button) (small blind) showed [4c 6c] and won ($23.52) with two pair, Sixes and Fours
Seat 2: Natnatz (big blind) showed [2d Qh] and lost with high card King


PokerStars Hand #171613819189:  Hold'em Limit ($3/$6 USD) - 2017/06/10 19:25:49 ET
Table 'Lumen' 6-max Seat #2 is the button
Seat 2: Natnatz ($31.29 in chips)
Seat 3: B_loJkl ($116 in chips)
Natnatz: posts small blind $1
B_loJkl: posts big blind $3
*** HOLE CARDS ***
Natnatz: raises $3 to $6
LifeisagameX leaves the table
B_loJkl: calls $3
*** FLOP *** [Jh 3h 2s]
B_loJkl: checks
Natnatz: bets $3
B_loJkl: folds
Uncalled bet ($3) returned to Natnatz
Natnatz collected $11.76 from pot
Natnatz: doesn't show hand
*** SUMMARY ***
Total pot $12 | Rake $0.24
Board [Jh 3h 2s]
Seat 2: Natnatz (button) (small blind) collected ($11.76)
Seat 3: B_loJkl (big blind) folded on the Flop


PokerStars Hand #171613839120:  Hold'em Limit ($3/$6 USD) - 2017/06/10 19:26:25 ET
Table 'Lumen' 6-max Seat #2 is the button
Seat 2: Natnatz ($42.81 in chips)
Seat 3: B_loJkl ($104 in chips)
Natnatz: posts small blind $1
B_loJkl: posts big blind $3
*** HOLE CARDS ***
Natnatz: raises $3 to $6
B_loJkl: folds
Uncalled bet ($3) returned to Natnatz
Natnatz collected $6 from pot
Natnatz: doesn't show hand
*** SUMMARY ***
Total pot $6 | Rake $0
Seat 2: Natnatz (button) (small blind) collected ($6)
Seat 3: B_loJkl (big blind) folded before Flop


PokerStars Hand #171613830490:  Hold'em Limit ($3/$6 USD) - 2017/06/10 19:26:10 ET
Table 'Lumen' 6-max Seat #3 is the button
Seat 2: Natnatz ($37.05 in chips)
Seat 3: B_loJkl ($110 in chips)
B_loJkl: posts small blind $1
Natnatz: posts big blind $3
*** HOLE CARDS ***
B_loJkl: raises $3 to $6
Natnatz: calls $3
*** FLOP *** [Th Ah 2h]
Natnatz: bets $3
B_loJkl: folds
Uncalled bet ($3) returned to Natnatz
Natnatz collected $11.76 from pot
Natnatz: doesn't show hand
*** SUMMARY ***
Total pot $12 | Rake $0.24
Board [Th Ah 2h]
Seat 2: Natnatz (big blind) collected ($11.76)
Seat 3: B_loJkl (button) (small blind) folded on the Flop


PokerStars Hand #171613874276:  Hold'em Limit ($3/$6 USD) - 2017/06/10 19:27:28 ET
Table 'Lumen' 6-max Seat #2 is the button
Seat 2: Natnatz ($54.45 in chips)
Seat 3: B_loJkl ($92 in chips)
Natnatz: posts small blind $1
B_loJkl: posts big blind $3
*** HOLE CARDS ***
Natnatz: raises $3 to $6
B_loJkl: calls $3
*** FLOP *** [2d Ts 7h]
B_loJkl: checks
Natnatz: bets $3
SANKO2009 joins the table at seat #5
B_loJkl: folds
Uncalled bet ($3) returned to Natnatz
Natnatz collected $11.76 from pot
Natnatz: doesn't show hand
*** SUMMARY ***
Total pot $12 | Rake $0.24
Board [2d Ts 7h]
Seat 2: Natnatz (button) (small blind) collected ($11.76)
Seat 3: B_loJkl (big blind) folded on the Flop


PokerStars Hand #171613851286:  Hold'em Limit ($3/$6 USD) - 2017/06/10 19:26:47 ET
Table 'Lumen' 6-max Seat #3 is the button
Seat 2: Natnatz ($45.81 in chips)
Seat 3: B_loJkl ($101 in chips)
B_loJkl: posts small blind $1
Natnatz: posts big blind $3
*** HOLE CARDS ***
B_loJkl: raises $3 to $6
Natnatz: raises $3 to $9
B_loJkl: calls $3
*** FLOP *** [As 3c Jd]
Natnatz: bets $3
B_loJkl: folds
Uncalled bet ($3) returned to Natnatz
Natnatz collected $17.64 from pot
Natnatz: doesn't show hand
*** SUMMARY ***
Total pot $18 | Rake $0.36
Board [As 3c Jd]
Seat 2: Natnatz (big blind) collected ($17.64)
Seat 3: B_loJkl (button) (small blind) folded on the Flop


PokerStars Hand #171614582252:  Hold'em Limit ($3/$6 USD) - 2017/06/10 19:49:12 ET
Table 'Lumen' 6-max Seat #4 is the button
Seat 4: ulrich80 ($101.74 in chips)
Seat 6: Chessnok ($88.20 in chips)
Yarra56 will be allowed to play after the button
B_loJkl will be allowed to play after the button
ulrich80: posts small blind $1
Chessnok: posts big blind $3
*** HOLE CARDS ***
sosomi12 leaves the table
ulrich80: raises $3 to $6
Chessnok: calls $3
*** FLOP *** [7s Ah Kh]
Chessnok: checks
ulrich80: bets $3
Chessnok: folds
Uncalled bet ($3) returned to ulrich80
ulrich80 collected $11.76 from pot
ulrich80: doesn't show hand
*** SUMMARY ***
Total pot $12 | Rake $0.24
Board [7s Ah Kh]
Seat 4: ulrich80 (button) (small blind) collected ($11.76)
Seat 6: Chessnok (big blind) folded on the Flop


PokerStars Hand #171614706525:  Hold'em Limit ($3/$6 USD) - 2017/06/10 19:53:17 ET
Table 'Lumen' 6-max Seat #1 is the button
Seat 1: Yarra56 ($61.43 in chips)
Seat 6: Chessnok ($92.45 in chips)
Yarra56: posts small blind $1
ulrich80: is sitting out
Chessnok: posts big blind $3
*** HOLE CARDS ***
Yarra56: folds
Uncalled bet ($2) returned to Chessnok
Chessnok collected $2 from pot
Chessnok: doesn't show hand
*** SUMMARY ***
Total pot $2 | Rake $0
Seat 1: Yarra56 (button) (small blind) folded before Flop
Seat 6: Chessnok (big blind) collected ($2)


PokerStars Hand #171614714950:  Hold'em Limit ($3/$6 USD) - 2017/06/10 19:53:34 ET
Table 'Lumen' 6-max Seat #1 is the button
Seat 1: Yarra56 ($57.43 in chips)
Seat 6: Chessnok ($96.45 in chips)
Yarra56: posts small blind $1
Chessnok: posts big blind $3
*** HOLE CARDS ***
Yarra56: calls $2
Chessnok: checks
*** FLOP *** [8c 2h 7c]
Chessnok: checks
Yarra56: bets $3
Chessnok: calls $3
*** TURN *** [8c 2h 7c] [9h]
Chessnok: checks
Yarra56: bets $6
Chessnok: folds
Uncalled bet ($6) returned to Yarra56
Yarra56 collected $11.76 from pot
Yarra56: doesn't show hand
*** SUMMARY ***
Total pot $12 | Rake $0.24
Board [8c 2h 7c 9h]
Seat 1: Yarra56 (button) (small blind) collected ($11.76)
Seat 6: Chessnok (big blind) folded on the Turn


PokerStars Hand #171614710073:  Hold'em Limit ($3/$6 USD) - 2017/06/10 19:53:24 ET
Table 'Lumen' 6-max Seat #6 is the button
Seat 1: Yarra56 ($60.43 in chips)
Seat 6: Chessnok ($93.45 in chips)
Chessnok: posts small blind $1
Yarra56: posts big blind $3
ulrich80 leaves the table
*** HOLE CARDS ***
B_loJkl leaves the table
Chessnok: raises $3 to $6
Yarra56: folds
Uncalled bet ($3) returned to Chessnok
Chessnok collected $6 from pot
Chessnok: doesn't show hand
*** SUMMARY ***
Total pot $6 | Rake $0
Seat 1: Yarra56 (big blind) folded before Flop
Seat 6: Chessnok (button) (small blind) collected ($6)


