PokerStars Hand #167582778481:  Hold'em Limit ($3/$6 USD) - 2017/03/14 14:07:21 ET
Table 'Lumen' 6-max Seat #4 is the button
Seat 2: ELCapitano26 ($132.76 in chips)
Seat 4: Actionni13 ($150 in chips)
Actionni13: posts small blind $1
ELCapitano26: posts big blind $3
*** HOLE CARDS ***
Actionni13: raises $3 to $6
ELCapitano26: calls $3
*** FLOP *** [5h 6d 7d]
ELCapitano26: checks
Actionni13: bets $3
ELCapitano26: raises $3 to $6
Actionni13: calls $3
*** TURN *** [5h 6d 7d] [9h]
ELCapitano26: bets $6
emiwarg joins the table at seat #6
nimzon joins the table at seat #1
Actionni13: folds
Uncalled bet ($6) returned to ELCapitano26
ELCapitano26 collected $23.52 from pot
ELCapitano26: doesn't show hand
*** SUMMARY ***
Total pot $24 | Rake $0.48
Board [5h 6d 7d 9h]
Seat 2: ELCapitano26 (big blind) collected ($23.52)
Seat 4: Actionni13 (button) (small blind) folded on the Turn


PokerStars Hand #167582773843:  Hold'em Limit ($3/$6 USD) - 2017/03/14 14:07:15 ET
Table 'Lumen' 6-max Seat #2 is the button
Seat 2: ELCapitano26 ($129.76 in chips)
Seat 4: Actionni13 ($150 in chips)
ELCapitano26: posts small blind $1
Actionni13: posts big blind $3
*** HOLE CARDS ***
ELCapitano26: raises $3 to $6
Actionni13: folds
Uncalled bet ($3) returned to ELCapitano26
ELCapitano26 collected $6 from pot
ELCapitano26: doesn't show hand
*** SUMMARY ***
Total pot $6 | Rake $0
Seat 2: ELCapitano26 (button) (small blind) collected ($6)
Seat 4: Actionni13 (big blind) folded before Flop


PokerStars Hand #167582756668:  Hold'em Limit ($3/$6 USD) - 2017/03/14 14:06:54 ET
Table 'Lumen' 6-max Seat #4 is the button
Seat 2: ELCapitano26 ($124 in chips)
Seat 4: Actionni13 ($155.76 in chips)
Actionni13: posts small blind $1
ELCapitano26: posts big blind $3
*** HOLE CARDS ***
Actionni13: raises $3 to $6
ELCapitano26: calls $3
*** FLOP *** [6c 4d 9c]
ELCapitano26: checks
Actionni13: checks
*** TURN *** [6c 4d 9c] [Th]
ELCapitano26: checks
Actionni13: checks
*** RIVER *** [6c 4d 9c Th] [3c]
ELCapitano26: checks
Actionni13: checks
*** SHOW DOWN ***
ELCapitano26: shows [2s 5s] (a straight, Deuce to Six)
Actionni13: mucks hand
ELCapitano26 collected $11.76 from pot
*** SUMMARY ***
Total pot $12 | Rake $0.24
Board [6c 4d 9c Th 3c]
Seat 2: ELCapitano26 (big blind) showed [2s 5s] and won ($11.76) with a straight, Deuce to Six
Seat 4: Actionni13 (button) (small blind) mucked


PokerStars Hand #167582796400:  Hold'em Limit ($3/$6 USD) - 2017/03/14 14:07:42 ET
Table 'Lumen' 6-max Seat #2 is the button
Seat 2: ELCapitano26 ($144.28 in chips)
Seat 4: Actionni13 ($150 in chips)
ELCapitano26: posts small blind $1
Actionni13: posts big blind $3
*** HOLE CARDS ***
nimzon leaves the table
ELCapitano26: folds
Uncalled bet ($2) returned to Actionni13
Actionni13 collected $2 from pot
Actionni13: doesn't show hand
*** SUMMARY ***
Total pot $2 | Rake $0
Seat 2: ELCapitano26 (button) (small blind) folded before Flop
Seat 4: Actionni13 (big blind) collected ($2)


PokerStars Hand #167583562812:  Hold'em Limit ($3/$6 USD) - 2017/03/14 14:23:12 ET
Table 'Lumen' 6-max Seat #5 is the button
Seat 1: Chessnok ($139.12 in chips)
Seat 5: Fabulous108 ($230.23 in chips)
Fabulous108: posts small blind $1
I M GOIN OFF: is sitting out
Chessnok: posts big blind $3
*** HOLE CARDS ***
Fabulous108: raises $3 to $6
Chessnok: calls $3
*** FLOP *** [2c Ah Kh]
Chessnok: checks
I M GOIN OFF leaves the table
Fabulous108: bets $3
Chessnok: folds
Uncalled bet ($3) returned to Fabulous108
Fabulous108 collected $11.76 from pot
Fabulous108: doesn't show hand
*** SUMMARY ***
Total pot $12 | Rake $0.24
Board [2c Ah Kh]
Seat 1: Chessnok (big blind) folded on the Flop
Seat 5: Fabulous108 (button) (small blind) collected ($11.76)


