PokerStars Hand #147514184430:  Hold'em Limit ($3/$6 USD) - 2016/01/22 21:29:21 ET
Table 'Lumiere III' 6-max Seat #2 is the button
Seat 1: scorpio04 ($188.31 in chips)
Seat 2: Nattokinasc ($205.58 in chips)
Nattokinasc: posts small blind $1
grabaz: is sitting out
scorpio04: posts big blind $3
*** HOLE CARDS ***
Nattokinasc: raises $3 to $6
scorpio04: raises $3 to $9
grabaz leaves the table
Nattokinasc: calls $3
*** FLOP *** [Jh 9h 3c]
scorpio04: bets $3
Nattokinasc: calls $3
*** TURN *** [Jh 9h 3c] [9d]
scorpio04: bets $6
Nattokinasc: folds
Uncalled bet ($6) returned to scorpio04
scorpio04 collected $23.52 from pot
scorpio04: doesn't show hand
*** SUMMARY ***
Total pot $24 | Rake $0.48
Board [Jh 9h 3c 9d]
Seat 1: scorpio04 (big blind) collected ($23.52)
Seat 2: Nattokinasc (button) (small blind) folded on the Turn


PokerStars Hand #147514191592:  Hold'em Limit ($3/$6 USD) - 2016/01/22 21:29:35 ET
Table 'Lumiere III' 6-max Seat #1 is the button
Seat 1: scorpio04 ($199.83 in chips)
Seat 2: Nattokinasc ($193.58 in chips)
scorpio04: posts small blind $1
Nattokinasc: posts big blind $3
*** HOLE CARDS ***
scorpio04: raises $3 to $6
Nattokinasc: raises $3 to $9
scorpio04: calls $3
*** FLOP *** [Th Qs Jc]
Nattokinasc: bets $3
scorpio04: calls $3
*** TURN *** [Th Qs Jc] [8h]
Nattokinasc: bets $6
scorpio04: calls $6
*** RIVER *** [Th Qs Jc 8h] [2s]
Nattokinasc: checks
scorpio04: checks
*** SHOW DOWN ***
Nattokinasc: shows [8d Ad] (a pair of Eights)
scorpio04: shows [Ks Jh] (a pair of Jacks)
scorpio04 collected $35.50 from pot
*** SUMMARY ***
Total pot $36 | Rake $0.50
Board [Th Qs Jc 8h 2s]
Seat 1: scorpio04 (button) (small blind) showed [Ks Jh] and won ($35.50) with a pair of Jacks
Seat 2: Nattokinasc (big blind) showed [8d Ad] and lost with a pair of Eights


PokerStars Hand #147514203440:  Hold'em Limit ($3/$6 USD) - 2016/01/22 21:30:00 ET
Table 'Lumiere III' 6-max Seat #2 is the button
Seat 1: scorpio04 ($217.33 in chips)
Seat 2: Nattokinasc ($175.58 in chips)
Nattokinasc: posts small blind $1
scorpio04: posts big blind $3
*** HOLE CARDS ***
Nattokinasc: folds
Uncalled bet ($2) returned to scorpio04
scorpio04 collected $2 from pot
scorpio04: doesn't show hand
*** SUMMARY ***
Total pot $2 | Rake $0
Seat 1: scorpio04 (big blind) collected ($2)
Seat 2: Nattokinasc (button) (small blind) folded before Flop


PokerStars Hand #147514216871:  Hold'em Limit ($3/$6 USD) - 2016/01/22 21:30:28 ET
Table 'Lumiere III' 6-max Seat #2 is the button
Seat 1: scorpio04 ($182.33 in chips)
Seat 2: Nattokinasc ($210.08 in chips)
Nattokinasc: posts small blind $1
scorpio04: posts big blind $3
*** HOLE CARDS ***
Nattokinasc: folds
Uncalled bet ($2) returned to scorpio04
scorpio04 collected $2 from pot
scorpio04: doesn't show hand
*** SUMMARY ***
Total pot $2 | Rake $0
Seat 1: scorpio04 (big blind) collected ($2)
Seat 2: Nattokinasc (button) (small blind) folded before Flop


PokerStars Hand #147514205891:  Hold'em Limit ($3/$6 USD) - 2016/01/22 21:30:05 ET
Table 'Lumiere III' 6-max Seat #1 is the button
Seat 1: scorpio04 ($218.33 in chips)
Seat 2: Nattokinasc ($174.58 in chips)
scorpio04: posts small blind $1
Nattokinasc: posts big blind $3
*** HOLE CARDS ***
scorpio04: raises $3 to $6
Nattokinasc: raises $3 to $9
scorpio04: calls $3
*** FLOP *** [3d 7c 7s]
Nattokinasc: bets $3
scorpio04: calls $3
*** TURN *** [3d 7c 7s] [Jc]
Nattokinasc: bets $6
scorpio04: raises $6 to $12
Nattokinasc: raises $6 to $18
scorpio04: calls $6
*** RIVER *** [3d 7c 7s Jc] [3s]
Nattokinasc: bets $6
scorpio04: calls $6
*** SHOW DOWN ***
Nattokinasc: shows [As Ac] (two pair, Aces and Sevens)
scorpio04: mucks hand
Nattokinasc collected $71.50 from pot
*** SUMMARY ***
Total pot $72 | Rake $0.50
Board [3d 7c 7s Jc 3s]
Seat 1: scorpio04 (button) (small blind) mucked
Seat 2: Nattokinasc (big blind) showed [As Ac] and won ($71.50) with two pair, Aces and Sevens


PokerStars Hand #147514219002:  Hold'em Limit ($3/$6 USD) - 2016/01/22 21:30:33 ET
Table 'Lumiere III' 6-max Seat #1 is the button
Seat 1: scorpio04 ($183.33 in chips)
Seat 2: Nattokinasc ($209.08 in chips)
scorpio04: posts small blind $1
Nattokinasc: posts big blind $3
*** HOLE CARDS ***
scorpio04: raises $3 to $6
Nattokinasc: calls $3
*** FLOP *** [7s As 8d]
Nattokinasc: checks
scorpio04: bets $3
Nattokinasc: raises $3 to $6
scorpio04: calls $3
*** TURN *** [7s As 8d] [3s]
Nattokinasc: bets $6
scorpio04: calls $6
*** RIVER *** [7s As 8d 3s] [Kd]
Nattokinasc: checks
scorpio04: bets $6
Nattokinasc: folds
Uncalled bet ($6) returned to scorpio04
scorpio04 collected $35.50 from pot
scorpio04: doesn't show hand
*** SUMMARY ***
Total pot $36 | Rake $0.50
Board [7s As 8d 3s Kd]
Seat 1: scorpio04 (button) (small blind) collected ($35.50)
Seat 2: Nattokinasc (big blind) folded on the River


PokerStars Hand #147514250543:  Hold'em Limit ($3/$6 USD) - 2016/01/22 21:31:39 ET
Table 'Lumiere III' 6-max Seat #1 is the button
Seat 1: scorpio04 ($215.33 in chips)
Seat 2: Nattokinasc ($176.08 in chips)
scorpio04: posts small blind $1
Nattokinasc: posts big blind $3
*** HOLE CARDS ***
scorpio04: raises $3 to $6
Nattokinasc: raises $3 to $9
scorpio04: calls $3
*** FLOP *** [8c 2s 6s]
Nattokinasc: bets $3
scorpio04: folds
Uncalled bet ($3) returned to Nattokinasc
Nattokinasc collected $17.64 from pot
Nattokinasc: doesn't show hand
*** SUMMARY ***
Total pot $18 | Rake $0.36
Board [8c 2s 6s]
Seat 1: scorpio04 (button) (small blind) folded on the Flop
Seat 2: Nattokinasc (big blind) collected ($17.64)


PokerStars Hand #147514240084:  Hold'em Limit ($3/$6 USD) - 2016/01/22 21:31:17 ET
Table 'Lumiere III' 6-max Seat #2 is the button
Seat 1: scorpio04 ($200.83 in chips)
Seat 2: Nattokinasc ($191.08 in chips)
Nattokinasc: posts small blind $1
scorpio04: posts big blind $3
*** HOLE CARDS ***
Nattokinasc: raises $3 to $6
scorpio04: raises $3 to $9
Nattokinasc: calls $3
*** FLOP *** [4s Tc 5d]
scorpio04: bets $3
Nattokinasc: raises $3 to $6
scorpio04: calls $3
*** TURN *** [4s Tc 5d] [8d]
scorpio04: checks
Nattokinasc: checks
*** RIVER *** [4s Tc 5d 8d] [Js]
scorpio04: bets $6
Nattokinasc: folds
Uncalled bet ($6) returned to scorpio04
scorpio04 collected $29.50 from pot
scorpio04: doesn't show hand
*** SUMMARY ***
Total pot $30 | Rake $0.50
Board [4s Tc 5d 8d Js]
Seat 1: scorpio04 (big blind) collected ($29.50)
Seat 2: Nattokinasc (button) (small blind) folded on the River


PokerStars Hand #147514257035:  Hold'em Limit ($3/$6 USD) - 2016/01/22 21:31:53 ET
Table 'Lumiere III' 6-max Seat #2 is the button
Seat 1: scorpio04 ($206.33 in chips)
Seat 2: Nattokinasc ($184.72 in chips)
Nattokinasc: posts small blind $1
scorpio04: posts big blind $3
*** HOLE CARDS ***
Nattokinasc: raises $3 to $6
scorpio04: calls $3
*** FLOP *** [Ah Jc Kh]
scorpio04: checks
Nattokinasc: checks
*** TURN *** [Ah Jc Kh] [Qd]
scorpio04: checks
Nattokinasc: bets $6
scorpio04: folds
Uncalled bet ($6) returned to Nattokinasc
Nattokinasc collected $11.76 from pot
Nattokinasc: doesn't show hand
*** SUMMARY ***
Total pot $12 | Rake $0.24
Board [Ah Jc Kh Qd]
Seat 1: scorpio04 (big blind) folded on the Turn
Seat 2: Nattokinasc (button) (small blind) collected ($11.76)


PokerStars Hand #147514263283:  Hold'em Limit ($3/$6 USD) - 2016/01/22 21:32:06 ET
Table 'Lumiere III' 6-max Seat #1 is the button
Seat 1: scorpio04 ($200.33 in chips)
Seat 2: Nattokinasc ($190.48 in chips)
scorpio04: posts small blind $1
Nattokinasc: posts big blind $3
*** HOLE CARDS ***
scorpio04: raises $3 to $6
Nattokinasc: calls $3
*** FLOP *** [Tc Th 4h]
Nattokinasc: checks
scorpio04: bets $3
Nattokinasc: calls $3
*** TURN *** [Tc Th 4h] [9d]
Nattokinasc: checks
scorpio04: checks
*** RIVER *** [Tc Th 4h 9d] [7c]
Nattokinasc: checks
scorpio04: checks
*** SHOW DOWN ***
Nattokinasc: shows [5c Qc] (a pair of Tens)
scorpio04: shows [Ks 2d] (a pair of Tens - King kicker)
scorpio04 collected $17.64 from pot
*** SUMMARY ***
Total pot $18 | Rake $0.36
Board [Tc Th 4h 9d 7c]
Seat 1: scorpio04 (button) (small blind) showed [Ks 2d] and won ($17.64) with a pair of Tens
Seat 2: Nattokinasc (big blind) showed [5c Qc] and lost with a pair of Tens


PokerStars Hand #147514286024:  Hold'em Limit ($3/$6 USD) - 2016/01/22 21:32:54 ET
Table 'Lumiere III' 6-max Seat #1 is the button
Seat 1: scorpio04 ($213.97 in chips)
Seat 2: Nattokinasc ($176.48 in chips)
scorpio04: posts small blind $1
Nattokinasc: posts big blind $3
*** HOLE CARDS ***
scorpio04: raises $3 to $6
Nattokinasc: folds
Uncalled bet ($3) returned to scorpio04
scorpio04 collected $6 from pot
scorpio04: doesn't show hand
*** SUMMARY ***
Total pot $6 | Rake $0
Seat 1: scorpio04 (button) (small blind) collected ($6)
Seat 2: Nattokinasc (big blind) folded before Flop


PokerStars Hand #147514300928:  Hold'em Limit ($3/$6 USD) - 2016/01/22 21:33:26 ET
Table 'Lumiere III' 6-max Seat #1 is the button
Seat 1: scorpio04 ($210.97 in chips)
Seat 2: Nattokinasc ($179.24 in chips)
scorpio04: posts small blind $1
Nattokinasc: posts big blind $3
*** HOLE CARDS ***
scorpio04: raises $3 to $6
Nattokinasc: folds
Uncalled bet ($3) returned to scorpio04
scorpio04 collected $6 from pot
scorpio04: doesn't show hand
*** SUMMARY ***
Total pot $6 | Rake $0
Seat 1: scorpio04 (button) (small blind) collected ($6)
Seat 2: Nattokinasc (big blind) folded before Flop


PokerStars Hand #147514289318:  Hold'em Limit ($3/$6 USD) - 2016/01/22 21:33:01 ET
Table 'Lumiere III' 6-max Seat #2 is the button
Seat 1: scorpio04 ($216.97 in chips)
Seat 2: Nattokinasc ($173.48 in chips)
Nattokinasc: posts small blind $1
scorpio04: posts big blind $3
*** HOLE CARDS ***
Nattokinasc: raises $3 to $6
scorpio04: calls $3
*** FLOP *** [9s Th 8s]
scorpio04: checks
Nattokinasc: bets $3
scorpio04: folds
Uncalled bet ($3) returned to Nattokinasc
Nattokinasc collected $11.76 from pot
Nattokinasc: doesn't show hand
*** SUMMARY ***
Total pot $12 | Rake $0.24
Board [9s Th 8s]
Seat 1: scorpio04 (big blind) folded on the Flop
Seat 2: Nattokinasc (button) (small blind) collected ($11.76)


PokerStars Hand #147514283812:  Hold'em Limit ($3/$6 USD) - 2016/01/22 21:32:50 ET
Table 'Lumiere III' 6-max Seat #2 is the button
Seat 1: scorpio04 ($212.97 in chips)
Seat 2: Nattokinasc ($177.48 in chips)
Nattokinasc: posts small blind $1
scorpio04: posts big blind $3
*** HOLE CARDS ***
Nattokinasc: folds
Uncalled bet ($2) returned to scorpio04
scorpio04 collected $2 from pot
scorpio04: doesn't show hand
*** SUMMARY ***
Total pot $2 | Rake $0
Seat 1: scorpio04 (big blind) collected ($2)
Seat 2: Nattokinasc (button) (small blind) folded before Flop


PokerStars Hand #147514280828:  Hold'em Limit ($3/$6 USD) - 2016/01/22 21:32:43 ET
Table 'Lumiere III' 6-max Seat #1 is the button
Seat 1: scorpio04 ($209.97 in chips)
Seat 2: Nattokinasc ($180.48 in chips)
scorpio04: posts small blind $1
Nattokinasc: posts big blind $3
*** HOLE CARDS ***
scorpio04: raises $3 to $6
Nattokinasc: folds
Uncalled bet ($3) returned to scorpio04
scorpio04 collected $6 from pot
scorpio04: doesn't show hand
*** SUMMARY ***
Total pot $6 | Rake $0
Seat 1: scorpio04 (button) (small blind) collected ($6)
Seat 2: Nattokinasc (big blind) folded before Flop


PokerStars Hand #147514278541:  Hold'em Limit ($3/$6 USD) - 2016/01/22 21:32:38 ET
Table 'Lumiere III' 6-max Seat #2 is the button
Seat 1: scorpio04 ($208.97 in chips)
Seat 2: Nattokinasc ($181.48 in chips)
Nattokinasc: posts small blind $1
scorpio04: posts big blind $3
*** HOLE CARDS ***
Nattokinasc: folds
Uncalled bet ($2) returned to scorpio04
scorpio04 collected $2 from pot
scorpio04: doesn't show hand
*** SUMMARY ***
Total pot $2 | Rake $0
Seat 1: scorpio04 (big blind) collected ($2)
Seat 2: Nattokinasc (button) (small blind) folded before Flop


PokerStars Hand #147514303798:  Hold'em Limit ($3/$6 USD) - 2016/01/22 21:33:32 ET
Table 'Lumiere III' 6-max Seat #2 is the button
Seat 1: scorpio04 ($213.97 in chips)
Seat 2: Nattokinasc ($176.24 in chips)
Nattokinasc: posts small blind $1
scorpio04: posts big blind $3
*** HOLE CARDS ***
Nattokinasc: folds
Uncalled bet ($2) returned to scorpio04
parnishka11 joins the table at seat #3
scorpio04 collected $2 from pot
scorpio04: doesn't show hand
*** SUMMARY ***
Total pot $2 | Rake $0
Seat 1: scorpio04 (big blind) collected ($2)
Seat 2: Nattokinasc (button) (small blind) folded before Flop


PokerStars Hand #147514306428:  Hold'em Limit ($3/$6 USD) - 2016/01/22 21:33:38 ET
Table 'Lumiere III' 6-max Seat #1 is the button
Seat 1: scorpio04 ($214.97 in chips)
Seat 2: Nattokinasc ($175.24 in chips)
scorpio04: posts small blind $1
Nattokinasc: posts big blind $3
*** HOLE CARDS ***
scorpio04: raises $3 to $6
Nattokinasc: folds
Uncalled bet ($3) returned to scorpio04
scorpio04 collected $6 from pot
scorpio04: doesn't show hand
*** SUMMARY ***
Total pot $6 | Rake $0
Seat 1: scorpio04 (button) (small blind) collected ($6)
Seat 2: Nattokinasc (big blind) folded before Flop


PokerStars Hand #147514365042:  Hold'em Limit ($3/$6 USD) - 2016/01/22 21:35:42 ET
Table 'Lumiere III' 6-max Seat #3 is the button
Seat 1: scorpio04 ($248.60 in chips)
Seat 3: parnishka11 ($66.71 in chips)
parnishka11: posts small blind $1
scorpio04: posts big blind $3
*** HOLE CARDS ***
parnishka11: raises $3 to $6
scorpio04: calls $3
*** FLOP *** [Tc 4s 8h]
scorpio04: checks
parnishka11: bets $3
scorpio04: calls $3
*** TURN *** [Tc 4s 8h] [5d]
scorpio04: checks
parnishka11: checks
*** RIVER *** [Tc 4s 8h 5d] [3d]
scorpio04: bets $6
parnishka11: calls $6
*** SHOW DOWN ***
scorpio04: shows [Jh 3h] (a pair of Threes)
parnishka11: mucks hand
scorpio04 collected $29.50 from pot
*** SUMMARY ***
Total pot $30 | Rake $0.50
Board [Tc 4s 8h 5d 3d]
Seat 1: scorpio04 (big blind) showed [Jh 3h] and won ($29.50) with a pair of Threes
Seat 3: parnishka11 (button) (small blind) mucked


PokerStars Hand #147514359733:  Hold'em Limit ($3/$6 USD) - 2016/01/22 21:35:30 ET
Table 'Lumiere III' 6-max Seat #1 is the button
Seat 1: scorpio04 ($239.96 in chips)
Seat 3: parnishka11 ($75.71 in chips)
scorpio04: posts small blind $1
parnishka11: posts big blind $3
*** HOLE CARDS ***
scorpio04: raises $3 to $6
parnishka11: calls $3
*** FLOP *** [5h 3s Qh]
parnishka11: checks
scorpio04: bets $3
parnishka11: calls $3
*** TURN *** [5h 3s Qh] [2d]
parnishka11: checks
scorpio04: checks
*** RIVER *** [5h 3s Qh 2d] [5s]
Nattokinasc leaves the table
parnishka11: checks
scorpio04: checks
*** SHOW DOWN ***
parnishka11: shows [6c Kh] (a pair of Fives)
scorpio04: shows [Kd 8d] (a pair of Fives - King+Queen+Eight kicker)
scorpio04 collected $17.64 from pot
*** SUMMARY ***
Total pot $18 | Rake $0.36
Board [5h 3s Qh 2d 5s]
Seat 1: scorpio04 (button) (small blind) showed [Kd 8d] and won ($17.64) with a pair of Fives
Seat 3: parnishka11 (big blind) showed [6c Kh] and lost with a pair of Fives


