PokerStars Hand #147502444222:  Hold'em Limit ($3/$6 USD) - 2016/01/22 17:06:07 ET
Table 'Lumiere III' 6-max Seat #2 is the button
Seat 1: VolkovDmitri ($214.29 in chips)
Seat 2: nmpro32 ($67.55 in chips)
nmpro32: posts small blind $1
DePokeraap: is sitting out
VolkovDmitri: posts big blind $3
*** HOLE CARDS ***
nmpro32: raises $3 to $6
VolkovDmitri: calls $3
*** FLOP *** [6s 5d Ad]
VolkovDmitri: bets $3
nmpro32: raises $3 to $6
VolkovDmitri: calls $3
*** TURN *** [6s 5d Ad] [Ts]
VolkovDmitri: checks
nmpro32: bets $6
VolkovDmitri: calls $6
*** RIVER *** [6s 5d Ad Ts] [Kh]
VolkovDmitri: checks
nmpro32: bets $6
VolkovDmitri: calls $6
*** SHOW DOWN ***
nmpro32: shows [As Th] (two pair, Aces and Tens)
VolkovDmitri: mucks hand
nmpro32 collected $47.50 from pot
*** SUMMARY ***
Total pot $48 | Rake $0.50
Board [6s 5d Ad Ts Kh]
Seat 1: VolkovDmitri (big blind) mucked
Seat 2: nmpro32 (button) (small blind) showed [As Th] and won ($47.50) with two pair, Aces and Tens


PokerStars Hand #147502551739:  Hold'em Limit ($3/$6 USD) - 2016/01/22 17:07:51 ET
Table 'Lumiere III' 6-max Seat #1 is the button
Seat 1: VolkovDmitri ($190.29 in chips)
Seat 2: nmpro32 ($91.05 in chips)
VolkovDmitri: posts small blind $1
nmpro32: posts big blind $3
*** HOLE CARDS ***
VolkovDmitri: folds
Uncalled bet ($2) returned to nmpro32
nmpro32 collected $2 from pot
nmpro32: doesn't show hand
*** SUMMARY ***
Total pot $2 | Rake $0
Seat 1: VolkovDmitri (button) (small blind) folded before Flop
Seat 2: nmpro32 (big blind) collected ($2)


PokerStars Hand #147502546470:  Hold'em Limit ($3/$6 USD) - 2016/01/22 17:07:46 ET
Table 'Lumiere III' 6-max Seat #2 is the button
Seat 1: VolkovDmitri ($189.29 in chips)
Seat 2: nmpro32 ($92.05 in chips)
nmpro32: posts small blind $1
VolkovDmitri: posts big blind $3
*** HOLE CARDS ***
nmpro32: folds
Uncalled bet ($2) returned to VolkovDmitri
VolkovDmitri collected $2 from pot
VolkovDmitri: doesn't show hand
*** SUMMARY ***
Total pot $2 | Rake $0
Seat 1: VolkovDmitri (big blind) collected ($2)
Seat 2: nmpro32 (button) (small blind) folded before Flop


PokerStars Hand #147502537073:  Hold'em Limit ($3/$6 USD) - 2016/01/22 17:07:37 ET
Table 'Lumiere III' 6-max Seat #1 is the button
Seat 1: VolkovDmitri ($190.29 in chips)
Seat 2: nmpro32 ($91.05 in chips)
VolkovDmitri: posts small blind $1
nmpro32: posts big blind $3
*** HOLE CARDS ***
DePokeraap leaves the table
VolkovDmitri: folds
Uncalled bet ($2) returned to nmpro32
nmpro32 collected $2 from pot
nmpro32: doesn't show hand
*** SUMMARY ***
Total pot $2 | Rake $0
Seat 1: VolkovDmitri (button) (small blind) folded before Flop
Seat 2: nmpro32 (big blind) collected ($2)


PokerStars Hand #147502561828:  Hold'em Limit ($3/$6 USD) - 2016/01/22 17:08:01 ET
Table 'Lumiere III' 6-max Seat #2 is the button
Seat 1: VolkovDmitri ($189.29 in chips)
Seat 2: nmpro32 ($92.05 in chips)
nmpro32: posts small blind $1
VolkovDmitri: posts big blind $3
*** HOLE CARDS ***
nmpro32: raises $3 to $6
www.24.de joins the table at seat #6
VolkovDmitri: calls $3
*** FLOP *** [3h 2d 5h]
VolkovDmitri: bets $3
nmpro32: raises $3 to $6
VolkovDmitri: raises $3 to $9
nmpro32: calls $3
*** TURN *** [3h 2d 5h] [8h]
VolkovDmitri: bets $6
nmpro32: calls $6
*** RIVER *** [3h 2d 5h 8h] [8s]
VolkovDmitri: bets $6
nmpro32: calls $6
*** SHOW DOWN ***
VolkovDmitri: shows [9h 5s] (two pair, Eights and Fives)
nmpro32: shows [Qc Qs] (two pair, Queens and Eights)
nmpro32 collected $53.50 from pot
*** SUMMARY ***
Total pot $54 | Rake $0.50
Board [3h 2d 5h 8h 8s]
Seat 1: VolkovDmitri (big blind) showed [9h 5s] and lost with two pair, Eights and Fives
Seat 2: nmpro32 (button) (small blind) showed [Qc Qs] and won ($53.50) with two pair, Queens and Eights


PokerStars Hand #147502615877:  Hold'em Limit ($3/$6 USD) - 2016/01/22 17:08:54 ET
Table 'Lumiere III' 6-max Seat #1 is the button
Seat 1: VolkovDmitri ($162.29 in chips)
Seat 2: nmpro32 ($118.55 in chips)
VolkovDmitri: posts small blind $1
nmpro32: posts big blind $3
*** HOLE CARDS ***
VolkovDmitri: raises $3 to $6
nmpro32: calls $3
*** FLOP *** [Ah Ts 8d]
nmpro32: checks
VolkovDmitri: bets $3
nmpro32: folds
Uncalled bet ($3) returned to VolkovDmitri
VolkovDmitri collected $11.76 from pot
VolkovDmitri: doesn't show hand
*** SUMMARY ***
Total pot $12 | Rake $0.24
Board [Ah Ts 8d]
Seat 1: VolkovDmitri (button) (small blind) collected ($11.76)
Seat 2: nmpro32 (big blind) folded on the Flop


PokerStars Hand #147503804877:  Hold'em Limit ($3/$6 USD) - 2016/01/22 17:28:51 ET
Table 'Lumiere III' 6-max Seat #2 is the button
Seat 2: nmpro32 ($188.92 in chips)
Seat 4: Randers14 ($296.19 in chips)
nmpro32: posts small blind $1
Randers14: posts big blind $3
*** HOLE CARDS ***
nmpro32: folds
Uncalled bet ($2) returned to Randers14
Randers14 collected $2 from pot
Randers14: doesn't show hand
*** SUMMARY ***
Total pot $2 | Rake $0
Seat 2: nmpro32 (button) (small blind) folded before Flop
Seat 4: Randers14 (big blind) collected ($2)


