PokerStars Hand #161492955015:  Hold'em Limit ($3/$6 USD) - 2016/11/16 11:52:09 ET
Table 'Lumiere' 6-max Seat #1 is the button
Seat 1: Zubasa07 ($500 in chips)
Seat 2: kdcl ($32.03 in chips)
Zubasa07: posts small blind $1
kdcl: posts big blind $3
*** HOLE CARDS ***
Zubasa07: folds
Uncalled bet ($2) returned to kdcl
kdcl collected $2 from pot
*** SUMMARY ***
Total pot $2 | Rake $0
Seat 1: Zubasa07 (button) (small blind) folded before Flop
Seat 2: kdcl (big blind) collected ($2)


PokerStars Hand #161492950745:  Hold'em Limit ($3/$6 USD) - 2016/11/16 11:52:04 ET
Table 'Lumiere' 6-max Seat #2 is the button
Seat 1: Zubasa07 ($499 in chips)
Seat 2: kdcl ($33.03 in chips)
kdcl: posts small blind $1
Zubasa07: posts big blind $3
*** HOLE CARDS ***
kdcl: folds
Uncalled bet ($2) returned to Zubasa07
Zubasa07 collected $2 from pot
Zubasa07: doesn't show hand
*** SUMMARY ***
Total pot $2 | Rake $0
Seat 1: Zubasa07 (big blind) collected ($2)
Seat 2: kdcl (button) (small blind) folded before Flop


PokerStars Hand #161492967244:  Hold'em Limit ($3/$6 USD) - 2016/11/16 11:52:25 ET
Table 'Lumiere' 6-max Seat #2 is the button
Seat 1: Zubasa07 ($499 in chips)
Seat 2: kdcl ($33.03 in chips)
kdcl: posts small blind $1
Zubasa07: posts big blind $3
*** HOLE CARDS ***
kdcl: raises $3 to $6
Zubasa07: calls $3
*** FLOP *** [Td 7h 5c]
Zubasa07: checks
kdcl: checks
*** TURN *** [Td 7h 5c] [2c]
Zubasa07: checks
kdcl: checks
*** RIVER *** [Td 7h 5c 2c] [Jd]
Zubasa07: checks
kdcl: checks
*** SHOW DOWN ***
Zubasa07: shows [Kh 6c] (high card King)
kdcl: mucks hand
Zubasa07 collected $11.76 from pot
*** SUMMARY ***
Total pot $12 | Rake $0.24
Board [Td 7h 5c 2c Jd]
Seat 1: Zubasa07 (big blind) showed [Kh 6c] and won ($11.76) with high card King
Seat 2: kdcl (button) (small blind) mucked


PokerStars Hand #161493055695:  Hold'em Limit ($3/$6 USD) - 2016/11/16 11:54:17 ET
Table 'Lumiere' 6-max Seat #2 is the button
Seat 1: Zubasa07 ($504.51 in chips)
Seat 2: kdcl ($26.78 in chips)
kdcl: posts small blind $1
Zubasa07: posts big blind $3
*** HOLE CARDS ***
kdcl: folds
Uncalled bet ($2) returned to Zubasa07
Zubasa07 collected $2 from pot
Zubasa07: doesn't show hand
*** SUMMARY ***
Total pot $2 | Rake $0
Seat 1: Zubasa07 (big blind) collected ($2)
Seat 2: kdcl (button) (small blind) folded before Flop


PokerStars Hand #161493048904:  Hold'em Limit ($3/$6 USD) - 2016/11/16 11:54:08 ET
Table 'Lumiere' 6-max Seat #1 is the button
Seat 1: Zubasa07 ($505.51 in chips)
Seat 2: kdcl ($25.78 in chips)
Zubasa07: posts small blind $1
kdcl: posts big blind $3
*** HOLE CARDS ***
Zubasa07: folds
Uncalled bet ($2) returned to kdcl
kdcl collected $2 from pot
*** SUMMARY ***
Total pot $2 | Rake $0
Seat 1: Zubasa07 (button) (small blind) folded before Flop
Seat 2: kdcl (big blind) collected ($2)


PokerStars Hand #161493059566:  Hold'em Limit ($3/$6 USD) - 2016/11/16 11:54:22 ET
Table 'Lumiere' 6-max Seat #1 is the button
Seat 1: Zubasa07 ($505.51 in chips)
Seat 2: kdcl ($25.78 in chips)
Zubasa07: posts small blind $1
kdcl: posts big blind $3
*** HOLE CARDS ***
Zubasa07: raises $3 to $6
kdcl: calls $3
*** FLOP *** [Qh Ad Tc]
kdcl: checks
Zubasa07: bets $3
kdcl: calls $3
*** TURN *** [Qh Ad Tc] [Kh]
kdcl: checks
Zubasa07: checks
*** RIVER *** [Qh Ad Tc Kh] [8c]
kdcl: bets $6
Zubasa07: folds
Uncalled bet ($6) returned to kdcl
kdcl collected $17.64 from pot
*** SUMMARY ***
Total pot $18 | Rake $0.36
Board [Qh Ad Tc Kh 8c]
Seat 1: Zubasa07 (button) (small blind) folded on the River
Seat 2: kdcl (big blind) collected ($17.64)


PokerStars Hand #161493044978:  Hold'em Limit ($3/$6 USD) - 2016/11/16 11:54:03 ET
Table 'Lumiere' 6-max Seat #2 is the button
Seat 1: Zubasa07 ($504.51 in chips)
Seat 2: kdcl ($26.78 in chips)
kdcl: posts small blind $1
Zubasa07: posts big blind $3
*** HOLE CARDS ***
kdcl: folds
Uncalled bet ($2) returned to Zubasa07
Zubasa07 collected $2 from pot
Zubasa07: doesn't show hand
*** SUMMARY ***
Total pot $2 | Rake $0
Seat 1: Zubasa07 (big blind) collected ($2)
Seat 2: kdcl (button) (small blind) folded before Flop


PokerStars Hand #161493006701:  Hold'em Limit ($3/$6 USD) - 2016/11/16 11:53:15 ET
Table 'Lumiere' 6-max Seat #1 is the button
Seat 1: Zubasa07 ($504.76 in chips)
Seat 2: kdcl ($27.03 in chips)
Zubasa07: posts small blind $1
kdcl: posts big blind $3
*** HOLE CARDS ***
Zubasa07: raises $3 to $6
kdcl: calls $3
*** FLOP *** [3h 6s 3s]
kdcl: checks
Zubasa07: bets $3
kdcl: raises $3 to $6
Zubasa07: calls $3
*** TURN *** [3h 6s 3s] [9d]
kdcl: bets $6
Zubasa07: calls $6
*** RIVER *** [3h 6s 3s 9d] [Tc]
kdcl: bets $6
Zubasa07: calls $6
*** SHOW DOWN ***
kdcl: shows [5c Ad] (a pair of Threes)
Zubasa07: shows [5h Ah] (a pair of Threes)
kdcl collected $23.75 from pot
Zubasa07 collected $23.75 from pot
*** SUMMARY ***
Total pot $48 | Rake $0.50
Board [3h 6s 3s 9d Tc]
Seat 1: Zubasa07 (button) (small blind) showed [5h Ah] and won ($23.75) with a pair of Threes
Seat 2: kdcl (big blind) showed [5c Ad] and won ($23.75) with a pair of Threes


PokerStars Hand #161493086343:  Hold'em Limit ($3/$6 USD) - 2016/11/16 11:54:56 ET
Table 'Lumiere' 6-max Seat #2 is the button
Seat 1: Zubasa07 ($496.51 in chips)
Seat 2: kdcl ($34.42 in chips)
kdcl: posts small blind $1
Zubasa07: posts big blind $3
*** HOLE CARDS ***
kdcl: raises $3 to $6
Zubasa07: calls $3
*** FLOP *** [Td 2s 6d]
Zubasa07: checks
kdcl: checks
*** TURN *** [Td 2s 6d] [Qh]
Zubasa07: bets $6
kdcl: raises $6 to $12
Zubasa07: calls $6
*** RIVER *** [Td 2s 6d Qh] [Qd]
Zubasa07: checks
kdcl: bets $6
Zubasa07: folds
Uncalled bet ($6) returned to kdcl
kdcl collected $35.50 from pot
*** SUMMARY ***
Total pot $36 | Rake $0.50
Board [Td 2s 6d Qh Qd]
Seat 1: Zubasa07 (big blind) folded on the River
Seat 2: kdcl (button) (small blind) collected ($35.50)


PokerStars Hand #161493137216:  Hold'em Limit ($3/$6 USD) - 2016/11/16 11:56:09 ET
Table 'Lumiere' 6-max Seat #1 is the button
Seat 1: Zubasa07 ($478.51 in chips)
Seat 2: kdcl ($51.92 in chips)
Zubasa07: posts small blind $1
kdcl: posts big blind $3
*** HOLE CARDS ***
Zubasa07: folds
Uncalled bet ($2) returned to kdcl
kdcl collected $2 from pot
*** SUMMARY ***
Total pot $2 | Rake $0
Seat 1: Zubasa07 (button) (small blind) folded before Flop
Seat 2: kdcl (big blind) collected ($2)


PokerStars Hand #161493133462:  Hold'em Limit ($3/$6 USD) - 2016/11/16 11:56:04 ET
Table 'Lumiere' 6-max Seat #2 is the button
Seat 1: Zubasa07 ($477.51 in chips)
Seat 2: kdcl ($52.92 in chips)
kdcl: posts small blind $1
Zubasa07: posts big blind $3
*** HOLE CARDS ***
kdcl: folds
Uncalled bet ($2) returned to Zubasa07
Zubasa07 collected $2 from pot
Zubasa07: doesn't show hand
*** SUMMARY ***
Total pot $2 | Rake $0
Seat 1: Zubasa07 (big blind) collected ($2)
Seat 2: kdcl (button) (small blind) folded before Flop


PokerStars Hand #161493126884:  Hold'em Limit ($3/$6 USD) - 2016/11/16 11:55:54 ET
Table 'Lumiere' 6-max Seat #1 is the button
Seat 1: Zubasa07 ($478.51 in chips)
Seat 2: kdcl ($51.92 in chips)
Zubasa07: posts small blind $1
kdcl: posts big blind $3
*** HOLE CARDS ***
Zubasa07: folds
Uncalled bet ($2) returned to kdcl
kdcl collected $2 from pot
*** SUMMARY ***
Total pot $2 | Rake $0
Seat 1: Zubasa07 (button) (small blind) folded before Flop
Seat 2: kdcl (big blind) collected ($2)


PokerStars Hand #161493141839:  Hold'em Limit ($3/$6 USD) - 2016/11/16 11:56:16 ET
Table 'Lumiere' 6-max Seat #2 is the button
Seat 1: Zubasa07 ($477.51 in chips)
Seat 2: kdcl ($52.92 in chips)
kdcl: posts small blind $1
Zubasa07: posts big blind $3
*** HOLE CARDS ***
kdcl: folds
Uncalled bet ($2) returned to Zubasa07
Zubasa07 collected $2 from pot
Zubasa07: doesn't show hand
*** SUMMARY ***
Total pot $2 | Rake $0
Seat 1: Zubasa07 (big blind) collected ($2)
Seat 2: kdcl (button) (small blind) folded before Flop


PokerStars Hand #161493146100:  Hold'em Limit ($3/$6 USD) - 2016/11/16 11:56:22 ET
Table 'Lumiere' 6-max Seat #1 is the button
Seat 1: Zubasa07 ($478.51 in chips)
Seat 2: kdcl ($51.92 in chips)
Zubasa07: posts small blind $1
kdcl: posts big blind $3
*** HOLE CARDS ***
Zubasa07: raises $3 to $6
kdcl: folds
Uncalled bet ($3) returned to Zubasa07
Zubasa07 collected $6 from pot
Zubasa07: doesn't show hand
*** SUMMARY ***
Total pot $6 | Rake $0
Seat 1: Zubasa07 (button) (small blind) collected ($6)
Seat 2: kdcl (big blind) folded before Flop


PokerStars Hand #161493152680:  Hold'em Limit ($3/$6 USD) - 2016/11/16 11:56:32 ET
Table 'Lumiere' 6-max Seat #2 is the button
Seat 1: Zubasa07 ($481.51 in chips)
Seat 2: kdcl ($48.92 in chips)
kdcl: posts small blind $1
Zubasa07: posts big blind $3
*** HOLE CARDS ***
kdcl: raises $3 to $6
Zubasa07: raises $3 to $9
kdcl: calls $3
*** FLOP *** [9c 6s Kh]
Zubasa07: bets $3
kdcl: calls $3
*** TURN *** [9c 6s Kh] [Qs]
Zubasa07: bets $6
kdcl: calls $6
*** RIVER *** [9c 6s Kh Qs] [4s]
Zubasa07: bets $6
kdcl: raises $6 to $12
Zubasa07: calls $6
*** SHOW DOWN ***
kdcl: shows [6c Kd] (two pair, Kings and Sixes)
Zubasa07: shows [6h 6d] (three of a kind, Sixes)
Zubasa07 collected $59.50 from pot
*** SUMMARY ***
Total pot $60 | Rake $0.50
Board [9c 6s Kh Qs 4s]
Seat 1: Zubasa07 (big blind) showed [6h 6d] and won ($59.50) with three of a kind, Sixes
Seat 2: kdcl (button) (small blind) showed [6c Kd] and lost with two pair, Kings and Sixes


PokerStars Hand #161493181078:  Hold'em Limit ($3/$6 USD) - 2016/11/16 11:57:13 ET
Table 'Lumiere' 6-max Seat #1 is the button
Seat 1: Zubasa07 ($511.01 in chips)
Seat 2: kdcl ($18.92 in chips)
Zubasa07: posts small blind $1
kdcl: posts big blind $3
*** HOLE CARDS ***
Zubasa07: raises $3 to $6
kdcl: raises $3 to $9
Zubasa07: calls $3
*** FLOP *** [3d Td 7s]
kdcl: bets $3
Zubasa07: calls $3
*** TURN *** [3d Td 7s] [2s]
kdcl: bets $6
Zubasa07: raises $6 to $12
kdcl: calls $0.92 and is all-in
Uncalled bet ($5.08) returned to Zubasa07
*** RIVER *** [3d Td 7s 2s] [Tc]
*** SHOW DOWN ***
kdcl: shows [Qc Ac] (a pair of Tens)
Zubasa07: shows [3s Jd] (two pair, Tens and Threes)
Zubasa07 collected $37.34 from pot
*** SUMMARY ***
Total pot $37.84 | Rake $0.50
Board [3d Td 7s 2s Tc]
Seat 1: Zubasa07 (button) (small blind) showed [3s Jd] and won ($37.34) with two pair, Tens and Threes
Seat 2: kdcl (big blind) showed [Qc Ac] and lost with a pair of Tens


