PokerStars Hand #157628425417:  Hold'em Limit ($3/$6 USD) - 2016/08/23 4:10:12 ET
Table 'Luna' 6-max Seat #3 is the button
Seat 3: libaikang ($105 in chips)
Seat 4: Agrotait ($72 in chips)
libaikang: posts small blind $1
Agrotait: posts big blind $3
*** HOLE CARDS ***
libaikang: folds
Uncalled bet ($2) returned to Agrotait
Agrotait collected $2 from pot
Agrotait: doesn't show hand
*** SUMMARY ***
Total pot $2 | Rake $0
Seat 3: libaikang (button) (small blind) folded before Flop
Seat 4: Agrotait (big blind) collected ($2)


PokerStars Hand #157628428634:  Hold'em Limit ($3/$6 USD) - 2016/08/23 4:10:23 ET
Table 'Luna' 6-max Seat #4 is the button
Seat 3: libaikang ($104 in chips)
Seat 4: Agrotait ($73 in chips)
Agrotait: posts small blind $1
libaikang: posts big blind $3
*** HOLE CARDS ***
Agrotait: folds
Uncalled bet ($2) returned to libaikang
libaikang collected $2 from pot
libaikang: doesn't show hand
*** SUMMARY ***
Total pot $2 | Rake $0
Seat 3: libaikang (big blind) collected ($2)
Seat 4: Agrotait (button) (small blind) folded before Flop


PokerStars Hand #157628434551:  Hold'em Limit ($3/$6 USD) - 2016/08/23 4:10:43 ET
Table 'Luna' 6-max Seat #3 is the button
Seat 3: libaikang ($105 in chips)
Seat 4: Agrotait ($72 in chips)
libaikang: posts small blind $1
Agrotait: posts big blind $3
*** HOLE CARDS ***
libaikang: calls $2
Agrotait: checks
*** FLOP *** [5c 7s Ac]
Agrotait: bets $3
libaikang: raises $3 to $6
Agrotait: calls $3
*** TURN *** [5c 7s Ac] [3d]
Agrotait: bets $6
libaikang: raises $6 to $12
Agrotait: raises $6 to $18
libaikang: raises $6 to $24
Betting is capped
Agrotait: calls $6
*** RIVER *** [5c 7s Ac 3d] [Td]
Agrotait: bets $6
libaikang: calls $6
*** SHOW DOWN ***
Agrotait: shows [6h 4s] (a straight, Three to Seven)
libaikang: mucks hand
Agrotait collected $77.50 from pot
*** SUMMARY ***
Total pot $78 | Rake $0.50
Board [5c 7s Ac 3d Td]
Seat 3: libaikang (button) (small blind) mucked
Seat 4: Agrotait (big blind) showed [6h 4s] and won ($77.50) with a straight, Three to Seven


PokerStars Hand #157628444547:  Hold'em Limit ($3/$6 USD) - 2016/08/23 4:11:18 ET
Table 'Luna' 6-max Seat #4 is the button
Seat 3: libaikang ($66 in chips)
Seat 4: Agrotait ($110.50 in chips)
Agrotait: posts small blind $1
libaikang: posts big blind $3
*** HOLE CARDS ***
Agrotait: raises $3 to $6
libaikang: raises $3 to $9
Agrotait: calls $3
*** FLOP *** [Qc 4c 2c]
libaikang: bets $3
Agrotait: calls $3
*** TURN *** [Qc 4c 2c] [5d]
libaikang: bets $6
Agrotait: calls $6
*** RIVER *** [Qc 4c 2c 5d] [4h]
libaikang: bets $6
Agrotait: calls $6
*** SHOW DOWN ***
libaikang: shows [Jc 9d] (a pair of Fours)
Agrotait: shows [Ac 8d] (a pair of Fours - Ace kicker)
Agrotait collected $47.50 from pot
*** SUMMARY ***
Total pot $48 | Rake $0.50
Board [Qc 4c 2c 5d 4h]
Seat 3: libaikang (big blind) showed [Jc 9d] and lost with a pair of Fours
Seat 4: Agrotait (button) (small blind) showed [Ac 8d] and won ($47.50) with a pair of Fours


PokerStars Hand #157628461039:  Hold'em Limit ($3/$6 USD) - 2016/08/23 4:12:14 ET
Table 'Luna' 6-max Seat #3 is the button
Seat 3: libaikang ($42 in chips)
Seat 4: Agrotait ($134 in chips)
libaikang: posts small blind $1
Agrotait: posts big blind $3
*** HOLE CARDS ***
libaikang: calls $2
Agrotait: checks
*** FLOP *** [5s Ah Td]
Agrotait: bets $3
libaikang: calls $3
*** TURN *** [5s Ah Td] [Qc]
Agrotait: checks
libaikang: checks
*** RIVER *** [5s Ah Td Qc] [Ad]
Agrotait: checks
libaikang: bets $6
Agrotait: folds
Uncalled bet ($6) returned to libaikang
libaikang collected $11.76 from pot
libaikang: doesn't show hand
*** SUMMARY ***
Total pot $12 | Rake $0.24
Board [5s Ah Td Qc Ad]
Seat 3: libaikang (button) (small blind) collected ($11.76)
Seat 4: Agrotait (big blind) folded on the River


PokerStars Hand #157628472437:  Hold'em Limit ($3/$6 USD) - 2016/08/23 4:12:53 ET
Table 'Luna' 6-max Seat #4 is the button
Seat 3: libaikang ($47.76 in chips)
Seat 4: Agrotait ($128 in chips)
Agrotait: posts small blind $1
libaikang: posts big blind $3
*** HOLE CARDS ***
Agrotait: folds
Uncalled bet ($2) returned to libaikang
libaikang collected $2 from pot
libaikang: doesn't show hand
*** SUMMARY ***
Total pot $2 | Rake $0
Seat 3: libaikang (big blind) collected ($2)
Seat 4: Agrotait (button) (small blind) folded before Flop


PokerStars Hand #157628474212:  Hold'em Limit ($3/$6 USD) - 2016/08/23 4:12:59 ET
Table 'Luna' 6-max Seat #3 is the button
Seat 3: libaikang ($48.76 in chips)
Seat 4: Agrotait ($127 in chips)
libaikang: posts small blind $1
Agrotait: posts big blind $3
*** HOLE CARDS ***
zimin10 joins the table at seat #5
libaikang: raises $3 to $6
Agrotait: calls $3
*** FLOP *** [4d 4c 9h]
Agrotait: checks
libaikang: bets $3
Agrotait: calls $3
*** TURN *** [4d 4c 9h] [2s]
Agrotait: checks
libaikang: checks
*** RIVER *** [4d 4c 9h 2s] [Jh]
Agrotait: checks
libaikang: checks
*** SHOW DOWN ***
Agrotait: shows [8c Td] (a pair of Fours)
libaikang: shows [Ad 6c] (a pair of Fours - Ace kicker)
libaikang collected $17.64 from pot
*** SUMMARY ***
Total pot $18 | Rake $0.36
Board [4d 4c 9h 2s Jh]
Seat 3: libaikang (button) (small blind) showed [Ad 6c] and won ($17.64) with a pair of Fours
Seat 4: Agrotait (big blind) showed [8c Td] and lost with a pair of Fours


PokerStars Hand #157628487002:  Hold'em Limit ($3/$6 USD) - 2016/08/23 4:13:42 ET
Table 'Luna' 6-max Seat #4 is the button
Seat 3: libaikang ($57.40 in chips)
Seat 4: Agrotait ($118 in chips)
Agrotait: posts small blind $1
libaikang: posts big blind $3
*** HOLE CARDS ***
Agrotait: raises $3 to $6
libaikang: folds
Uncalled bet ($3) returned to Agrotait
Agrotait collected $6 from pot
Agrotait: doesn't show hand
*** SUMMARY ***
Total pot $6 | Rake $0
Seat 3: libaikang (big blind) folded before Flop
Seat 4: Agrotait (button) (small blind) collected ($6)


PokerStars Hand #157628489748:  Hold'em Limit ($3/$6 USD) - 2016/08/23 4:13:52 ET
Table 'Luna' 6-max Seat #3 is the button
Seat 3: libaikang ($54.40 in chips)
Seat 4: Agrotait ($121 in chips)
libaikang: posts small blind $1
Agrotait: posts big blind $3
*** HOLE CARDS ***
libaikang: raises $3 to $6
Agrotait: folds
Uncalled bet ($3) returned to libaikang
libaikang collected $6 from pot
libaikang: doesn't show hand
*** SUMMARY ***
Total pot $6 | Rake $0
Seat 3: libaikang (button) (small blind) collected ($6)
Seat 4: Agrotait (big blind) folded before Flop


PokerStars Hand #157628492089:  Hold'em Limit ($3/$6 USD) - 2016/08/23 4:14:00 ET
Table 'Luna' 6-max Seat #4 is the button
Seat 3: libaikang ($57.40 in chips)
Seat 4: Agrotait ($118 in chips)
Agrotait: posts small blind $1
libaikang: posts big blind $3
*** HOLE CARDS ***
Agrotait: raises $3 to $6
libaikang: calls $3
*** FLOP *** [3c 9c 4h]
libaikang: checks
Agrotait: bets $3
libaikang: calls $3
*** TURN *** [3c 9c 4h] [8c]
libaikang: checks
Agrotait: checks
*** RIVER *** [3c 9c 4h 8c] [Kd]
libaikang: checks
Agrotait: checks
*** SHOW DOWN ***
libaikang: shows [7c Qd] (high card King)
Agrotait: shows [3d 7d] (a pair of Threes)
Agrotait collected $17.64 from pot
*** SUMMARY ***
Total pot $18 | Rake $0.36
Board [3c 9c 4h 8c Kd]
Seat 3: libaikang (big blind) showed [7c Qd] and lost with high card King
Seat 4: Agrotait (button) (small blind) showed [3d 7d] and won ($17.64) with a pair of Threes


PokerStars Hand #157628498148:  Hold'em Limit ($3/$6 USD) - 2016/08/23 4:14:21 ET
Table 'Luna' 6-max Seat #3 is the button
Seat 3: libaikang ($48.40 in chips)
Seat 4: Agrotait ($126.64 in chips)
libaikang: posts small blind $1
Agrotait: posts big blind $3
*** HOLE CARDS ***
libaikang: raises $3 to $6
Agrotait: folds
Uncalled bet ($3) returned to libaikang
libaikang collected $6 from pot
libaikang: doesn't show hand
*** SUMMARY ***
Total pot $6 | Rake $0
Seat 3: libaikang (button) (small blind) collected ($6)
Seat 4: Agrotait (big blind) folded before Flop


PokerStars Hand #157628500388:  Hold'em Limit ($3/$6 USD) - 2016/08/23 4:14:28 ET
Table 'Luna' 6-max Seat #4 is the button
Seat 3: libaikang ($51.40 in chips)
Seat 4: Agrotait ($123.64 in chips)
Agrotait: posts small blind $1
libaikang: posts big blind $3
*** HOLE CARDS ***
Agrotait: raises $3 to $6
libaikang: raises $3 to $9
Agrotait: calls $3
*** FLOP *** [Tc 4h 5c]
libaikang: bets $3
Agrotait: calls $3
*** TURN *** [Tc 4h 5c] [3c]
libaikang: checks
Agrotait: checks
*** RIVER *** [Tc 4h 5c 3c] [6d]
libaikang: checks
Agrotait: checks
*** SHOW DOWN ***
libaikang: shows [9s 8d] (high card Ten)
Agrotait: shows [As 8s] (high card Ace)
Agrotait collected $23.52 from pot
*** SUMMARY ***
Total pot $24 | Rake $0.48
Board [Tc 4h 5c 3c 6d]
Seat 3: libaikang (big blind) showed [9s 8d] and lost with high card Ten
Seat 4: Agrotait (button) (small blind) showed [As 8s] and won ($23.52) with high card Ace


PokerStars Hand #157628516824:  Hold'em Limit ($3/$6 USD) - 2016/08/23 4:15:24 ET
Table 'Luna' 6-max Seat #4 is the button
Seat 3: libaikang ($50.92 in chips)
Seat 4: Agrotait ($123.16 in chips)
Agrotait: posts small blind $1
libaikang: posts big blind $3
*** HOLE CARDS ***
Agrotait: folds
Uncalled bet ($2) returned to libaikang
libaikang collected $2 from pot
libaikang: doesn't show hand
*** SUMMARY ***
Total pot $2 | Rake $0
Seat 3: libaikang (big blind) collected ($2)
Seat 4: Agrotait (button) (small blind) folded before Flop


PokerStars Hand #157628507513:  Hold'em Limit ($3/$6 USD) - 2016/08/23 4:14:53 ET
Table 'Luna' 6-max Seat #3 is the button
Seat 3: libaikang ($39.40 in chips)
Seat 4: Agrotait ($135.16 in chips)
libaikang: posts small blind $1
Agrotait: posts big blind $3
*** HOLE CARDS ***
libaikang: raises $3 to $6
Agrotait: calls $3
*** FLOP *** [9h 5h 3s]
Agrotait: checks
libaikang: checks
*** TURN *** [9h 5h 3s] [As]
Agrotait: bets $6
libaikang: raises $6 to $12
Agrotait: folds
Uncalled bet ($6) returned to libaikang
libaikang collected $23.52 from pot
libaikang: doesn't show hand
*** SUMMARY ***
Total pot $24 | Rake $0.48
Board [9h 5h 3s As]
Seat 3: libaikang (button) (small blind) collected ($23.52)
Seat 4: Agrotait (big blind) folded on the Turn


PokerStars Hand #157628518392:  Hold'em Limit ($3/$6 USD) - 2016/08/23 4:15:29 ET
Table 'Luna' 6-max Seat #3 is the button
Seat 3: libaikang ($51.92 in chips)
Seat 4: Agrotait ($122.16 in chips)
libaikang: posts small blind $1
Agrotait: posts big blind $3
*** HOLE CARDS ***
libaikang: calls $2
Agrotait: raises $3 to $6
libaikang: raises $3 to $9
ABATAPP joins the table at seat #2
Agrotait: calls $3
*** FLOP *** [2h Jh 2c]
Agrotait: bets $3
libaikang: raises $3 to $6
Agrotait: calls $3
*** TURN *** [2h Jh 2c] [7h]
Agrotait: checks
libaikang: bets $6
Agrotait: calls $6
*** RIVER *** [2h Jh 2c 7h] [2s]
Agrotait: checks
libaikang: checks
*** SHOW DOWN ***
Agrotait: shows [Kc Jd] (a full house, Deuces full of Jacks)
libaikang: mucks hand
Agrotait collected $41.50 from pot
*** SUMMARY ***
Total pot $42 | Rake $0.50
Board [2h Jh 2c 7h 2s]
Seat 3: libaikang (button) (small blind) mucked
Seat 4: Agrotait (big blind) showed [Kc Jd] and won ($41.50) with a full house, Deuces full of Jacks


