PokerStars Hand #175830624529:  Hold'em Limit ($3/$6 USD) - 2017/09/18 20:34:46 ET
Table 'Lunaria' 6-max Seat #3 is the button
Seat 3: Artachok ($221.86 in chips)
Seat 4: Psynto ($72 in chips)
Artachok: posts small blind $1
Psynto: posts big blind $3
*** HOLE CARDS ***
Artachok: raises $3 to $6
Psynto: folds
Uncalled bet ($3) returned to Artachok
Artachok collected $6 from pot
Artachok: doesn't show hand
*** SUMMARY ***
Total pot $6 | Rake $0
Seat 3: Artachok (button) (small blind) collected ($6)
Seat 4: Psynto (big blind) folded before Flop


PokerStars Hand #175830616724:  Hold'em Limit ($3/$6 USD) - 2017/09/18 20:34:28 ET
Table 'Lunaria' 6-max Seat #4 is the button
Seat 3: Artachok ($207.36 in chips)
Seat 4: Psynto ($77 in chips)
Psynto: posts small blind $1
Artachok: posts big blind $3
*** HOLE CARDS ***
Psynto: raises $3 to $6
Artachok: calls $3
*** FLOP *** [5s 9c Jc]
Artachok: checks
Psynto: bets $3
Artachok: calls $3
*** TURN *** [5s 9c Jc] [7c]
Artachok: checks
Psynto: checks
*** RIVER *** [5s 9c Jc 7c] [7h]
JohnnyDepp joins the table at seat #5
Artachok: bets $6
Psynto: calls $6
*** SHOW DOWN ***
Artachok: shows [8s 6c] (a straight, Five to Nine)
Psynto: mucks hand
Artachok collected $29.50 from pot
*** SUMMARY ***
Total pot $30 | Rake $0.50
Board [5s 9c Jc 7c 7h]
Seat 3: Artachok (big blind) showed [8s 6c] and won ($29.50) with a straight, Five to Nine
Seat 4: Psynto (button) (small blind) mucked


PokerStars Hand #175830614264:  Hold'em Limit ($3/$6 USD) - 2017/09/18 20:34:23 ET
Table 'Lunaria' 6-max Seat #3 is the button
Seat 3: Artachok ($208.36 in chips)
Seat 4: Psynto ($76 in chips)
Artachok: posts small blind $1
Psynto: posts big blind $3
*** HOLE CARDS ***
Artachok: folds
Uncalled bet ($2) returned to Psynto
Psynto collected $2 from pot
Psynto: doesn't show hand
*** SUMMARY ***
Total pot $2 | Rake $0
Seat 3: Artachok (button) (small blind) folded before Flop
Seat 4: Psynto (big blind) collected ($2)


PokerStars Hand #175830611710:  Hold'em Limit ($3/$6 USD) - 2017/09/18 20:34:17 ET
Table 'Lunaria' 6-max Seat #4 is the button
Seat 3: Artachok ($211.36 in chips)
Seat 4: Psynto ($73 in chips)
Psynto: posts small blind $1
Artachok: posts big blind $3
*** HOLE CARDS ***
Psynto: raises $3 to $6
Artachok: folds
Uncalled bet ($3) returned to Psynto
Psynto collected $6 from pot
Psynto: doesn't show hand
*** SUMMARY ***
Total pot $6 | Rake $0
Seat 3: Artachok (big blind) folded before Flop
Seat 4: Psynto (button) (small blind) collected ($6)


PokerStars Hand #175830606800:  Hold'em Limit ($3/$6 USD) - 2017/09/18 20:34:06 ET
Table 'Lunaria' 6-max Seat #3 is the button
Seat 3: Artachok ($205.60 in chips)
Seat 4: Psynto ($79 in chips)
Artachok: posts small blind $1
Psynto: posts big blind $3
*** HOLE CARDS ***
Artachok: raises $3 to $6
Psynto: calls $3
*** FLOP *** [2d 3d 3h]
Psynto: checks
Artachok: bets $3
Psynto: folds
Uncalled bet ($3) returned to Artachok
Artachok collected $11.76 from pot
Artachok: doesn't show hand
*** SUMMARY ***
Total pot $12 | Rake $0.24
Board [2d 3d 3h]
Seat 3: Artachok (button) (small blind) collected ($11.76)
Seat 4: Psynto (big blind) folded on the Flop


PokerStars Hand #175831372908:  Hold'em Limit ($3/$6 USD) - 2017/09/18 21:04:42 ET
Table 'Lunaria' 6-max Seat #4 is the button
Seat 4: Psynto ($127.14 in chips)
Seat 5: B_loJkl ($145.17 in chips)
Psynto: posts small blind $1
B_loJkl: posts big blind $3
*** HOLE CARDS ***
Psynto: folds
Uncalled bet ($2) returned to B_loJkl
B_loJkl collected $2 from pot
B_loJkl: doesn't show hand
*** SUMMARY ***
Total pot $2 | Rake $0
Seat 4: Psynto (button) (small blind) folded before Flop
Seat 5: B_loJkl (big blind) collected ($2)


PokerStars Hand #175831339332:  Hold'em Limit ($3/$6 USD) - 2017/09/18 21:03:19 ET
Table 'Lunaria' 6-max Seat #5 is the button
Seat 4: Psynto ($94.64 in chips)
Seat 5: B_loJkl ($178.17 in chips)
B_loJkl: posts small blind $1
Psynto: posts big blind $3
*** HOLE CARDS ***
pianopoker leaves the table
B_loJkl: raises $3 to $6
Psynto: calls $3
*** FLOP *** [Qd 8h 9d]
Psynto: checks
B_loJkl: bets $3
Psynto: calls $3
*** TURN *** [Qd 8h 9d] [2h]
Psynto: checks
B_loJkl: bets $6
Psynto: calls $6
*** RIVER *** [Qd 8h 9d 2h] [5c]
Psynto: checks
B_loJkl: bets $6
Psynto: raises $6 to $12
B_loJkl: raises $6 to $18
Psynto: raises $6 to $24
Betting is capped
B_loJkl: folds
Uncalled bet ($6) returned to Psynto
Psynto collected $65.50 from pot
Psynto: doesn't show hand
*** SUMMARY ***
Total pot $66 | Rake $0.50
Board [Qd 8h 9d 2h 5c]
Seat 4: Psynto (big blind) collected ($65.50)
Seat 5: B_loJkl (button) (small blind) folded on the River


