PokerStars Hand #163496280742:  Hold'em Limit ($3/$6 USD) - 2016/12/25 11:02:58 ET
Table 'Luna III' 6-max Seat #1 is the button
Seat 1: LifeisagameX ($85 in chips)
Seat 2: vitamin168 ($43.50 in chips)
LifeisagameX: posts small blind $1
vitamin168: posts big blind $3
*** HOLE CARDS ***
LifeisagameX: raises $3 to $6
vitamin168: calls $3
*** FLOP *** [2s 6h Jc]
vitamin168: checks
LifeisagameX: checks
*** TURN *** [2s 6h Jc] [8s]
vitamin168: bets $6
LifeisagameX: calls $6
*** RIVER *** [2s 6h Jc 8s] [2h]
vitamin168: bets $6
LifeisagameX: calls $6
*** SHOW DOWN ***
vitamin168: shows [Ks 3s] (a pair of Deuces)
LifeisagameX: shows [4c 4h] (two pair, Fours and Deuces)
LifeisagameX collected $35.50 from pot
*** SUMMARY ***
Total pot $36 | Rake $0.50
Board [2s 6h Jc 8s 2h]
Seat 1: LifeisagameX (button) (small blind) showed [4c 4h] and won ($35.50) with two pair, Fours and Deuces
Seat 2: vitamin168 (big blind) showed [Ks 3s] and lost with a pair of Deuces


PokerStars Hand #163496276945:  Hold'em Limit ($3/$6 USD) - 2016/12/25 11:02:53 ET
Table 'Luna III' 6-max Seat #2 is the button
Seat 1: LifeisagameX ($84 in chips)
Seat 2: vitamin168 ($44.50 in chips)
vitamin168: posts small blind $1
LifeisagameX: posts big blind $3
*** HOLE CARDS ***
vitamin168: folds
Uncalled bet ($2) returned to LifeisagameX
LifeisagameX collected $2 from pot
LifeisagameX: doesn't show hand
*** SUMMARY ***
Total pot $2 | Rake $0
Seat 1: LifeisagameX (big blind) collected ($2)
Seat 2: vitamin168 (button) (small blind) folded before Flop


PokerStars Hand #163496245546:  Hold'em Limit ($3/$6 USD) - 2016/12/25 11:02:11 ET
Table 'Luna III' 6-max Seat #1 is the button
Seat 1: LifeisagameX ($84 in chips)
Seat 2: vitamin168 ($30 in chips)
LifeisagameX: posts small blind $1
vitamin168: posts big blind $3
*** HOLE CARDS ***
LifeisagameX: raises $3 to $6
vitamin168: calls $3
*** FLOP *** [Qs Ah Tc]
vitamin168: checks
LifeisagameX: bets $3
vitamin168: calls $3
*** TURN *** [Qs Ah Tc] [5d]
vitamin168: checks
LifeisagameX: checks
*** RIVER *** [Qs Ah Tc 5d] [Js]
vitamin168: checks
LifeisagameX: bets $6
vitamin168: calls $6
*** SHOW DOWN ***
LifeisagameX: shows [4d 6h] (high card Ace)
vitamin168: shows [8c Ts] (a pair of Tens)
vitamin168 collected $29.50 from pot
*** SUMMARY ***
Total pot $30 | Rake $0.50
Board [Qs Ah Tc 5d Js]
Seat 1: LifeisagameX (button) (small blind) showed [4d 6h] and lost with high card Ace
Seat 2: vitamin168 (big blind) showed [8c Ts] and won ($29.50) with a pair of Tens


PokerStars Hand #163496320509:  Hold'em Limit ($3/$6 USD) - 2016/12/25 11:03:52 ET
Table 'Luna III' 6-max Seat #1 is the button
Seat 1: LifeisagameX ($120 in chips)
Seat 2: vitamin168 ($7.50 in chips)
LifeisagameX: posts small blind $1
vitamin168: posts big blind $3
*** HOLE CARDS ***
LifeisagameX: raises $3 to $6
vitamin168: raises $1.50 to $7.50 and is all-in
LifeisagameX: calls $1.50
*** FLOP *** [Jh Qd 3c]
*** TURN *** [Jh Qd 3c] [Ts]
*** RIVER *** [Jh Qd 3c Ts] [8c]
*** SHOW DOWN ***
vitamin168: shows [2d Td] (a pair of Tens)
LifeisagameX: shows [8s 6h] (a pair of Eights)
vitamin168 collected $14.70 from pot
*** SUMMARY ***
Total pot $15 | Rake $0.30
Board [Jh Qd 3c Ts 8c]
Seat 1: LifeisagameX (button) (small blind) showed [8s 6h] and lost with a pair of Eights
Seat 2: vitamin168 (big blind) showed [2d Td] and won ($14.70) with a pair of Tens


PokerStars Hand #163496292360:  Hold'em Limit ($3/$6 USD) - 2016/12/25 11:03:14 ET
Table 'Luna III' 6-max Seat #2 is the button
Seat 1: LifeisagameX ($102.50 in chips)
Seat 2: vitamin168 ($25.50 in chips)
vitamin168: posts small blind $1
LifeisagameX: posts big blind $3
*** HOLE CARDS ***
vitamin168: raises $3 to $6
LifeisagameX: calls $3
*** FLOP *** [Jd 3s 9d]
LifeisagameX: checks
vitamin168: bets $3
LifeisagameX: raises $3 to $6
vitamin168: calls $3
*** TURN *** [Jd 3s 9d] [Ts]
LifeisagameX: bets $6
vitamin168: calls $6
*** RIVER *** [Jd 3s 9d Ts] [4d]
LifeisagameX: bets $6
vitamin168: folds
Uncalled bet ($6) returned to LifeisagameX
LifeisagameX collected $35.50 from pot
LifeisagameX: doesn't show hand
*** SUMMARY ***
Total pot $36 | Rake $0.50
Board [Jd 3s 9d Ts 4d]
Seat 1: LifeisagameX (big blind) collected ($35.50)
Seat 2: vitamin168 (button) (small blind) folded on the River


PokerStars Hand #163496338062:  Hold'em Limit ($3/$6 USD) - 2016/12/25 11:04:15 ET
Table 'Luna III' 6-max Seat #1 is the button
Seat 1: LifeisagameX ($113.50 in chips)
Seat 2: vitamin168 ($13.70 in chips)
LifeisagameX: posts small blind $1
vitamin168: posts big blind $3
*** HOLE CARDS ***
LifeisagameX: raises $3 to $6
vitamin168: raises $3 to $9
LifeisagameX: calls $3
*** FLOP *** [Jd 3c 6d]
vitamin168: bets $3
LifeisagameX: calls $3
*** TURN *** [Jd 3c 6d] [6s]
vitamin168: bets $1.70 and is all-in
LifeisagameX: calls $1.70
*** RIVER *** [Jd 3c 6d 6s] [Th]
*** SHOW DOWN ***
vitamin168: shows [2h Qh] (a pair of Sixes)
LifeisagameX: shows [4s 6c] (three of a kind, Sixes)
LifeisagameX collected $26.90 from pot
*** SUMMARY ***
Total pot $27.40 | Rake $0.50
Board [Jd 3c 6d 6s Th]
Seat 1: LifeisagameX (button) (small blind) showed [4s 6c] and won ($26.90) with three of a kind, Sixes
Seat 2: vitamin168 (big blind) showed [2h Qh] and lost with a pair of Sixes


