PokerStars Hand #150910047109:  Hold'em Limit ($3/$6 USD) - 2016/03/25 12:48:58 ET
Table 'Lunaria III' 6-max Seat #3 is the button
Seat 3: iamhashman ($27 in chips)
Seat 4: BuzovaPro ($95.50 in chips)
iamhashman: posts small blind $1
BuzovaPro: posts big blind $3
*** HOLE CARDS ***
iamhashman: calls $2
BuzovaPro: raises $3 to $6
iamhashman: calls $3
*** FLOP *** [8s 9c 4h]
BuzovaPro: bets $3
iamhashman: calls $3
*** TURN *** [8s 9c 4h] [Ac]
BuzovaPro: bets $6
iamhashman: calls $6
*** RIVER *** [8s 9c 4h Ac] [7s]
BuzovaPro: bets $6
iamhashman: calls $6
*** SHOW DOWN ***
BuzovaPro: shows [Js Jc] (a pair of Jacks)
iamhashman: mucks hand
BuzovaPro collected $41.50 from pot
*** SUMMARY ***
Total pot $42 | Rake $0.50
Board [8s 9c 4h Ac 7s]
Seat 3: iamhashman (button) (small blind) mucked
Seat 4: BuzovaPro (big blind) showed [Js Jc] and won ($41.50) with a pair of Jacks


PokerStars Hand #150910042412:  Hold'em Limit ($3/$6 USD) - 2016/03/25 12:48:53 ET
Table 'Lunaria III' 6-max Seat #4 is the button
Seat 3: iamhashman ($30 in chips)
Seat 4: BuzovaPro ($92.50 in chips)
BuzovaPro: posts small blind $1
iamhashman: posts big blind $3
*** HOLE CARDS ***
BuzovaPro: raises $3 to $6
iamhashman: folds
Uncalled bet ($3) returned to BuzovaPro
BuzovaPro collected $6 from pot
BuzovaPro: doesn't show hand
*** SUMMARY ***
Total pot $6 | Rake $0
Seat 3: iamhashman (big blind) folded before Flop
Seat 4: BuzovaPro (button) (small blind) collected ($6)


PokerStars Hand #150910026779:  Hold'em Limit ($3/$6 USD) - 2016/03/25 12:48:35 ET
Table 'Lunaria III' 6-max Seat #3 is the button
Seat 3: iamhashman ($51 in chips)
Seat 4: BuzovaPro ($72 in chips)
iamhashman: posts small blind $1
BuzovaPro: posts big blind $3
*** HOLE CARDS ***
iamhashman: raises $3 to $6
BuzovaPro: calls $3
*** FLOP *** [7d Ks 2c]
BuzovaPro: checks
iamhashman: bets $3
BuzovaPro: calls $3
*** TURN *** [7d Ks 2c] [As]
BuzovaPro: checks
iamhashman: bets $6
BuzovaPro: calls $6
*** RIVER *** [7d Ks 2c As] [Qh]
BuzovaPro: checks
iamhashman: bets $6
BuzovaPro: calls $6
*** SHOW DOWN ***
iamhashman: shows [Ts 9c] (high card Ace)
BuzovaPro: shows [5h Kc] (a pair of Kings)
BuzovaPro collected $41.50 from pot
*** SUMMARY ***
Total pot $42 | Rake $0.50
Board [7d Ks 2c As Qh]
Seat 3: iamhashman (button) (small blind) showed [Ts 9c] and lost with high card Ace
Seat 4: BuzovaPro (big blind) showed [5h Kc] and won ($41.50) with a pair of Kings


PokerStars Hand #150910106083:  Hold'em Limit ($3/$6 USD) - 2016/03/25 12:50:04 ET
Table 'Lunaria III' 6-max Seat #4 is the button
Seat 3: iamhashman ($922.54 in chips)
Seat 4: BuzovaPro ($99 in chips)
BuzovaPro: posts small blind $1
iamhashman: posts big blind $3
*** HOLE CARDS ***
BuzovaPro: raises $3 to $6
iamhashman: calls $3
*** FLOP *** [Ad 9c 9h]
iamhashman: checks
BuzovaPro: bets $3
iamhashman: calls $3
*** TURN *** [Ad 9c 9h] [7c]
iamhashman: checks
BuzovaPro: checks
*** RIVER *** [Ad 9c 9h 7c] [Ah]
iamhashman: bets $6
BuzovaPro: calls $6
*** SHOW DOWN ***
iamhashman: shows [As 3d] (a full house, Aces full of Nines)
BuzovaPro: mucks hand
iamhashman collected $29.50 from pot
*** SUMMARY ***
Total pot $30 | Rake $0.50
Board [Ad 9c 9h 7c Ah]
Seat 3: iamhashman (big blind) showed [As 3d] and won ($29.50) with a full house, Aces full of Nines
Seat 4: BuzovaPro (button) (small blind) mucked


PokerStars Hand #150910101957:  Hold'em Limit ($3/$6 USD) - 2016/03/25 12:49:59 ET
Table 'Lunaria III' 6-max Seat #3 is the button
Seat 3: iamhashman ($923.54 in chips)
Seat 4: BuzovaPro ($98 in chips)
iamhashman: posts small blind $1
BuzovaPro: posts big blind $3
*** HOLE CARDS ***
iamhashman: folds
Uncalled bet ($2) returned to BuzovaPro
BuzovaPro collected $2 from pot
BuzovaPro: doesn't show hand
*** SUMMARY ***
Total pot $2 | Rake $0
Seat 3: iamhashman (button) (small blind) folded before Flop
Seat 4: BuzovaPro (big blind) collected ($2)


PokerStars Hand #150910093799:  Hold'em Limit ($3/$6 USD) - 2016/03/25 12:49:50 ET
Table 'Lunaria III' 6-max Seat #4 is the button
Seat 3: iamhashman ($926.54 in chips)
Seat 4: BuzovaPro ($95 in chips)
BuzovaPro: posts small blind $1
iamhashman: posts big blind $3
*** HOLE CARDS ***
BuzovaPro: raises $3 to $6
iamhashman: folds
Uncalled bet ($3) returned to BuzovaPro
BuzovaPro collected $6 from pot
BuzovaPro: doesn't show hand
*** SUMMARY ***
Total pot $6 | Rake $0
Seat 3: iamhashman (big blind) folded before Flop
Seat 4: BuzovaPro (button) (small blind) collected ($6)


PokerStars Hand #150910077104:  Hold'em Limit ($3/$6 USD) - 2016/03/25 12:49:32 ET
Table 'Lunaria III' 6-max Seat #3 is the button
Seat 3: iamhashman ($903.04 in chips)
Seat 4: BuzovaPro ($119 in chips)
iamhashman: posts small blind $1
BuzovaPro: posts big blind $3
*** HOLE CARDS ***
iamhashman: calls $2
BuzovaPro: raises $3 to $6
iamhashman: calls $3
*** FLOP *** [9h 8d 9c]
BuzovaPro: bets $3
iamhashman: raises $3 to $6
BuzovaPro: calls $3
*** TURN *** [9h 8d 9c] [Js]
BuzovaPro: checks
iamhashman: bets $6
BuzovaPro: calls $6
*** RIVER *** [9h 8d 9c Js] [8h]
BuzovaPro: checks
iamhashman: bets $6
BuzovaPro: calls $6
*** SHOW DOWN ***
iamhashman: shows [8s Td] (a full house, Eights full of Nines)
BuzovaPro: mucks hand
iamhashman collected $47.50 from pot
*** SUMMARY ***
Total pot $48 | Rake $0.50
Board [9h 8d 9c Js 8h]
Seat 3: iamhashman (button) (small blind) showed [8s Td] and won ($47.50) with a full house, Eights full of Nines
Seat 4: BuzovaPro (big blind) mucked


PokerStars Hand #150910071182:  Hold'em Limit ($3/$6 USD) - 2016/03/25 12:49:25 ET
Table 'Lunaria III' 6-max Seat #4 is the button
Seat 3: iamhashman ($906.04 in chips)
Seat 4: BuzovaPro ($116 in chips)
BuzovaPro: posts small blind $1
iamhashman: posts big blind $3
*** HOLE CARDS ***
BuzovaPro: raises $3 to $6
iamhashman: folds
Uncalled bet ($3) returned to BuzovaPro
BuzovaPro collected $6 from pot
BuzovaPro: doesn't show hand
*** SUMMARY ***
Total pot $6 | Rake $0
Seat 3: iamhashman (big blind) folded before Flop
Seat 4: BuzovaPro (button) (small blind) collected ($6)


PokerStars Hand #150910172721:  Hold'em Limit ($3/$6 USD) - 2016/03/25 12:51:19 ET
Table 'Lunaria III' 6-max Seat #4 is the button
Seat 3: iamhashman ($935.80 in chips)
Seat 4: BuzovaPro ($84.76 in chips)
BuzovaPro: posts small blind $1
iamhashman: posts big blind $3
*** HOLE CARDS ***
BuzovaPro: raises $3 to $6
iamhashman: folds
Uncalled bet ($3) returned to BuzovaPro
BuzovaPro collected $6 from pot
BuzovaPro: doesn't show hand
*** SUMMARY ***
Total pot $6 | Rake $0
Seat 3: iamhashman (big blind) folded before Flop
Seat 4: BuzovaPro (button) (small blind) collected ($6)


PokerStars Hand #150910168472:  Hold'em Limit ($3/$6 USD) - 2016/03/25 12:51:14 ET
Table 'Lunaria III' 6-max Seat #3 is the button
Seat 3: iamhashman ($936.80 in chips)
Seat 4: BuzovaPro ($83.76 in chips)
iamhashman: posts small blind $1
BuzovaPro: posts big blind $3
*** HOLE CARDS ***
iamhashman: folds
Uncalled bet ($2) returned to BuzovaPro
BuzovaPro collected $2 from pot
BuzovaPro: doesn't show hand
*** SUMMARY ***
Total pot $2 | Rake $0
Seat 3: iamhashman (button) (small blind) folded before Flop
Seat 4: BuzovaPro (big blind) collected ($2)


PokerStars Hand #150910157516:  Hold'em Limit ($3/$6 USD) - 2016/03/25 12:51:02 ET
Table 'Lunaria III' 6-max Seat #4 is the button
Seat 3: iamhashman ($942.80 in chips)
Seat 4: BuzovaPro ($78 in chips)
BuzovaPro: posts small blind $1
iamhashman: posts big blind $3
*** HOLE CARDS ***
BuzovaPro: raises $3 to $6
iamhashman: calls $3
*** FLOP *** [Jd 2d Ks]
iamhashman: checks
BuzovaPro: bets $3
iamhashman: folds
Uncalled bet ($3) returned to BuzovaPro
BuzovaPro collected $11.76 from pot
BuzovaPro: doesn't show hand
*** SUMMARY ***
Total pot $12 | Rake $0.24
Board [Jd 2d Ks]
Seat 3: iamhashman (big blind) folded on the Flop
Seat 4: BuzovaPro (button) (small blind) collected ($11.76)


PokerStars Hand #150910153468:  Hold'em Limit ($3/$6 USD) - 2016/03/25 12:50:57 ET
Table 'Lunaria III' 6-max Seat #3 is the button
Seat 3: iamhashman ($943.80 in chips)
Seat 4: BuzovaPro ($77 in chips)
iamhashman: posts small blind $1
BuzovaPro: posts big blind $3
*** HOLE CARDS ***
iamhashman: folds
Uncalled bet ($2) returned to BuzovaPro
BuzovaPro collected $2 from pot
BuzovaPro: doesn't show hand
*** SUMMARY ***
Total pot $2 | Rake $0
Seat 3: iamhashman (button) (small blind) folded before Flop
Seat 4: BuzovaPro (big blind) collected ($2)


PokerStars Hand #150910149357:  Hold'em Limit ($3/$6 USD) - 2016/03/25 12:50:53 ET
Table 'Lunaria III' 6-max Seat #4 is the button
Seat 3: iamhashman ($942.80 in chips)
Seat 4: BuzovaPro ($78 in chips)
BuzovaPro: posts small blind $1
iamhashman: posts big blind $3
*** HOLE CARDS ***
BuzovaPro: folds
Uncalled bet ($2) returned to iamhashman
iamhashman collected $2 from pot
iamhashman: doesn't show hand
*** SUMMARY ***
Total pot $2 | Rake $0
Seat 3: iamhashman (big blind) collected ($2)
Seat 4: BuzovaPro (button) (small blind) folded before Flop


PokerStars Hand #150910138827:  Hold'em Limit ($3/$6 USD) - 2016/03/25 12:50:41 ET
Table 'Lunaria III' 6-max Seat #3 is the button
Seat 3: iamhashman ($937.04 in chips)
Seat 4: BuzovaPro ($84 in chips)
iamhashman: posts small blind $1
BuzovaPro: posts big blind $3
*** HOLE CARDS ***
iamhashman: raises $3 to $6
BuzovaPro: calls $3
*** FLOP *** [9d 9c Tc]
BuzovaPro: checks
iamhashman: bets $3
BuzovaPro: folds
Uncalled bet ($3) returned to iamhashman
iamhashman collected $11.76 from pot
iamhashman: doesn't show hand
*** SUMMARY ***
Total pot $12 | Rake $0.24
Board [9d 9c Tc]
Seat 3: iamhashman (button) (small blind) collected ($11.76)
Seat 4: BuzovaPro (big blind) folded on the Flop


PokerStars Hand #150910129765:  Hold'em Limit ($3/$6 USD) - 2016/03/25 12:50:31 ET
Table 'Lunaria III' 6-max Seat #4 is the button
Seat 3: iamhashman ($936.04 in chips)
Seat 4: BuzovaPro ($85 in chips)
BuzovaPro: posts small blind $1
iamhashman: posts big blind $3
*** HOLE CARDS ***
BuzovaPro: folds
Uncalled bet ($2) returned to iamhashman
iamhashman collected $2 from pot
iamhashman: doesn't show hand
*** SUMMARY ***
Total pot $2 | Rake $0
Seat 3: iamhashman (big blind) collected ($2)
Seat 4: BuzovaPro (button) (small blind) folded before Flop


PokerStars Hand #150910122646:  Hold'em Limit ($3/$6 USD) - 2016/03/25 12:50:23 ET
Table 'Lunaria III' 6-max Seat #3 is the button
Seat 3: iamhashman ($937.04 in chips)
Seat 4: BuzovaPro ($84 in chips)
iamhashman: posts small blind $1
BuzovaPro: posts big blind $3
*** HOLE CARDS ***
iamhashman: folds
Uncalled bet ($2) returned to BuzovaPro
BuzovaPro collected $2 from pot
BuzovaPro: doesn't show hand
*** SUMMARY ***
Total pot $2 | Rake $0
Seat 3: iamhashman (button) (small blind) folded before Flop
Seat 4: BuzovaPro (big blind) collected ($2)


PokerStars Hand #150910203165:  Hold'em Limit ($3/$6 USD) - 2016/03/25 12:51:53 ET
Table 'Lunaria III' 6-max Seat #3 is the button
Seat 3: iamhashman ($908.56 in chips)
Seat 4: BuzovaPro ($111.26 in chips)
iamhashman: posts small blind $1
BuzovaPro: posts big blind $3
*** HOLE CARDS ***
iamhashman: calls $2
BuzovaPro: checks
*** FLOP *** [6h Qd 8h]
BuzovaPro: bets $3
iamhashman: calls $3
*** TURN *** [6h Qd 8h] [8d]
BuzovaPro: checks
iamhashman: bets $6
BuzovaPro: calls $6
*** RIVER *** [6h Qd 8h 8d] [6c]
BuzovaPro: checks
iamhashman: checks
*** SHOW DOWN ***
BuzovaPro: shows [Qc 3s] (two pair, Queens and Eights)
iamhashman: mucks hand
BuzovaPro collected $23.52 from pot
*** SUMMARY ***
Total pot $24 | Rake $0.48
Board [6h Qd 8h 8d 6c]
Seat 3: iamhashman (button) (small blind) mucked
Seat 4: BuzovaPro (big blind) showed [Qc 3s] and won ($23.52) with two pair, Queens and Eights


PokerStars Hand #150910186663:  Hold'em Limit ($3/$6 USD) - 2016/03/25 12:51:35 ET
Table 'Lunaria III' 6-max Seat #4 is the button
Seat 3: iamhashman ($938.56 in chips)
Seat 4: BuzovaPro ($81.76 in chips)
BuzovaPro: posts small blind $1
iamhashman: posts big blind $3
*** HOLE CARDS ***
BuzovaPro: raises $3 to $6
iamhashman: raises $3 to $9
BuzovaPro: calls $3
*** FLOP *** [8d 2h 2c]
iamhashman: bets $3
BuzovaPro: calls $3
*** TURN *** [8d 2h 2c] [Kc]
iamhashman: bets $6
BuzovaPro: raises $6 to $12
iamhashman: calls $6
*** RIVER *** [8d 2h 2c Kc] [3c]
iamhashman: checks
BuzovaPro: bets $6
iamhashman: calls $6
*** SHOW DOWN ***
BuzovaPro: shows [Kd 9h] (two pair, Kings and Deuces)
iamhashman: mucks hand
BuzovaPro collected $59.50 from pot
*** SUMMARY ***
Total pot $60 | Rake $0.50
Board [8d 2h 2c Kc 3c]
Seat 3: iamhashman (big blind) mucked
Seat 4: BuzovaPro (button) (small blind) showed [Kd 9h] and won ($59.50) with two pair, Kings and Deuces


PokerStars Hand #150910178177:  Hold'em Limit ($3/$6 USD) - 2016/03/25 12:51:25 ET
Table 'Lunaria III' 6-max Seat #3 is the button
Seat 3: iamhashman ($932.80 in chips)
Seat 4: BuzovaPro ($87.76 in chips)
iamhashman: posts small blind $1
BuzovaPro: posts big blind $3
*** HOLE CARDS ***
iamhashman: raises $3 to $6
BuzovaPro: calls $3
*** FLOP *** [Qs Qc 4s]
BuzovaPro: checks
iamhashman: bets $3
BuzovaPro: folds
Uncalled bet ($3) returned to iamhashman
iamhashman collected $11.76 from pot
iamhashman: doesn't show hand
*** SUMMARY ***
Total pot $12 | Rake $0.24
Board [Qs Qc 4s]
Seat 3: iamhashman (button) (small blind) collected ($11.76)
Seat 4: BuzovaPro (big blind) folded on the Flop


PokerStars Hand #150910277527:  Hold'em Limit ($3/$6 USD) - 2016/03/25 12:53:17 ET
Table 'Lunaria III' 6-max Seat #3 is the button
Seat 3: iamhashman ($863.20 in chips)
Seat 4: BuzovaPro ($154.78 in chips)
iamhashman: posts small blind $1
BuzovaPro: posts big blind $3
*** HOLE CARDS ***
iamhashman: folds
Uncalled bet ($2) returned to BuzovaPro
BuzovaPro collected $2 from pot
BuzovaPro: doesn't show hand
*** SUMMARY ***
Total pot $2 | Rake $0
Seat 3: iamhashman (button) (small blind) folded before Flop
Seat 4: BuzovaPro (big blind) collected ($2)


PokerStars Hand #150910262155:  Hold'em Limit ($3/$6 USD) - 2016/03/25 12:53:00 ET
Table 'Lunaria III' 6-max Seat #4 is the button
Seat 3: iamhashman ($878.20 in chips)
Seat 4: BuzovaPro ($140.28 in chips)
BuzovaPro: posts small blind $1
iamhashman: posts big blind $3
*** HOLE CARDS ***
BuzovaPro: raises $3 to $6
iamhashman: raises $3 to $9
BuzovaPro: calls $3
*** FLOP *** [3s 6c 4c]
iamhashman: bets $3
BuzovaPro: raises $3 to $6
iamhashman: calls $3
*** TURN *** [3s 6c 4c] [Ts]
iamhashman: checks
BuzovaPro: bets $6
iamhashman: folds [Ad Ks]
Uncalled bet ($6) returned to BuzovaPro
BuzovaPro collected $29.50 from pot
BuzovaPro: doesn't show hand
*** SUMMARY ***
Total pot $30 | Rake $0.50
Board [3s 6c 4c Ts]
Seat 3: iamhashman (big blind) folded on the Turn
Seat 4: BuzovaPro (button) (small blind) collected ($29.50)


PokerStars Hand #150910244916:  Hold'em Limit ($3/$6 USD) - 2016/03/25 12:52:40 ET
Table 'Lunaria III' 6-max Seat #3 is the button
Seat 3: iamhashman ($905.20 in chips)
Seat 4: BuzovaPro ($113.78 in chips)
iamhashman: posts small blind $1
BuzovaPro: posts big blind $3
*** HOLE CARDS ***
iamhashman: raises $3 to $6
BuzovaPro: calls $3
*** FLOP *** [7c Ks 2h]
BuzovaPro: checks
iamhashman: bets $3
BuzovaPro: calls $3
*** TURN *** [7c Ks 2h] [Js]
BuzovaPro: checks
iamhashman: bets $6
BuzovaPro: raises $6 to $12
iamhashman: calls $6
*** RIVER *** [7c Ks 2h Js] [7h]
BuzovaPro: bets $6
iamhashman: calls $6
*** SHOW DOWN ***
BuzovaPro: shows [Kd 8s] (two pair, Kings and Sevens)
iamhashman: mucks hand
BuzovaPro collected $53.50 from pot
*** SUMMARY ***
Total pot $54 | Rake $0.50
Board [7c Ks 2h Js 7h]
Seat 3: iamhashman (button) (small blind) mucked
Seat 4: BuzovaPro (big blind) showed [Kd 8s] and won ($53.50) with two pair, Kings and Sevens


PokerStars Hand #150910224388:  Hold'em Limit ($3/$6 USD) - 2016/03/25 12:52:17 ET
Table 'Lunaria III' 6-max Seat #4 is the button
Seat 3: iamhashman ($896.56 in chips)
Seat 4: BuzovaPro ($122.78 in chips)
BuzovaPro: posts small blind $1
iamhashman: posts big blind $3
*** HOLE CARDS ***
BuzovaPro: raises $3 to $6
iamhashman: calls $3
*** FLOP *** [Kd 7c Ac]
iamhashman: checks
BuzovaPro: bets $3
iamhashman: calls $3
*** TURN *** [Kd 7c Ac] [5h]
iamhashman: checks
BuzovaPro: checks
*** RIVER *** [Kd 7c Ac 5h] [Tc]
iamhashman: bets $6
BuzovaPro: folds
Uncalled bet ($6) returned to iamhashman
iamhashman collected $17.64 from pot
iamhashman: doesn't show hand
*** SUMMARY ***
Total pot $18 | Rake $0.36
Board [Kd 7c Ac 5h Tc]
Seat 3: iamhashman (big blind) collected ($17.64)
Seat 4: BuzovaPro (button) (small blind) folded on the River


PokerStars Hand #150910329452:  Hold'em Limit ($3/$6 USD) - 2016/03/25 12:54:16 ET
Table 'Lunaria III' 6-max Seat #3 is the button
Seat 3: iamhashman ($874.70 in chips)
Seat 4: BuzovaPro ($142.30 in chips)
iamhashman: posts small blind $1
BuzovaPro: posts big blind $3
*** HOLE CARDS ***
iamhashman: raises $3 to $6
BuzovaPro: calls $3
*** FLOP *** [6h Qh 5c]
BuzovaPro: checks
iamhashman: bets $3
BuzovaPro: raises $3 to $6
iamhashman: folds
Uncalled bet ($3) returned to BuzovaPro
BuzovaPro collected $17.64 from pot
BuzovaPro: doesn't show hand
*** SUMMARY ***
Total pot $18 | Rake $0.36
Board [6h Qh 5c]
Seat 3: iamhashman (button) (small blind) folded on the Flop
Seat 4: BuzovaPro (big blind) collected ($17.64)


PokerStars Hand #150910307417:  Hold'em Limit ($3/$6 USD) - 2016/03/25 12:53:51 ET
Table 'Lunaria III' 6-max Seat #4 is the button
Seat 3: iamhashman ($848.20 in chips)
Seat 4: BuzovaPro ($169.30 in chips)
BuzovaPro: posts small blind $1
iamhashman: posts big blind $3
*** HOLE CARDS ***
BuzovaPro: raises $3 to $6
iamhashman: calls $3
*** FLOP *** [2s 3s 6h]
iamhashman: checks
BuzovaPro: bets $3
iamhashman: calls $3
*** TURN *** [2s 3s 6h] [Qd]
iamhashman: checks
BuzovaPro: bets $6
iamhashman: raises $6 to $12
BuzovaPro: calls $6
*** RIVER *** [2s 3s 6h Qd] [Qc]
iamhashman: bets $6
BuzovaPro: calls $6
*** SHOW DOWN ***
iamhashman: shows [Th Qh] (three of a kind, Queens)
BuzovaPro: mucks hand
iamhashman collected $53.50 from pot
*** SUMMARY ***
Total pot $54 | Rake $0.50
Board [2s 3s 6h Qd Qc]
Seat 3: iamhashman (big blind) showed [Th Qh] and won ($53.50) with three of a kind, Queens
Seat 4: BuzovaPro (button) (small blind) mucked


PokerStars Hand #150910303477:  Hold'em Limit ($3/$6 USD) - 2016/03/25 12:53:47 ET
Table 'Lunaria III' 6-max Seat #3 is the button
Seat 3: iamhashman ($849.20 in chips)
Seat 4: BuzovaPro ($168.30 in chips)
iamhashman: posts small blind $1
BuzovaPro: posts big blind $3
*** HOLE CARDS ***
iamhashman: folds
Uncalled bet ($2) returned to BuzovaPro
BuzovaPro collected $2 from pot
BuzovaPro: doesn't show hand
*** SUMMARY ***
Total pot $2 | Rake $0
Seat 3: iamhashman (button) (small blind) folded before Flop
Seat 4: BuzovaPro (big blind) collected ($2)


PokerStars Hand #150910295955:  Hold'em Limit ($3/$6 USD) - 2016/03/25 12:53:38 ET
Table 'Lunaria III' 6-max Seat #4 is the button
Seat 3: iamhashman ($855.20 in chips)
Seat 4: BuzovaPro ($162.54 in chips)
BuzovaPro: posts small blind $1
iamhashman: posts big blind $3
*** HOLE CARDS ***
BuzovaPro: raises $3 to $6
iamhashman: calls $3
*** FLOP *** [6h Ts Kh]
iamhashman: folds
BuzovaPro collected $11.76 from pot
BuzovaPro: doesn't show hand
*** SUMMARY ***
Total pot $12 | Rake $0.24
Board [6h Ts Kh]
Seat 3: iamhashman (big blind) folded on the Flop
Seat 4: BuzovaPro (button) (small blind) collected ($11.76)


PokerStars Hand #150910291945:  Hold'em Limit ($3/$6 USD) - 2016/03/25 12:53:34 ET
Table 'Lunaria III' 6-max Seat #3 is the button
Seat 3: iamhashman ($856.20 in chips)
Seat 4: BuzovaPro ($161.54 in chips)
iamhashman: posts small blind $1
BuzovaPro: posts big blind $3
*** HOLE CARDS ***
iamhashman: folds
Uncalled bet ($2) returned to BuzovaPro
BuzovaPro collected $2 from pot
BuzovaPro: doesn't show hand
*** SUMMARY ***
Total pot $2 | Rake $0
Seat 3: iamhashman (button) (small blind) folded before Flop
Seat 4: BuzovaPro (big blind) collected ($2)


PokerStars Hand #150910281925:  Hold'em Limit ($3/$6 USD) - 2016/03/25 12:53:22 ET
Table 'Lunaria III' 6-max Seat #4 is the button
Seat 3: iamhashman ($862.20 in chips)
Seat 4: BuzovaPro ($155.78 in chips)
BuzovaPro: posts small blind $1
iamhashman: posts big blind $3
*** HOLE CARDS ***
BuzovaPro: raises $3 to $6
iamhashman: calls $3
*** FLOP *** [2c 5h 2d]
iamhashman: checks
BuzovaPro: bets $3
iamhashman: folds
Uncalled bet ($3) returned to BuzovaPro
BuzovaPro collected $11.76 from pot
BuzovaPro: doesn't show hand
*** SUMMARY ***
Total pot $12 | Rake $0.24
Board [2c 5h 2d]
Seat 3: iamhashman (big blind) folded on the Flop
Seat 4: BuzovaPro (button) (small blind) collected ($11.76)


PokerStars Hand #150910379391:  Hold'em Limit ($3/$6 USD) - 2016/03/25 12:55:13 ET
Table 'Lunaria III' 6-max Seat #3 is the button
Seat 3: iamhashman ($861.34 in chips)
Seat 4: BuzovaPro ($154.70 in chips)
iamhashman: posts small blind $1
BuzovaPro: posts big blind $3
*** HOLE CARDS ***
iamhashman: raises $3 to $6
BuzovaPro: folds
Uncalled bet ($3) returned to iamhashman
iamhashman collected $6 from pot
iamhashman: doesn't show hand
*** SUMMARY ***
Total pot $6 | Rake $0
Seat 3: iamhashman (button) (small blind) collected ($6)
Seat 4: BuzovaPro (big blind) folded before Flop


PokerStars Hand #150910374093:  Hold'em Limit ($3/$6 USD) - 2016/03/25 12:55:07 ET
Table 'Lunaria III' 6-max Seat #4 is the button
Seat 3: iamhashman ($864.34 in chips)
Seat 4: BuzovaPro ($151.70 in chips)
BuzovaPro: posts small blind $1
iamhashman: posts big blind $3
*** HOLE CARDS ***
BuzovaPro: raises $3 to $6
iamhashman: folds
Uncalled bet ($3) returned to BuzovaPro
BuzovaPro collected $6 from pot
BuzovaPro: doesn't show hand
*** SUMMARY ***
Total pot $6 | Rake $0
Seat 3: iamhashman (big blind) folded before Flop
Seat 4: BuzovaPro (button) (small blind) collected ($6)


PokerStars Hand #150910369944:  Hold'em Limit ($3/$6 USD) - 2016/03/25 12:55:02 ET
Table 'Lunaria III' 6-max Seat #3 is the button
Seat 3: iamhashman ($865.34 in chips)
Seat 4: BuzovaPro ($150.70 in chips)
iamhashman: posts small blind $1
BuzovaPro: posts big blind $3
*** HOLE CARDS ***
iamhashman: folds
Uncalled bet ($2) returned to BuzovaPro
BuzovaPro collected $2 from pot
BuzovaPro: doesn't show hand
*** SUMMARY ***
Total pot $2 | Rake $0
Seat 3: iamhashman (button) (small blind) folded before Flop
Seat 4: BuzovaPro (big blind) collected ($2)


PokerStars Hand #150910361049:  Hold'em Limit ($3/$6 USD) - 2016/03/25 12:54:52 ET
Table 'Lunaria III' 6-max Seat #4 is the button
Seat 3: iamhashman ($871.34 in chips)
Seat 4: BuzovaPro ($144.94 in chips)
BuzovaPro: posts small blind $1
iamhashman: posts big blind $3
*** HOLE CARDS ***
BuzovaPro: raises $3 to $6
iamhashman: calls $3
*** FLOP *** [Ad 7h 4s]
iamhashman: checks
BuzovaPro: bets $3
iamhashman: folds
Uncalled bet ($3) returned to BuzovaPro
BuzovaPro collected $11.76 from pot
BuzovaPro: doesn't show hand
*** SUMMARY ***
Total pot $12 | Rake $0.24
Board [Ad 7h 4s]
Seat 3: iamhashman (big blind) folded on the Flop
Seat 4: BuzovaPro (button) (small blind) collected ($11.76)


PokerStars Hand #150910345919:  Hold'em Limit ($3/$6 USD) - 2016/03/25 12:54:35 ET
Table 'Lunaria III' 6-max Seat #3 is the button
Seat 3: iamhashman ($862.70 in chips)
Seat 4: BuzovaPro ($153.94 in chips)
iamhashman: posts small blind $1
BuzovaPro: posts big blind $3
*** HOLE CARDS ***
iamhashman: raises $3 to $6
BuzovaPro: calls $3
*** FLOP *** [5s 6h Kd]
BuzovaPro: checks
iamhashman: bets $3
BuzovaPro: calls $3
*** TURN *** [5s 6h Kd] [Jd]
BuzovaPro: checks
iamhashman: checks
*** RIVER *** [5s 6h Kd Jd] [5d]
BuzovaPro: checks
iamhashman: checks
*** SHOW DOWN ***
BuzovaPro: shows [Qh 8d] (a pair of Fives)
iamhashman: shows [7d Ah] (a pair of Fives - Ace kicker)
iamhashman collected $17.64 from pot
*** SUMMARY ***
Total pot $18 | Rake $0.36
Board [5s 6h Kd Jd 5d]
Seat 3: iamhashman (button) (small blind) showed [7d Ah] and won ($17.64) with a pair of Fives
Seat 4: BuzovaPro (big blind) showed [Qh 8d] and lost with a pair of Fives


PokerStars Hand #150910341121:  Hold'em Limit ($3/$6 USD) - 2016/03/25 12:54:29 ET
Table 'Lunaria III' 6-max Seat #4 is the button
Seat 3: iamhashman ($865.70 in chips)
Seat 4: BuzovaPro ($150.94 in chips)
BuzovaPro: posts small blind $1
iamhashman: posts big blind $3
*** HOLE CARDS ***
BuzovaPro: raises $3 to $6
iamhashman: folds
Uncalled bet ($3) returned to BuzovaPro
BuzovaPro collected $6 from pot
BuzovaPro: doesn't show hand
*** SUMMARY ***
Total pot $6 | Rake $0
Seat 3: iamhashman (big blind) folded before Flop
Seat 4: BuzovaPro (button) (small blind) collected ($6)


PokerStars Hand #150910424092:  Hold'em Limit ($3/$6 USD) - 2016/03/25 12:56:18 ET
Table 'Lunaria III' 6-max Seat #3 is the button
Seat 3: iamhashman ($846.22 in chips)
Seat 4: BuzovaPro ($168.96 in chips)
iamhashman: posts small blind $1
BuzovaPro: posts big blind $3
*** HOLE CARDS ***
iamhashman: folds
Uncalled bet ($2) returned to BuzovaPro
BuzovaPro collected $2 from pot
BuzovaPro: doesn't show hand
*** SUMMARY ***
Total pot $2 | Rake $0
Seat 3: iamhashman (button) (small blind) folded before Flop
Seat 4: BuzovaPro (big blind) collected ($2)


PokerStars Hand #150910413679:  Hold'em Limit ($3/$6 USD) - 2016/03/25 12:56:03 ET
Table 'Lunaria III' 6-max Seat #4 is the button
Seat 3: iamhashman ($861.22 in chips)
Seat 4: BuzovaPro ($154.46 in chips)
BuzovaPro: posts small blind $1
iamhashman: posts big blind $3
*** HOLE CARDS ***
BuzovaPro: raises $3 to $6
iamhashman: calls $3
*** FLOP *** [Js Qs 2s]
iamhashman: checks
BuzovaPro: bets $3
iamhashman: calls $3
*** TURN *** [Js Qs 2s] [3c]
iamhashman: checks
BuzovaPro: checks
*** RIVER *** [Js Qs 2s 3c] [As]
iamhashman: bets $6
BuzovaPro: calls $6
*** SHOW DOWN ***
iamhashman: shows [Jc Kh] (a pair of Jacks)
BuzovaPro: shows [7c 8s] (a flush, Ace high)
BuzovaPro collected $29.50 from pot
*** SUMMARY ***
Total pot $30 | Rake $0.50
Board [Js Qs 2s 3c As]
Seat 3: iamhashman (big blind) showed [Jc Kh] and lost with a pair of Jacks
Seat 4: BuzovaPro (button) (small blind) showed [7c 8s] and won ($29.50) with a flush, Ace high


PokerStars Hand #150910409202:  Hold'em Limit ($3/$6 USD) - 2016/03/25 12:55:56 ET
Table 'Lunaria III' 6-max Seat #3 is the button
Seat 3: iamhashman ($858.22 in chips)
Seat 4: BuzovaPro ($157.46 in chips)
iamhashman: posts small blind $1
BuzovaPro: posts big blind $3
*** HOLE CARDS ***
iamhashman: raises $3 to $6
BuzovaPro: folds
Uncalled bet ($3) returned to iamhashman
iamhashman collected $6 from pot
iamhashman: doesn't show hand
*** SUMMARY ***
Total pot $6 | Rake $0
Seat 3: iamhashman (button) (small blind) collected ($6)
Seat 4: BuzovaPro (big blind) folded before Flop


PokerStars Hand #150910406130:  Hold'em Limit ($3/$6 USD) - 2016/03/25 12:55:52 ET
Table 'Lunaria III' 6-max Seat #4 is the button
Seat 3: iamhashman ($857.22 in chips)
Seat 4: BuzovaPro ($158.46 in chips)
BuzovaPro: posts small blind $1
iamhashman: posts big blind $3
*** HOLE CARDS ***
BuzovaPro: folds
Uncalled bet ($2) returned to iamhashman
iamhashman collected $2 from pot
iamhashman: doesn't show hand
*** SUMMARY ***
Total pot $2 | Rake $0
Seat 3: iamhashman (big blind) collected ($2)
Seat 4: BuzovaPro (button) (small blind) folded before Flop


PokerStars Hand #150910398554:  Hold'em Limit ($3/$6 USD) - 2016/03/25 12:55:41 ET
Table 'Lunaria III' 6-max Seat #3 is the button
Seat 3: iamhashman ($854.34 in chips)
Seat 4: BuzovaPro ($161.46 in chips)
iamhashman: posts small blind $1
BuzovaPro: posts big blind $3
*** HOLE CARDS ***
iamhashman: calls $2
BuzovaPro: checks
*** FLOP *** [9s 7d 5d]
BuzovaPro: checks
iamhashman: bets $3
BuzovaPro: folds
Uncalled bet ($3) returned to iamhashman
iamhashman collected $5.88 from pot
iamhashman: doesn't show hand
*** SUMMARY ***
Total pot $6 | Rake $0.12
Board [9s 7d 5d]
Seat 3: iamhashman (button) (small blind) collected ($5.88)
Seat 4: BuzovaPro (big blind) folded on the Flop


PokerStars Hand #150910394939:  Hold'em Limit ($3/$6 USD) - 2016/03/25 12:55:35 ET
Table 'Lunaria III' 6-max Seat #4 is the button
Seat 3: iamhashman ($857.34 in chips)
Seat 4: BuzovaPro ($158.46 in chips)
BuzovaPro: posts small blind $1
iamhashman: posts big blind $3
*** HOLE CARDS ***
BuzovaPro: raises $3 to $6
iamhashman: folds
Uncalled bet ($3) returned to BuzovaPro
BuzovaPro collected $6 from pot
BuzovaPro: doesn't show hand
*** SUMMARY ***
Total pot $6 | Rake $0
Seat 3: iamhashman (big blind) folded before Flop
Seat 4: BuzovaPro (button) (small blind) collected ($6)


PokerStars Hand #150910391678:  Hold'em Limit ($3/$6 USD) - 2016/03/25 12:55:31 ET
Table 'Lunaria III' 6-max Seat #3 is the button
Seat 3: iamhashman ($858.34 in chips)
Seat 4: BuzovaPro ($157.46 in chips)
iamhashman: posts small blind $1
BuzovaPro: posts big blind $3
*** HOLE CARDS ***
iamhashman: folds
Uncalled bet ($2) returned to BuzovaPro
BuzovaPro collected $2 from pot
BuzovaPro: doesn't show hand
*** SUMMARY ***
Total pot $2 | Rake $0
Seat 3: iamhashman (button) (small blind) folded before Flop
Seat 4: BuzovaPro (big blind) collected ($2)


PokerStars Hand #150910384190:  Hold'em Limit ($3/$6 USD) - 2016/03/25 12:55:20 ET
Table 'Lunaria III' 6-max Seat #4 is the button
Seat 3: iamhashman ($864.34 in chips)
Seat 4: BuzovaPro ($151.70 in chips)
BuzovaPro: posts small blind $1
iamhashman: posts big blind $3
*** HOLE CARDS ***
BuzovaPro: raises $3 to $6
iamhashman: calls $3
*** FLOP *** [4c Ac Js]
iamhashman: checks
BuzovaPro: bets $3
iamhashman: folds
Uncalled bet ($3) returned to BuzovaPro
BuzovaPro collected $11.76 from pot
BuzovaPro: doesn't show hand
*** SUMMARY ***
Total pot $12 | Rake $0.24
Board [4c Ac Js]
Seat 3: iamhashman (big blind) folded on the Flop
Seat 4: BuzovaPro (button) (small blind) collected ($11.76)


PokerStars Hand #150910427461:  Hold'em Limit ($3/$6 USD) - 2016/03/25 12:56:23 ET
Table 'Lunaria III' 6-max Seat #4 is the button
Seat 3: iamhashman ($845.22 in chips)
Seat 4: BuzovaPro ($169.96 in chips)
BuzovaPro: posts small blind $1
iamhashman: posts big blind $3
*** HOLE CARDS ***
BuzovaPro: raises $3 to $6
iamhashman: calls $3
*** FLOP *** [Qs 7c 7h]
iamhashman: checks
BuzovaPro: bets $3
iamhashman: raises $3 to $6
BuzovaPro: raises $3 to $9
iamhashman: calls $3
*** TURN *** [Qs 7c 7h] [4h]
iamhashman: checks
BuzovaPro: checks
*** RIVER *** [Qs 7c 7h 4h] [3d]
iamhashman: checks
BuzovaPro: bets $6
iamhashman: calls $6
*** SHOW DOWN ***
BuzovaPro: shows [6c Jd] (a pair of Sevens)
iamhashman: shows [Qc Ts] (two pair, Queens and Sevens)
iamhashman collected $41.50 from pot
*** SUMMARY ***
Total pot $42 | Rake $0.50
Board [Qs 7c 7h 4h 3d]
Seat 3: iamhashman (big blind) showed [Qc Ts] and won ($41.50) with two pair, Queens and Sevens
Seat 4: BuzovaPro (button) (small blind) showed [6c Jd] and lost with a pair of Sevens


