PokerStars Hand #149160561279:  Hold'em Limit ($3/$6 USD) - 2016/02/21 2:50:56 ET
Table 'Lunaria' 6-max Seat #4 is the button
Seat 2: s1gfree ($59 in chips)
Seat 4: Agrotait ($73 in chips)
Agrotait: posts small blind $1
s1gfree: posts big blind $3
*** HOLE CARDS ***
Agrotait: raises $3 to $6
s1gfree: calls $3
*** FLOP *** [Qs 2s Jd]
s1gfree: checks
Agrotait: bets $3
s1gfree: folds
Uncalled bet ($3) returned to Agrotait
Agrotait collected $11.76 from pot
Agrotait: doesn't show hand
*** SUMMARY ***
Total pot $12 | Rake $0.24
Board [Qs 2s Jd]
Seat 2: s1gfree (big blind) folded on the Flop
Seat 4: Agrotait (button) (small blind) collected ($11.76)


PokerStars Hand #149160573820:  Hold'em Limit ($3/$6 USD) - 2016/02/21 2:51:31 ET
Table 'Lunaria' 6-max Seat #2 is the button
Seat 2: s1gfree ($53 in chips)
Seat 4: Agrotait ($78.76 in chips)
s1gfree: posts small blind $1
Agrotait: posts big blind $3
*** HOLE CARDS ***
s1gfree: folds
Uncalled bet ($2) returned to Agrotait
Agrotait collected $2 from pot
Agrotait: doesn't show hand
*** SUMMARY ***
Total pot $2 | Rake $0
Seat 2: s1gfree (button) (small blind) folded before Flop
Seat 4: Agrotait (big blind) collected ($2)


PokerStars Hand #149160554399:  Hold'em Limit ($3/$6 USD) - 2016/02/21 2:50:37 ET
Table 'Lunaria' 6-max Seat #2 is the button
Seat 2: s1gfree ($60 in chips)
Seat 4: Agrotait ($72 in chips)
s1gfree: posts small blind $1
Agrotait: posts big blind $3
*** HOLE CARDS ***
s1gfree: folds
Uncalled bet ($2) returned to Agrotait
Agrotait collected $2 from pot
*** SUMMARY ***
Total pot $2 | Rake $0
Seat 2: s1gfree (button) (small blind) folded before Flop
Seat 4: Agrotait (big blind) collected ($2)


PokerStars Hand #149160576591:  Hold'em Limit ($3/$6 USD) - 2016/02/21 2:51:38 ET
Table 'Lunaria' 6-max Seat #4 is the button
Seat 2: s1gfree ($52 in chips)
Seat 4: Agrotait ($79.76 in chips)
Agrotait: posts small blind $1
s1gfree: posts big blind $3
*** HOLE CARDS ***
Agrotait: raises $3 to $6
s1gfree: calls $3
*** FLOP *** [3d 3h Th]
s1gfree: checks
Agrotait: bets $3
s1gfree: calls $3
*** TURN *** [3d 3h Th] [9h]
s1gfree: checks
Agrotait: checks
*** RIVER *** [3d 3h Th 9h] [Qs]
s1gfree: bets $6
Agrotait: folds
Uncalled bet ($6) returned to s1gfree
s1gfree collected $17.64 from pot
s1gfree: doesn't show hand
*** SUMMARY ***
Total pot $18 | Rake $0.36
Board [3d 3h Th 9h Qs]
Seat 2: s1gfree (big blind) collected ($17.64)
Seat 4: Agrotait (button) (small blind) folded on the River


PokerStars Hand #149160593038:  Hold'em Limit ($3/$6 USD) - 2016/02/21 2:52:23 ET
Table 'Lunaria' 6-max Seat #2 is the button
Seat 2: s1gfree ($60.64 in chips)
Seat 4: Agrotait ($70.76 in chips)
s1gfree: posts small blind $1
Agrotait: posts big blind $3
*** HOLE CARDS ***
s1gfree: calls $2
Agrotait: checks
*** FLOP *** [Ah 6s 3d]
Agrotait: bets $3
s1gfree: calls $3
*** TURN *** [Ah 6s 3d] [4s]
Agrotait: checks
s1gfree: bets $6
Agrotait: folds
Uncalled bet ($6) returned to s1gfree
s1gfree collected $11.76 from pot
s1gfree: doesn't show hand
*** SUMMARY ***
Total pot $12 | Rake $0.24
Board [Ah 6s 3d 4s]
Seat 2: s1gfree (button) (small blind) collected ($11.76)
Seat 4: Agrotait (big blind) folded on the Turn


PokerStars Hand #149160615248:  Hold'em Limit ($3/$6 USD) - 2016/02/21 2:53:23 ET
Table 'Lunaria' 6-max Seat #4 is the button
Seat 2: s1gfree ($66.40 in chips)
Seat 4: Agrotait ($64.76 in chips)
Agrotait: posts small blind $1
s1gfree: posts big blind $3
*** HOLE CARDS ***
Agrotait: folds
Uncalled bet ($2) returned to s1gfree
s1gfree collected $2 from pot
s1gfree: doesn't show hand
*** SUMMARY ***
Total pot $2 | Rake $0
Seat 2: s1gfree (big blind) collected ($2)
Seat 4: Agrotait (button) (small blind) folded before Flop


PokerStars Hand #149160635747:  Hold'em Limit ($3/$6 USD) - 2016/02/21 2:54:20 ET
Table 'Lunaria' 6-max Seat #4 is the button
Seat 2: s1gfree ($84.90 in chips)
Seat 4: Agrotait ($72 in chips)
Agrotait: posts small blind $1
s1gfree: posts big blind $3
*** HOLE CARDS ***
Agrotait: raises $3 to $6
s1gfree: calls $3
*** FLOP *** [Jd Qh 2s]
s1gfree: checks
Agrotait: bets $3
s1gfree: folds
Uncalled bet ($3) returned to Agrotait
Agrotait collected $11.76 from pot
Agrotait: doesn't show hand
*** SUMMARY ***
Total pot $12 | Rake $0.24
Board [Jd Qh 2s]
Seat 2: s1gfree (big blind) folded on the Flop
Seat 4: Agrotait (button) (small blind) collected ($11.76)


PokerStars Hand #149160641302:  Hold'em Limit ($3/$6 USD) - 2016/02/21 2:54:35 ET
Table 'Lunaria' 6-max Seat #2 is the button
Seat 2: s1gfree ($78.90 in chips)
Seat 4: Agrotait ($77.76 in chips)
s1gfree: posts small blind $1
Agrotait: posts big blind $3
*** HOLE CARDS ***
s1gfree: folds
Uncalled bet ($2) returned to Agrotait
Agrotait collected $2 from pot
Agrotait: doesn't show hand
*** SUMMARY ***
Total pot $2 | Rake $0
Seat 2: s1gfree (button) (small blind) folded before Flop
Seat 4: Agrotait (big blind) collected ($2)


PokerStars Hand #149160617726:  Hold'em Limit ($3/$6 USD) - 2016/02/21 2:53:30 ET
Table 'Lunaria' 6-max Seat #2 is the button
Seat 2: s1gfree ($67.40 in chips)
Seat 4: Agrotait ($63.76 in chips)
s1gfree: posts small blind $1
Agrotait: posts big blind $3
*** HOLE CARDS ***
s1gfree: calls $2
Agrotait: checks
*** FLOP *** [Js Qd 3s]
Agrotait: bets $3
s1gfree: calls $3
*** TURN *** [Js Qd 3s] [Kd]
Agrotait: bets $6
s1gfree: calls $6
*** RIVER *** [Js Qd 3s Kd] [Tc]
Agrotait: checks
s1gfree: bets $6
Agrotait: calls $6
*** SHOW DOWN ***
s1gfree: shows [Qs 7s] (a pair of Queens)
Agrotait: mucks hand
s1gfree collected $35.50 from pot
*** SUMMARY ***
Total pot $36 | Rake $0.50
Board [Js Qd 3s Kd Tc]
Seat 2: s1gfree (button) (small blind) showed [Qs 7s] and won ($35.50) with a pair of Queens
Seat 4: Agrotait (big blind) mucked


