PokerStars Hand #170675605639:  Hold'em Limit ($3/$6 USD) - 2017/05/20 12:05:55 ET
Table 'Luna' 6-max Seat #6 is the button
Seat 3: lucky80185 ($40.78 in chips)
Seat 6: HAL9QQQ ($134 in chips)
vestimokrec will be allowed to play after the button
HAL9QQQ: posts small blind $1
lucky80185: posts big blind $3
*** HOLE CARDS ***
HAL9QQQ: raises $3 to $6
lucky80185: raises $3 to $9
HAL9QQQ: calls $3
*** FLOP *** [2h 3h 8h]
lucky80185: bets $3
HAL9QQQ: calls $3
*** TURN *** [2h 3h 8h] [7d]
lucky80185: bets $6
HAL9QQQ: calls $6
*** RIVER *** [2h 3h 8h 7d] [7h]
lucky80185: bets $6
HAL9QQQ: calls $6
*** SHOW DOWN ***
lucky80185: shows [8d 9h] (a flush, Nine high)
HAL9QQQ: mucks hand
lucky80185 collected $47.50 from pot
*** SUMMARY ***
Total pot $48 | Rake $0.50
Board [2h 3h 8h 7d 7h]
Seat 3: lucky80185 (big blind) showed [8d 9h] and won ($47.50) with a flush, Nine high
Seat 6: HAL9QQQ (button) (small blind) mucked


PokerStars Hand #170677360603:  Hold'em Limit ($3/$6 USD) - 2017/05/20 12:45:20 ET
Table 'Luna' 6-max Seat #5 is the button
Seat 1: belik555 ($93 in chips)
Seat 5: Lowey277 ($75.78 in chips)
Lowey277: posts small blind $1
belik555: posts big blind $3
*** HOLE CARDS ***
Lowey277: folds
Uncalled bet ($2) returned to belik555
belik555 collected $2 from pot
belik555: doesn't show hand
*** SUMMARY ***
Total pot $2 | Rake $0
Seat 1: belik555 (big blind) collected ($2)
Seat 5: Lowey277 (button) (small blind) folded before Flop


PokerStars Hand #170677352351:  Hold'em Limit ($3/$6 USD) - 2017/05/20 12:45:09 ET
Table 'Luna' 6-max Seat #1 is the button
Seat 1: belik555 ($90 in chips)
Seat 5: Lowey277 ($78.78 in chips)
belik555: posts small blind $1
Lowey277: posts big blind $3
*** HOLE CARDS ***
belik555: raises $3 to $6
Lowey277: folds
Uncalled bet ($3) returned to belik555
belik555 collected $6 from pot
belik555: doesn't show hand
*** SUMMARY ***
Total pot $6 | Rake $0
Seat 1: belik555 (button) (small blind) collected ($6)
Seat 5: Lowey277 (big blind) folded before Flop


PokerStars Hand #170677405249:  Hold'em Limit ($3/$6 USD) - 2017/05/20 12:46:20 ET
Table 'Luna' 6-max Seat #5 is the button
Seat 1: belik555 ($107.40 in chips)
Seat 5: Lowey277 ($60.78 in chips)
Lowey277: posts small blind $1
belik555: posts big blind $3
*** HOLE CARDS ***
Lowey277: folds
Uncalled bet ($2) returned to belik555
belik555 collected $2 from pot
belik555: doesn't show hand
*** SUMMARY ***
Total pot $2 | Rake $0
Seat 1: belik555 (big blind) collected ($2)
Seat 5: Lowey277 (button) (small blind) folded before Flop


PokerStars Hand #170677399649:  Hold'em Limit ($3/$6 USD) - 2017/05/20 12:46:12 ET
Table 'Luna' 6-max Seat #1 is the button
Seat 1: belik555 ($108.40 in chips)
Seat 5: Lowey277 ($59.78 in chips)
belik555: posts small blind $1
Lowey277: posts big blind $3
*** HOLE CARDS ***
belik555: folds
Uncalled bet ($2) returned to Lowey277
Lowey277 collected $2 from pot
Lowey277: doesn't show hand
*** SUMMARY ***
Total pot $2 | Rake $0
Seat 1: belik555 (button) (small blind) folded before Flop
Seat 5: Lowey277 (big blind) collected ($2)


PokerStars Hand #170677384944:  Hold'em Limit ($3/$6 USD) - 2017/05/20 12:45:53 ET
Table 'Luna' 6-max Seat #5 is the button
Seat 1: belik555 ($102.64 in chips)
Seat 5: Lowey277 ($65.78 in chips)
Lowey277: posts small blind $1
belik555: posts big blind $3
*** HOLE CARDS ***
Lowey277: raises $3 to $6
belik555: calls $3
*** FLOP *** [7h Jc Ts]
belik555: bets $3
Lowey277: folds
Uncalled bet ($3) returned to belik555
belik555 collected $11.76 from pot
belik555: doesn't show hand
*** SUMMARY ***
Total pot $12 | Rake $0.24
Board [7h Jc Ts]
Seat 1: belik555 (big blind) collected ($11.76)
Seat 5: Lowey277 (button) (small blind) folded on the Flop


PokerStars Hand #170677380594:  Hold'em Limit ($3/$6 USD) - 2017/05/20 12:45:47 ET
Table 'Luna' 6-max Seat #1 is the button
Seat 1: belik555 ($103.64 in chips)
Seat 5: Lowey277 ($64.78 in chips)
belik555: posts small blind $1
Lowey277: posts big blind $3
*** HOLE CARDS ***
belik555: folds
Uncalled bet ($2) returned to Lowey277
Lowey277 collected $2 from pot
Lowey277: doesn't show hand
*** SUMMARY ***
Total pot $2 | Rake $0
Seat 1: belik555 (button) (small blind) folded before Flop
Seat 5: Lowey277 (big blind) collected ($2)


PokerStars Hand #170677376637:  Hold'em Limit ($3/$6 USD) - 2017/05/20 12:45:42 ET
Table 'Luna' 6-max Seat #5 is the button
Seat 1: belik555 ($102.64 in chips)
Seat 5: Lowey277 ($65.78 in chips)
Lowey277: posts small blind $1
belik555: posts big blind $3
*** HOLE CARDS ***
Lowey277: folds
Uncalled bet ($2) returned to belik555
belik555 collected $2 from pot
belik555: doesn't show hand
*** SUMMARY ***
Total pot $2 | Rake $0
Seat 1: belik555 (big blind) collected ($2)
Seat 5: Lowey277 (button) (small blind) folded before Flop


PokerStars Hand #170677364680:  Hold'em Limit ($3/$6 USD) - 2017/05/20 12:45:26 ET
Table 'Luna' 6-max Seat #1 is the button
Seat 1: belik555 ($94 in chips)
Seat 5: Lowey277 ($74.78 in chips)
belik555: posts small blind $1
Lowey277: posts big blind $3
*** HOLE CARDS ***
belik555: raises $3 to $6
Lowey277: raises $3 to $9
belik555: calls $3
*** FLOP *** [Qd Jc 7h]
Lowey277: checks
belik555: bets $3
Lowey277: folds
Uncalled bet ($3) returned to belik555
belik555 collected $17.64 from pot
belik555: doesn't show hand
*** SUMMARY ***
Total pot $18 | Rake $0.36
Board [Qd Jc 7h]
Seat 1: belik555 (button) (small blind) collected ($17.64)
Seat 5: Lowey277 (big blind) folded on the Flop


PokerStars Hand #170677420486:  Hold'em Limit ($3/$6 USD) - 2017/05/20 12:46:40 ET
Table 'Luna' 6-max Seat #5 is the button
Seat 1: belik555 ($111.40 in chips)
Seat 5: Lowey277 ($56.78 in chips)
Lowey277: posts small blind $1
belik555: posts big blind $3
*** HOLE CARDS ***
Lowey277: raises $3 to $6
belik555: calls $3
*** FLOP *** [7h Td 8c]
belik555: checks
Lowey277: bets $3
belik555: calls $3
*** TURN *** [7h Td 8c] [6s]
belik555: checks
Lowey277: checks
*** RIVER *** [7h Td 8c 6s] [2h]
belik555: checks
Lowey277: bets $6
belik555: raises $6 to $12
Lowey277: calls $6
*** SHOW DOWN ***
belik555: shows [2c Jd] (a pair of Deuces)
Lowey277: shows [Qs 8d] (a pair of Eights)
Lowey277 collected $41.50 from pot
*** SUMMARY ***
Total pot $42 | Rake $0.50
Board [7h Td 8c 6s 2h]
Seat 1: belik555 (big blind) showed [2c Jd] and lost with a pair of Deuces
Seat 5: Lowey277 (button) (small blind) showed [Qs 8d] and won ($41.50) with a pair of Eights


PokerStars Hand #170677410746:  Hold'em Limit ($3/$6 USD) - 2017/05/20 12:46:27 ET
Table 'Luna' 6-max Seat #1 is the button
Seat 1: belik555 ($108.40 in chips)
Seat 5: Lowey277 ($59.78 in chips)
belik555: posts small blind $1
Lowey277: posts big blind $3
*** HOLE CARDS ***
belik555: raises $3 to $6
Lowey277: folds
Uncalled bet ($3) returned to belik555
belik555 collected $6 from pot
belik555: doesn't show hand
*** SUMMARY ***
Total pot $6 | Rake $0
Seat 1: belik555 (button) (small blind) collected ($6)
Seat 5: Lowey277 (big blind) folded before Flop


PokerStars Hand #170677485228:  Hold'em Limit ($3/$6 USD) - 2017/05/20 12:48:05 ET
Table 'Luna' 6-max Seat #5 is the button
Seat 1: belik555 ($90 in chips)
Seat 5: Lowey277 ($102.54 in chips)
Lowey277: posts small blind $1
belik555: posts big blind $3
*** HOLE CARDS ***
Lowey277: folds
Uncalled bet ($2) returned to belik555
belik555 collected $2 from pot
belik555: doesn't show hand
*** SUMMARY ***
Total pot $2 | Rake $0
Seat 1: belik555 (big blind) collected ($2)
Seat 5: Lowey277 (button) (small blind) folded before Flop


PokerStars Hand #170677474202:  Hold'em Limit ($3/$6 USD) - 2017/05/20 12:47:51 ET
Table 'Luna' 6-max Seat #1 is the button
Seat 1: belik555 ($91 in chips)
Seat 5: Lowey277 ($96.78 in chips)
belik555: posts small blind $1
Lowey277: posts big blind $3
*** HOLE CARDS ***
belik555: raises $3 to $6
Lowey277: calls $3
*** FLOP *** [Js 8s 5c]
Lowey277: bets $3
belik555: folds
Uncalled bet ($3) returned to Lowey277
Lowey277 collected $11.76 from pot
Lowey277: doesn't show hand
*** SUMMARY ***
Total pot $12 | Rake $0.24
Board [Js 8s 5c]
Seat 1: belik555 (button) (small blind) folded on the Flop
Seat 5: Lowey277 (big blind) collected ($11.76)


PokerStars Hand #170677470213:  Hold'em Limit ($3/$6 USD) - 2017/05/20 12:47:46 ET
Table 'Luna' 6-max Seat #5 is the button
Seat 1: belik555 ($90 in chips)
Seat 5: Lowey277 ($97.78 in chips)
Lowey277: posts small blind $1
belik555: posts big blind $3
*** HOLE CARDS ***
Lowey277: folds
Uncalled bet ($2) returned to belik555
belik555 collected $2 from pot
belik555: doesn't show hand
*** SUMMARY ***
Total pot $2 | Rake $0
Seat 1: belik555 (big blind) collected ($2)
Seat 5: Lowey277 (button) (small blind) folded before Flop


PokerStars Hand #170677448160:  Hold'em Limit ($3/$6 USD) - 2017/05/20 12:47:17 ET
Table 'Luna' 6-max Seat #1 is the button
Seat 1: belik555 ($90.40 in chips)
Seat 5: Lowey277 ($77.28 in chips)
belik555: posts small blind $1
Lowey277: posts big blind $3
*** HOLE CARDS ***
belik555: raises $3 to $6
Lowey277: calls $3
*** FLOP *** [6c Ac 9h]
Lowey277: checks
belik555: bets $3
Lowey277: calls $3
*** TURN *** [6c Ac 9h] [8d]
Lowey277: checks
belik555: bets $6
Lowey277: raises $6 to $12
belik555: calls $6
*** RIVER *** [6c Ac 9h 8d] [2s]
Lowey277: bets $6
belik555: folds
Uncalled bet ($6) returned to Lowey277
Lowey277 collected $41.50 from pot
Lowey277: doesn't show hand
*** SUMMARY ***
Total pot $42 | Rake $0.50
Board [6c Ac 9h 8d 2s]
Seat 1: belik555 (button) (small blind) folded on the River
Seat 5: Lowey277 (big blind) collected ($41.50)


PokerStars Hand #170677489659:  Hold'em Limit ($3/$6 USD) - 2017/05/20 12:48:11 ET
Table 'Luna' 6-max Seat #1 is the button
Seat 1: belik555 ($91 in chips)
Seat 5: Lowey277 ($101.54 in chips)
belik555: posts small blind $1
Lowey277: posts big blind $3
*** HOLE CARDS ***
belik555: raises $3 to $6
Lowey277: raises $3 to $9
belik555: calls $3
*** FLOP *** [8c 4s Qs]
Z435A791B joins the table at seat #2
Lowey277: checks
belik555: bets $3
Lowey277: calls $3
*** TURN *** [8c 4s Qs] [Kd]
Lowey277: bets $6
belik555: calls $6
*** RIVER *** [8c 4s Qs Kd] [3s]
Lowey277: checks
vestimokrec joins the table at seat #3
belik555: checks
*** SHOW DOWN ***
Lowey277: shows [Jc Kc] (a pair of Kings)
belik555: mucks hand
Lowey277 collected $35.50 from pot
*** SUMMARY ***
Total pot $36 | Rake $0.50
Board [8c 4s Qs Kd 3s]
Seat 1: belik555 (button) (small blind) mucked
Seat 5: Lowey277 (big blind) showed [Jc Kc] and won ($35.50) with a pair of Kings


PokerStars Hand #170677514375:  Hold'em Limit ($3/$6 USD) - 2017/05/20 12:48:44 ET
Table 'Luna' 6-max Seat #5 is the button
Seat 1: belik555 ($90 in chips)
Seat 5: Lowey277 ($119.04 in chips)
Lowey277: posts small blind $1
belik555: posts big blind $3
*** HOLE CARDS ***
Lowey277: raises $3 to $6
belik555: raises $3 to $9
Lowey277: folds
Uncalled bet ($3) returned to belik555
belik555 collected $12 from pot
belik555: doesn't show hand
*** SUMMARY ***
Total pot $12 | Rake $0
Seat 1: belik555 (big blind) collected ($12)
Seat 5: Lowey277 (button) (small blind) folded before Flop


PokerStars Hand #170687604584:  Hold'em Limit ($3/$6 USD) - 2017/05/20 16:23:31 ET
Table 'Luna' 6-max Seat #3 is the button
Seat 3: RaisemyNut$ ($119.72 in chips)
Seat 6: Bedard ($98.41 in chips)
RaisemyNut$: posts small blind $1
aloven: is sitting out
Bedard: posts big blind $3
*** HOLE CARDS ***
aloven leaves the table
RaisemyNut$: folds
Uncalled bet ($2) returned to Bedard
Bedard collected $2 from pot
Bedard: doesn't show hand
*** SUMMARY ***
Total pot $2 | Rake $0
Seat 3: RaisemyNut$ (button) (small blind) folded before Flop
Seat 6: Bedard (big blind) collected ($2)


PokerStars Hand #170687923740:  Hold'em Limit ($3/$6 USD) - 2017/05/20 16:30:04 ET
Table 'Luna' 6-max Seat #3 is the button
Seat 2: hairy1961 ($63.64 in chips)
Seat 3: RaisemyNut$ ($89.72 in chips)
RaisemyNut$: posts small blind $1
hairy1961: posts big blind $3
*** HOLE CARDS ***
Zovanna joins the table at seat #4
RaisemyNut$: raises $3 to $6
hairy1961: folds
Uncalled bet ($3) returned to RaisemyNut$
RaisemyNut$ collected $6 from pot
RaisemyNut$: doesn't show hand
*** SUMMARY ***
Total pot $6 | Rake $0
Seat 2: hairy1961 (big blind) folded before Flop
Seat 3: RaisemyNut$ (button) (small blind) collected ($6)


PokerStars Hand #170687919229:  Hold'em Limit ($3/$6 USD) - 2017/05/20 16:29:59 ET
Table 'Luna' 6-max Seat #2 is the button
Seat 2: hairy1961 ($64.64 in chips)
Seat 3: RaisemyNut$ ($88.72 in chips)
hairy1961: posts small blind $1
RaisemyNut$: posts big blind $3
*** HOLE CARDS ***
hairy1961: folds
Uncalled bet ($2) returned to RaisemyNut$
RaisemyNut$ collected $2 from pot
RaisemyNut$: doesn't show hand
*** SUMMARY ***
Total pot $2 | Rake $0
Seat 2: hairy1961 (button) (small blind) folded before Flop
Seat 3: RaisemyNut$ (big blind) collected ($2)


PokerStars Hand #170687899108:  Hold'em Limit ($3/$6 USD) - 2017/05/20 16:29:34 ET
Table 'Luna' 6-max Seat #3 is the button
Seat 2: hairy1961 ($38.14 in chips)
Seat 3: RaisemyNut$ ($115.72 in chips)
RaisemyNut$: posts small blind $1
hairy1961: posts big blind $3
*** HOLE CARDS ***
RaisemyNut$: raises $3 to $6
hairy1961: calls $3
*** FLOP *** [2c 6d Js]
hairy1961: checks
RaisemyNut$: bets $3
hairy1961: calls $3
*** TURN *** [2c 6d Js] [Jc]
hairy1961: checks
RaisemyNut$: bets $6
hairy1961: raises $6 to $12
RaisemyNut$: calls $6
*** RIVER *** [2c 6d Js Jc] [8d]
hairy1961: bets $6
RaisemyNut$: calls $6
*** SHOW DOWN ***
hairy1961: shows [Jh 9s] (three of a kind, Jacks)
RaisemyNut$: mucks hand
hairy1961 collected $53.50 from pot
*** SUMMARY ***
Total pot $54 | Rake $0.50
Board [2c 6d Js Jc 8d]
Seat 2: hairy1961 (big blind) showed [Jh 9s] and won ($53.50) with three of a kind, Jacks
Seat 3: RaisemyNut$ (button) (small blind) mucked


PokerStars Hand #170687931381:  Hold'em Limit ($3/$6 USD) - 2017/05/20 16:30:13 ET
Table 'Luna' 6-max Seat #2 is the button
Seat 2: hairy1961 ($60.64 in chips)
Seat 3: RaisemyNut$ ($92.72 in chips)
hairy1961: posts small blind $1
RaisemyNut$: posts big blind $3
*** HOLE CARDS ***
hairy1961: raises $3 to $6
RaisemyNut$: calls $3
*** FLOP *** [7s Ts 3c]
RaisemyNut$: checks
hairy1961: checks
*** TURN *** [7s Ts 3c] [7h]
RaisemyNut$: bets $6
hairy1961: calls $6
*** RIVER *** [7s Ts 3c 7h] [Kh]
RaisemyNut$: bets $6
hairy1961: folds
Uncalled bet ($6) returned to RaisemyNut$
RaisemyNut$ collected $23.52 from pot
RaisemyNut$: doesn't show hand
*** SUMMARY ***
Total pot $24 | Rake $0.48
Board [7s Ts 3c 7h Kh]
Seat 2: hairy1961 (button) (small blind) folded on the River
Seat 3: RaisemyNut$ (big blind) collected ($23.52)


PokerStars Hand #170687996778:  Hold'em Limit ($3/$6 USD) - 2017/05/20 16:31:34 ET
Table 'Luna' 6-max Seat #3 is the button
Seat 3: RaisemyNut$ ($106.88 in chips)
Seat 4: Zovanna ($84.01 in chips)
RaisemyNut$: posts small blind $1
BAD-Chri$$y joins the table at seat #6
Zovanna: posts big blind $3
*** HOLE CARDS ***
RaisemyNut$: raises $3 to $6
Zovanna: folds
Uncalled bet ($3) returned to RaisemyNut$
RaisemyNut$ collected $6 from pot
RaisemyNut$: doesn't show hand
*** SUMMARY ***
Total pot $6 | Rake $0
Seat 3: RaisemyNut$ (button) (small blind) collected ($6)
Seat 4: Zovanna (big blind) folded before Flop


PokerStars Hand #170696105635:  Hold'em Limit ($3/$6 USD) - 2017/05/20 19:45:37 ET
Table 'Luna' 6-max Seat #2 is the button
Seat 2: manly70 ($124.27 in chips)
Seat 3: RaisemyNut$ ($60 in chips)
manly70: posts small blind $1
RaisemyNut$: posts big blind $3
*** HOLE CARDS ***
Isenvaden leaves the table
7moneymaster leaves the table
manly70: folds
Uncalled bet ($2) returned to RaisemyNut$
RaisemyNut$ collected $2 from pot
RaisemyNut$: doesn't show hand
*** SUMMARY ***
Total pot $2 | Rake $0
Seat 2: manly70 (button) (small blind) folded before Flop
Seat 3: RaisemyNut$ (big blind) collected ($2)


PokerStars Hand #170696102608:  Hold'em Limit ($3/$6 USD) - 2017/05/20 19:45:31 ET
Table 'Luna' 6-max Seat #3 is the button
Seat 2: manly70 ($123.27 in chips)
Seat 3: RaisemyNut$ ($61 in chips)
RaisemyNut$: posts small blind $1
Isenvaden: is sitting out
manly70: posts big blind $3
*** HOLE CARDS ***
RaisemyNut$: folds
Uncalled bet ($2) returned to manly70
manly70 collected $2 from pot
*** SUMMARY ***
Total pot $2 | Rake $0
Seat 2: manly70 (big blind) collected ($2)
Seat 3: RaisemyNut$ (button) (small blind) folded before Flop


PokerStars Hand #170696108620:  Hold'em Limit ($3/$6 USD) - 2017/05/20 19:45:42 ET
Table 'Luna' 6-max Seat #3 is the button
Seat 2: manly70 ($123.27 in chips)
Seat 3: RaisemyNut$ ($61 in chips)
RaisemyNut$: posts small blind $1
manly70: posts big blind $3
*** HOLE CARDS ***
RaisemyNut$: folds
Uncalled bet ($2) returned to manly70
manly70 collected $2 from pot
*** SUMMARY ***
Total pot $2 | Rake $0
Seat 2: manly70 (big blind) collected ($2)
Seat 3: RaisemyNut$ (button) (small blind) folded before Flop


PokerStars Hand #170696111547:  Hold'em Limit ($3/$6 USD) - 2017/05/20 19:45:48 ET
Table 'Luna' 6-max Seat #2 is the button
Seat 2: manly70 ($124.27 in chips)
Seat 3: RaisemyNut$ ($60 in chips)
manly70: posts small blind $1
RaisemyNut$: posts big blind $3
*** HOLE CARDS ***
manly70: raises $3 to $6
RaisemyNut$: calls $3
*** FLOP *** [Qd 4c 6d]
RaisemyNut$: checks
manly70: bets $3
RaisemyNut$: raises $3 to $6
manly70: calls $3
*** TURN *** [Qd 4c 6d] [3d]
RaisemyNut$: bets $6
manly70: calls $6
*** RIVER *** [Qd 4c 6d 3d] [Jc]
RaisemyNut$: bets $6
manly70: folds
Uncalled bet ($6) returned to RaisemyNut$
RaisemyNut$ collected $35.50 from pot
RaisemyNut$: doesn't show hand
*** SUMMARY ***
Total pot $36 | Rake $0.50
Board [Qd 4c 6d 3d Jc]
Seat 2: manly70 (button) (small blind) folded on the River
Seat 3: RaisemyNut$ (big blind) collected ($35.50)


PokerStars Hand #170696130066:  Hold'em Limit ($3/$6 USD) - 2017/05/20 19:46:22 ET
Table 'Luna' 6-max Seat #3 is the button
Seat 2: manly70 ($106.27 in chips)
Seat 3: RaisemyNut$ ($77.50 in chips)
RaisemyNut$: posts small blind $1
manly70: posts big blind $3
*** HOLE CARDS ***
RaisemyNut$: folds
Uncalled bet ($2) returned to manly70
manly70 collected $2 from pot
*** SUMMARY ***
Total pot $2 | Rake $0
Seat 2: manly70 (big blind) collected ($2)
Seat 3: RaisemyNut$ (button) (small blind) folded before Flop


PokerStars Hand #170696134743:  Hold'em Limit ($3/$6 USD) - 2017/05/20 19:46:30 ET
Table 'Luna' 6-max Seat #2 is the button
Seat 2: manly70 ($107.27 in chips)
Seat 3: RaisemyNut$ ($76.50 in chips)
manly70: posts small blind $1
RaisemyNut$: posts big blind $3
*** HOLE CARDS ***
manly70: raises $3 to $6
RaisemyNut$: folds
Uncalled bet ($3) returned to manly70
Armani-8889 is disconnected
manly70 collected $6 from pot
*** SUMMARY ***
Total pot $6 | Rake $0
Seat 2: manly70 (button) (small blind) collected ($6)
Seat 3: RaisemyNut$ (big blind) folded before Flop


PokerStars Hand #170696157021:  Hold'em Limit ($3/$6 USD) - 2017/05/20 19:47:11 ET
Table 'Luna' 6-max Seat #2 is the button
Seat 2: manly70 ($130.77 in chips)
Seat 3: RaisemyNut$ ($60 in chips)
manly70: posts small blind $1
RaisemyNut$: posts big blind $3
*** HOLE CARDS ***
manly70: folds
Uncalled bet ($2) returned to RaisemyNut$
RaisemyNut$ collected $2 from pot
RaisemyNut$: doesn't show hand
*** SUMMARY ***
Total pot $2 | Rake $0
Seat 2: manly70 (button) (small blind) folded before Flop
Seat 3: RaisemyNut$ (big blind) collected ($2)


PokerStars Hand #170696141698:  Hold'em Limit ($3/$6 USD) - 2017/05/20 19:46:43 ET
Table 'Luna' 6-max Seat #3 is the button
Seat 2: manly70 ($110.27 in chips)
Seat 3: RaisemyNut$ ($73.50 in chips)
RaisemyNut$: posts small blind $1
manly70: posts big blind $3
*** HOLE CARDS ***
RaisemyNut$: raises $3 to $6
manly70: calls $3
*** FLOP *** [6c 8d 8h]
manly70: checks
RaisemyNut$: bets $3
manly70: calls $3
*** TURN *** [6c 8d 8h] [Jc]
manly70: checks
Armani-8889 leaves the table
RaisemyNut$: bets $6
manly70: calls $6
*** RIVER *** [6c 8d 8h Jc] [Jh]
manly70: bets $6
RaisemyNut$: calls $6
*** SHOW DOWN ***
manly70: shows [7h Jd] (a full house, Jacks full of Eights)
RaisemyNut$: mucks hand
manly70 collected $41.50 from pot
*** SUMMARY ***
Total pot $42 | Rake $0.50
Board [6c 8d 8h Jc Jh]
Seat 2: manly70 (big blind) showed [7h Jd] and won ($41.50) with a full house, Jacks full of Eights
Seat 3: RaisemyNut$ (button) (small blind) mucked


PokerStars Hand #170696190048:  Hold'em Limit ($3/$6 USD) - 2017/05/20 19:48:12 ET
Table 'Luna' 6-max Seat #3 is the button
Seat 2: manly70 ($147.27 in chips)
Seat 3: RaisemyNut$ ($60 in chips)
RaisemyNut$: posts small blind $1
manly70: posts big blind $3
*** HOLE CARDS ***
RaisemyNut$: folds
Uncalled bet ($2) returned to manly70
manly70 collected $2 from pot
*** SUMMARY ***
Total pot $2 | Rake $0
Seat 2: manly70 (big blind) collected ($2)
Seat 3: RaisemyNut$ (button) (small blind) folded before Flop


PokerStars Hand #170696170913:  Hold'em Limit ($3/$6 USD) - 2017/05/20 19:47:37 ET
Table 'Luna' 6-max Seat #2 is the button
Seat 2: manly70 ($120.77 in chips)
Seat 3: RaisemyNut$ ($69.64 in chips)
manly70: posts small blind $1
RaisemyNut$: posts big blind $3
*** HOLE CARDS ***
manly70: calls $2
RaisemyNut$: checks
*** FLOP *** [4s Kc 3c]
RaisemyNut$: checks
manly70: bets $3
RaisemyNut$: raises $3 to $6
manly70: calls $3
*** TURN *** [4s Kc 3c] [4c]
RaisemyNut$: bets $6
manly70: raises $6 to $12
RaisemyNut$: calls $6
*** RIVER *** [4s Kc 3c 4c] [Ts]
RaisemyNut$: checks
manly70: bets $6
RaisemyNut$: calls $6
*** SHOW DOWN ***
manly70: shows [7c 6c] (a flush, King high)
RaisemyNut$: mucks hand
manly70 collected $53.50 from pot
*** SUMMARY ***
Total pot $54 | Rake $0.50
Board [4s Kc 3c 4c Ts]
Seat 2: manly70 (button) (small blind) showed [7c 6c] and won ($53.50) with a flush, King high
Seat 3: RaisemyNut$ (big blind) mucked


PokerStars Hand #170696192682:  Hold'em Limit ($3/$6 USD) - 2017/05/20 19:48:17 ET
Table 'Luna' 6-max Seat #2 is the button
Seat 2: manly70 ($148.27 in chips)
Seat 3: RaisemyNut$ ($60 in chips)
manly70: posts small blind $1
RaisemyNut$: posts big blind $3
*** HOLE CARDS ***
manly70: folds
Uncalled bet ($2) returned to RaisemyNut$
RaisemyNut$ collected $2 from pot
RaisemyNut$: doesn't show hand
*** SUMMARY ***
Total pot $2 | Rake $0
Seat 2: manly70 (button) (small blind) folded before Flop
Seat 3: RaisemyNut$ (big blind) collected ($2)


PokerStars Hand #170696215767:  Hold'em Limit ($3/$6 USD) - 2017/05/20 19:48:59 ET
Table 'Luna' 6-max Seat #2 is the button
Seat 2: manly70 ($132.27 in chips)
Seat 3: RaisemyNut$ ($75.50 in chips)
manly70: posts small blind $1
RaisemyNut$: posts big blind $3
*** HOLE CARDS ***
manly70: folds
Uncalled bet ($2) returned to RaisemyNut$
RaisemyNut$ collected $2 from pot
RaisemyNut$: doesn't show hand
*** SUMMARY ***
Total pot $2 | Rake $0
Seat 2: manly70 (button) (small blind) folded before Flop
Seat 3: RaisemyNut$ (big blind) collected ($2)


PokerStars Hand #170696195856:  Hold'em Limit ($3/$6 USD) - 2017/05/20 19:48:23 ET
Table 'Luna' 6-max Seat #3 is the button
Seat 2: manly70 ($147.27 in chips)
Seat 3: RaisemyNut$ ($61 in chips)
RaisemyNut$: posts small blind $1
manly70: posts big blind $3
*** HOLE CARDS ***
RaisemyNut$: raises $3 to $6
manly70: calls $3
*** FLOP *** [Th 8c 4d]
manly70: checks
RaisemyNut$: bets $3
manly70: calls $3
*** TURN *** [Th 8c 4d] [Qd]
manly70: checks
RaisemyNut$: bets $6
manly70: calls $6
*** RIVER *** [Th 8c 4d Qd] [5c]
manly70: checks
RaisemyNut$: bets $6
manly70: folds
Uncalled bet ($6) returned to RaisemyNut$
RaisemyNut$ collected $29.50 from pot
RaisemyNut$: doesn't show hand
*** SUMMARY ***
Total pot $30 | Rake $0.50
Board [Th 8c 4d Qd 5c]
Seat 2: manly70 (big blind) folded on the River
Seat 3: RaisemyNut$ (button) (small blind) collected ($29.50)


PokerStars Hand #170696218702:  Hold'em Limit ($3/$6 USD) - 2017/05/20 19:49:04 ET
Table 'Luna' 6-max Seat #3 is the button
Seat 2: manly70 ($131.27 in chips)
Seat 3: RaisemyNut$ ($76.50 in chips)
RaisemyNut$: posts small blind $1
manly70: posts big blind $3
*** HOLE CARDS ***
RaisemyNut$: raises $3 to $6
manly70: calls $3
*** FLOP *** [8s Ad 3s]
manly70: checks
RaisemyNut$: bets $3
manly70: calls $3
*** TURN *** [8s Ad 3s] [As]
manly70: checks
RaisemyNut$: bets $6
manly70: raises $6 to $12
RaisemyNut$: calls $6
*** RIVER *** [8s Ad 3s As] [4s]
manly70: bets $6
RaisemyNut$: folds
Uncalled bet ($6) returned to manly70
manly70 collected $41.50 from pot
*** SUMMARY ***
Total pot $42 | Rake $0.50
Board [8s Ad 3s As 4s]
Seat 2: manly70 (big blind) collected ($41.50)
Seat 3: RaisemyNut$ (button) (small blind) folded on the River


PokerStars Hand #170696235509:  Hold'em Limit ($3/$6 USD) - 2017/05/20 19:49:36 ET
Table 'Luna' 6-max Seat #2 is the button
Seat 2: manly70 ($151.77 in chips)
Seat 3: RaisemyNut$ ($60 in chips)
manly70: posts small blind $1
RaisemyNut$: posts big blind $3
*** HOLE CARDS ***
manly70: calls $2
RaisemyNut$: raises $3 to $6
manly70: calls $3
*** FLOP *** [6c Qc 6s]
RaisemyNut$: bets $3
manly70: calls $3
*** TURN *** [6c Qc 6s] [5d]
RaisemyNut$: bets $6
manly70: calls $6
*** RIVER *** [6c Qc 6s 5d] [6h]
RaisemyNut$: bets $6
manly70: calls $6
*** SHOW DOWN ***
RaisemyNut$: shows [Qh 8d] (a full house, Sixes full of Queens)
manly70: mucks hand
RaisemyNut$ collected $41.50 from pot
*** SUMMARY ***
Total pot $42 | Rake $0.50
Board [6c Qc 6s 5d 6h]
Seat 2: manly70 (button) (small blind) mucked
Seat 3: RaisemyNut$ (big blind) showed [Qh 8d] and won ($41.50) with a full house, Sixes full of Queens


PokerStars Hand #170696251499:  Hold'em Limit ($3/$6 USD) - 2017/05/20 19:50:05 ET
Table 'Luna' 6-max Seat #3 is the button
Seat 2: manly70 ($130.77 in chips)
Seat 3: RaisemyNut$ ($80.50 in chips)
RaisemyNut$: posts small blind $1
manly70: posts big blind $3
*** HOLE CARDS ***
RaisemyNut$: raises $3 to $6
manly70: calls $3
*** FLOP *** [Jc 2h Kd]
manly70: checks
RaisemyNut$: bets $3
manly70: calls $3
*** TURN *** [Jc 2h Kd] [6d]
manly70: checks
RaisemyNut$: checks
*** RIVER *** [Jc 2h Kd 6d] [Ad]
manly70: checks
RaisemyNut$: checks
*** SHOW DOWN ***
manly70: shows [9c Qh] (high card Ace)
RaisemyNut$: mucks hand
manly70 collected $17.64 from pot
*** SUMMARY ***
Total pot $18 | Rake $0.36
Board [Jc 2h Kd 6d Ad]
Seat 2: manly70 (big blind) showed [9c Qh] and won ($17.64) with high card Ace
Seat 3: RaisemyNut$ (button) (small blind) mucked


PokerStars Hand #170696276754:  Hold'em Limit ($3/$6 USD) - 2017/05/20 19:50:52 ET
Table 'Luna' 6-max Seat #3 is the button
Seat 2: manly70 ($156.91 in chips)
Seat 3: RaisemyNut$ ($60 in chips)
RaisemyNut$: posts small blind $1
manly70: posts big blind $3
*** HOLE CARDS ***
RaisemyNut$: folds
Uncalled bet ($2) returned to manly70
manly70 collected $2 from pot
*** SUMMARY ***
Total pot $2 | Rake $0
Seat 2: manly70 (big blind) collected ($2)
Seat 3: RaisemyNut$ (button) (small blind) folded before Flop


PokerStars Hand #170696263918:  Hold'em Limit ($3/$6 USD) - 2017/05/20 19:50:28 ET
Table 'Luna' 6-max Seat #2 is the button
Seat 2: manly70 ($139.41 in chips)
Seat 3: RaisemyNut$ ($71.50 in chips)
manly70: posts small blind $1
RaisemyNut$: posts big blind $3
*** HOLE CARDS ***
manly70: raises $3 to $6
RaisemyNut$: calls $3
*** FLOP *** [Js Ah 3d]
RaisemyNut$: checks
manly70: bets $3
RaisemyNut$: raises $3 to $6
manly70: calls $3
*** TURN *** [Js Ah 3d] [Jd]
RaisemyNut$: bets $6
manly70: calls $6
*** RIVER *** [Js Ah 3d Jd] [6s]
RaisemyNut$: checks
manly70: checks
*** SHOW DOWN ***
RaisemyNut$: shows [Ts 8h] (a pair of Jacks)
manly70: shows [As 6c] (two pair, Aces and Jacks)
manly70 collected $35.50 from pot
*** SUMMARY ***
Total pot $36 | Rake $0.50
Board [Js Ah 3d Jd 6s]
Seat 2: manly70 (button) (small blind) showed [As 6c] and won ($35.50) with two pair, Aces and Jacks
Seat 3: RaisemyNut$ (big blind) showed [Ts 8h] and lost with a pair of Jacks


PokerStars Hand #170696295325:  Hold'em Limit ($3/$6 USD) - 2017/05/20 19:51:26 ET
Table 'Luna' 6-max Seat #3 is the button
Seat 2: manly70 ($196.41 in chips)
Seat 3: RaisemyNut$ ($60 in chips)
RaisemyNut$: posts small blind $1
manly70: posts big blind $3
*** HOLE CARDS ***
RaisemyNut$: raises $3 to $6
manly70: folds
Uncalled bet ($3) returned to RaisemyNut$
RaisemyNut$ collected $6 from pot
*** SUMMARY ***
Total pot $6 | Rake $0
Seat 2: manly70 (big blind) folded before Flop
Seat 3: RaisemyNut$ (button) (small blind) collected ($6)


PokerStars Hand #170696279626:  Hold'em Limit ($3/$6 USD) - 2017/05/20 19:50:57 ET
Table 'Luna' 6-max Seat #2 is the button
Seat 2: manly70 ($157.91 in chips)
Seat 3: RaisemyNut$ ($60 in chips)
manly70: posts small blind $1
RaisemyNut$: posts big blind $3
*** HOLE CARDS ***
manly70: raises $3 to $6
RaisemyNut$: calls $3
*** FLOP *** [Kc 9h 6d]
RaisemyNut$: checks
manly70: bets $3
RaisemyNut$: raises $3 to $6
manly70: raises $3 to $9
RaisemyNut$: calls $3
*** TURN *** [Kc 9h 6d] [2s]
RaisemyNut$: bets $6
manly70: raises $6 to $12
RaisemyNut$: raises $6 to $18
manly70: calls $6
*** RIVER *** [Kc 9h 6d 2s] [Ah]
RaisemyNut$: bets $6
manly70: calls $6
*** SHOW DOWN ***
RaisemyNut$: shows [Kd 6h] (two pair, Kings and Sixes)
manly70: shows [9d Ks] (two pair, Kings and Nines)
manly70 collected $77.50 from pot
*** SUMMARY ***
Total pot $78 | Rake $0.50
Board [Kc 9h 6d 2s Ah]
Seat 2: manly70 (button) (small blind) showed [9d Ks] and won ($77.50) with two pair, Kings and Nines
Seat 3: RaisemyNut$ (big blind) showed [Kd 6h] and lost with two pair, Kings and Sixes


PokerStars Hand #170696308170:  Hold'em Limit ($3/$6 USD) - 2017/05/20 19:51:50 ET
Table 'Luna' 6-max Seat #3 is the button
Seat 2: manly70 ($199.17 in chips)
Seat 3: RaisemyNut$ ($60 in chips)
RaisemyNut$: posts small blind $1
manly70: posts big blind $3
*** HOLE CARDS ***
RaisemyNut$: raises $3 to $6
manly70: folds
Uncalled bet ($3) returned to RaisemyNut$
RaisemyNut$ collected $6 from pot
RaisemyNut$: doesn't show hand
*** SUMMARY ***
Total pot $6 | Rake $0
Seat 2: manly70 (big blind) folded before Flop
Seat 3: RaisemyNut$ (button) (small blind) collected ($6)


PokerStars Hand #170696300472:  Hold'em Limit ($3/$6 USD) - 2017/05/20 19:51:36 ET
Table 'Luna' 6-max Seat #2 is the button
Seat 2: manly70 ($193.41 in chips)
Seat 3: RaisemyNut$ ($63 in chips)
manly70: posts small blind $1
RaisemyNut$: posts big blind $3
*** HOLE CARDS ***
manly70: calls $2
RaisemyNut$: checks
*** FLOP *** [Kc Jd As]
RaisemyNut$: bets $3
manly70: raises $3 to $6
RaisemyNut$: folds
Uncalled bet ($3) returned to manly70
manly70 collected $11.76 from pot
*** SUMMARY ***
Total pot $12 | Rake $0.24
Board [Kc Jd As]
Seat 2: manly70 (button) (small blind) collected ($11.76)
Seat 3: RaisemyNut$ (big blind) folded on the Flop


PokerStars Hand #170696311971:  Hold'em Limit ($3/$6 USD) - 2017/05/20 19:51:57 ET
Table 'Luna' 6-max Seat #2 is the button
Seat 2: manly70 ($196.17 in chips)
Seat 3: RaisemyNut$ ($63 in chips)
manly70: posts small blind $1
RaisemyNut$: posts big blind $3
*** HOLE CARDS ***
manly70: calls $2
RaisemyNut$: checks
*** FLOP *** [Qh Ad 8s]
RaisemyNut$: checks
manly70: bets $3
RaisemyNut$: folds
Uncalled bet ($3) returned to manly70
manly70 collected $5.88 from pot
*** SUMMARY ***
Total pot $6 | Rake $0.12
Board [Qh Ad 8s]
Seat 2: manly70 (button) (small blind) collected ($5.88)
Seat 3: RaisemyNut$ (big blind) folded on the Flop


PokerStars Hand #170696334389:  Hold'em Limit ($3/$6 USD) - 2017/05/20 19:52:39 ET
Table 'Luna' 6-max Seat #3 is the button
Seat 2: manly70 ($183.05 in chips)
Seat 3: RaisemyNut$ ($75.50 in chips)
RaisemyNut$: posts small blind $1
manly70: posts big blind $3
*** HOLE CARDS ***
RaisemyNut$: raises $3 to $6
manly70: folds
Uncalled bet ($3) returned to RaisemyNut$
RaisemyNut$ collected $6 from pot
RaisemyNut$: doesn't show hand
*** SUMMARY ***
Total pot $6 | Rake $0
Seat 2: manly70 (big blind) folded before Flop
Seat 3: RaisemyNut$ (button) (small blind) collected ($6)


PokerStars Hand #170696331421:  Hold'em Limit ($3/$6 USD) - 2017/05/20 19:52:33 ET
Table 'Luna' 6-max Seat #2 is the button
Seat 2: manly70 ($184.05 in chips)
Seat 3: RaisemyNut$ ($74.50 in chips)
manly70: posts small blind $1
RaisemyNut$: posts big blind $3
*** HOLE CARDS ***
manly70: folds
Uncalled bet ($2) returned to RaisemyNut$
RaisemyNut$ collected $2 from pot
RaisemyNut$: doesn't show hand
*** SUMMARY ***
Total pot $2 | Rake $0
Seat 2: manly70 (button) (small blind) folded before Flop
Seat 3: RaisemyNut$ (big blind) collected ($2)


PokerStars Hand #170696338810:  Hold'em Limit ($3/$6 USD) - 2017/05/20 19:52:47 ET
Table 'Luna' 6-max Seat #2 is the button
Seat 2: manly70 ($180.05 in chips)
Seat 3: RaisemyNut$ ($78.50 in chips)
manly70: posts small blind $1
RaisemyNut$: posts big blind $3
*** HOLE CARDS ***
manly70: raises $3 to $6
RaisemyNut$: calls $3
*** FLOP *** [Jh Qs 9d]
RaisemyNut$: checks
manly70: bets $3
RaisemyNut$: calls $3
*** TURN *** [Jh Qs 9d] [Js]
RaisemyNut$: checks
manly70: checks
*** RIVER *** [Jh Qs 9d Js] [9h]
RaisemyNut$: bets $6
manly70: folds
Uncalled bet ($6) returned to RaisemyNut$
RaisemyNut$ collected $17.64 from pot
RaisemyNut$: doesn't show hand
*** SUMMARY ***
Total pot $18 | Rake $0.36
Board [Jh Qs 9d Js 9h]
Seat 2: manly70 (button) (small blind) folded on the River
Seat 3: RaisemyNut$ (big blind) collected ($17.64)


PokerStars Hand #170696360953:  Hold'em Limit ($3/$6 USD) - 2017/05/20 19:53:29 ET
Table 'Luna' 6-max Seat #2 is the button
Seat 2: manly70 ($156.05 in chips)
Seat 3: RaisemyNut$ ($101.64 in chips)
manly70: posts small blind $1
RaisemyNut$: posts big blind $3
*** HOLE CARDS ***
manly70: raises $3 to $6
RaisemyNut$: raises $3 to $9
manly70: calls $3
*** FLOP *** [7c 5c Jh]
RaisemyNut$: bets $3
manly70: calls $3
*** TURN *** [7c 5c Jh] [3d]
RaisemyNut$: bets $6
manly70: calls $6
*** RIVER *** [7c 5c Jh 3d] [3c]
RaisemyNut$: checks
manly70: checks
*** SHOW DOWN ***
RaisemyNut$: shows [6h Ac] (a pair of Threes)
manly70: shows [5d Td] (two pair, Fives and Threes)
manly70 collected $35.50 from pot
*** SUMMARY ***
Total pot $36 | Rake $0.50
Board [7c 5c Jh 3d 3c]
Seat 2: manly70 (button) (small blind) showed [5d Td] and won ($35.50) with two pair, Fives and Threes
Seat 3: RaisemyNut$ (big blind) showed [6h Ac] and lost with a pair of Threes


PokerStars Hand #170696372379:  Hold'em Limit ($3/$6 USD) - 2017/05/20 19:53:51 ET
Table 'Luna' 6-max Seat #3 is the button
Seat 2: manly70 ($173.55 in chips)
Seat 3: RaisemyNut$ ($83.64 in chips)
RaisemyNut$: posts small blind $1
manly70: posts big blind $3
*** HOLE CARDS ***
RaisemyNut$: raises $3 to $6
manly70: calls $3
*** FLOP *** [8s 9c Th]
manly70: checks
RaisemyNut$: bets $3
manly70: calls $3
*** TURN *** [8s 9c Th] [6c]
manly70: checks
RaisemyNut$: bets $6
manly70: raises $6 to $12
RaisemyNut$: calls $6
*** RIVER *** [8s 9c Th 6c] [9h]
manly70: bets $6
RaisemyNut$: folds
Uncalled bet ($6) returned to manly70
manly70 collected $41.50 from pot
*** SUMMARY ***
Total pot $42 | Rake $0.50
Board [8s 9c Th 6c 9h]
Seat 2: manly70 (big blind) collected ($41.50)
Seat 3: RaisemyNut$ (button) (small blind) folded on the River


PokerStars Hand #170696349333:  Hold'em Limit ($3/$6 USD) - 2017/05/20 19:53:07 ET
Table 'Luna' 6-max Seat #3 is the button
Seat 2: manly70 ($171.05 in chips)
Seat 3: RaisemyNut$ ($87.14 in chips)
RaisemyNut$: posts small blind $1
manly70: posts big blind $3
*** HOLE CARDS ***
RaisemyNut$: raises $3 to $6
manly70: calls $3
*** FLOP *** [4d 5s Qh]
manly70: checks
RaisemyNut$: bets $3
manly70: calls $3
*** TURN *** [4d 5s Qh] [Js]
manly70: checks
RaisemyNut$: bets $6
manly70: calls $6
*** RIVER *** [4d 5s Qh Js] [4h]
manly70: checks
RaisemyNut$: checks
*** SHOW DOWN ***
manly70: shows [Ah Ts] (a pair of Fours)
RaisemyNut$: shows [Td 5c] (two pair, Fives and Fours)
RaisemyNut$ collected $29.50 from pot
*** SUMMARY ***
Total pot $30 | Rake $0.50
Board [4d 5s Qh Js 4h]
Seat 2: manly70 (big blind) showed [Ah Ts] and lost with a pair of Fours
Seat 3: RaisemyNut$ (button) (small blind) showed [Td 5c] and won ($29.50) with two pair, Fives and Fours


