PokerStars Hand #167447053567:  Hold'em Limit ($3/$6 USD) - 2017/03/11 15:34:25 ET
Table 'Luna II' 6-max Seat #1 is the button
Seat 1: oldtimers XX ($19 in chips)
Seat 5: megabaitt ($110.71 in chips)
oldtimers XX: posts small blind $1
MTails: is sitting out
megabaitt: posts big blind $3
*** HOLE CARDS ***
oldtimers XX: calls $2
megabaitt: checks
*** FLOP *** [Ts 3h 5c]
megabaitt: checks
oldtimers XX: checks
*** TURN *** [Ts 3h 5c] [8s]
megabaitt: bets $6
oldtimers XX: calls $6
*** RIVER *** [Ts 3h 5c 8s] [Ah]
megabaitt: bets $6
oldtimers XX: calls $6
*** SHOW DOWN ***
megabaitt: shows [3s 8c] (two pair, Eights and Threes)
oldtimers XX: mucks hand
megabaitt collected $29.50 from pot
*** SUMMARY ***
Total pot $30 | Rake $0.50
Board [Ts 3h 5c 8s Ah]
Seat 1: oldtimers XX (button) (small blind) mucked
Seat 5: megabaitt (big blind) showed [3s 8c] and won ($29.50) with two pair, Eights and Threes


PokerStars Hand #167447073811:  Hold'em Limit ($3/$6 USD) - 2017/03/11 15:34:49 ET
Table 'Luna II' 6-max Seat #1 is the button
Seat 1: oldtimers XX ($5 in chips)
Seat 5: megabaitt ($124.21 in chips)
oldtimers XX: posts small blind $1
megabaitt: posts big blind $3
*** HOLE CARDS ***
oldtimers XX: folds
Uncalled bet ($2) returned to megabaitt
megabaitt collected $2 from pot
megabaitt: doesn't show hand
*** SUMMARY ***
Total pot $2 | Rake $0
Seat 1: oldtimers XX (button) (small blind) folded before Flop
Seat 5: megabaitt (big blind) collected ($2)


PokerStars Hand #167447069047:  Hold'em Limit ($3/$6 USD) - 2017/03/11 15:34:43 ET
Table 'Luna II' 6-max Seat #5 is the button
Seat 1: oldtimers XX ($4 in chips)
Seat 5: megabaitt ($125.21 in chips)
megabaitt: posts small blind $1
oldtimers XX: posts big blind $3
*** HOLE CARDS ***
megabaitt: folds
Uncalled bet ($2) returned to oldtimers XX
oldtimers XX collected $2 from pot
oldtimers XX: doesn't show hand
*** SUMMARY ***
Total pot $2 | Rake $0
Seat 1: oldtimers XX (big blind) collected ($2)
Seat 5: megabaitt (button) (small blind) folded before Flop


PokerStars Hand #167447113885:  Hold'em Limit ($3/$6 USD) - 2017/03/11 15:35:34 ET
Table 'Luna II' 6-max Seat #1 is the button
Seat 1: oldtimers XX ($8.64 in chips)
Seat 5: megabaitt ($121.21 in chips)
oldtimers XX: posts small blind $1
MTails: is sitting out
megabaitt: posts big blind $3
*** HOLE CARDS ***
oldtimers XX: raises $3 to $6
megabaitt: folds
Uncalled bet ($3) returned to oldtimers XX
oldtimers XX collected $6 from pot
oldtimers XX: doesn't show hand
*** SUMMARY ***
Total pot $6 | Rake $0
Seat 1: oldtimers XX (button) (small blind) collected ($6)
Seat 5: megabaitt (big blind) folded before Flop


PokerStars Hand #167447078863:  Hold'em Limit ($3/$6 USD) - 2017/03/11 15:34:54 ET
Table 'Luna II' 6-max Seat #5 is the button
Seat 1: oldtimers XX ($4 in chips)
Seat 5: megabaitt ($125.21 in chips)
megabaitt: posts small blind $1
oldtimers XX: posts big blind $3
*** HOLE CARDS ***
megabaitt: folds
Uncalled bet ($2) returned to oldtimers XX
oldtimers XX collected $2 from pot
oldtimers XX: doesn't show hand
*** SUMMARY ***
Total pot $2 | Rake $0
Seat 1: oldtimers XX (big blind) collected ($2)
Seat 5: megabaitt (button) (small blind) folded before Flop


PokerStars Hand #167447151868:  Hold'em Limit ($3/$6 USD) - 2017/03/11 15:36:17 ET
Table 'Luna II' 6-max Seat #5 is the button
Seat 1: oldtimers XX ($13.81 in chips)
Seat 5: megabaitt ($115.21 in chips)
megabaitt: posts small blind $1
oldtimers XX: posts big blind $3
*** HOLE CARDS ***
megabaitt: raises $3 to $6
oldtimers XX: calls $3
*** FLOP *** [4h Qc 8c]
oldtimers XX: checks
megabaitt: bets $3
oldtimers XX: folds
Uncalled bet ($3) returned to megabaitt
megabaitt collected $11.76 from pot
megabaitt: doesn't show hand
*** SUMMARY ***
Total pot $12 | Rake $0.24
Board [4h Qc 8c]
Seat 1: oldtimers XX (big blind) folded on the Flop
Seat 5: megabaitt (button) (small blind) collected ($11.76)


PokerStars Hand #167447120798:  Hold'em Limit ($3/$6 USD) - 2017/03/11 15:35:42 ET
Table 'Luna II' 6-max Seat #5 is the button
Seat 1: oldtimers XX ($11.64 in chips)
Seat 5: megabaitt ($118.21 in chips)
megabaitt: posts small blind $1
oldtimers XX: posts big blind $3
*** HOLE CARDS ***
megabaitt: raises $3 to $6
oldtimers XX: calls $3
*** FLOP *** [5h 3d Kh]
vestimokrec joins the table at seat #2
oldtimers XX: bets $3
megabaitt: raises $3 to $6
oldtimers XX: calls $2.64 and is all-in
Uncalled bet ($0.36) returned to megabaitt
*** TURN *** [5h 3d Kh] [Kc]
*** RIVER *** [5h 3d Kh Kc] [Tc]
*** SHOW DOWN ***
oldtimers XX: shows [5c Kd] (a full house, Kings full of Fives)
megabaitt: shows [5d As] (two pair, Kings and Fives)
oldtimers XX collected $22.81 from pot
*** SUMMARY ***
Total pot $23.28 | Rake $0.47
Board [5h 3d Kh Kc Tc]
Seat 1: oldtimers XX (big blind) showed [5c Kd] and won ($22.81) with a full house, Kings full of Fives
Seat 5: megabaitt (button) (small blind) showed [5d As] and lost with two pair, Kings and Fives


PokerStars Hand #167447135783:  Hold'em Limit ($3/$6 USD) - 2017/03/11 15:35:59 ET
Table 'Luna II' 6-max Seat #1 is the button
Seat 1: oldtimers XX ($22.81 in chips)
Seat 5: megabaitt ($106.57 in chips)
oldtimers XX: posts small blind $1
megabaitt: posts big blind $3
*** HOLE CARDS ***
oldtimers XX: raises $3 to $6
megabaitt: calls $3
*** FLOP *** [2s 6d Tc]
megabaitt: checks
oldtimers XX: bets $3
megabaitt: calls $3
*** TURN *** [2s 6d Tc] [5h]
megabaitt: checks
oldtimers XX: checks
*** RIVER *** [2s 6d Tc 5h] [Jh]
megabaitt: checks
oldtimers XX: checks
*** SHOW DOWN ***
megabaitt: shows [6s 3h] (a pair of Sixes)
oldtimers XX: mucks hand
megabaitt collected $17.64 from pot
*** SUMMARY ***
Total pot $18 | Rake $0.36
Board [2s 6d Tc 5h Jh]
Seat 1: oldtimers XX (button) (small blind) mucked
Seat 5: megabaitt (big blind) showed [6s 3h] and won ($17.64) with a pair of Sixes


PokerStars Hand #167447209449:  Hold'em Limit ($3/$6 USD) - 2017/03/11 15:37:23 ET
Table 'Luna II' 6-max Seat #5 is the button
Seat 1: oldtimers XX ($15.15 in chips)
Seat 5: megabaitt ($135.07 in chips)
megabaitt: posts small blind $1
oldtimers XX: posts big blind $3
*** HOLE CARDS ***
megabaitt: folds
Uncalled bet ($2) returned to oldtimers XX
oldtimers XX collected $2 from pot
oldtimers XX: doesn't show hand
*** SUMMARY ***
Total pot $2 | Rake $0
Seat 1: oldtimers XX (big blind) collected ($2)
Seat 5: megabaitt (button) (small blind) folded before Flop


PokerStars Hand #167447204957:  Hold'em Limit ($3/$6 USD) - 2017/03/11 15:37:18 ET
Table 'Luna II' 6-max Seat #1 is the button
Seat 1: oldtimers XX ($16.15 in chips)
Seat 5: megabaitt ($134.07 in chips)
oldtimers XX: posts small blind $1
cbarnes joins the table at seat #3
MTails: is sitting out
megabaitt: posts big blind $3
*** HOLE CARDS ***
oldtimers XX: folds
Uncalled bet ($2) returned to megabaitt
megabaitt collected $2 from pot
megabaitt: doesn't show hand
*** SUMMARY ***
Total pot $2 | Rake $0
Seat 1: oldtimers XX (button) (small blind) folded before Flop
Seat 5: megabaitt (big blind) collected ($2)


PokerStars Hand #167447304568:  Hold'em Limit ($3/$6 USD) - 2017/03/11 15:39:12 ET
Table 'Luna II' 6-max Seat #1 is the button
Seat 1: oldtimers XX ($40.08 in chips)
Seat 5: megabaitt ($135.37 in chips)
oldtimers XX: posts small blind $1
megabaitt: posts big blind $3
*** HOLE CARDS ***
oldtimers XX: folds
Uncalled bet ($2) returned to megabaitt
megabaitt collected $2 from pot
megabaitt: doesn't show hand
*** SUMMARY ***
Total pot $2 | Rake $0
Seat 1: oldtimers XX (button) (small blind) folded before Flop
Seat 5: megabaitt (big blind) collected ($2)


PokerStars Hand #167447308932:  Hold'em Limit ($3/$6 USD) - 2017/03/11 15:39:17 ET
Table 'Luna II' 6-max Seat #5 is the button
Seat 1: oldtimers XX ($39.08 in chips)
Seat 5: megabaitt ($136.37 in chips)
megabaitt: posts small blind $1
oldtimers XX: posts big blind $3
*** HOLE CARDS ***
megabaitt: raises $3 to $6
oldtimers XX: calls $3
*** FLOP *** [4s 7s 3s]
oldtimers XX: checks
megabaitt: bets $3
oldtimers XX: calls $3
*** TURN *** [4s 7s 3s] [4h]
oldtimers XX: checks
megabaitt: bets $6
oldtimers XX: calls $6
*** RIVER *** [4s 7s 3s 4h] [Ad]
oldtimers XX: checks
megabaitt: bets $6
oldtimers XX: calls $6
*** SHOW DOWN ***
megabaitt: shows [4c Th] (three of a kind, Fours)
oldtimers XX: mucks hand
megabaitt collected $41.50 from pot
*** SUMMARY ***
Total pot $42 | Rake $0.50
Board [4s 7s 3s 4h Ad]
Seat 1: oldtimers XX (big blind) mucked
Seat 5: megabaitt (button) (small blind) showed [4c Th] and won ($41.50) with three of a kind, Fours


PokerStars Hand #167447337445:  Hold'em Limit ($3/$6 USD) - 2017/03/11 15:39:50 ET
Table 'Luna II' 6-max Seat #5 is the button
Seat 1: oldtimers XX ($15.08 in chips)
Seat 5: megabaitt ($159.75 in chips)
megabaitt: posts small blind $1
oldtimers XX: posts big blind $3
*** HOLE CARDS ***
megabaitt: folds
Uncalled bet ($2) returned to oldtimers XX
oldtimers XX collected $2 from pot
oldtimers XX: doesn't show hand
*** SUMMARY ***
Total pot $2 | Rake $0
Seat 1: oldtimers XX (big blind) collected ($2)
Seat 5: megabaitt (button) (small blind) folded before Flop


PokerStars Hand #167447327691:  Hold'em Limit ($3/$6 USD) - 2017/03/11 15:39:39 ET
Table 'Luna II' 6-max Seat #1 is the button
Seat 1: oldtimers XX ($18.08 in chips)
Seat 5: megabaitt ($156.87 in chips)
oldtimers XX: posts small blind $1
megabaitt: posts big blind $3
*** HOLE CARDS ***
oldtimers XX: calls $2
megabaitt: checks
*** FLOP *** [2s Ac 7c]
megabaitt: bets $3
oldtimers XX: folds
Uncalled bet ($3) returned to megabaitt
megabaitt collected $5.88 from pot
megabaitt: doesn't show hand
*** SUMMARY ***
Total pot $6 | Rake $0.12
Board [2s Ac 7c]
Seat 1: oldtimers XX (button) (small blind) folded on the Flop
Seat 5: megabaitt (big blind) collected ($5.88)


PokerStars Hand #167447342176:  Hold'em Limit ($3/$6 USD) - 2017/03/11 15:39:56 ET
Table 'Luna II' 6-max Seat #1 is the button
Seat 1: oldtimers XX ($16.08 in chips)
Seat 5: megabaitt ($158.75 in chips)
oldtimers XX: posts small blind $1
megabaitt: posts big blind $3
*** HOLE CARDS ***
oldtimers XX: raises $3 to $6
megabaitt: calls $3
*** FLOP *** [Th 8s 3s]
megabaitt: bets $3
oldtimers XX: calls $3
*** TURN *** [Th 8s 3s] [Js]
megabaitt: checks
oldtimers XX: bets $6
megabaitt: raises $6 to $12
oldtimers XX: calls $1.08 and is all-in
Uncalled bet ($4.92) returned to megabaitt
*** RIVER *** [Th 8s 3s Js] [Jc]
*** SHOW DOWN ***
megabaitt: shows [Ah Kd] (a pair of Jacks)
oldtimers XX: shows [9s 9d] (two pair, Jacks and Nines)
oldtimers XX collected $31.66 from pot
*** SUMMARY ***
Total pot $32.16 | Rake $0.50
Board [Th 8s 3s Js Jc]
Seat 1: oldtimers XX (button) (small blind) showed [9s 9d] and won ($31.66) with two pair, Jacks and Nines
Seat 5: megabaitt (big blind) showed [Ah Kd] and lost with a pair of Jacks


PokerStars Hand #167447360797:  Hold'em Limit ($3/$6 USD) - 2017/03/11 15:40:17 ET
Table 'Luna II' 6-max Seat #5 is the button
Seat 1: oldtimers XX ($31.66 in chips)
Seat 5: megabaitt ($142.67 in chips)
megabaitt: posts small blind $1
oldtimers XX: posts big blind $3
*** HOLE CARDS ***
megabaitt: raises $3 to $6
oldtimers XX: calls $3
*** FLOP *** [4d 5c Qc]
oldtimers XX: checks
megabaitt: bets $3
oldtimers XX: folds
Uncalled bet ($3) returned to megabaitt
megabaitt collected $11.76 from pot
megabaitt: doesn't show hand
*** SUMMARY ***
Total pot $12 | Rake $0.24
Board [4d 5c Qc]
Seat 1: oldtimers XX (big blind) folded on the Flop
Seat 5: megabaitt (button) (small blind) collected ($11.76)


PokerStars Hand #167447374928:  Hold'em Limit ($3/$6 USD) - 2017/03/11 15:40:33 ET
Table 'Luna II' 6-max Seat #5 is the button
Seat 1: oldtimers XX ($24.66 in chips)
Seat 5: megabaitt ($149.43 in chips)
megabaitt: posts small blind $1
oldtimers XX: posts big blind $3
*** HOLE CARDS ***
megabaitt: folds
Uncalled bet ($2) returned to oldtimers XX
oldtimers XX collected $2 from pot
oldtimers XX: doesn't show hand
MTails joins the table at seat #6
*** SUMMARY ***
Total pot $2 | Rake $0
Seat 1: oldtimers XX (big blind) collected ($2)
Seat 5: megabaitt (button) (small blind) folded before Flop


PokerStars Hand #167447370439:  Hold'em Limit ($3/$6 USD) - 2017/03/11 15:40:28 ET
Table 'Luna II' 6-max Seat #1 is the button
Seat 1: oldtimers XX ($25.66 in chips)
Seat 5: megabaitt ($148.43 in chips)
oldtimers XX: posts small blind $1
megabaitt: posts big blind $3
*** HOLE CARDS ***
oldtimers XX: folds
Uncalled bet ($2) returned to megabaitt
megabaitt collected $2 from pot
megabaitt: doesn't show hand
*** SUMMARY ***
Total pot $2 | Rake $0
Seat 1: oldtimers XX (button) (small blind) folded before Flop
Seat 5: megabaitt (big blind) collected ($2)


PokerStars Hand #167447379425:  Hold'em Limit ($3/$6 USD) - 2017/03/11 15:40:39 ET
Table 'Luna II' 6-max Seat #1 is the button
Seat 1: oldtimers XX ($25.66 in chips)
Seat 5: megabaitt ($148.43 in chips)
oldtimers XX: posts small blind $1
megabaitt: posts big blind $3
*** HOLE CARDS ***
oldtimers XX: folds
Uncalled bet ($2) returned to megabaitt
megabaitt collected $2 from pot
megabaitt: doesn't show hand
*** SUMMARY ***
Total pot $2 | Rake $0
Seat 1: oldtimers XX (button) (small blind) folded before Flop
Seat 5: megabaitt (big blind) collected ($2)


PokerStars Hand #167454396834:  Hold'em Limit ($3/$6 USD) - 2017/03/11 18:05:12 ET
Table 'Luna II' 6-max Seat #4 is the button
Seat 3: humlefar ($128.35 in chips)
Seat 4: Velbor107 ($282.56 in chips)
Velbor107: posts small blind $1
GRAILKO: is sitting out
humlefar: posts big blind $3
*** HOLE CARDS ***
Velbor107: raises $3 to $6
humlefar: calls $3
*** FLOP *** [3d 3h 8d]
GRAILKO leaves the table
humlefar: checks
Velbor107: bets $3
humlefar: raises $3 to $6
Velbor107: calls $3
*** TURN *** [3d 3h 8d] [Qh]
humlefar: bets $6
Velbor107: calls $6
*** RIVER *** [3d 3h 8d Qh] [Js]
humlefar: checks
Velbor107: checks
*** SHOW DOWN ***
humlefar: shows [4h Ks] (a pair of Threes)
Velbor107: shows [5s Ad] (a pair of Threes - Ace kicker)
Velbor107 collected $35.50 from pot
*** SUMMARY ***
Total pot $36 | Rake $0.50
Board [3d 3h 8d Qh Js]
Seat 3: humlefar (big blind) showed [4h Ks] and lost with a pair of Threes
Seat 4: Velbor107 (button) (small blind) showed [5s Ad] and won ($35.50) with a pair of Threes


PokerStars Hand #167454415297:  Hold'em Limit ($3/$6 USD) - 2017/03/11 18:05:37 ET
Table 'Luna II' 6-max Seat #3 is the button
Seat 3: humlefar ($110.35 in chips)
Seat 4: Velbor107 ($300.06 in chips)
humlefar: posts small blind $1
Velbor107: posts big blind $3
*** HOLE CARDS ***
humlefar: raises $3 to $6
Velbor107: calls $3
*** FLOP *** [Js 3d 5d]
Velbor107: checks
humlefar: checks
*** TURN *** [Js 3d 5d] [As]
Velbor107: checks
humlefar: bets $6
Velbor107: calls $6
*** RIVER *** [Js 3d 5d As] [Kc]
Velbor107: checks
humlefar: bets $6
Velbor107: calls $6
*** SHOW DOWN ***
humlefar: shows [9s 4c] (high card Ace)
Velbor107: shows [5s 4d] (a pair of Fives)
Velbor107 collected $35.50 from pot
*** SUMMARY ***
Total pot $36 | Rake $0.50
Board [Js 3d 5d As Kc]
Seat 3: humlefar (button) (small blind) showed [9s 4c] and lost with high card Ace
Seat 4: Velbor107 (big blind) showed [5s 4d] and won ($35.50) with a pair of Fives


PokerStars Hand #167454458631:  Hold'em Limit ($3/$6 USD) - 2017/03/11 18:06:35 ET
Table 'Luna II' 6-max Seat #4 is the button
Seat 3: humlefar ($65.35 in chips)
Seat 4: Velbor107 ($344.06 in chips)
Velbor107: posts small blind $1
humlefar: posts big blind $3
*** HOLE CARDS ***
Velbor107: raises $3 to $6
humlefar: calls $3
*** FLOP *** [Ad 5s 3h]
humlefar: checks
Velbor107: bets $3
humlefar: calls $3
*** TURN *** [Ad 5s 3h] [8h]
humlefar: checks
Velbor107: checks
*** RIVER *** [Ad 5s 3h 8h] [9d]
humlefar: checks
Velbor107: checks
*** SHOW DOWN ***
humlefar: shows [4d Th] (high card Ace)
Velbor107: shows [4c 4s] (a pair of Fours)
Velbor107 collected $17.64 from pot
*** SUMMARY ***
Total pot $18 | Rake $0.36
Board [Ad 5s 3h 8h 9d]
Seat 3: humlefar (big blind) showed [4d Th] and lost with high card Ace
Seat 4: Velbor107 (button) (small blind) showed [4c 4s] and won ($17.64) with a pair of Fours


PokerStars Hand #167454429849:  Hold'em Limit ($3/$6 USD) - 2017/03/11 18:05:56 ET
Table 'Luna II' 6-max Seat #4 is the button
Seat 3: humlefar ($92.35 in chips)
Seat 4: Velbor107 ($317.56 in chips)
Velbor107: posts small blind $1
humlefar: posts big blind $3
*** HOLE CARDS ***
Velbor107: raises $3 to $6
humlefar: raises $3 to $9
Velbor107: calls $3
*** FLOP *** [Ad Ts 5d]
humlefar: bets $3
Velbor107: calls $3
*** TURN *** [Ad Ts 5d] [Th]
humlefar: bets $6
Velbor107: raises $6 to $12
humlefar: calls $6
*** RIVER *** [Ad Ts 5d Th] [5s]
humlefar: checks
Velbor107: bets $6
humlefar: calls $6
*** SHOW DOWN ***
Velbor107: shows [Ah Kd] (two pair, Aces and Tens)
humlefar: mucks hand
Velbor107 collected $59.50 from pot
*** SUMMARY ***
Total pot $60 | Rake $0.50
Board [Ad Ts 5d Th 5s]
Seat 3: humlefar (big blind) mucked
Seat 4: Velbor107 (button) (small blind) showed [Ah Kd] and won ($59.50) with two pair, Aces and Tens


PokerStars Hand #167454451188:  Hold'em Limit ($3/$6 USD) - 2017/03/11 18:06:25 ET
Table 'Luna II' 6-max Seat #3 is the button
Seat 3: humlefar ($62.35 in chips)
Seat 4: Velbor107 ($347.06 in chips)
humlefar: posts small blind $1
Velbor107: posts big blind $3
*** HOLE CARDS ***
humlefar: raises $3 to $6
Velbor107: folds
Uncalled bet ($3) returned to humlefar
humlefar collected $6 from pot
humlefar: doesn't show hand
*** SUMMARY ***
Total pot $6 | Rake $0
Seat 3: humlefar (button) (small blind) collected ($6)
Seat 4: Velbor107 (big blind) folded before Flop


PokerStars Hand #167454473514:  Hold'em Limit ($3/$6 USD) - 2017/03/11 18:06:55 ET
Table 'Luna II' 6-max Seat #3 is the button
Seat 3: humlefar ($56.35 in chips)
Seat 4: Velbor107 ($352.70 in chips)
humlefar: posts small blind $1
Velbor107: posts big blind $3
*** HOLE CARDS ***
humlefar: raises $3 to $6
Velbor107: calls $3
*** FLOP *** [3h Jc 8c]
Velbor107: checks
humlefar: checks
*** TURN *** [3h Jc 8c] [9h]
Velbor107: bets $6
humlefar: folds
Uncalled bet ($6) returned to Velbor107
Velbor107 collected $11.76 from pot
*** SUMMARY ***
Total pot $12 | Rake $0.24
Board [3h Jc 8c 9h]
Seat 3: humlefar (button) (small blind) folded on the Turn
Seat 4: Velbor107 (big blind) collected ($11.76)


PokerStars Hand #167454484832:  Hold'em Limit ($3/$6 USD) - 2017/03/11 18:07:10 ET
Table 'Luna II' 6-max Seat #4 is the button
Seat 3: humlefar ($50.35 in chips)
Seat 4: Velbor107 ($358.46 in chips)
Velbor107: posts small blind $1
humlefar: posts big blind $3
*** HOLE CARDS ***
Velbor107: raises $3 to $6
humlefar: calls $3
*** FLOP *** [5c Js 9c]
humlefar: checks
Velbor107: bets $3
humlefar: calls $3
*** TURN *** [5c Js 9c] [8s]
humlefar: checks
Velbor107: checks
*** RIVER *** [5c Js 9c 8s] [2c]
humlefar: bets $6
Velbor107: folds
Uncalled bet ($6) returned to humlefar
humlefar collected $17.64 from pot
humlefar: doesn't show hand
*** SUMMARY ***
Total pot $18 | Rake $0.36
Board [5c Js 9c 8s 2c]
Seat 3: humlefar (big blind) collected ($17.64)
Seat 4: Velbor107 (button) (small blind) folded on the River


