PokerStars Hand #166556861887:  Hold'em Limit ($3/$6 USD) - 2017/02/21 11:59:51 ET
Table 'Lunaria' 6-max Seat #4 is the button
Seat 3: tsitoui11 ($29.37 in chips)
Seat 4: FHstyles ($116.53 in chips)
FHstyles: posts small blind $1
vestimokrec: is sitting out
tsitoui11: posts big blind $3
*** HOLE CARDS ***
FHstyles: raises $3 to $6
tsitoui11: calls $3
*** FLOP *** [Jd 9h 6h]
tsitoui11: checks
FHstyles: bets $3
tsitoui11: calls $3
*** TURN *** [Jd 9h 6h] [Ks]
tsitoui11: checks
FHstyles: checks
*** RIVER *** [Jd 9h 6h Ks] [5c]
tsitoui11: checks
FHstyles: checks
*** SHOW DOWN ***
tsitoui11: shows [2d 7h] (high card King)
FHstyles: shows [5s Qd] (a pair of Fives)
FHstyles collected $17.64 from pot
*** SUMMARY ***
Total pot $18 | Rake $0.36
Board [Jd 9h 6h Ks 5c]
Seat 3: tsitoui11 (big blind) showed [2d 7h] and lost with high card King
Seat 4: FHstyles (button) (small blind) showed [5s Qd] and won ($17.64) with a pair of Fives


PokerStars Hand #166556875043:  Hold'em Limit ($3/$6 USD) - 2017/02/21 12:00:10 ET
Table 'Lunaria' 6-max Seat #3 is the button
Seat 3: tsitoui11 ($20.37 in chips)
Seat 4: FHstyles ($125.17 in chips)
tsitoui11: posts small blind $1
FHstyles: posts big blind $3
*** HOLE CARDS ***
tsitoui11: calls $2
Pelurile joins the table at seat #6
FHstyles: raises $3 to $6
tsitoui11: calls $3
*** FLOP *** [5d Ts 6c]
FHstyles: bets $3
tsitoui11: calls $3
*** TURN *** [5d Ts 6c] [Kd]
FHstyles: checks
tsitoui11: bets $6
FHstyles: calls $6
*** RIVER *** [5d Ts 6c Kd] [3h]
FHstyles: checks
tsitoui11: bets $5.37 and is all-in
FHstyles: calls $5.37
*** SHOW DOWN ***
tsitoui11: shows [Td 8s] (a pair of Tens)
FHstyles: shows [Ac 4s] (high card Ace)
tsitoui11 collected $40.24 from pot
*** SUMMARY ***
Total pot $40.74 | Rake $0.50
Board [5d Ts 6c Kd 3h]
Seat 3: tsitoui11 (button) (small blind) showed [Td 8s] and won ($40.24) with a pair of Tens
Seat 4: FHstyles (big blind) showed [Ac 4s] and lost with high card Ace


PokerStars Hand #166563570898:  Hold'em Limit ($3/$6 USD) - 2017/02/21 14:11:26 ET
Table 'Lunaria' 6-max Seat #4 is the button
Seat 2: RaisemyNut$ ($102.05 in chips)
Seat 4: Dzixtarr ($126.46 in chips)
Dzixtarr: posts small blind $1
tttzzz: is sitting out
RaisemyNut$: posts big blind $3
*** HOLE CARDS ***
Dzixtarr: raises $3 to $6
RaisemyNut$: raises $3 to $9
Dzixtarr: raises $3 to $12
Betting is capped
RaisemyNut$: calls $3
*** FLOP *** [3c 8d Qh]
RaisemyNut$: checks
Dzixtarr: bets $3
RaisemyNut$: calls $3
*** TURN *** [3c 8d Qh] [2h]
RaisemyNut$: checks
Dzixtarr: bets $6
RaisemyNut$: calls $6
*** RIVER *** [3c 8d Qh 2h] [8s]
RaisemyNut$: checks
Dzixtarr: bets $6
RaisemyNut$: calls $6
*** SHOW DOWN ***
Dzixtarr: shows [Qd Qc] (a full house, Queens full of Eights)
RaisemyNut$: mucks hand
tttzzz leaves the table
Dzixtarr collected $53.50 from pot
*** SUMMARY ***
Total pot $54 | Rake $0.50
Board [3c 8d Qh 2h 8s]
Seat 2: RaisemyNut$ (big blind) mucked
Seat 4: Dzixtarr (button) (small blind) showed [Qd Qc] and won ($53.50) with a full house, Queens full of Eights


PokerStars Hand #166563659390:  Hold'em Limit ($3/$6 USD) - 2017/02/21 14:13:01 ET
Table 'Lunaria' 6-max Seat #4 is the button
Seat 2: RaisemyNut$ ($60 in chips)
Seat 4: Dzixtarr ($191.50 in chips)
Dzixtarr: posts small blind $1
RaisemyNut$: posts big blind $3
*** HOLE CARDS ***
Dzixtarr: raises $3 to $6
RaisemyNut$: raises $3 to $9
Dzixtarr: calls $3
*** FLOP *** [Js 6d 6h]
RaisemyNut$: bets $3
Dzixtarr: calls $3
*** TURN *** [Js 6d 6h] [3d]
RaisemyNut$: bets $6
Dzixtarr: calls $6
*** RIVER *** [Js 6d 6h 3d] [3h]
RaisemyNut$: bets $6
Dzixtarr: calls $6
*** SHOW DOWN ***
RaisemyNut$: shows [8h 8d] (two pair, Eights and Sixes)
Dzixtarr: mucks hand
RaisemyNut$ collected $47.50 from pot
*** SUMMARY ***
Total pot $48 | Rake $0.50
Board [Js 6d 6h 3d 3h]
Seat 2: RaisemyNut$ (big blind) showed [8h 8d] and won ($47.50) with two pair, Eights and Sixes
Seat 4: Dzixtarr (button) (small blind) mucked


PokerStars Hand #166563684079:  Hold'em Limit ($3/$6 USD) - 2017/02/21 14:13:27 ET
Table 'Lunaria' 6-max Seat #2 is the button
Seat 2: RaisemyNut$ ($83.50 in chips)
Seat 4: Dzixtarr ($167.50 in chips)
RaisemyNut$: posts small blind $1
Dzixtarr: posts big blind $3
*** HOLE CARDS ***
RaisemyNut$: raises $3 to $6
Dzixtarr: raises $3 to $9
RaisemyNut$: calls $3
*** FLOP *** [Ad 9c Tc]
Dzixtarr: bets $3
RaisemyNut$: calls $3
*** TURN *** [Ad 9c Tc] [6h]
Dzixtarr: bets $6
RaisemyNut$: calls $6
*** RIVER *** [Ad 9c Tc 6h] [3h]
Dzixtarr: bets $6
RaisemyNut$: calls $6
*** SHOW DOWN ***
Dzixtarr: shows [5h 5s] (a pair of Fives)
RaisemyNut$: shows [Ah 7c] (a pair of Aces)
RaisemyNut$ collected $47.50 from pot
*** SUMMARY ***
Total pot $48 | Rake $0.50
Board [Ad 9c Tc 6h 3h]
Seat 2: RaisemyNut$ (button) (small blind) showed [Ah 7c] and won ($47.50) with a pair of Aces
Seat 4: Dzixtarr (big blind) showed [5h 5s] and lost with a pair of Fives


PokerStars Hand #166563679724:  Hold'em Limit ($3/$6 USD) - 2017/02/21 14:13:23 ET
Table 'Lunaria' 6-max Seat #4 is the button
Seat 2: RaisemyNut$ ($82.50 in chips)
Seat 4: Dzixtarr ($168.50 in chips)
Dzixtarr: posts small blind $1
RaisemyNut$: posts big blind $3
*** HOLE CARDS ***
Dzixtarr: folds
Uncalled bet ($2) returned to RaisemyNut$
RaisemyNut$ collected $2 from pot
RaisemyNut$: doesn't show hand
*** SUMMARY ***
Total pot $2 | Rake $0
Seat 2: RaisemyNut$ (big blind) collected ($2)
Seat 4: Dzixtarr (button) (small blind) folded before Flop


PokerStars Hand #166563671887:  Hold'em Limit ($3/$6 USD) - 2017/02/21 14:13:14 ET
Table 'Lunaria' 6-max Seat #2 is the button
Seat 2: RaisemyNut$ ($83.50 in chips)
Seat 4: Dzixtarr ($167.50 in chips)
RaisemyNut$: posts small blind $1
Dzixtarr: posts big blind $3
*** HOLE CARDS ***
RaisemyNut$: folds
Uncalled bet ($2) returned to Dzixtarr
Dzixtarr collected $2 from pot
Dzixtarr: doesn't show hand
*** SUMMARY ***
Total pot $2 | Rake $0
Seat 2: RaisemyNut$ (button) (small blind) folded before Flop
Seat 4: Dzixtarr (big blind) collected ($2)


PokerStars Hand #166563707809:  Hold'em Limit ($3/$6 USD) - 2017/02/21 14:13:53 ET
Table 'Lunaria' 6-max Seat #2 is the button
Seat 2: RaisemyNut$ ($108 in chips)
Seat 4: Dzixtarr ($142.50 in chips)
RaisemyNut$: posts small blind $1
Dzixtarr: posts big blind $3
*** HOLE CARDS ***
RaisemyNut$: raises $3 to $6
Dzixtarr: folds
Uncalled bet ($3) returned to RaisemyNut$
RaisemyNut$ collected $6 from pot
RaisemyNut$: doesn't show hand
*** SUMMARY ***
Total pot $6 | Rake $0
Seat 2: RaisemyNut$ (button) (small blind) collected ($6)
Seat 4: Dzixtarr (big blind) folded before Flop


PokerStars Hand #166563703338:  Hold'em Limit ($3/$6 USD) - 2017/02/21 14:13:48 ET
Table 'Lunaria' 6-max Seat #4 is the button
Seat 2: RaisemyNut$ ($107 in chips)
Seat 4: Dzixtarr ($143.50 in chips)
Dzixtarr: posts small blind $1
RaisemyNut$: posts big blind $3
*** HOLE CARDS ***
Dzixtarr: folds
Uncalled bet ($2) returned to RaisemyNut$
RaisemyNut$ collected $2 from pot
RaisemyNut$: doesn't show hand
*** SUMMARY ***
Total pot $2 | Rake $0
Seat 2: RaisemyNut$ (big blind) collected ($2)
Seat 4: Dzixtarr (button) (small blind) folded before Flop


PokerStars Hand #166563633757:  Hold'em Limit ($3/$6 USD) - 2017/02/21 14:12:33 ET
Table 'Lunaria' 6-max Seat #2 is the button
Seat 2: RaisemyNut$ ($75.05 in chips)
Seat 4: Dzixtarr ($150 in chips)
RaisemyNut$: posts small blind $1
Dzixtarr: posts big blind $3
*** HOLE CARDS ***
RaisemyNut$: raises $3 to $6
Dzixtarr: raises $3 to $9
RaisemyNut$: calls $3
*** FLOP *** [5h 9d 8d]
Dzixtarr: bets $3
RaisemyNut$: calls $3
*** TURN *** [5h 9d 8d] [Td]
Dzixtarr: checks
RaisemyNut$: bets $6
Dzixtarr: raises $6 to $12
RaisemyNut$: calls $6
*** RIVER *** [5h 9d 8d Td] [5d]
Dzixtarr: bets $6
RaisemyNut$: raises $6 to $12
Dzixtarr: raises $6 to $18
RaisemyNut$: calls $6
*** SHOW DOWN ***
Dzixtarr: shows [Ad Qd] (a flush, Ace high)
RaisemyNut$: mucks hand
Dzixtarr collected $83.50 from pot
*** SUMMARY ***
Total pot $84 | Rake $0.50
Board [5h 9d 8d Td 5d]
Seat 2: RaisemyNut$ (button) (small blind) mucked
Seat 4: Dzixtarr (big blind) showed [Ad Qd] and won ($83.50) with a flush, Ace high


PokerStars Hand #166563752770:  Hold'em Limit ($3/$6 USD) - 2017/02/21 14:14:42 ET
Table 'Lunaria' 6-max Seat #2 is the button
Seat 2: RaisemyNut$ ($120.50 in chips)
Seat 4: Dzixtarr ($129.26 in chips)
RaisemyNut$: posts small blind $1
Dzixtarr: posts big blind $3
*** HOLE CARDS ***
RaisemyNut$: raises $3 to $6
Dzixtarr: calls $3
*** FLOP *** [6d 5c Ts]
Dzixtarr: checks
RaisemyNut$: bets $3
Dzixtarr: calls $3
*** TURN *** [6d 5c Ts] [Kh]
Dzixtarr: checks
RaisemyNut$: bets $6
Dzixtarr: calls $6
*** RIVER *** [6d 5c Ts Kh] [Js]
Dzixtarr: checks
RaisemyNut$: checks
*** SHOW DOWN ***
Dzixtarr: shows [7s 8s] (high card King)
RaisemyNut$: shows [4h Ah] (high card Ace)
RaisemyNut$ collected $29.50 from pot
*** SUMMARY ***
Total pot $30 | Rake $0.50
Board [6d 5c Ts Kh Js]
Seat 2: RaisemyNut$ (button) (small blind) showed [4h Ah] and won ($29.50) with high card Ace
Seat 4: Dzixtarr (big blind) showed [7s 8s] and lost with high card King


PokerStars Hand #166563730485:  Hold'em Limit ($3/$6 USD) - 2017/02/21 14:14:18 ET
Table 'Lunaria' 6-max Seat #2 is the button
Seat 2: RaisemyNut$ ($105 in chips)
Seat 4: Dzixtarr ($145.26 in chips)
RaisemyNut$: posts small blind $1
Dzixtarr: posts big blind $3
*** HOLE CARDS ***
RaisemyNut$: raises $3 to $6
Dzixtarr: calls $3
*** FLOP *** [8d 2h Jd]
Dzixtarr: checks
RaisemyNut$: bets $3
Dzixtarr: calls $3
*** TURN *** [8d 2h Jd] [Jc]
Dzixtarr: checks
RaisemyNut$: bets $6
Dzixtarr: calls $6
*** RIVER *** [8d 2h Jd Jc] [Qs]
Dzixtarr: checks
RaisemyNut$: bets $6
Dzixtarr: folds
Uncalled bet ($6) returned to RaisemyNut$
RaisemyNut$ collected $29.50 from pot
RaisemyNut$: doesn't show hand
*** SUMMARY ***
Total pot $30 | Rake $0.50
Board [8d 2h Jd Jc Qs]
Seat 2: RaisemyNut$ (button) (small blind) collected ($29.50)
Seat 4: Dzixtarr (big blind) folded on the River


PokerStars Hand #166563712398:  Hold'em Limit ($3/$6 USD) - 2017/02/21 14:13:58 ET
Table 'Lunaria' 6-max Seat #4 is the button
Seat 2: RaisemyNut$ ($111 in chips)
Seat 4: Dzixtarr ($139.50 in chips)
Dzixtarr: posts small blind $1
RaisemyNut$: posts big blind $3
*** HOLE CARDS ***
Dzixtarr: raises $3 to $6
RaisemyNut$: calls $3
*** FLOP *** [Td Jh Ts]
RaisemyNut$: checks
Dzixtarr: bets $3
RaisemyNut$: folds
Uncalled bet ($3) returned to Dzixtarr
Dzixtarr collected $11.76 from pot
Dzixtarr: doesn't show hand
*** SUMMARY ***
Total pot $12 | Rake $0.24
Board [Td Jh Ts]
Seat 2: RaisemyNut$ (big blind) folded on the Flop
Seat 4: Dzixtarr (button) (small blind) collected ($11.76)


PokerStars Hand #166563747896:  Hold'em Limit ($3/$6 USD) - 2017/02/21 14:14:37 ET
Table 'Lunaria' 6-max Seat #4 is the button
Seat 2: RaisemyNut$ ($119.50 in chips)
Seat 4: Dzixtarr ($130.26 in chips)
Dzixtarr: posts small blind $1
RaisemyNut$: posts big blind $3
*** HOLE CARDS ***
Dzixtarr: folds
Uncalled bet ($2) returned to RaisemyNut$
RaisemyNut$ collected $2 from pot
RaisemyNut$: doesn't show hand
*** SUMMARY ***
Total pot $2 | Rake $0
Seat 2: RaisemyNut$ (big blind) collected ($2)
Seat 4: Dzixtarr (button) (small blind) folded before Flop


PokerStars Hand #166563796369:  Hold'em Limit ($3/$6 USD) - 2017/02/21 14:15:29 ET
Table 'Lunaria' 6-max Seat #4 is the button
Seat 2: RaisemyNut$ ($148.64 in chips)
Seat 4: Dzixtarr ($100.26 in chips)
Dzixtarr: posts small blind $1
RaisemyNut$: posts big blind $3
*** HOLE CARDS ***
Dzixtarr: folds
Uncalled bet ($2) returned to RaisemyNut$
RaisemyNut$ collected $2 from pot
RaisemyNut$: doesn't show hand
*** SUMMARY ***
Total pot $2 | Rake $0
Seat 2: RaisemyNut$ (big blind) collected ($2)
Seat 4: Dzixtarr (button) (small blind) folded before Flop


PokerStars Hand #166563788848:  Hold'em Limit ($3/$6 USD) - 2017/02/21 14:15:21 ET
Table 'Lunaria' 6-max Seat #2 is the button
Seat 2: RaisemyNut$ ($145.64 in chips)
Seat 4: Dzixtarr ($103.26 in chips)
RaisemyNut$: posts small blind $1
Dzixtarr: posts big blind $3
*** HOLE CARDS ***
RaisemyNut$: raises $3 to $6
Dzixtarr: folds
Uncalled bet ($3) returned to RaisemyNut$
RaisemyNut$ collected $6 from pot
RaisemyNut$: doesn't show hand
*** SUMMARY ***
Total pot $6 | Rake $0
Seat 2: RaisemyNut$ (button) (small blind) collected ($6)
Seat 4: Dzixtarr (big blind) folded before Flop


PokerStars Hand #166563772665:  Hold'em Limit ($3/$6 USD) - 2017/02/21 14:15:04 ET
Table 'Lunaria' 6-max Seat #2 is the button
Seat 2: RaisemyNut$ ($136 in chips)
Seat 4: Dzixtarr ($113.26 in chips)
RaisemyNut$: posts small blind $1
Dzixtarr: posts big blind $3
*** HOLE CARDS ***
RaisemyNut$: raises $3 to $6
Dzixtarr: calls $3
*** FLOP *** [9d Jc 5s]
Dzixtarr: checks
RaisemyNut$: bets $3
Dzixtarr: calls $3
*** TURN *** [9d Jc 5s] [3s]
Dzixtarr: checks
RaisemyNut$: bets $6
Dzixtarr: folds
Uncalled bet ($6) returned to RaisemyNut$
RaisemyNut$ collected $17.64 from pot
RaisemyNut$: doesn't show hand
*** SUMMARY ***
Total pot $18 | Rake $0.36
Board [9d Jc 5s 3s]
Seat 2: RaisemyNut$ (button) (small blind) collected ($17.64)
Seat 4: Dzixtarr (big blind) folded on the Turn


PokerStars Hand #166563768295:  Hold'em Limit ($3/$6 USD) - 2017/02/21 14:14:59 ET
Table 'Lunaria' 6-max Seat #4 is the button
Seat 2: RaisemyNut$ ($135 in chips)
Seat 4: Dzixtarr ($114.26 in chips)
Dzixtarr: posts small blind $1
RaisemyNut$: posts big blind $3
*** HOLE CARDS ***
Dzixtarr: folds
Uncalled bet ($2) returned to RaisemyNut$
RaisemyNut$ collected $2 from pot
RaisemyNut$: doesn't show hand
*** SUMMARY ***
Total pot $2 | Rake $0
Seat 2: RaisemyNut$ (big blind) collected ($2)
Seat 4: Dzixtarr (button) (small blind) folded before Flop


PokerStars Hand #166563784417:  Hold'em Limit ($3/$6 USD) - 2017/02/21 14:15:16 ET
Table 'Lunaria' 6-max Seat #4 is the button
Seat 2: RaisemyNut$ ($144.64 in chips)
Seat 4: Dzixtarr ($104.26 in chips)
Dzixtarr: posts small blind $1
RaisemyNut$: posts big blind $3
*** HOLE CARDS ***
Dzixtarr: folds
Uncalled bet ($2) returned to RaisemyNut$
RaisemyNut$ collected $2 from pot
RaisemyNut$: doesn't show hand
*** SUMMARY ***
Total pot $2 | Rake $0
Seat 2: RaisemyNut$ (big blind) collected ($2)
Seat 4: Dzixtarr (button) (small blind) folded before Flop


PokerStars Hand #166563816108:  Hold'em Limit ($3/$6 USD) - 2017/02/21 14:15:50 ET
Table 'Lunaria' 6-max Seat #4 is the button
Seat 2: RaisemyNut$ ($137.64 in chips)
Seat 4: Dzixtarr ($110.78 in chips)
Dzixtarr: posts small blind $1
RaisemyNut$: posts big blind $3
*** HOLE CARDS ***
Dzixtarr: folds
Uncalled bet ($2) returned to RaisemyNut$
RaisemyNut$ collected $2 from pot
RaisemyNut$: doesn't show hand
*** SUMMARY ***
Total pot $2 | Rake $0
Seat 2: RaisemyNut$ (big blind) collected ($2)
Seat 4: Dzixtarr (button) (small blind) folded before Flop


PokerStars Hand #166563800892:  Hold'em Limit ($3/$6 USD) - 2017/02/21 14:15:34 ET
Table 'Lunaria' 6-max Seat #2 is the button
Seat 2: RaisemyNut$ ($149.64 in chips)
Seat 4: Dzixtarr ($99.26 in chips)
RaisemyNut$: posts small blind $1
Dzixtarr: posts big blind $3
*** HOLE CARDS ***
RaisemyNut$: raises $3 to $6
Dzixtarr: raises $3 to $9
RaisemyNut$: calls $3
*** FLOP *** [Qc Ac 3s]
Dzixtarr: bets $3
RaisemyNut$: calls $3
*** TURN *** [Qc Ac 3s] [5h]
Dzixtarr: checks
RaisemyNut$: checks
*** RIVER *** [Qc Ac 3s 5h] [9h]
Dzixtarr: checks
RaisemyNut$: checks
*** SHOW DOWN ***
Dzixtarr: shows [Td Ts] (a pair of Tens)
RaisemyNut$: mucks hand
Dzixtarr collected $23.52 from pot
*** SUMMARY ***
Total pot $24 | Rake $0.48
Board [Qc Ac 3s 5h 9h]
Seat 2: RaisemyNut$ (button) (small blind) mucked
Seat 4: Dzixtarr (big blind) showed [Td Ts] and won ($23.52) with a pair of Tens


PokerStars Hand #166563853486:  Hold'em Limit ($3/$6 USD) - 2017/02/21 14:16:31 ET
Table 'Lunaria' 6-max Seat #2 is the button
Seat 2: RaisemyNut$ ($171.14 in chips)
Seat 4: Dzixtarr ($76.78 in chips)
RaisemyNut$: posts small blind $1
Dzixtarr: posts big blind $3
*** HOLE CARDS ***
RaisemyNut$: raises $3 to $6
Dzixtarr: raises $3 to $9
RaisemyNut$: calls $3
*** FLOP *** [6d 6h 8d]
Dzixtarr: bets $3
RaisemyNut$: raises $3 to $6
Dzixtarr: raises $3 to $9
RaisemyNut$: calls $3
*** TURN *** [6d 6h 8d] [9h]
Dzixtarr: bets $6
RaisemyNut$: calls $6
*** RIVER *** [6d 6h 8d 9h] [Kh]
Dzixtarr: checks
RaisemyNut$: checks
*** SHOW DOWN ***
Dzixtarr: shows [Jd Ad] (a pair of Sixes)
RaisemyNut$: shows [8c Qh] (two pair, Eights and Sixes)
RaisemyNut$ collected $47.50 from pot
*** SUMMARY ***
Total pot $48 | Rake $0.50
Board [6d 6h 8d 9h Kh]
Seat 2: RaisemyNut$ (button) (small blind) showed [8c Qh] and won ($47.50) with two pair, Eights and Sixes
Seat 4: Dzixtarr (big blind) showed [Jd Ad] and lost with a pair of Sixes


PokerStars Hand #166563827754:  Hold'em Limit ($3/$6 USD) - 2017/02/21 14:16:03 ET
Table 'Lunaria' 6-max Seat #4 is the button
Seat 2: RaisemyNut$ ($141.64 in chips)
Seat 4: Dzixtarr ($106.78 in chips)
Dzixtarr: posts small blind $1
RaisemyNut$: posts big blind $3
*** HOLE CARDS ***
Dzixtarr: raises $3 to $6
RaisemyNut$: raises $3 to $9
Dzixtarr: calls $3
*** FLOP *** [3d 7h 9s]
RaisemyNut$: bets $3
Dzixtarr: calls $3
*** TURN *** [3d 7h 9s] [Kc]
RaisemyNut$: bets $6
Dzixtarr: calls $6
*** RIVER *** [3d 7h 9s Kc] [Qd]
RaisemyNut$: bets $6
Dzixtarr: raises $6 to $12
RaisemyNut$: calls $6
*** SHOW DOWN ***
Dzixtarr: shows [Kh Jh] (a pair of Kings)
RaisemyNut$: shows [9h 9d] (three of a kind, Nines)
RaisemyNut$ collected $59.50 from pot
*** SUMMARY ***
Total pot $60 | Rake $0.50
Board [3d 7h 9s Kc Qd]
Seat 2: RaisemyNut$ (big blind) showed [9h 9d] and won ($59.50) with three of a kind, Nines
Seat 4: Dzixtarr (button) (small blind) showed [Kh Jh] and lost with a pair of Kings


PokerStars Hand #166563820662:  Hold'em Limit ($3/$6 USD) - 2017/02/21 14:15:55 ET
Table 'Lunaria' 6-max Seat #2 is the button
Seat 2: RaisemyNut$ ($138.64 in chips)
Seat 4: Dzixtarr ($109.78 in chips)
RaisemyNut$: posts small blind $1
Dzixtarr: posts big blind $3
*** HOLE CARDS ***
RaisemyNut$: raises $3 to $6
Dzixtarr: folds
Uncalled bet ($3) returned to RaisemyNut$
RaisemyNut$ collected $6 from pot
RaisemyNut$: doesn't show hand
*** SUMMARY ***
Total pot $6 | Rake $0
Seat 2: RaisemyNut$ (button) (small blind) collected ($6)
Seat 4: Dzixtarr (big blind) folded before Flop


PokerStars Hand #166563870380:  Hold'em Limit ($3/$6 USD) - 2017/02/21 14:16:49 ET
Table 'Lunaria' 6-max Seat #4 is the button
Seat 2: RaisemyNut$ ($194.64 in chips)
Seat 4: Dzixtarr ($52.78 in chips)
Dzixtarr: posts small blind $1
RaisemyNut$: posts big blind $3
*** HOLE CARDS ***
Dzixtarr: folds
Uncalled bet ($2) returned to RaisemyNut$
MorPoker joins the table at seat #6
RaisemyNut$ collected $2 from pot
RaisemyNut$: doesn't show hand
*** SUMMARY ***
Total pot $2 | Rake $0
Seat 2: RaisemyNut$ (big blind) collected ($2)
Seat 4: Dzixtarr (button) (small blind) folded before Flop


PokerStars Hand #166563875536:  Hold'em Limit ($3/$6 USD) - 2017/02/21 14:16:55 ET
Table 'Lunaria' 6-max Seat #2 is the button
Seat 2: RaisemyNut$ ($195.64 in chips)
Seat 4: Dzixtarr ($51.78 in chips)
RaisemyNut$: posts small blind $1
Dzixtarr: posts big blind $3
*** HOLE CARDS ***
RaisemyNut$: raises $3 to $6
ABATAPP joins the table at seat #1
Dzixtarr: folds
Uncalled bet ($3) returned to RaisemyNut$
RaisemyNut$ collected $6 from pot
RaisemyNut$: doesn't show hand
*** SUMMARY ***
Total pot $6 | Rake $0
Seat 2: RaisemyNut$ (button) (small blind) collected ($6)
Seat 4: Dzixtarr (big blind) folded before Flop


