PokerStars Hand #150348352621:  Hold'em Limit ($3/$6 USD) - 2016/03/14 14:08:43 ET
Table 'Luna III' 6-max Seat #4 is the button
Seat 1: pokerdk4 ($143.50 in chips)
Seat 4: Great_Kang ($120 in chips)
Great_Kang: posts small blind $1
pokerdk4: posts big blind $3
*** HOLE CARDS ***
Great_Kang: raises $3 to $6
pokerdk4: calls $3
*** FLOP *** [Ac Qc 6c]
pokerdk4: checks
Great_Kang: bets $3
pokerdk4: raises $3 to $6
Great_Kang: calls $3
*** TURN *** [Ac Qc 6c] [6d]
pokerdk4: bets $6
Great_Kang: calls $6
*** RIVER *** [Ac Qc 6c 6d] [Tc]
pokerdk4: bets $6
Great_Kang: calls $6
*** SHOW DOWN ***
pokerdk4: shows [Kd 2c] (a flush, Ace high)
Great_Kang: mucks hand
pokerdk4 collected $47.50 from pot
*** SUMMARY ***
Total pot $48 | Rake $0.50
Board [Ac Qc 6c 6d Tc]
Seat 1: pokerdk4 (big blind) showed [Kd 2c] and won ($47.50) with a flush, Ace high
Seat 4: Great_Kang (button) (small blind) mucked


PokerStars Hand #150348318084:  Hold'em Limit ($3/$6 USD) - 2016/03/14 14:08:04 ET
Table 'Luna III' 6-max Seat #1 is the button
Seat 1: pokerdk4 ($120 in chips)
Seat 4: Great_Kang ($120 in chips)
pokerdk4: posts small blind $1
Great_Kang: posts big blind $3
*** HOLE CARDS ***
pokerdk4: raises $3 to $6
Great_Kang: calls $3
*** FLOP *** [7c 4d Jc]
Great_Kang: checks
pokerdk4: bets $3
Great_Kang: raises $3 to $6
pokerdk4: calls $3
*** TURN *** [7c 4d Jc] [8h]
Great_Kang: checks
40 ft cliff joins the table at seat #2
pokerdk4: bets $6
Great_Kang: calls $6
*** RIVER *** [7c 4d Jc 8h] [9c]
Great_Kang: checks
pokerdk4: bets $6
Great_Kang: calls $6
*** SHOW DOWN ***
pokerdk4: shows [Jd Ts] (a straight, Seven to Jack)
Great_Kang: mucks hand
pokerdk4 collected $47.50 from pot
*** SUMMARY ***
Total pot $48 | Rake $0.50
Board [7c 4d Jc 8h 9c]
Seat 1: pokerdk4 (button) (small blind) showed [Jd Ts] and won ($47.50) with a straight, Seven to Jack
Seat 4: Great_Kang (big blind) mucked


PokerStars Hand #150348403874:  Hold'em Limit ($3/$6 USD) - 2016/03/14 14:09:40 ET
Table 'Luna III' 6-max Seat #2 is the button
Seat 1: pokerdk4 ($178.37 in chips)
Seat 2: 40 ft cliff ($72.66 in chips)
40 ft cliff: posts small blind $1
pokerdk4: posts big blind $3
*** HOLE CARDS ***
40 ft cliff: raises $3 to $6
pokerdk4: calls $3
*** FLOP *** [6c 9s 5c]
pokerdk4: checks
40 ft cliff: checks
*** TURN *** [6c 9s 5c] [2c]
pokerdk4: bets $6
40 ft cliff: calls $6
*** RIVER *** [6c 9s 5c 2c] [4c]
pokerdk4: checks
40 ft cliff: checks
*** SHOW DOWN ***
pokerdk4: shows [5h 7d] (a pair of Fives)
40 ft cliff: mucks hand
pokerdk4 collected $23.52 from pot
*** SUMMARY ***
Total pot $24 | Rake $0.48
Board [6c 9s 5c 2c 4c]
Seat 1: pokerdk4 (big blind) showed [5h 7d] and won ($23.52) with a pair of Fives
Seat 2: 40 ft cliff (button) (small blind) mucked


PokerStars Hand #150348399318:  Hold'em Limit ($3/$6 USD) - 2016/03/14 14:09:35 ET
Table 'Luna III' 6-max Seat #1 is the button
Seat 1: pokerdk4 ($179.37 in chips)
Seat 2: 40 ft cliff ($71.66 in chips)
pokerdk4: posts small blind $1
40 ft cliff: posts big blind $3
*** HOLE CARDS ***
pokerdk4: folds
Uncalled bet ($2) returned to 40 ft cliff
40 ft cliff collected $2 from pot
40 ft cliff: doesn't show hand
*** SUMMARY ***
Total pot $2 | Rake $0
Seat 1: pokerdk4 (button) (small blind) folded before Flop
Seat 2: 40 ft cliff (big blind) collected ($2)


PokerStars Hand #150348393709:  Hold'em Limit ($3/$6 USD) - 2016/03/14 14:09:29 ET
Table 'Luna III' 6-max Seat #2 is the button
Seat 1: pokerdk4 ($178.37 in chips)
Seat 2: 40 ft cliff ($72.66 in chips)
40 ft cliff: posts small blind $1
Great_Kang: is sitting out
pokerdk4: posts big blind $3
*** HOLE CARDS ***
40 ft cliff: folds
Uncalled bet ($2) returned to pokerdk4
pokerdk4 collected $2 from pot
pokerdk4: doesn't show hand
Great_Kang leaves the table
*** SUMMARY ***
Total pot $2 | Rake $0
Seat 1: pokerdk4 (big blind) collected ($2)
Seat 2: 40 ft cliff (button) (small blind) folded before Flop


PokerStars Hand #150348462838:  Hold'em Limit ($3/$6 USD) - 2016/03/14 14:10:46 ET
Table 'Luna III' 6-max Seat #2 is the button
Seat 1: pokerdk4 ($166.89 in chips)
Seat 2: 40 ft cliff ($83.04 in chips)
40 ft cliff: posts small blind $1
pokerdk4: posts big blind $3
*** HOLE CARDS ***
krytalex joins the table at seat #3
40 ft cliff: raises $3 to $6
pokerdk4: raises $3 to $9
40 ft cliff: calls $3
*** FLOP *** [8s Td 7h]
pokerdk4: bets $3
40 ft cliff: calls $3
*** TURN *** [8s Td 7h] [Qc]
pokerdk4: bets $6
40 ft cliff: calls $6
*** RIVER *** [8s Td 7h Qc] [Tc]
pokerdk4: checks
40 ft cliff: checks
*** SHOW DOWN ***
pokerdk4: shows [7c Kh] (two pair, Tens and Sevens)
40 ft cliff: shows [Qh 9s] (two pair, Queens and Tens)
40 ft cliff collected $35.50 from pot
*** SUMMARY ***
Total pot $36 | Rake $0.50
Board [8s Td 7h Qc Tc]
Seat 1: pokerdk4 (big blind) showed [7c Kh] and lost with two pair, Tens and Sevens
Seat 2: 40 ft cliff (button) (small blind) showed [Qh 9s] and won ($35.50) with two pair, Queens and Tens


PokerStars Hand #150348458602:  Hold'em Limit ($3/$6 USD) - 2016/03/14 14:10:41 ET
Table 'Luna III' 6-max Seat #1 is the button
Seat 1: pokerdk4 ($167.89 in chips)
Seat 2: 40 ft cliff ($82.04 in chips)
pokerdk4: posts small blind $1
40 ft cliff: posts big blind $3
*** HOLE CARDS ***
pokerdk4: folds
Uncalled bet ($2) returned to 40 ft cliff
40 ft cliff collected $2 from pot
40 ft cliff: doesn't show hand
*** SUMMARY ***
Total pot $2 | Rake $0
Seat 1: pokerdk4 (button) (small blind) folded before Flop
Seat 2: 40 ft cliff (big blind) collected ($2)


PokerStars Hand #150348452512:  Hold'em Limit ($3/$6 USD) - 2016/03/14 14:10:34 ET
Table 'Luna III' 6-max Seat #2 is the button
Seat 1: pokerdk4 ($170.89 in chips)
Seat 2: 40 ft cliff ($79.04 in chips)
40 ft cliff: posts small blind $1
pokerdk4: posts big blind $3
*** HOLE CARDS ***
40 ft cliff: raises $3 to $6
pokerdk4: folds
Uncalled bet ($3) returned to 40 ft cliff
40 ft cliff collected $6 from pot
40 ft cliff: doesn't show hand
*** SUMMARY ***
Total pot $6 | Rake $0
Seat 1: pokerdk4 (big blind) folded before Flop
Seat 2: 40 ft cliff (button) (small blind) collected ($6)


PokerStars Hand #150348417868:  Hold'em Limit ($3/$6 USD) - 2016/03/14 14:09:56 ET
Table 'Luna III' 6-max Seat #1 is the button
Seat 1: pokerdk4 ($189.89 in chips)
Seat 2: 40 ft cliff ($60.66 in chips)
pokerdk4: posts small blind $1
40 ft cliff: posts big blind $3
*** HOLE CARDS ***
pokerdk4: raises $3 to $6
40 ft cliff: calls $3
*** FLOP *** [Kc 4d 7h]
40 ft cliff: checks
pokerdk4: bets $3
40 ft cliff: calls $3
*** TURN *** [Kc 4d 7h] [Ad]
40 ft cliff: checks
pokerdk4: bets $6
40 ft cliff: raises $6 to $12
pokerdk4: folds
Uncalled bet ($6) returned to 40 ft cliff
40 ft cliff collected $29.50 from pot
40 ft cliff: doesn't show hand
*** SUMMARY ***
Total pot $30 | Rake $0.50
Board [Kc 4d 7h Ad]
Seat 1: pokerdk4 (button) (small blind) folded on the Turn
Seat 2: 40 ft cliff (big blind) collected ($29.50)


PokerStars Hand #150348447666:  Hold'em Limit ($3/$6 USD) - 2016/03/14 14:10:29 ET
Table 'Luna III' 6-max Seat #1 is the button
Seat 1: pokerdk4 ($171.89 in chips)
Seat 2: 40 ft cliff ($78.04 in chips)
pokerdk4: posts small blind $1
40 ft cliff: posts big blind $3
*** HOLE CARDS ***
pokerdk4: folds
Uncalled bet ($2) returned to 40 ft cliff
40 ft cliff collected $2 from pot
40 ft cliff: doesn't show hand
*** SUMMARY ***
Total pot $2 | Rake $0
Seat 1: pokerdk4 (button) (small blind) folded before Flop
Seat 2: 40 ft cliff (big blind) collected ($2)


PokerStars Hand #150348433252:  Hold'em Limit ($3/$6 USD) - 2016/03/14 14:10:13 ET
Table 'Luna III' 6-max Seat #2 is the button
Seat 1: pokerdk4 ($174.89 in chips)
Seat 2: 40 ft cliff ($75.16 in chips)
40 ft cliff: posts small blind $1
pokerdk4: posts big blind $3
*** HOLE CARDS ***
40 ft cliff: calls $2
pokerdk4: checks
*** FLOP *** [Kd Qs 5s]
pokerdk4: checks
40 ft cliff: checks
*** TURN *** [Kd Qs 5s] [Ad]
pokerdk4: checks
40 ft cliff: checks
*** RIVER *** [Kd Qs 5s Ad] [Qh]
pokerdk4: checks
40 ft cliff: checks
*** SHOW DOWN ***
pokerdk4: shows [3h 6h] (a pair of Queens)
40 ft cliff: shows [8d Tc] (a pair of Queens - Ace+King+Ten kicker)
40 ft cliff collected $5.88 from pot
*** SUMMARY ***
Total pot $6 | Rake $0.12
Board [Kd Qs 5s Ad Qh]
Seat 1: pokerdk4 (big blind) showed [3h 6h] and lost with a pair of Queens
Seat 2: 40 ft cliff (button) (small blind) showed [8d Tc] and won ($5.88) with a pair of Queens


PokerStars Hand #150348481800:  Hold'em Limit ($3/$6 USD) - 2016/03/14 14:11:07 ET
Table 'Luna III' 6-max Seat #1 is the button
Seat 1: pokerdk4 ($148.89 in chips)
Seat 2: 40 ft cliff ($100.54 in chips)
pokerdk4: posts small blind $1
40 ft cliff: posts big blind $3
*** HOLE CARDS ***
pokerdk4: raises $3 to $6
40 ft cliff: calls $3
*** FLOP *** [5c 7d 9d]
40 ft cliff: checks
pokerdk4: bets $3
40 ft cliff: calls $3
*** TURN *** [5c 7d 9d] [Kc]
40 ft cliff: checks
pokerdk4: bets $6
40 ft cliff: calls $6
*** RIVER *** [5c 7d 9d Kc] [7s]
40 ft cliff: checks
pokerdk4: bets $6
40 ft cliff: folds
Uncalled bet ($6) returned to pokerdk4
pokerdk4 collected $29.50 from pot
pokerdk4: doesn't show hand
*** SUMMARY ***
Total pot $30 | Rake $0.50
Board [5c 7d 9d Kc 7s]
Seat 1: pokerdk4 (button) (small blind) collected ($29.50)
Seat 2: 40 ft cliff (big blind) folded on the River


PokerStars Hand #150351673175:  Hold'em Limit ($3/$6 USD) - 2016/03/14 15:09:09 ET
Table 'Luna III' 6-max Seat #4 is the button
Seat 2: BuzovaPro ($72 in chips)
Seat 4: stressed31 ($142.54 in chips)
stressed31: posts small blind $1
BuzovaPro: posts big blind $3
*** HOLE CARDS ***
stressed31: folds
Uncalled bet ($2) returned to BuzovaPro
BuzovaPro collected $2 from pot
BuzovaPro: doesn't show hand
*** SUMMARY ***
Total pot $2 | Rake $0
Seat 2: BuzovaPro (big blind) collected ($2)
Seat 4: stressed31 (button) (small blind) folded before Flop


PokerStars Hand #150351718986:  Hold'em Limit ($3/$6 USD) - 2016/03/14 15:09:57 ET
Table 'Luna III' 6-max Seat #2 is the button
Seat 2: BuzovaPro ($118.50 in chips)
Seat 4: stressed31 ($95.54 in chips)
BuzovaPro: posts small blind $1
stressed31: posts big blind $3
*** HOLE CARDS ***
BuzovaPro: raises $3 to $6
stressed31: folds
Uncalled bet ($3) returned to BuzovaPro
BuzovaPro collected $6 from pot
*** SUMMARY ***
Total pot $6 | Rake $0
Seat 2: BuzovaPro (button) (small blind) collected ($6)
Seat 4: stressed31 (big blind) folded before Flop


PokerStars Hand #150351712632:  Hold'em Limit ($3/$6 USD) - 2016/03/14 15:09:50 ET
Table 'Luna III' 6-max Seat #4 is the button
Seat 2: BuzovaPro ($117.50 in chips)
Seat 4: stressed31 ($96.54 in chips)
stressed31: posts small blind $1
BuzovaPro: posts big blind $3
*** HOLE CARDS ***
stressed31: folds
Uncalled bet ($2) returned to BuzovaPro
BuzovaPro collected $2 from pot
BuzovaPro: doesn't show hand
*** SUMMARY ***
Total pot $2 | Rake $0
Seat 2: BuzovaPro (big blind) collected ($2)
Seat 4: stressed31 (button) (small blind) folded before Flop


PokerStars Hand #150351678240:  Hold'em Limit ($3/$6 USD) - 2016/03/14 15:09:14 ET
Table 'Luna III' 6-max Seat #2 is the button
Seat 2: BuzovaPro ($73 in chips)
Seat 4: stressed31 ($141.54 in chips)
BuzovaPro: posts small blind $1
stressed31: posts big blind $3
*** HOLE CARDS ***
BuzovaPro: raises $3 to $6
stressed31: calls $3
*** FLOP *** [Qs 8c Jc]
stressed31: checks
BuzovaPro: bets $3
stressed31: calls $3
*** TURN *** [Qs 8c Jc] [6s]
stressed31: checks
BuzovaPro: bets $6
stressed31: raises $6 to $12
BuzovaPro: calls $6
*** RIVER *** [Qs 8c Jc 6s] [Tc]
stressed31: bets $6
BuzovaPro: raises $6 to $12
stressed31: raises $6 to $18
BuzovaPro: raises $6 to $24
Betting is capped
stressed31: calls $6
*** SHOW DOWN ***
BuzovaPro: shows [Qc 7c] (a flush, Queen high)
stressed31: mucks hand
BuzovaPro collected $89.50 from pot
*** SUMMARY ***
Total pot $90 | Rake $0.50
Board [Qs 8c Jc 6s Tc]
Seat 2: BuzovaPro (button) (small blind) showed [Qc 7c] and won ($89.50) with a flush, Queen high
Seat 4: stressed31 (big blind) mucked


PokerStars Hand #150351726474:  Hold'em Limit ($3/$6 USD) - 2016/03/14 15:10:04 ET
Table 'Luna III' 6-max Seat #4 is the button
Seat 2: BuzovaPro ($121.50 in chips)
Seat 4: stressed31 ($92.54 in chips)
stressed31: posts small blind $1
BuzovaPro: posts big blind $3
*** HOLE CARDS ***
$i1ver joins the table at seat #3
stressed31: calls $2
BuzovaPro: checks
*** FLOP *** [6h 9h 7c]
BuzovaPro: bets $3
stressed31: raises $3 to $6
BuzovaPro: calls $3
*** TURN *** [6h 9h 7c] [Kd]
BuzovaPro: checks
ValeryRon joins the table at seat #5
stressed31: bets $6
BuzovaPro: calls $6
*** RIVER *** [6h 9h 7c Kd] [5h]
BuzovaPro: checks
stressed31: checks
*** SHOW DOWN ***
BuzovaPro: shows [9s 3s] (a pair of Nines)
stressed31: shows [Ts Td] (a pair of Tens)
stressed31 collected $29.50 from pot
*** SUMMARY ***
Total pot $30 | Rake $0.50
Board [6h 9h 7c Kd 5h]
Seat 2: BuzovaPro (big blind) showed [9s 3s] and lost with a pair of Nines
Seat 4: stressed31 (button) (small blind) showed [Ts Td] and won ($29.50) with a pair of Tens


