PokerStars Hand #160886871654:  Hold'em Limit ($3/$6 USD) - 2016/11/04 11:06:51 ET
Table 'Lunaria' 6-max Seat #3 is the button
Seat 2: LolDnkaments ($109.72 in chips)
Seat 3: AA_ILI ($22.50 in chips)
AA_ILI: posts small blind $1
sim5sim5: is sitting out
LolDnkaments: posts big blind $3
*** HOLE CARDS ***
AA_ILI: folds
Uncalled bet ($2) returned to LolDnkaments
LolDnkaments collected $2 from pot
LolDnkaments: doesn't show hand
*** SUMMARY ***
Total pot $2 | Rake $0
Seat 2: LolDnkaments (big blind) collected ($2)
Seat 3: AA_ILI (button) (small blind) folded before Flop


PokerStars Hand #160886897521:  Hold'em Limit ($3/$6 USD) - 2016/11/04 11:07:29 ET
Table 'Lunaria' 6-max Seat #2 is the button
Seat 2: LolDnkaments ($117.48 in chips)
Seat 3: AA_ILI ($14.50 in chips)
LolDnkaments: posts small blind $1
AA_ILI: posts big blind $3
*** HOLE CARDS ***
LolDnkaments: raises $3 to $6
AA_ILI: raises $3 to $9
LolDnkaments: raises $3 to $12
Betting is capped
AA_ILI: calls $3
*** FLOP *** [9s 5s 5c]
AA_ILI: bets $2.50 and is all-in
LolDnkaments: calls $2.50
*** TURN *** [9s 5s 5c] [6c]
*** RIVER *** [9s 5s 5c 6c] [6h]
*** SHOW DOWN ***
AA_ILI: shows [3c 2h] (two pair, Sixes and Fives)
LolDnkaments: shows [Kd Qh] (two pair, Sixes and Fives - King kicker)
LolDnkaments collected $28.50 from pot
*** SUMMARY ***
Total pot $29 | Rake $0.50
Board [9s 5s 5c 6c 6h]
Seat 2: LolDnkaments (button) (small blind) showed [Kd Qh] and won ($28.50) with two pair, Sixes and Fives
Seat 3: AA_ILI (big blind) showed [3c 2h] and lost with two pair, Sixes and Fives


PokerStars Hand #160886894157:  Hold'em Limit ($3/$6 USD) - 2016/11/04 11:07:24 ET
Table 'Lunaria' 6-max Seat #3 is the button
Seat 2: LolDnkaments ($116.48 in chips)
Seat 3: AA_ILI ($15.50 in chips)
AA_ILI: posts small blind $1
LolDnkaments: posts big blind $3
*** HOLE CARDS ***
AA_ILI: folds
Uncalled bet ($2) returned to LolDnkaments
LolDnkaments collected $2 from pot
LolDnkaments: doesn't show hand
*** SUMMARY ***
Total pot $2 | Rake $0
Seat 2: LolDnkaments (big blind) collected ($2)
Seat 3: AA_ILI (button) (small blind) folded before Flop


PokerStars Hand #160886875227:  Hold'em Limit ($3/$6 USD) - 2016/11/04 11:06:56 ET
Table 'Lunaria' 6-max Seat #2 is the button
Seat 2: LolDnkaments ($110.72 in chips)
Seat 3: AA_ILI ($21.50 in chips)
LolDnkaments: posts small blind $1
AA_ILI: posts big blind $3
*** HOLE CARDS ***
LolDnkaments: raises $3 to $6
AA_ILI: calls $3
*** FLOP *** [9h 8h 4s]
AA_ILI: checks
LolDnkaments: checks
*** TURN *** [9h 8h 4s] [Ad]
AA_ILI: checks
LolDnkaments: checks
*** RIVER *** [9h 8h 4s Ad] [6s]
AA_ILI: checks
LolDnkaments: checks
*** SHOW DOWN ***
AA_ILI: shows [5s Js] (high card Ace)
LolDnkaments: shows [5h Ks] (high card Ace - King kicker)
LolDnkaments collected $11.76 from pot
*** SUMMARY ***
Total pot $12 | Rake $0.24
Board [9h 8h 4s Ad 6s]
Seat 2: LolDnkaments (button) (small blind) showed [5h Ks] and won ($11.76) with high card Ace
Seat 3: AA_ILI (big blind) showed [5s Js] and lost with high card Ace


PokerStars Hand #160886952321:  Hold'em Limit ($3/$6 USD) - 2016/11/04 11:08:51 ET
Table 'Lunaria' 6-max Seat #2 is the button
Seat 2: LolDnkaments ($157.13 in chips)
Seat 4: sim5sim5 ($72 in chips)
LolDnkaments: posts small blind $1
sim5sim5: posts big blind $3
*** HOLE CARDS ***
LolDnkaments: raises $3 to $6
sim5sim5: folds
Uncalled bet ($3) returned to LolDnkaments
LolDnkaments collected $6 from pot
LolDnkaments: doesn't show hand
*** SUMMARY ***
Total pot $6 | Rake $0
Seat 2: LolDnkaments (button) (small blind) collected ($6)
Seat 4: sim5sim5 (big blind) folded before Flop


PokerStars Hand #160886973418:  Hold'em Limit ($3/$6 USD) - 2016/11/04 11:09:22 ET
Table 'Lunaria' 6-max Seat #4 is the button
Seat 2: LolDnkaments ($171.77 in chips)
Seat 4: sim5sim5 ($72 in chips)
sim5sim5: posts small blind $1
LolDnkaments: posts big blind $3
*** HOLE CARDS ***
sim5sim5: folds
Uncalled bet ($2) returned to LolDnkaments
LolDnkaments collected $2 from pot
LolDnkaments: doesn't show hand
*** SUMMARY ***
Total pot $2 | Rake $0
Seat 2: LolDnkaments (big blind) collected ($2)
Seat 4: sim5sim5 (button) (small blind) folded before Flop


PokerStars Hand #160886966960:  Hold'em Limit ($3/$6 USD) - 2016/11/04 11:09:12 ET
Table 'Lunaria' 6-max Seat #2 is the button
Seat 2: LolDnkaments ($168.77 in chips)
Seat 4: sim5sim5 ($72 in chips)
LolDnkaments: posts small blind $1
sim5sim5: posts big blind $3
*** HOLE CARDS ***
LolDnkaments: raises $3 to $6
sim5sim5: folds
Uncalled bet ($3) returned to LolDnkaments
LolDnkaments collected $6 from pot
LolDnkaments: doesn't show hand
*** SUMMARY ***
Total pot $6 | Rake $0
Seat 2: LolDnkaments (button) (small blind) collected ($6)
Seat 4: sim5sim5 (big blind) folded before Flop


PokerStars Hand #160886956759:  Hold'em Limit ($3/$6 USD) - 2016/11/04 11:08:57 ET
Table 'Lunaria' 6-max Seat #4 is the button
Seat 2: LolDnkaments ($160.13 in chips)
Seat 4: sim5sim5 ($72 in chips)
sim5sim5: posts small blind $1
LolDnkaments: posts big blind $3
*** HOLE CARDS ***
sim5sim5: raises $3 to $6
LolDnkaments: calls $3
*** FLOP *** [Jh 8s Qh]
LolDnkaments: checks
sim5sim5: bets $3
LolDnkaments: raises $3 to $6
sim5sim5: folds
Uncalled bet ($3) returned to LolDnkaments
LolDnkaments collected $17.64 from pot
LolDnkaments: doesn't show hand
*** SUMMARY ***
Total pot $18 | Rake $0.36
Board [Jh 8s Qh]
Seat 2: LolDnkaments (big blind) collected ($17.64)
Seat 4: sim5sim5 (button) (small blind) folded on the Flop


PokerStars Hand #160887030294:  Hold'em Limit ($3/$6 USD) - 2016/11/04 11:10:46 ET
Table 'Lunaria' 6-max Seat #4 is the button
Seat 2: LolDnkaments ($160.27 in chips)
Seat 4: sim5sim5 ($101.26 in chips)
sim5sim5: posts small blind $1
LolDnkaments: posts big blind $3
*** HOLE CARDS ***
sim5sim5: calls $2
LolDnkaments: checks
*** FLOP *** [8d Td 9d]
LolDnkaments: bets $3
sim5sim5: folds
Uncalled bet ($3) returned to LolDnkaments
LolDnkaments collected $5.88 from pot
LolDnkaments: doesn't show hand
*** SUMMARY ***
Total pot $6 | Rake $0.12
Board [8d Td 9d]
Seat 2: LolDnkaments (big blind) collected ($5.88)
Seat 4: sim5sim5 (button) (small blind) folded on the Flop


PokerStars Hand #160887010916:  Hold'em Limit ($3/$6 USD) - 2016/11/04 11:10:17 ET
Table 'Lunaria' 6-max Seat #2 is the button
Seat 2: LolDnkaments ($184.27 in chips)
Seat 4: sim5sim5 ($77.76 in chips)
LolDnkaments: posts small blind $1
sim5sim5: posts big blind $3
*** HOLE CARDS ***
LolDnkaments: raises $3 to $6
sim5sim5: calls $3
*** FLOP *** [3h 6c Ah]
sim5sim5: checks
LolDnkaments: bets $3
sim5sim5: raises $3 to $6
LolDnkaments: calls $3
*** TURN *** [3h 6c Ah] [6s]
sim5sim5: bets $6
LolDnkaments: calls $6
*** RIVER *** [3h 6c Ah 6s] [Qd]
sim5sim5: bets $6
LolDnkaments: calls $6
*** SHOW DOWN ***
sim5sim5: shows [7d 6h] (three of a kind, Sixes)
LolDnkaments: mucks hand
sim5sim5 collected $47.50 from pot
*** SUMMARY ***
Total pot $48 | Rake $0.50
Board [3h 6c Ah 6s Qd]
Seat 2: LolDnkaments (button) (small blind) mucked
Seat 4: sim5sim5 (big blind) showed [7d 6h] and won ($47.50) with three of a kind, Sixes


PokerStars Hand #160887003449:  Hold'em Limit ($3/$6 USD) - 2016/11/04 11:10:06 ET
Table 'Lunaria' 6-max Seat #4 is the button
Seat 2: LolDnkaments ($190.27 in chips)
Seat 4: sim5sim5 ($72 in chips)
sim5sim5: posts small blind $1
LolDnkaments: posts big blind $3
*** HOLE CARDS ***
sim5sim5: raises $3 to $6
LolDnkaments: calls $3
*** FLOP *** [Qs 9h Th]
LolDnkaments: checks
sim5sim5: bets $3
LolDnkaments: folds
Uncalled bet ($3) returned to sim5sim5
sim5sim5 collected $11.76 from pot
sim5sim5: doesn't show hand
*** SUMMARY ***
Total pot $12 | Rake $0.24
Board [Qs 9h Th]
Seat 2: LolDnkaments (big blind) folded on the Flop
Seat 4: sim5sim5 (button) (small blind) collected ($11.76)


PokerStars Hand #160886977457:  Hold'em Limit ($3/$6 USD) - 2016/11/04 11:09:28 ET
Table 'Lunaria' 6-max Seat #2 is the button
Seat 2: LolDnkaments ($172.77 in chips)
Seat 4: sim5sim5 ($72 in chips)
LolDnkaments: posts small blind $1
sim5sim5: posts big blind $3
*** HOLE CARDS ***
LolDnkaments: raises $3 to $6
sim5sim5: raises $3 to $9
LolDnkaments: calls $3
*** FLOP *** [2s Kh 4d]
sim5sim5: bets $3
LolDnkaments: calls $3
*** TURN *** [2s Kh 4d] [3c]
sim5sim5: checks
LolDnkaments: bets $6
sim5sim5: calls $6
*** RIVER *** [2s Kh 4d 3c] [Qc]
sim5sim5: checks
LolDnkaments: checks
*** SHOW DOWN ***
sim5sim5: shows [7s Ad] (high card Ace)
LolDnkaments: shows [2d Jd] (a pair of Deuces)
LolDnkaments collected $35.50 from pot
*** SUMMARY ***
Total pot $36 | Rake $0.50
Board [2s Kh 4d 3c Qc]
Seat 2: LolDnkaments (button) (small blind) showed [2d Jd] and won ($35.50) with a pair of Deuces
Seat 4: sim5sim5 (big blind) showed [7s Ad] and lost with high card Ace


PokerStars Hand #160887068379:  Hold'em Limit ($3/$6 USD) - 2016/11/04 11:11:43 ET
Table 'Lunaria' 6-max Seat #4 is the button
Seat 2: LolDnkaments ($191.41 in chips)
Seat 4: sim5sim5 ($73 in chips)
sim5sim5: posts small blind $1
LolDnkaments: posts big blind $3
*** HOLE CARDS ***
sim5sim5: folds
Uncalled bet ($2) returned to LolDnkaments
LolDnkaments collected $2 from pot
LolDnkaments: doesn't show hand
*** SUMMARY ***
Total pot $2 | Rake $0
Seat 2: LolDnkaments (big blind) collected ($2)
Seat 4: sim5sim5 (button) (small blind) folded before Flop


PokerStars Hand #160887064767:  Hold'em Limit ($3/$6 USD) - 2016/11/04 11:11:38 ET
Table 'Lunaria' 6-max Seat #2 is the button
Seat 2: LolDnkaments ($192.41 in chips)
Seat 4: sim5sim5 ($72 in chips)
LolDnkaments: posts small blind $1
sim5sim5: posts big blind $3
*** HOLE CARDS ***
LolDnkaments: folds
Uncalled bet ($2) returned to sim5sim5
sim5sim5 collected $2 from pot
sim5sim5: doesn't show hand
*** SUMMARY ***
Total pot $2 | Rake $0
Seat 2: LolDnkaments (button) (small blind) folded before Flop
Seat 4: sim5sim5 (big blind) collected ($2)


PokerStars Hand #160887047385:  Hold'em Limit ($3/$6 USD) - 2016/11/04 11:11:12 ET
Table 'Lunaria' 6-max Seat #4 is the button
Seat 2: LolDnkaments ($168.91 in chips)
Seat 4: sim5sim5 ($92.26 in chips)
sim5sim5: posts small blind $1
LolDnkaments: posts big blind $3
*** HOLE CARDS ***
sim5sim5: raises $3 to $6
LolDnkaments: calls $3
*** FLOP *** [4s Kd 7h]
LolDnkaments: checks
sim5sim5: bets $3
LolDnkaments: raises $3 to $6
sim5sim5: calls $3
*** TURN *** [4s Kd 7h] [Ad]
LolDnkaments: bets $6
sim5sim5: calls $6
*** RIVER *** [4s Kd 7h Ad] [Th]
LolDnkaments: bets $6
sim5sim5: calls $6
*** SHOW DOWN ***
LolDnkaments: shows [Jh 7c] (a pair of Sevens)
sim5sim5: mucks hand
LolDnkaments collected $47.50 from pot
*** SUMMARY ***
Total pot $48 | Rake $0.50
Board [4s Kd 7h Ad Th]
Seat 2: LolDnkaments (big blind) showed [Jh 7c] and won ($47.50) with a pair of Sevens
Seat 4: sim5sim5 (button) (small blind) mucked


PokerStars Hand #160887038783:  Hold'em Limit ($3/$6 USD) - 2016/11/04 11:10:59 ET
Table 'Lunaria' 6-max Seat #2 is the button
Seat 2: LolDnkaments ($163.15 in chips)
Seat 4: sim5sim5 ($98.26 in chips)
LolDnkaments: posts small blind $1
sim5sim5: posts big blind $3
*** HOLE CARDS ***
LolDnkaments: raises $3 to $6
sim5sim5: calls $3
*** FLOP *** [Ah 6h 4d]
sim5sim5: checks
LolDnkaments: bets $3
sim5sim5: folds
Uncalled bet ($3) returned to LolDnkaments
LolDnkaments collected $11.76 from pot
LolDnkaments: doesn't show hand
*** SUMMARY ***
Total pot $12 | Rake $0.24
Board [Ah 6h 4d]
Seat 2: LolDnkaments (button) (small blind) collected ($11.76)
Seat 4: sim5sim5 (big blind) folded on the Flop


PokerStars Hand #160887101260:  Hold'em Limit ($3/$6 USD) - 2016/11/04 11:12:32 ET
Table 'Lunaria' 6-max Seat #2 is the button
Seat 2: LolDnkaments ($162.41 in chips)
Seat 4: sim5sim5 ($101.14 in chips)
LolDnkaments: posts small blind $1
sim5sim5: posts big blind $3
*** HOLE CARDS ***
LolDnkaments: raises $3 to $6
sim5sim5: folds
Uncalled bet ($3) returned to LolDnkaments
LolDnkaments collected $6 from pot
LolDnkaments: doesn't show hand
*** SUMMARY ***
Total pot $6 | Rake $0
Seat 2: LolDnkaments (button) (small blind) collected ($6)
Seat 4: sim5sim5 (big blind) folded before Flop


PokerStars Hand #160887083848:  Hold'em Limit ($3/$6 USD) - 2016/11/04 11:12:06 ET
Table 'Lunaria' 6-max Seat #4 is the button
Seat 2: LolDnkaments ($183.41 in chips)
Seat 4: sim5sim5 ($80.64 in chips)
sim5sim5: posts small blind $1
LolDnkaments: posts big blind $3
*** HOLE CARDS ***
sim5sim5: calls $2
LolDnkaments: raises $3 to $6
sim5sim5: calls $3
*** FLOP *** [7d 7s 6c]
LolDnkaments: bets $3
sim5sim5: calls $3
*** TURN *** [7d 7s 6c] [Jh]
LolDnkaments: bets $6
sim5sim5: raises $6 to $12
LolDnkaments: calls $6
*** RIVER *** [7d 7s 6c Jh] [5s]
LolDnkaments: checks
sim5sim5: checks
*** SHOW DOWN ***
LolDnkaments: shows [Tc Kh] (a pair of Sevens)
sim5sim5: shows [5d 2d] (two pair, Sevens and Fives)
sim5sim5 collected $41.50 from pot
*** SUMMARY ***
Total pot $42 | Rake $0.50
Board [7d 7s 6c Jh 5s]
Seat 2: LolDnkaments (big blind) showed [Tc Kh] and lost with a pair of Sevens
Seat 4: sim5sim5 (button) (small blind) showed [5d 2d] and won ($41.50) with two pair, Sevens and Fives


PokerStars Hand #160887072335:  Hold'em Limit ($3/$6 USD) - 2016/11/04 11:11:49 ET
Table 'Lunaria' 6-max Seat #2 is the button
Seat 2: LolDnkaments ($192.41 in chips)
Seat 4: sim5sim5 ($72 in chips)
LolDnkaments: posts small blind $1
sim5sim5: posts big blind $3
*** HOLE CARDS ***
LolDnkaments: raises $3 to $6
sim5sim5: raises $3 to $9
LolDnkaments: calls $3
*** FLOP *** [Jc Ac 6c]
sim5sim5: bets $3
LolDnkaments: folds
Uncalled bet ($3) returned to sim5sim5
sim5sim5 collected $17.64 from pot
sim5sim5: doesn't show hand
*** SUMMARY ***
Total pot $18 | Rake $0.36
Board [Jc Ac 6c]
Seat 2: LolDnkaments (button) (small blind) folded on the Flop
Seat 4: sim5sim5 (big blind) collected ($17.64)


PokerStars Hand #160887124566:  Hold'em Limit ($3/$6 USD) - 2016/11/04 11:13:07 ET
Table 'Lunaria' 6-max Seat #2 is the button
Seat 2: LolDnkaments ($165.17 in chips)
Seat 4: sim5sim5 ($97.90 in chips)
LolDnkaments: posts small blind $1
sim5sim5: posts big blind $3
*** HOLE CARDS ***
LolDnkaments: raises $3 to $6
sim5sim5: calls $3
*** FLOP *** [9h 2h 3c]
sim5sim5: checks
LolDnkaments: bets $3
sim5sim5: calls $3
*** TURN *** [9h 2h 3c] [8d]
sim5sim5: checks
LolDnkaments: checks
*** RIVER *** [9h 2h 3c 8d] [6c]
sim5sim5: checks
Actionni13 leaves the table
LolDnkaments: bets $6
sim5sim5: folds
Uncalled bet ($6) returned to LolDnkaments
LolDnkaments collected $17.64 from pot
LolDnkaments: doesn't show hand
*** SUMMARY ***
Total pot $18 | Rake $0.36
Board [9h 2h 3c 8d 6c]
Seat 2: LolDnkaments (button) (small blind) collected ($17.64)
Seat 4: sim5sim5 (big blind) folded on the River


PokerStars Hand #160887106290:  Hold'em Limit ($3/$6 USD) - 2016/11/04 11:12:40 ET
Table 'Lunaria' 6-max Seat #4 is the button
Seat 2: LolDnkaments ($165.41 in chips)
Seat 4: sim5sim5 ($98.14 in chips)
sim5sim5: posts small blind $1
LolDnkaments: posts big blind $3
*** HOLE CARDS ***
sim5sim5: calls $2
LolDnkaments: checks
*** FLOP *** [7d Ah 5s]
LolDnkaments: checks
sim5sim5: bets $3
LolDnkaments: calls $3
*** TURN *** [7d Ah 5s] [3d]
LolDnkaments: checks
sim5sim5: checks
*** RIVER *** [7d Ah 5s 3d] [5h]
LolDnkaments: bets $6
sim5sim5: calls $6
*** SHOW DOWN ***
LolDnkaments: shows [7s 3c] (two pair, Sevens and Fives)
sim5sim5: shows [7h 2h] (two pair, Sevens and Fives)
LolDnkaments collected $11.76 from pot
sim5sim5 collected $11.76 from pot
*** SUMMARY ***
Total pot $24 | Rake $0.48
Board [7d Ah 5s 3d 5h]
Seat 2: LolDnkaments (big blind) showed [7s 3c] and won ($11.76) with two pair, Sevens and Fives
Seat 4: sim5sim5 (button) (small blind) showed [7h 2h] and won ($11.76) with two pair, Sevens and Fives


PokerStars Hand #160887165174:  Hold'em Limit ($3/$6 USD) - 2016/11/04 11:14:07 ET
Table 'Lunaria' 6-max Seat #2 is the button
Seat 2: LolDnkaments ($185.33 in chips)
Seat 4: sim5sim5 ($76.90 in chips)
LolDnkaments: posts small blind $1
sim5sim5: posts big blind $3
*** HOLE CARDS ***
LolDnkaments: raises $3 to $6
sim5sim5: calls $3
*** FLOP *** [Td 2c 7d]
sim5sim5: checks
LolDnkaments: bets $3
sim5sim5: calls $3
*** TURN *** [Td 2c 7d] [Ac]
sim5sim5: checks
LolDnkaments: bets $6
sim5sim5: folds
Uncalled bet ($6) returned to LolDnkaments
LolDnkaments collected $17.64 from pot
LolDnkaments: doesn't show hand
*** SUMMARY ***
Total pot $18 | Rake $0.36
Board [Td 2c 7d Ac]
Seat 2: LolDnkaments (button) (small blind) collected ($17.64)
Seat 4: sim5sim5 (big blind) folded on the Turn


PokerStars Hand #160887150659:  Hold'em Limit ($3/$6 USD) - 2016/11/04 11:13:45 ET
Table 'Lunaria' 6-max Seat #4 is the button
Seat 2: LolDnkaments ($173.81 in chips)
Seat 4: sim5sim5 ($88.90 in chips)
sim5sim5: posts small blind $1
LolDnkaments: posts big blind $3
*** HOLE CARDS ***
sim5sim5: raises $3 to $6
LolDnkaments: raises $3 to $9
sim5sim5: calls $3
*** FLOP *** [7d Ac 9s]
LolDnkaments: bets $3
sim5sim5: calls $3
*** TURN *** [7d Ac 9s] [5s]
LolDnkaments: bets $6
sim5sim5: folds
Uncalled bet ($6) returned to LolDnkaments
LolDnkaments collected $23.52 from pot
LolDnkaments: doesn't show hand
*** SUMMARY ***
Total pot $24 | Rake $0.48
Board [7d Ac 9s 5s]
Seat 2: LolDnkaments (big blind) collected ($23.52)
Seat 4: sim5sim5 (button) (small blind) folded on the Turn


PokerStars Hand #160887177199:  Hold'em Limit ($3/$6 USD) - 2016/11/04 11:14:25 ET
Table 'Lunaria' 6-max Seat #4 is the button
Seat 2: LolDnkaments ($193.97 in chips)
Seat 4: sim5sim5 ($72 in chips)
sim5sim5: posts small blind $1
LolDnkaments: posts big blind $3
*** HOLE CARDS ***
sim5sim5: raises $3 to $6
LolDnkaments: raises $3 to $9
sim5sim5: calls $3
*** FLOP *** [Qd 2c 8d]
LolDnkaments: bets $3
sim5sim5: raises $3 to $6
LolDnkaments: calls $3
*** TURN *** [Qd 2c 8d] [3c]
LolDnkaments: checks
sim5sim5: bets $6
LolDnkaments: calls $6
*** RIVER *** [Qd 2c 8d 3c] [2h]
LolDnkaments: checks
sim5sim5: checks
*** SHOW DOWN ***
LolDnkaments: shows [6c 6d] (two pair, Sixes and Deuces)
sim5sim5: mucks hand
LolDnkaments collected $41.50 from pot
*** SUMMARY ***
Total pot $42 | Rake $0.50
Board [Qd 2c 8d 3c 2h]
Seat 2: LolDnkaments (big blind) showed [6c 6d] and won ($41.50) with two pair, Sixes and Deuces
Seat 4: sim5sim5 (button) (small blind) mucked


PokerStars Hand #160887212088:  Hold'em Limit ($3/$6 USD) - 2016/11/04 11:15:17 ET
Table 'Lunaria' 6-max Seat #4 is the button
Seat 2: LolDnkaments ($217.47 in chips)
Seat 4: sim5sim5 ($72 in chips)
sim5sim5: posts small blind $1
LolDnkaments: posts big blind $3
*** HOLE CARDS ***
sim5sim5: raises $3 to $6
LolDnkaments: calls $3
*** FLOP *** [7s 8d Js]
LolDnkaments: checks
sim5sim5: bets $3
LolDnkaments: calls $3
*** TURN *** [7s 8d Js] [5d]
LolDnkaments: checks
sim5sim5: bets $6
LolDnkaments: raises $6 to $12
sim5sim5: calls $6
*** RIVER *** [7s 8d Js 5d] [9d]
LolDnkaments: bets $6
sim5sim5: folds
Uncalled bet ($6) returned to LolDnkaments
LolDnkaments collected $41.50 from pot
LolDnkaments: doesn't show hand
*** SUMMARY ***
Total pot $42 | Rake $0.50
Board [7s 8d Js 5d 9d]
Seat 2: LolDnkaments (big blind) collected ($41.50)
Seat 4: sim5sim5 (button) (small blind) folded on the River


PokerStars Hand #160887203030:  Hold'em Limit ($3/$6 USD) - 2016/11/04 11:15:03 ET
Table 'Lunaria' 6-max Seat #2 is the button
Seat 2: LolDnkaments ($214.47 in chips)
Seat 4: sim5sim5 ($72 in chips)
LolDnkaments: posts small blind $1
sim5sim5: posts big blind $3
*** HOLE CARDS ***
LolDnkaments: raises $3 to $6
sim5sim5: folds
Uncalled bet ($3) returned to LolDnkaments
LolDnkaments collected $6 from pot
LolDnkaments: doesn't show hand
*** SUMMARY ***
Total pot $6 | Rake $0
Seat 2: LolDnkaments (button) (small blind) collected ($6)
Seat 4: sim5sim5 (big blind) folded before Flop


PokerStars Hand #160887231137:  Hold'em Limit ($3/$6 USD) - 2016/11/04 11:15:45 ET
Table 'Lunaria' 6-max Seat #2 is the button
Seat 2: LolDnkaments ($237.97 in chips)
Seat 4: sim5sim5 ($72 in chips)
LolDnkaments: posts small blind $1
sim5sim5: posts big blind $3
*** HOLE CARDS ***
LolDnkaments: raises $3 to $6
sim5sim5: raises $3 to $9
LolDnkaments: calls $3
*** FLOP *** [4s 2c Jc]
sim5sim5: bets $3
LolDnkaments: calls $3
*** TURN *** [4s 2c Jc] [Qs]
sim5sim5: bets $6
LolDnkaments: calls $6
*** RIVER *** [4s 2c Jc Qs] [8c]
sim5sim5: bets $6
LolDnkaments: calls $6
*** SHOW DOWN ***
sim5sim5: shows [5h 8h] (a pair of Eights)
LolDnkaments: shows [8s Ks] (a pair of Eights - King kicker)
LolDnkaments collected $47.50 from pot
*** SUMMARY ***
Total pot $48 | Rake $0.50
Board [4s 2c Jc Qs 8c]
Seat 2: LolDnkaments (button) (small blind) showed [8s Ks] and won ($47.50) with a pair of Eights
Seat 4: sim5sim5 (big blind) showed [5h 8h] and lost with a pair of Eights


PokerStars Hand #160887247851:  Hold'em Limit ($3/$6 USD) - 2016/11/04 11:16:10 ET
Table 'Lunaria' 6-max Seat #4 is the button
Seat 2: LolDnkaments ($261.47 in chips)
Seat 4: sim5sim5 ($72 in chips)
sim5sim5: posts small blind $1
LolDnkaments: posts big blind $3
*** HOLE CARDS ***
sim5sim5: raises $3 to $6
LolDnkaments: calls $3
*** FLOP *** [3h Qd 9s]
LolDnkaments: checks
sim5sim5: bets $3
LolDnkaments: raises $3 to $6
sim5sim5: raises $3 to $9
LolDnkaments: calls $3
*** TURN *** [3h Qd 9s] [Kh]
LolDnkaments: checks
sim5sim5: bets $6
LolDnkaments: calls $6
*** RIVER *** [3h Qd 9s Kh] [2d]
LolDnkaments: checks
sim5sim5: bets $6
LolDnkaments: calls $6
*** SHOW DOWN ***
sim5sim5: shows [Ts Jc] (a straight, Nine to King)
LolDnkaments: mucks hand
sim5sim5 collected $53.50 from pot
*** SUMMARY ***
Total pot $54 | Rake $0.50
Board [3h Qd 9s Kh 2d]
Seat 2: LolDnkaments (big blind) mucked
Seat 4: sim5sim5 (button) (small blind) showed [Ts Jc] and won ($53.50) with a straight, Nine to King


PokerStars Hand #160887293218:  Hold'em Limit ($3/$6 USD) - 2016/11/04 11:17:17 ET
Table 'Lunaria' 6-max Seat #4 is the button
Seat 2: LolDnkaments ($216.47 in chips)
Seat 4: sim5sim5 ($116 in chips)
sim5sim5: posts small blind $1
LolDnkaments: posts big blind $3
*** HOLE CARDS ***
sim5sim5: raises $3 to $6
LolDnkaments: raises $3 to $9
sim5sim5: calls $3
*** FLOP *** [5d Tc Jd]
LolDnkaments: bets $3
sim5sim5: calls $3
*** TURN *** [5d Tc Jd] [2d]
LolDnkaments: bets $6
sim5sim5: folds
Uncalled bet ($6) returned to LolDnkaments
LolDnkaments collected $23.52 from pot
LolDnkaments: doesn't show hand
*** SUMMARY ***
Total pot $24 | Rake $0.48
Board [5d Tc Jd 2d]
Seat 2: LolDnkaments (big blind) collected ($23.52)
Seat 4: sim5sim5 (button) (small blind) folded on the Turn


PokerStars Hand #160887268616:  Hold'em Limit ($3/$6 USD) - 2016/11/04 11:16:41 ET
Table 'Lunaria' 6-max Seat #2 is the button
Seat 2: LolDnkaments ($234.47 in chips)
Seat 4: sim5sim5 ($98.50 in chips)
LolDnkaments: posts small blind $1
sim5sim5: posts big blind $3
*** HOLE CARDS ***
LolDnkaments: raises $3 to $6
sim5sim5: raises $3 to $9
LolDnkaments: calls $3
*** FLOP *** [4h 9s As]
sim5sim5: bets $3
LolDnkaments: calls $3
*** TURN *** [4h 9s As] [Qc]
sim5sim5: checks
LolDnkaments: checks
*** RIVER *** [4h 9s As Qc] [Kd]
sim5sim5: bets $6
LolDnkaments: calls $6
*** SHOW DOWN ***
sim5sim5: shows [5c Kc] (a pair of Kings)
LolDnkaments: mucks hand
sim5sim5 collected $35.50 from pot
*** SUMMARY ***
Total pot $36 | Rake $0.50
Board [4h 9s As Qc Kd]
Seat 2: LolDnkaments (button) (small blind) mucked
Seat 4: sim5sim5 (big blind) showed [5c Kc] and won ($35.50) with a pair of Kings


