PokerStars Hand #145717970988:  Hold'em Limit ($3/$6 USD) - 2015/12/21 20:21:41 ET
Table 'Lundia' 2-max Seat #1 is the button
Seat 1: elifnur2008 ($69 in chips)
Seat 2: corleone417 ($90.71 in chips)
elifnur2008: posts small blind $1
corleone417: posts big blind $3
*** HOLE CARDS ***
elifnur2008: folds
Uncalled bet ($2) returned to corleone417
corleone417 collected $2 from pot
corleone417: doesn't show hand
*** SUMMARY ***
Total pot $2 | Rake $0
Seat 1: elifnur2008 (button) (small blind) folded before Flop
Seat 2: corleone417 (big blind) collected ($2)


PokerStars Hand #145717962595:  Hold'em Limit ($3/$6 USD) - 2015/12/21 20:21:25 ET
Table 'Lundia' 2-max Seat #2 is the button
Seat 1: elifnur2008 ($75 in chips)
Seat 2: corleone417 ($84.95 in chips)
corleone417: posts small blind $1
elifnur2008: posts big blind $3
*** HOLE CARDS ***
corleone417: raises $3 to $6
elifnur2008: calls $3
*** FLOP *** [3d Ah 3h]
elifnur2008: checks
corleone417: bets $3
elifnur2008: folds
Uncalled bet ($3) returned to corleone417
corleone417 collected $11.76 from pot
corleone417: doesn't show hand
*** SUMMARY ***
Total pot $12 | Rake $0.24
Board [3d Ah 3h]
Seat 1: elifnur2008 (big blind) folded on the Flop
Seat 2: corleone417 (button) (small blind) collected ($11.76)


PokerStars Hand #145717958553:  Hold'em Limit ($3/$6 USD) - 2015/12/21 20:21:18 ET
Table 'Lundia' 2-max Seat #1 is the button
Seat 1: elifnur2008 ($72 in chips)
Seat 2: corleone417 ($87.95 in chips)
elifnur2008: posts small blind $1
corleone417: posts big blind $3
*** HOLE CARDS ***
elifnur2008: raises $3 to $6
corleone417: folds
Uncalled bet ($3) returned to elifnur2008
elifnur2008 collected $6 from pot
elifnur2008: doesn't show hand
*** SUMMARY ***
Total pot $6 | Rake $0
Seat 1: elifnur2008 (button) (small blind) collected ($6)
Seat 2: corleone417 (big blind) folded before Flop


PokerStars Hand #145717950241:  Hold'em Limit ($3/$6 USD) - 2015/12/21 20:21:02 ET
Table 'Lundia' 2-max Seat #2 is the button
Seat 1: elifnur2008 ($78 in chips)
Seat 2: corleone417 ($82.19 in chips)
corleone417: posts small blind $1
elifnur2008: posts big blind $3
*** HOLE CARDS ***
corleone417: raises $3 to $6
elifnur2008: calls $3
*** FLOP *** [Ah 5s 6c]
elifnur2008: checks
corleone417: bets $3
elifnur2008: folds
Uncalled bet ($3) returned to corleone417
corleone417 collected $11.76 from pot
corleone417: doesn't show hand
*** SUMMARY ***
Total pot $12 | Rake $0.24
Board [Ah 5s 6c]
Seat 1: elifnur2008 (big blind) folded on the Flop
Seat 2: corleone417 (button) (small blind) collected ($11.76)


PokerStars Hand #145717933857:  Hold'em Limit ($3/$6 USD) - 2015/12/21 20:20:33 ET
Table 'Lundia' 2-max Seat #1 is the button
Seat 1: elifnur2008 ($105 in chips)
Seat 2: corleone417 ($55.69 in chips)
elifnur2008: posts small blind $1
corleone417: posts big blind $3
*** HOLE CARDS ***
elifnur2008: raises $3 to $6
corleone417: calls $3
*** FLOP *** [5c Jd Ad]
corleone417: checks
elifnur2008: bets $3
corleone417: calls $3
*** TURN *** [5c Jd Ad] [6d]
corleone417: bets $6
elifnur2008: raises $6 to $12
corleone417: calls $6
*** RIVER *** [5c Jd Ad 6d] [2d]
corleone417: bets $6
elifnur2008: calls $6
*** SHOW DOWN ***
corleone417: shows [Kd 7s] (a flush, Ace high)
elifnur2008: mucks hand
corleone417 collected $53.50 from pot
*** SUMMARY ***
Total pot $54 | Rake $0.50
Board [5c Jd Ad 6d 2d]
Seat 1: elifnur2008 (button) (small blind) mucked
Seat 2: corleone417 (big blind) showed [Kd 7s] and won ($53.50) with a flush, Ace high


PokerStars Hand #145718003911:  Hold'em Limit ($3/$6 USD) - 2015/12/21 20:22:42 ET
Table 'Lundia' 2-max Seat #2 is the button
Seat 1: elifnur2008 ($82.50 in chips)
Seat 2: corleone417 ($76.21 in chips)
corleone417: posts small blind $1
elifnur2008: posts big blind $3
*** HOLE CARDS ***
corleone417: raises $3 to $6
elifnur2008: calls $3
*** FLOP *** [3s Ac 3d]
elifnur2008: checks
corleone417: bets $3
elifnur2008: folds
Uncalled bet ($3) returned to corleone417
corleone417 collected $11.76 from pot
corleone417: doesn't show hand
*** SUMMARY ***
Total pot $12 | Rake $0.24
Board [3s Ac 3d]
Seat 1: elifnur2008 (big blind) folded on the Flop
Seat 2: corleone417 (button) (small blind) collected ($11.76)


PokerStars Hand #145717993607:  Hold'em Limit ($3/$6 USD) - 2015/12/21 20:22:23 ET
Table 'Lundia' 2-max Seat #1 is the button
Seat 1: elifnur2008 ($103.50 in chips)
Seat 2: corleone417 ($55.71 in chips)
elifnur2008: posts small blind $1
corleone417: posts big blind $3
*** HOLE CARDS ***
elifnur2008: raises $3 to $6
corleone417: raises $3 to $9
elifnur2008: raises $3 to $12
Betting is capped
corleone417: calls $3
*** FLOP *** [6s 8c 5h]
corleone417: bets $3
elifnur2008: calls $3
*** TURN *** [6s 8c 5h] [7d]
corleone417: bets $6
elifnur2008: calls $6
*** RIVER *** [6s 8c 5h 7d] [8h]
corleone417: bets $6
elifnur2008: folds
Uncalled bet ($6) returned to corleone417
corleone417 collected $41.50 from pot
corleone417: doesn't show hand
*** SUMMARY ***
Total pot $42 | Rake $0.50
Board [6s 8c 5h 7d 8h]
Seat 1: elifnur2008 (button) (small blind) folded on the River
Seat 2: corleone417 (big blind) collected ($41.50)


PokerStars Hand #145717973578:  Hold'em Limit ($3/$6 USD) - 2015/12/21 20:21:46 ET
Table 'Lundia' 2-max Seat #2 is the button
Seat 1: elifnur2008 ($68 in chips)
Seat 2: corleone417 ($91.71 in chips)
corleone417: posts small blind $1
elifnur2008: posts big blind $3
*** HOLE CARDS ***
corleone417: raises $3 to $6
elifnur2008: raises $3 to $9
corleone417: calls $3
*** FLOP *** [2c Tc 4d]
elifnur2008: bets $3
corleone417: calls $3
*** TURN *** [2c Tc 4d] [8s]
elifnur2008: bets $6
corleone417: raises $6 to $12
elifnur2008: calls $6
*** RIVER *** [2c Tc 4d 8s] [9h]
elifnur2008: checks
corleone417: bets $6
elifnur2008: raises $6 to $12
corleone417: calls $6
*** SHOW DOWN ***
elifnur2008: shows [Kc Td] (a pair of Tens)
corleone417: mucks hand
elifnur2008 collected $71.50 from pot
*** SUMMARY ***
Total pot $72 | Rake $0.50
Board [2c Tc 4d 8s 9h]
Seat 1: elifnur2008 (big blind) showed [Kc Td] and won ($71.50) with a pair of Tens
Seat 2: corleone417 (button) (small blind) mucked


PokerStars Hand #145718030732:  Hold'em Limit ($3/$6 USD) - 2015/12/21 20:23:31 ET
Table 'Lundia' 2-max Seat #1 is the button
Seat 1: elifnur2008 ($110 in chips)
Seat 2: corleone417 ($47.97 in chips)
elifnur2008: posts small blind $1
corleone417: posts big blind $3
*** HOLE CARDS ***
elifnur2008: raises $3 to $6
corleone417: calls $3
*** FLOP *** [Jd 9h 6d]
corleone417: bets $3
elifnur2008: calls $3
*** TURN *** [Jd 9h 6d] [2h]
corleone417: bets $6
elifnur2008: folds
Uncalled bet ($6) returned to corleone417
corleone417 collected $17.64 from pot
corleone417: doesn't show hand
*** SUMMARY ***
Total pot $18 | Rake $0.36
Board [Jd 9h 6d 2h]
Seat 1: elifnur2008 (button) (small blind) folded on the Turn
Seat 2: corleone417 (big blind) collected ($17.64)


PokerStars Hand #145718027523:  Hold'em Limit ($3/$6 USD) - 2015/12/21 20:23:26 ET
Table 'Lundia' 2-max Seat #2 is the button
Seat 1: elifnur2008 ($109 in chips)
Seat 2: corleone417 ($48.97 in chips)
corleone417: posts small blind $1
elifnur2008: posts big blind $3
*** HOLE CARDS ***
corleone417: folds
Uncalled bet ($2) returned to elifnur2008
elifnur2008 collected $2 from pot
elifnur2008: doesn't show hand
*** SUMMARY ***
Total pot $2 | Rake $0
Seat 1: elifnur2008 (big blind) collected ($2)
Seat 2: corleone417 (button) (small blind) folded before Flop


PokerStars Hand #145718010144:  Hold'em Limit ($3/$6 USD) - 2015/12/21 20:22:53 ET
Table 'Lundia' 2-max Seat #1 is the button
Seat 1: elifnur2008 ($76.50 in chips)
Seat 2: corleone417 ($81.97 in chips)
elifnur2008: posts small blind $1
corleone417: posts big blind $3
*** HOLE CARDS ***
elifnur2008: raises $3 to $6
corleone417: raises $3 to $9
elifnur2008: raises $3 to $12
Betting is capped
corleone417: calls $3
*** FLOP *** [Kd 8h 9h]
corleone417: bets $3
elifnur2008: calls $3
*** TURN *** [Kd 8h 9h] [Js]
corleone417: bets $6
elifnur2008: raises $6 to $12
corleone417: calls $6
*** RIVER *** [Kd 8h 9h Js] [Qd]
corleone417: bets $6
elifnur2008: calls $6
*** SHOW DOWN ***
corleone417: shows [Ah 3s] (high card Ace)
elifnur2008: shows [9s 9d] (three of a kind, Nines)
elifnur2008 collected $65.50 from pot
*** SUMMARY ***
Total pot $66 | Rake $0.50
Board [Kd 8h 9h Js Qd]
Seat 1: elifnur2008 (button) (small blind) showed [9s 9d] and won ($65.50) with three of a kind, Nines
Seat 2: corleone417 (big blind) showed [Ah 3s] and lost with high card Ace


PokerStars Hand #145718053005:  Hold'em Limit ($3/$6 USD) - 2015/12/21 20:24:13 ET
Table 'Lundia' 2-max Seat #1 is the button
Seat 1: elifnur2008 ($133.50 in chips)
Seat 2: corleone417 ($23.61 in chips)
elifnur2008: posts small blind $1
corleone417: posts big blind $3
*** HOLE CARDS ***
elifnur2008: raises $3 to $6
corleone417: calls $3
*** FLOP *** [3c 7s Ac]
corleone417: checks
elifnur2008: bets $3
corleone417: calls $3
*** TURN *** [3c 7s Ac] [4h]
corleone417: checks
elifnur2008: bets $6
corleone417: folds
Uncalled bet ($6) returned to elifnur2008
elifnur2008 collected $17.64 from pot
elifnur2008: doesn't show hand
*** SUMMARY ***
Total pot $18 | Rake $0.36
Board [3c 7s Ac 4h]
Seat 1: elifnur2008 (button) (small blind) collected ($17.64)
Seat 2: corleone417 (big blind) folded on the Turn


PokerStars Hand #145718038832:  Hold'em Limit ($3/$6 USD) - 2015/12/21 20:23:47 ET
Table 'Lundia' 2-max Seat #2 is the button
Seat 1: elifnur2008 ($101 in chips)
Seat 2: corleone417 ($56.61 in chips)
corleone417: posts small blind $1
elifnur2008: posts big blind $3
*** HOLE CARDS ***
corleone417: raises $3 to $6
elifnur2008: raises $3 to $9
corleone417: calls $3
*** FLOP *** [4c 7d 8h]
elifnur2008: bets $3
corleone417: raises $3 to $6
elifnur2008: calls $3
*** TURN *** [4c 7d 8h] [2c]
elifnur2008: checks
corleone417: bets $6
elifnur2008: raises $6 to $12
corleone417: calls $6
*** RIVER *** [4c 7d 8h 2c] [Kc]
elifnur2008: bets $6
corleone417: calls $6
*** SHOW DOWN ***
elifnur2008: shows [5h 6h] (a straight, Four to Eight)
corleone417: mucks hand
elifnur2008 collected $65.50 from pot
*** SUMMARY ***
Total pot $66 | Rake $0.50
Board [4c 7d 8h 2c Kc]
Seat 1: elifnur2008 (big blind) showed [5h 6h] and won ($65.50) with a straight, Four to Eight
Seat 2: corleone417 (button) (small blind) mucked


PokerStars Hand #145718062878:  Hold'em Limit ($3/$6 USD) - 2015/12/21 20:24:31 ET
Table 'Lundia' 2-max Seat #2 is the button
Seat 1: elifnur2008 ($142.14 in chips)
Seat 2: corleone417 ($14.61 in chips)
corleone417: posts small blind $1
elifnur2008: posts big blind $3
*** HOLE CARDS ***
corleone417: raises $3 to $6
elifnur2008: calls $3
*** FLOP *** [7d 2h 5h]
elifnur2008: checks
corleone417: bets $3
elifnur2008: raises $3 to $6
corleone417: raises $2.61 to $8.61 and is all-in
elifnur2008: calls $2.61
*** TURN *** [7d 2h 5h] [3s]
*** RIVER *** [7d 2h 5h 3s] [Ks]
*** SHOW DOWN ***
elifnur2008: shows [Js 7s] (a pair of Sevens)
corleone417: shows [Jd Ah] (high card Ace)
elifnur2008 collected $28.72 from pot
*** SUMMARY ***
Total pot $29.22 | Rake $0.50
Board [7d 2h 5h 3s Ks]
Seat 1: elifnur2008 (big blind) showed [Js 7s] and won ($28.72) with a pair of Sevens
Seat 2: corleone417 (button) (small blind) showed [Jd Ah] and lost with high card Ace


