PokerStars Hand #171497756354:  Hold'em Limit ($3/$6 USD) - 2017/06/08 5:00:27 ET
Table 'Lundia' 6-max Seat #5 is the button
Seat 5: popesxxx ($37 in chips)
Seat 6: Agrotait ($71 in chips)
popesxxx: posts small blind $1
Agrotait: posts big blind $3
*** HOLE CARDS ***
popesxxx: folds
Uncalled bet ($2) returned to Agrotait
Agrotait collected $2 from pot
Agrotait: doesn't show hand
*** SUMMARY ***
Total pot $2 | Rake $0
Seat 5: popesxxx (button) (small blind) folded before Flop
Seat 6: Agrotait (big blind) collected ($2)


PokerStars Hand #171497754321:  Hold'em Limit ($3/$6 USD) - 2017/06/08 5:00:21 ET
Table 'Lundia' 6-max Seat #6 is the button
Seat 5: popesxxx ($36 in chips)
Seat 6: Agrotait ($72 in chips)
Agrotait: posts small blind $1
popesxxx: posts big blind $3
*** HOLE CARDS ***
Agrotait: folds
Uncalled bet ($2) returned to popesxxx
popesxxx collected $2 from pot
*** SUMMARY ***
Total pot $2 | Rake $0
Seat 5: popesxxx (big blind) collected ($2)
Seat 6: Agrotait (button) (small blind) folded before Flop


PokerStars Hand #171497757805:  Hold'em Limit ($3/$6 USD) - 2017/06/08 5:00:32 ET
Table 'Lundia' 6-max Seat #6 is the button
Seat 5: popesxxx ($36 in chips)
Seat 6: Agrotait ($72 in chips)
Agrotait: posts small blind $1
popesxxx: posts big blind $3
*** HOLE CARDS ***
Agrotait: raises $3 to $6
popesxxx: calls $3
*** FLOP *** [9d Jh 9s]
popesxxx: checks
Agrotait: bets $3
popesxxx: calls $3
*** TURN *** [9d Jh 9s] [2h]
popesxxx: checks
Agrotait: bets $6
popesxxx: raises $6 to $12
Agrotait: calls $6
*** RIVER *** [9d Jh 9s 2h] [3s]
popesxxx: bets $6
Agrotait: calls $6
*** SHOW DOWN ***
popesxxx: shows [5c 8c] (a pair of Nines)
Agrotait: shows [Jd 7h] (two pair, Jacks and Nines)
Agrotait collected $53.50 from pot
*** SUMMARY ***
Total pot $54 | Rake $0.50
Board [9d Jh 9s 2h 3s]
Seat 5: popesxxx (big blind) showed [5c 8c] and lost with a pair of Nines
Seat 6: Agrotait (button) (small blind) showed [Jd 7h] and won ($53.50) with two pair, Jacks and Nines


PokerStars Hand #171497771104:  Hold'em Limit ($3/$6 USD) - 2017/06/08 5:01:14 ET
Table 'Lundia' 6-max Seat #6 is the button
Seat 5: popesxxx ($12 in chips)
Seat 6: Agrotait ($95.50 in chips)
Agrotait: posts small blind $1
popesxxx: posts big blind $3
*** HOLE CARDS ***
Agrotait: folds
Uncalled bet ($2) returned to popesxxx
popesxxx collected $2 from pot
*** SUMMARY ***
Total pot $2 | Rake $0
Seat 5: popesxxx (big blind) collected ($2)
Seat 6: Agrotait (button) (small blind) folded before Flop


PokerStars Hand #171497767896:  Hold'em Limit ($3/$6 USD) - 2017/06/08 5:01:04 ET
Table 'Lundia' 6-max Seat #5 is the button
Seat 5: popesxxx ($9 in chips)
Seat 6: Agrotait ($98.50 in chips)
popesxxx: posts small blind $1
Agrotait: posts big blind $3
*** HOLE CARDS ***
popesxxx: raises $3 to $6
Agrotait: folds
Uncalled bet ($3) returned to popesxxx
popesxxx collected $6 from pot
*** SUMMARY ***
Total pot $6 | Rake $0
Seat 5: popesxxx (button) (small blind) collected ($6)
Seat 6: Agrotait (big blind) folded before Flop


PokerStars Hand #171497786243:  Hold'em Limit ($3/$6 USD) - 2017/06/08 5:02:00 ET
Table 'Lundia' 6-max Seat #5 is the button
Seat 5: popesxxx ($34.14 in chips)
Seat 6: Agrotait ($72.50 in chips)
popesxxx: posts small blind $1
Agrotait: posts big blind $3
*** HOLE CARDS ***
popesxxx: calls $2
Agrotait: checks
*** FLOP *** [3c 9c 9s]
Agrotait: checks
popesxxx: checks
*** TURN *** [3c 9c 9s] [5d]
Agrotait: checks
popesxxx: checks
*** RIVER *** [3c 9c 9s 5d] [8h]
Agrotait: checks
popesxxx: checks
*** SHOW DOWN ***
Agrotait: shows [Qd 7h] (a pair of Nines)
popesxxx: shows [Jc Ks] (a pair of Nines - King kicker)
popesxxx collected $5.88 from pot
*** SUMMARY ***
Total pot $6 | Rake $0.12
Board [3c 9c 9s 5d 8h]
Seat 5: popesxxx (button) (small blind) showed [Jc Ks] and won ($5.88) with a pair of Nines
Seat 6: Agrotait (big blind) showed [Qd 7h] and lost with a pair of Nines


PokerStars Hand #171497772824:  Hold'em Limit ($3/$6 USD) - 2017/06/08 5:01:19 ET
Table 'Lundia' 6-max Seat #5 is the button
Seat 5: popesxxx ($13 in chips)
Seat 6: Agrotait ($94.50 in chips)
popesxxx: posts small blind $1
Agrotait: posts big blind $3
*** HOLE CARDS ***
popesxxx: raises $3 to $6
Agrotait: calls $3
*** FLOP *** [8d 7c Tc]
Agrotait: checks
popesxxx: bets $3
Agrotait: calls $3
*** TURN *** [8d 7c Tc] [3d]
Agrotait: checks
popesxxx: bets $4 and is all-in
Agrotait: calls $4
*** RIVER *** [8d 7c Tc 3d] [Th]
*** SHOW DOWN ***
Agrotait: shows [3c 2c] (two pair, Tens and Threes)
popesxxx: shows [Kh Kd] (two pair, Kings and Tens)
popesxxx collected $25.50 from pot
*** SUMMARY ***
Total pot $26 | Rake $0.50
Board [8d 7c Tc 3d Th]
Seat 5: popesxxx (button) (small blind) showed [Kh Kd] and won ($25.50) with two pair, Kings and Tens
Seat 6: Agrotait (big blind) showed [3c 2c] and lost with two pair, Tens and Threes


PokerStars Hand #171497780078:  Hold'em Limit ($3/$6 USD) - 2017/06/08 5:01:41 ET
Table 'Lundia' 6-max Seat #6 is the button
Seat 5: popesxxx ($25.50 in chips)
Seat 6: Agrotait ($81.50 in chips)
Agrotait: posts small blind $1
popesxxx: posts big blind $3
*** HOLE CARDS ***
Agrotait: raises $3 to $6
popesxxx: calls $3
*** FLOP *** [8s 5s 4c]
popesxxx: checks
Agrotait: bets $3
popesxxx: calls $3
*** TURN *** [8s 5s 4c] [7d]
popesxxx: checks
Agrotait: checks
*** RIVER *** [8s 5s 4c 7d] [4d]
popesxxx: checks
Agrotait: checks
*** SHOW DOWN ***
popesxxx: shows [Ac Qh] (a pair of Fours)
Agrotait: mucks hand
VolkovDmitri leaves the table
popesxxx collected $17.64 from pot
*** SUMMARY ***
Total pot $18 | Rake $0.36
Board [8s 5s 4c 7d 4d]
Seat 5: popesxxx (big blind) showed [Ac Qh] and won ($17.64) with a pair of Fours
Seat 6: Agrotait (button) (small blind) mucked


PokerStars Hand #171497804372:  Hold'em Limit ($3/$6 USD) - 2017/06/08 5:02:55 ET
Table 'Lundia' 6-max Seat #6 is the button
Seat 5: popesxxx ($54.52 in chips)
Seat 6: Agrotait ($72 in chips)
Agrotait: posts small blind $1
popesxxx: posts big blind $3
*** HOLE CARDS ***
Agrotait: raises $3 to $6
popesxxx: calls $3
*** FLOP *** [Js 2h Tc]
popesxxx: checks
Agrotait: bets $3
popesxxx: calls $3
*** TURN *** [Js 2h Tc] [2s]
popesxxx: checks
Agrotait: bets $6
popesxxx: calls $6
*** RIVER *** [Js 2h Tc 2s] [Qd]
popesxxx: checks
Agrotait: bets $6
popesxxx: calls $6
*** SHOW DOWN ***
Agrotait: shows [9s Jd] (two pair, Jacks and Deuces)
popesxxx: shows [8s Jc] (two pair, Jacks and Deuces)
popesxxx collected $20.75 from pot
Agrotait collected $20.75 from pot
*** SUMMARY ***
Total pot $42 | Rake $0.50
Board [Js 2h Tc 2s Qd]
Seat 5: popesxxx (big blind) showed [8s Jc] and won ($20.75) with two pair, Jacks and Deuces
Seat 6: Agrotait (button) (small blind) showed [9s Jd] and won ($20.75) with two pair, Jacks and Deuces


PokerStars Hand #171497793925:  Hold'em Limit ($3/$6 USD) - 2017/06/08 5:02:23 ET
Table 'Lundia' 6-max Seat #5 is the button
Seat 5: popesxxx ($34.02 in chips)
Seat 6: Agrotait ($72.50 in chips)
popesxxx: posts small blind $1
Agrotait: posts big blind $3
*** HOLE CARDS ***
popesxxx: raises $3 to $6
Agrotait: calls $3
*** FLOP *** [7c Ad Jd]
Agrotait: checks
popesxxx: bets $3
Agrotait: calls $3
*** TURN *** [7c Ad Jd] [7h]
Agrotait: checks
popesxxx: bets $6
Agrotait: calls $6
*** RIVER *** [7c Ad Jd 7h] [5c]
Agrotait: checks
popesxxx: bets $6
Agrotait: calls $6
*** SHOW DOWN ***
popesxxx: shows [Ac As] (a full house, Aces full of Sevens)
Agrotait: mucks hand
popesxxx collected $41.50 from pot
*** SUMMARY ***
Total pot $42 | Rake $0.50
Board [7c Ad Jd 7h 5c]
Seat 5: popesxxx (button) (small blind) showed [Ac As] and won ($41.50) with a full house, Aces full of Sevens
Seat 6: Agrotait (big blind) mucked


PokerStars Hand #171497792046:  Hold'em Limit ($3/$6 USD) - 2017/06/08 5:02:17 ET
Table 'Lundia' 6-max Seat #6 is the button
Seat 5: popesxxx ($37.02 in chips)
Seat 6: Agrotait ($69.50 in chips)
Agrotait: posts small blind $1
popesxxx: posts big blind $3
*** HOLE CARDS ***
Agrotait: raises $3 to $6
popesxxx: folds
Uncalled bet ($3) returned to Agrotait
Agrotait collected $6 from pot
Agrotait: doesn't show hand
*** SUMMARY ***
Total pot $6 | Rake $0
Seat 5: popesxxx (big blind) folded before Flop
Seat 6: Agrotait (button) (small blind) collected ($6)


PokerStars Hand #171497822204:  Hold'em Limit ($3/$6 USD) - 2017/06/08 5:03:49 ET
Table 'Lundia' 6-max Seat #6 is the button
Seat 5: popesxxx ($73.77 in chips)
Seat 6: Agrotait ($76 in chips)
Agrotait: posts small blind $1
popesxxx: posts big blind $3
*** HOLE CARDS ***
Agrotait: raises $3 to $6
popesxxx: calls $3
*** FLOP *** [7d Qh Ah]
popesxxx: checks
Agrotait: bets $3
popesxxx: folds
Uncalled bet ($3) returned to Agrotait
Agrotait collected $11.76 from pot
Agrotait: doesn't show hand
*** SUMMARY ***
Total pot $12 | Rake $0.24
Board [7d Qh Ah]
Seat 5: popesxxx (big blind) folded on the Flop
Seat 6: Agrotait (button) (small blind) collected ($11.76)


PokerStars Hand #171497810875:  Hold'em Limit ($3/$6 USD) - 2017/06/08 5:03:15 ET
Table 'Lundia' 6-max Seat #5 is the button
Seat 5: popesxxx ($54.27 in chips)
Seat 6: Agrotait ($71.75 in chips)
popesxxx: posts small blind $1
Agrotait: posts big blind $3
*** HOLE CARDS ***
popesxxx: calls $2
Agrotait: checks
*** FLOP *** [6c 9h 6d]
Agrotait: bets $3
popesxxx: calls $3
*** TURN *** [6c 9h 6d] [Jh]
Agrotait: bets $6
popesxxx: raises $6 to $12
Agrotait: calls $6
*** RIVER *** [6c 9h 6d Jh] [Jd]
Agrotait: checks
popesxxx: bets $6
Agrotait: calls $6
*** SHOW DOWN ***
popesxxx: shows [6s 7s] (a full house, Sixes full of Jacks)
Agrotait: mucks hand
popesxxx collected $47.50 from pot
*** SUMMARY ***
Total pot $48 | Rake $0.50
Board [6c 9h 6d Jh Jd]
Seat 5: popesxxx (button) (small blind) showed [6s 7s] and won ($47.50) with a full house, Sixes full of Jacks
Seat 6: Agrotait (big blind) mucked


PokerStars Hand #171497825457:  Hold'em Limit ($3/$6 USD) - 2017/06/08 5:03:58 ET
Table 'Lundia' 6-max Seat #5 is the button
Seat 5: popesxxx ($67.77 in chips)
Seat 6: Agrotait ($81.76 in chips)
popesxxx: posts small blind $1
Agrotait: posts big blind $3
*** HOLE CARDS ***
popesxxx: raises $3 to $6
Agrotait: calls $3
*** FLOP *** [Qc 6c 3h]
Agrotait: checks
popesxxx: checks
*** TURN *** [Qc 6c 3h] [5s]
Agrotait: bets $6
popesxxx: calls $6
*** RIVER *** [Qc 6c 3h 5s] [5c]
Agrotait: bets $6
popesxxx: raises $6 to $12
Agrotait: raises $6 to $18
popesxxx: folds
Uncalled bet ($6) returned to Agrotait
Agrotait collected $47.50 from pot
Agrotait: doesn't show hand
*** SUMMARY ***
Total pot $48 | Rake $0.50
Board [Qc 6c 3h 5s 5c]
Seat 5: popesxxx (button) (small blind) folded on the River
Seat 6: Agrotait (big blind) collected ($47.50)


PokerStars Hand #171497820523:  Hold'em Limit ($3/$6 USD) - 2017/06/08 5:03:44 ET
Table 'Lundia' 6-max Seat #5 is the button
Seat 5: popesxxx ($74.77 in chips)
Seat 6: Agrotait ($75 in chips)
popesxxx: posts small blind $1
Agrotait: posts big blind $3
*** HOLE CARDS ***
popesxxx: folds
Uncalled bet ($2) returned to Agrotait
Agrotait collected $2 from pot
Agrotait: doesn't show hand
*** SUMMARY ***
Total pot $2 | Rake $0
Seat 5: popesxxx (button) (small blind) folded before Flop
Seat 6: Agrotait (big blind) collected ($2)


PokerStars Hand #171497818459:  Hold'em Limit ($3/$6 USD) - 2017/06/08 5:03:37 ET
Table 'Lundia' 6-max Seat #6 is the button
Seat 5: popesxxx ($77.77 in chips)
Seat 6: Agrotait ($72 in chips)
Agrotait: posts small blind $1
popesxxx: posts big blind $3
*** HOLE CARDS ***
Agrotait: raises $3 to $6
popesxxx: folds
Uncalled bet ($3) returned to Agrotait
Agrotait collected $6 from pot
Agrotait: doesn't show hand
*** SUMMARY ***
Total pot $6 | Rake $0
Seat 5: popesxxx (big blind) folded before Flop
Seat 6: Agrotait (button) (small blind) collected ($6)


PokerStars Hand #171497834630:  Hold'em Limit ($3/$6 USD) - 2017/06/08 5:04:26 ET
Table 'Lundia' 6-max Seat #5 is the button
Seat 5: popesxxx ($37.77 in chips)
Seat 6: Agrotait ($111.02 in chips)
popesxxx: posts small blind $1
Agrotait: posts big blind $3
*** HOLE CARDS ***
popesxxx: raises $3 to $6
Agrotait: calls $3
*** FLOP *** [Js Jd Tc]
Agrotait: bets $3
popesxxx: calls $3
*** TURN *** [Js Jd Tc] [Kh]
Agrotait: bets $6
popesxxx: calls $6
*** RIVER *** [Js Jd Tc Kh] [Jh]
Agrotait: bets $6
popesxxx: calls $6
*** SHOW DOWN ***
Agrotait: shows [Jc 8h] (four of a kind, Jacks)
popesxxx: mucks hand
Agrotait collected $41.50 from pot
*** SUMMARY ***
Total pot $42 | Rake $0.50
Board [Js Jd Tc Kh Jh]
Seat 5: popesxxx (button) (small blind) mucked
Seat 6: Agrotait (big blind) showed [Jc 8h] and won ($41.50) with four of a kind, Jacks


PokerStars Hand #171497841879:  Hold'em Limit ($3/$6 USD) - 2017/06/08 5:04:47 ET
Table 'Lundia' 6-max Seat #6 is the button
Seat 5: popesxxx ($16.77 in chips)
Seat 6: Agrotait ($131.52 in chips)
Agrotait: posts small blind $1
popesxxx: posts big blind $3
*** HOLE CARDS ***
Agrotait: raises $3 to $6
popesxxx: raises $3 to $9
Agrotait: calls $3
*** FLOP *** [4s 6h 8h]
popesxxx: bets $3
Agrotait: raises $3 to $6
popesxxx: raises $1.77 to $7.77 and is all-in
Agrotait: calls $1.77
*** TURN *** [4s 6h 8h] [Jd]
*** RIVER *** [4s 6h 8h Jd] [4d]
*** SHOW DOWN ***
popesxxx: shows [Ts Kd] (a pair of Fours)
Agrotait: shows [6s 5d] (two pair, Sixes and Fours)
Agrotait collected $33.04 from pot
*** SUMMARY ***
Total pot $33.54 | Rake $0.50
Board [4s 6h 8h Jd 4d]
Seat 5: popesxxx (big blind) showed [Ts Kd] and lost with a pair of Fours
Seat 6: Agrotait (button) (small blind) showed [6s 5d] and won ($33.04) with two pair, Sixes and Fours


PokerStars Hand #171497831520:  Hold'em Limit ($3/$6 USD) - 2017/06/08 5:04:17 ET
Table 'Lundia' 6-max Seat #6 is the button
Seat 5: popesxxx ($43.77 in chips)
Seat 6: Agrotait ($105.26 in chips)
Agrotait: posts small blind $1
popesxxx: posts big blind $3
*** HOLE CARDS ***
Agrotait: raises $3 to $6
popesxxx: calls $3
*** FLOP *** [5h 9s 2d]
popesxxx: checks
Agrotait: bets $3
popesxxx: folds
Uncalled bet ($3) returned to Agrotait
Agrotait collected $11.76 from pot
Agrotait: doesn't show hand
*** SUMMARY ***
Total pot $12 | Rake $0.24
Board [5h 9s 2d]
Seat 5: popesxxx (big blind) folded on the Flop
Seat 6: Agrotait (button) (small blind) collected ($11.76)


