PokerStars Hand #145274326885:  Hold'em Limit ($3/$6 USD) - 2015/12/13 8:52:50 ET
Table 'Lundia' 6-max Seat #4 is the button
Seat 1: AndrewCan ($117 in chips)
Seat 4: BuzovaPro ($74.88 in chips)
BuzovaPro: posts small blind $1
AndrewCan: posts big blind $3
*** HOLE CARDS ***
BuzovaPro: raises $3 to $6
AndrewCan: folds
Uncalled bet ($3) returned to BuzovaPro
BuzovaPro collected $6 from pot
BuzovaPro: doesn't show hand
*** SUMMARY ***
Total pot $6 | Rake $0
Seat 1: AndrewCan (big blind) folded before Flop
Seat 4: BuzovaPro (button) (small blind) collected ($6)


PokerStars Hand #145274936726:  Hold'em Limit ($3/$6 USD) - 2015/12/13 9:08:32 ET
Table 'Lundia' 6-max Seat #2 is the button
Seat 1: parnishka11 ($45.70 in chips)
Seat 2: LolDnkaments ($88.83 in chips)
LolDnkaments: posts small blind $1
SashaYuvelir: is sitting out
parnishka11: posts big blind $3
*** HOLE CARDS ***
LolDnkaments: raises $3 to $6
parnishka11: folds
Uncalled bet ($3) returned to LolDnkaments
SashaYuvelir leaves the table
LolDnkaments collected $6 from pot
LolDnkaments: doesn't show hand
*** SUMMARY ***
Total pot $6 | Rake $0
Seat 1: parnishka11 (big blind) folded before Flop
Seat 2: LolDnkaments (button) (small blind) collected ($6)


PokerStars Hand #145274944537:  Hold'em Limit ($3/$6 USD) - 2015/12/13 9:08:43 ET
Table 'Lundia' 6-max Seat #1 is the button
Seat 1: parnishka11 ($42.70 in chips)
Seat 2: LolDnkaments ($91.83 in chips)
parnishka11: posts small blind $1
LolDnkaments: posts big blind $3
*** HOLE CARDS ***
SashaYuvelir joins the table at seat #3
parnishka11: raises $3 to $6
LolDnkaments: folds
Uncalled bet ($3) returned to parnishka11
parnishka11 collected $6 from pot
parnishka11: doesn't show hand
*** SUMMARY ***
Total pot $6 | Rake $0
Seat 1: parnishka11 (button) (small blind) collected ($6)
Seat 2: LolDnkaments (big blind) folded before Flop


PokerStars Hand #145275281196:  Hold'em Limit ($3/$6 USD) - 2015/12/13 9:16:33 ET
Table 'Lundia' 6-max Seat #3 is the button
Seat 2: LolDnkaments ($72.89 in chips)
Seat 3: SashaYuvelir ($72.19 in chips)
SashaYuvelir: posts small blind $1
parnishka11: is sitting out
LolDnkaments: posts big blind $3
*** HOLE CARDS ***
parnishka11 leaves the table
SashaYuvelir: raises $3 to $6
LolDnkaments: calls $3
*** FLOP *** [9d Ah 3c]
LolDnkaments: checks
SashaYuvelir: bets $3
LolDnkaments: calls $3
*** TURN *** [9d Ah 3c] [Ks]
LolDnkaments: checks
SashaYuvelir: bets $6
LolDnkaments: calls $6
*** RIVER *** [9d Ah 3c Ks] [Th]
LolDnkaments: checks
SashaYuvelir: bets $6
LolDnkaments: calls $6
*** SHOW DOWN ***
SashaYuvelir: shows [Qs 2d] (high card Ace)
LolDnkaments: shows [Qh 3d] (a pair of Threes)
LolDnkaments collected $41.50 from pot
*** SUMMARY ***
Total pot $42 | Rake $0.50
Board [9d Ah 3c Ks Th]
Seat 2: LolDnkaments (big blind) showed [Qh 3d] and won ($41.50) with a pair of Threes
Seat 3: SashaYuvelir (button) (small blind) showed [Qs 2d] and lost with high card Ace


