PokerStars Hand #144288106899:  Hold'em Limit ($3/$6 USD) - 2015/11/23 18:14:26 ET
Table 'Lundia' 2-max Seat #1 is the button
Seat 1: RaisemyNut$ ($121 in chips)
Seat 2: voloda boris ($101.16 in chips)
RaisemyNut$: posts small blind $1
voloda boris: posts big blind $3
*** HOLE CARDS ***
RaisemyNut$: calls $2
voloda boris: checks
*** FLOP *** [7s 2d 7d]
voloda boris: checks
RaisemyNut$: checks
*** TURN *** [7s 2d 7d] [8s]
voloda boris: checks
RaisemyNut$: checks
*** RIVER *** [7s 2d 7d 8s] [Qc]
voloda boris: bets $6
RaisemyNut$: folds
Uncalled bet ($6) returned to voloda boris
voloda boris collected $5.88 from pot
voloda boris: doesn't show hand
*** SUMMARY ***
Total pot $6 | Rake $0.12
Board [7s 2d 7d 8s Qc]
Seat 1: RaisemyNut$ (button) (small blind) folded on the River
Seat 2: voloda boris (big blind) collected ($5.88)


PokerStars Hand #144288122697:  Hold'em Limit ($3/$6 USD) - 2015/11/23 18:14:46 ET
Table 'Lundia' 2-max Seat #2 is the button
Seat 1: RaisemyNut$ ($118 in chips)
Seat 2: voloda boris ($104.04 in chips)
voloda boris: posts small blind $1
RaisemyNut$: posts big blind $3
*** HOLE CARDS ***
voloda boris: calls $2
RaisemyNut$: raises $3 to $6
voloda boris: calls $3
*** FLOP *** [Jh 8h 7s]
RaisemyNut$: checks
voloda boris: checks
*** TURN *** [Jh 8h 7s] [3d]
RaisemyNut$: bets $6
voloda boris: calls $6
*** RIVER *** [Jh 8h 7s 3d] [Qd]
RaisemyNut$: bets $6
voloda boris: calls $6
*** SHOW DOWN ***
RaisemyNut$: shows [Qh 3h] (two pair, Queens and Threes)
voloda boris: mucks hand
RaisemyNut$ collected $35.50 from pot
*** SUMMARY ***
Total pot $36 | Rake $0.50
Board [Jh 8h 7s 3d Qd]
Seat 1: RaisemyNut$ (big blind) showed [Qh 3h] and won ($35.50) with two pair, Queens and Threes
Seat 2: voloda boris (button) (small blind) mucked


PokerStars Hand #144288170895:  Hold'em Limit ($3/$6 USD) - 2015/11/23 18:15:49 ET
Table 'Lundia' 2-max Seat #2 is the button
Seat 1: RaisemyNut$ ($111.50 in chips)
Seat 2: voloda boris ($109.54 in chips)
voloda boris: posts small blind $1
RaisemyNut$: posts big blind $3
*** HOLE CARDS ***
voloda boris: folds
Uncalled bet ($2) returned to RaisemyNut$
RaisemyNut$ collected $2 from pot
RaisemyNut$: doesn't show hand
*** SUMMARY ***
Total pot $2 | Rake $0
Seat 1: RaisemyNut$ (big blind) collected ($2)
Seat 2: voloda boris (button) (small blind) folded before Flop


PokerStars Hand #144288156522:  Hold'em Limit ($3/$6 USD) - 2015/11/23 18:15:30 ET
Table 'Lundia' 2-max Seat #1 is the button
Seat 1: RaisemyNut$ ($135.50 in chips)
Seat 2: voloda boris ($86.04 in chips)
RaisemyNut$: posts small blind $1
voloda boris: posts big blind $3
*** HOLE CARDS ***
RaisemyNut$: raises $3 to $6
voloda boris: raises $3 to $9
RaisemyNut$: calls $3
*** FLOP *** [Qd Qh 5h]
voloda boris: bets $3
RaisemyNut$: calls $3
*** TURN *** [Qd Qh 5h] [3d]
voloda boris: bets $6
RaisemyNut$: calls $6
*** RIVER *** [Qd Qh 5h 3d] [Jh]
voloda boris: bets $6
RaisemyNut$: calls $6
*** SHOW DOWN ***
voloda boris: shows [7h 7c] (two pair, Queens and Sevens)
RaisemyNut$: mucks hand
voloda boris collected $47.50 from pot
*** SUMMARY ***
Total pot $48 | Rake $0.50
Board [Qd Qh 5h 3d Jh]
Seat 1: RaisemyNut$ (button) (small blind) mucked
Seat 2: voloda boris (big blind) showed [7h 7c] and won ($47.50) with two pair, Queens and Sevens


PokerStars Hand #144288174634:  Hold'em Limit ($3/$6 USD) - 2015/11/23 18:15:53 ET
Table 'Lundia' 2-max Seat #1 is the button
Seat 1: RaisemyNut$ ($112.50 in chips)
Seat 2: voloda boris ($108.54 in chips)
RaisemyNut$: posts small blind $1
voloda boris: posts big blind $3
*** HOLE CARDS ***
RaisemyNut$: raises $3 to $6
voloda boris: calls $3
*** FLOP *** [6s 2s Jd]
voloda boris: checks
RaisemyNut$: bets $3
voloda boris: calls $3
*** TURN *** [6s 2s Jd] [4h]
voloda boris: checks
RaisemyNut$: bets $6
voloda boris: folds
Uncalled bet ($6) returned to RaisemyNut$
RaisemyNut$ collected $17.64 from pot
RaisemyNut$: doesn't show hand
*** SUMMARY ***
Total pot $18 | Rake $0.36
Board [6s 2s Jd 4h]
Seat 1: RaisemyNut$ (button) (small blind) collected ($17.64)
Seat 2: voloda boris (big blind) folded on the Turn


PokerStars Hand #144288184910:  Hold'em Limit ($3/$6 USD) - 2015/11/23 18:16:07 ET
Table 'Lundia' 2-max Seat #2 is the button
Seat 1: RaisemyNut$ ($121.14 in chips)
Seat 2: voloda boris ($99.54 in chips)
voloda boris: posts small blind $1
RaisemyNut$: posts big blind $3
*** HOLE CARDS ***
voloda boris: calls $2
RaisemyNut$: raises $3 to $6
voloda boris: calls $3
*** FLOP *** [3h 4h 2h]
RaisemyNut$: bets $3
voloda boris: calls $3
*** TURN *** [3h 4h 2h] [5h]
RaisemyNut$: bets $6
voloda boris: calls $6
*** RIVER *** [3h 4h 2h 5h] [8d]
RaisemyNut$: bets $6
voloda boris: raises $6 to $12
RaisemyNut$: calls $6
*** SHOW DOWN ***
voloda boris: shows [Kh 5s] (a flush, King high)
RaisemyNut$: mucks hand
voloda boris collected $53.50 from pot
*** SUMMARY ***
Total pot $54 | Rake $0.50
Board [3h 4h 2h 5h 8d]
Seat 1: RaisemyNut$ (big blind) mucked
Seat 2: voloda boris (button) (small blind) showed [Kh 5s] and won ($53.50) with a flush, King high


PokerStars Hand #144288197723:  Hold'em Limit ($3/$6 USD) - 2015/11/23 18:16:23 ET
Table 'Lundia' 2-max Seat #1 is the button
Seat 1: RaisemyNut$ ($94.14 in chips)
Seat 2: voloda boris ($126.04 in chips)
RaisemyNut$: posts small blind $1
voloda boris: posts big blind $3
*** HOLE CARDS ***
RaisemyNut$: raises $3 to $6
voloda boris: calls $3
*** FLOP *** [5s As 9s]
voloda boris: checks
RaisemyNut$: bets $3
voloda boris: calls $3
*** TURN *** [5s As 9s] [3c]
voloda boris: checks
RaisemyNut$: checks
*** RIVER *** [5s As 9s 3c] [Ad]
voloda boris: bets $6
RaisemyNut$: raises $6 to $12
voloda boris: raises $6 to $18
RaisemyNut$: folds
Uncalled bet ($6) returned to voloda boris
voloda boris collected $41.50 from pot
voloda boris: doesn't show hand
*** SUMMARY ***
Total pot $42 | Rake $0.50
Board [5s As 9s 3c Ad]
Seat 1: RaisemyNut$ (button) (small blind) folded on the River
Seat 2: voloda boris (big blind) collected ($41.50)


PokerStars Hand #144288210334:  Hold'em Limit ($3/$6 USD) - 2015/11/23 18:16:39 ET
Table 'Lundia' 2-max Seat #2 is the button
Seat 1: RaisemyNut$ ($73.14 in chips)
Seat 2: voloda boris ($146.54 in chips)
voloda boris: posts small blind $1
RaisemyNut$: posts big blind $3
*** HOLE CARDS ***
voloda boris: calls $2
RaisemyNut$: raises $3 to $6
voloda boris: calls $3
*** FLOP *** [Th 3h Ac]
RaisemyNut$: bets $3
voloda boris: calls $3
*** TURN *** [Th 3h Ac] [5c]
RaisemyNut$: bets $6
voloda boris: calls $6
*** RIVER *** [Th 3h Ac 5c] [Td]
RaisemyNut$: bets $6
voloda boris: calls $6
*** SHOW DOWN ***
RaisemyNut$: shows [8s Js] (a pair of Tens)
voloda boris: shows [Jh Ah] (two pair, Aces and Tens)
voloda boris collected $41.50 from pot
*** SUMMARY ***
Total pot $42 | Rake $0.50
Board [Th 3h Ac 5c Td]
Seat 1: RaisemyNut$ (big blind) showed [8s Js] and lost with a pair of Tens
Seat 2: voloda boris (button) (small blind) showed [Jh Ah] and won ($41.50) with two pair, Aces and Tens


PokerStars Hand #144288222234:  Hold'em Limit ($3/$6 USD) - 2015/11/23 18:16:55 ET
Table 'Lundia' 2-max Seat #1 is the button
Seat 1: RaisemyNut$ ($60 in chips)
Seat 2: voloda boris ($167.04 in chips)
RaisemyNut$: posts small blind $1
voloda boris: posts big blind $3
*** HOLE CARDS ***
RaisemyNut$: raises $3 to $6
voloda boris: calls $3
*** FLOP *** [Qc Ac 4c]
voloda boris: checks
RaisemyNut$: bets $3
voloda boris: folds
Uncalled bet ($3) returned to RaisemyNut$
RaisemyNut$ collected $11.76 from pot
RaisemyNut$: doesn't show hand
*** SUMMARY ***
Total pot $12 | Rake $0.24
Board [Qc Ac 4c]
Seat 1: RaisemyNut$ (button) (small blind) collected ($11.76)
Seat 2: voloda boris (big blind) folded on the Flop


PokerStars Hand #144288228925:  Hold'em Limit ($3/$6 USD) - 2015/11/23 18:17:04 ET
Table 'Lundia' 2-max Seat #2 is the button
Seat 1: RaisemyNut$ ($65.76 in chips)
Seat 2: voloda boris ($161.04 in chips)
voloda boris: posts small blind $1
RaisemyNut$: posts big blind $3
*** HOLE CARDS ***
voloda boris: calls $2
RaisemyNut$: raises $3 to $6
voloda boris: calls $3
*** FLOP *** [Qh 9c 5s]
RaisemyNut$: bets $3
voloda boris: calls $3
*** TURN *** [Qh 9c 5s] [8s]
RaisemyNut$: bets $6
voloda boris: calls $6
*** RIVER *** [Qh 9c 5s 8s] [Qs]
RaisemyNut$: checks
voloda boris: bets $6
RaisemyNut$: calls $6
*** SHOW DOWN ***
voloda boris: shows [9s 7s] (a flush, Queen high)
RaisemyNut$: mucks hand
voloda boris collected $41.50 from pot
*** SUMMARY ***
Total pot $42 | Rake $0.50
Board [Qh 9c 5s 8s Qs]
Seat 1: RaisemyNut$ (big blind) mucked
Seat 2: voloda boris (button) (small blind) showed [9s 7s] and won ($41.50) with a flush, Queen high


PokerStars Hand #144288250555:  Hold'em Limit ($3/$6 USD) - 2015/11/23 18:17:32 ET
Table 'Lundia' 2-max Seat #2 is the button
Seat 1: RaisemyNut$ ($80.50 in chips)
Seat 2: voloda boris ($160.54 in chips)
voloda boris: posts small blind $1
RaisemyNut$: posts big blind $3
*** HOLE CARDS ***
voloda boris: folds
Uncalled bet ($2) returned to RaisemyNut$
RaisemyNut$ collected $2 from pot
RaisemyNut$: doesn't show hand
*** SUMMARY ***
Total pot $2 | Rake $0
Seat 1: RaisemyNut$ (big blind) collected ($2)
Seat 2: voloda boris (button) (small blind) folded before Flop


PokerStars Hand #144288239025:  Hold'em Limit ($3/$6 USD) - 2015/11/23 18:17:17 ET
Table 'Lundia' 2-max Seat #1 is the button
Seat 1: RaisemyNut$ ($60 in chips)
Seat 2: voloda boris ($181.54 in chips)
RaisemyNut$: posts small blind $1
voloda boris: posts big blind $3
*** HOLE CARDS ***
RaisemyNut$: raises $3 to $6
voloda boris: calls $3
*** FLOP *** [5s 9c 4h]
voloda boris: checks
RaisemyNut$: bets $3
voloda boris: calls $3
*** TURN *** [5s 9c 4h] [4s]
voloda boris: checks
RaisemyNut$: bets $6
voloda boris: calls $6
*** RIVER *** [5s 9c 4h 4s] [Jc]
voloda boris: checks
RaisemyNut$: bets $6
voloda boris: calls $6
*** SHOW DOWN ***
RaisemyNut$: shows [Jh 5c] (two pair, Jacks and Fives)
voloda boris: mucks hand
RaisemyNut$ collected $41.50 from pot
*** SUMMARY ***
Total pot $42 | Rake $0.50
Board [5s 9c 4h 4s Jc]
Seat 1: RaisemyNut$ (button) (small blind) showed [Jh 5c] and won ($41.50) with two pair, Jacks and Fives
Seat 2: voloda boris (big blind) mucked


PokerStars Hand #144288254298:  Hold'em Limit ($3/$6 USD) - 2015/11/23 18:17:37 ET
Table 'Lundia' 2-max Seat #1 is the button
Seat 1: RaisemyNut$ ($81.50 in chips)
Seat 2: voloda boris ($159.54 in chips)
RaisemyNut$: posts small blind $1
voloda boris: posts big blind $3
*** HOLE CARDS ***
RaisemyNut$: raises $3 to $6
voloda boris: raises $3 to $9
RaisemyNut$: calls $3
*** FLOP *** [3h 4d Ad]
voloda boris: bets $3
RaisemyNut$: folds
Uncalled bet ($3) returned to voloda boris
voloda boris collected $17.64 from pot
voloda boris: doesn't show hand
*** SUMMARY ***
Total pot $18 | Rake $0.36
Board [3h 4d Ad]
Seat 1: RaisemyNut$ (button) (small blind) folded on the Flop
Seat 2: voloda boris (big blind) collected ($17.64)


PokerStars Hand #144288265530:  Hold'em Limit ($3/$6 USD) - 2015/11/23 18:17:52 ET
Table 'Lundia' 2-max Seat #1 is the button
Seat 1: RaisemyNut$ ($73.50 in chips)
Seat 2: voloda boris ($167.18 in chips)
RaisemyNut$: posts small blind $1
voloda boris: posts big blind $3
*** HOLE CARDS ***
RaisemyNut$: raises $3 to $6
voloda boris: folds
Uncalled bet ($3) returned to RaisemyNut$
RaisemyNut$ collected $6 from pot
RaisemyNut$: doesn't show hand
*** SUMMARY ***
Total pot $6 | Rake $0
Seat 1: RaisemyNut$ (button) (small blind) collected ($6)
Seat 2: voloda boris (big blind) folded before Flop


PokerStars Hand #144288261272:  Hold'em Limit ($3/$6 USD) - 2015/11/23 18:17:46 ET
Table 'Lundia' 2-max Seat #2 is the button
Seat 1: RaisemyNut$ ($72.50 in chips)
Seat 2: voloda boris ($168.18 in chips)
voloda boris: posts small blind $1
RaisemyNut$: posts big blind $3
*** HOLE CARDS ***
voloda boris: folds
Uncalled bet ($2) returned to RaisemyNut$
RaisemyNut$ collected $2 from pot
RaisemyNut$: doesn't show hand
*** SUMMARY ***
Total pot $2 | Rake $0
Seat 1: RaisemyNut$ (big blind) collected ($2)
Seat 2: voloda boris (button) (small blind) folded before Flop


PokerStars Hand #144288280727:  Hold'em Limit ($3/$6 USD) - 2015/11/23 18:18:11 ET
Table 'Lundia' 2-max Seat #1 is the button
Seat 1: RaisemyNut$ ($67.50 in chips)
Seat 2: voloda boris ($172.82 in chips)
RaisemyNut$: posts small blind $1
voloda boris: posts big blind $3
*** HOLE CARDS ***
RaisemyNut$: raises $3 to $6
voloda boris: folds
Uncalled bet ($3) returned to RaisemyNut$
RaisemyNut$ collected $6 from pot
RaisemyNut$: doesn't show hand
*** SUMMARY ***
Total pot $6 | Rake $0
Seat 1: RaisemyNut$ (button) (small blind) collected ($6)
Seat 2: voloda boris (big blind) folded before Flop


PokerStars Hand #144288270218:  Hold'em Limit ($3/$6 USD) - 2015/11/23 18:17:58 ET
Table 'Lundia' 2-max Seat #2 is the button
Seat 1: RaisemyNut$ ($76.50 in chips)
Seat 2: voloda boris ($164.18 in chips)
voloda boris: posts small blind $1
RaisemyNut$: posts big blind $3
*** HOLE CARDS ***
voloda boris: calls $2
RaisemyNut$: checks
*** FLOP *** [Jd 3d Qs]
RaisemyNut$: checks
voloda boris: checks
*** TURN *** [Jd 3d Qs] [Ad]
RaisemyNut$: bets $6
voloda boris: calls $6
*** RIVER *** [Jd 3d Qs Ad] [2c]
RaisemyNut$: checks
voloda boris: bets $6
RaisemyNut$: folds
Uncalled bet ($6) returned to voloda boris
voloda boris collected $17.64 from pot
voloda boris: doesn't show hand
*** SUMMARY ***
Total pot $18 | Rake $0.36
Board [Jd 3d Qs Ad 2c]
Seat 1: RaisemyNut$ (big blind) folded on the River
Seat 2: voloda boris (button) (small blind) collected ($17.64)


PokerStars Hand #144288284668:  Hold'em Limit ($3/$6 USD) - 2015/11/23 18:18:16 ET
Table 'Lundia' 2-max Seat #2 is the button
Seat 1: RaisemyNut$ ($70.50 in chips)
Seat 2: voloda boris ($169.82 in chips)
voloda boris: posts small blind $1
RaisemyNut$: posts big blind $3
*** HOLE CARDS ***
voloda boris: calls $2
RaisemyNut$: checks
*** FLOP *** [7c 2d Ad]
RaisemyNut$: checks
voloda boris: checks
*** TURN *** [7c 2d Ad] [8c]
RaisemyNut$: checks
voloda boris: bets $6
RaisemyNut$: folds
Uncalled bet ($6) returned to voloda boris
voloda boris collected $5.88 from pot
voloda boris: doesn't show hand
*** SUMMARY ***
Total pot $6 | Rake $0.12
Board [7c 2d Ad 8c]
Seat 1: RaisemyNut$ (big blind) folded on the Turn
Seat 2: voloda boris (button) (small blind) collected ($5.88)


PokerStars Hand #144288304109:  Hold'em Limit ($3/$6 USD) - 2015/11/23 18:18:42 ET
Table 'Lundia' 2-max Seat #2 is the button
Seat 1: RaisemyNut$ ($82 in chips)
Seat 2: voloda boris ($157.70 in chips)
voloda boris: posts small blind $1
RaisemyNut$: posts big blind $3
*** HOLE CARDS ***
voloda boris: folds
Uncalled bet ($2) returned to RaisemyNut$
RaisemyNut$ collected $2 from pot
RaisemyNut$: doesn't show hand
*** SUMMARY ***
Total pot $2 | Rake $0
Seat 1: RaisemyNut$ (big blind) collected ($2)
Seat 2: voloda boris (button) (small blind) folded before Flop


PokerStars Hand #144288292542:  Hold'em Limit ($3/$6 USD) - 2015/11/23 18:18:27 ET
Table 'Lundia' 2-max Seat #1 is the button
Seat 1: RaisemyNut$ ($67.50 in chips)
Seat 2: voloda boris ($172.70 in chips)
RaisemyNut$: posts small blind $1
voloda boris: posts big blind $3
*** HOLE CARDS ***
RaisemyNut$: raises $3 to $6
voloda boris: calls $3
*** FLOP *** [8s 5s 6c]
voloda boris: checks
RaisemyNut$: bets $3
voloda boris: calls $3
*** TURN *** [8s 5s 6c] [Kd]
voloda boris: checks
RaisemyNut$: bets $6
voloda boris: calls $6
*** RIVER *** [8s 5s 6c Kd] [Ks]
voloda boris: checks
RaisemyNut$: bets $6
voloda boris: folds
Uncalled bet ($6) returned to RaisemyNut$
RaisemyNut$ collected $29.50 from pot
RaisemyNut$: doesn't show hand
*** SUMMARY ***
Total pot $30 | Rake $0.50
Board [8s 5s 6c Kd Ks]
Seat 1: RaisemyNut$ (button) (small blind) collected ($29.50)
Seat 2: voloda boris (big blind) folded on the River


PokerStars Hand #144288307889:  Hold'em Limit ($3/$6 USD) - 2015/11/23 18:18:47 ET
Table 'Lundia' 2-max Seat #1 is the button
Seat 1: RaisemyNut$ ($83 in chips)
Seat 2: voloda boris ($156.70 in chips)
RaisemyNut$: posts small blind $1
voloda boris: posts big blind $3
*** HOLE CARDS ***
RaisemyNut$: raises $3 to $6
voloda boris: raises $3 to $9
RaisemyNut$: calls $3
*** FLOP *** [9h Kc Ad]
voloda boris: bets $3
RaisemyNut$: folds
Uncalled bet ($3) returned to voloda boris
voloda boris collected $17.64 from pot
*** SUMMARY ***
Total pot $18 | Rake $0.36
Board [9h Kc Ad]
Seat 1: RaisemyNut$ (button) (small blind) folded on the Flop
Seat 2: voloda boris (big blind) collected ($17.64)


PokerStars Hand #144288314840:  Hold'em Limit ($3/$6 USD) - 2015/11/23 18:18:56 ET
Table 'Lundia' 2-max Seat #2 is the button
Seat 1: RaisemyNut$ ($74 in chips)
Seat 2: voloda boris ($165.34 in chips)
voloda boris: posts small blind $1
RaisemyNut$: posts big blind $3
*** HOLE CARDS ***
voloda boris: folds
Uncalled bet ($2) returned to RaisemyNut$
RaisemyNut$ collected $2 from pot
RaisemyNut$: doesn't show hand
*** SUMMARY ***
Total pot $2 | Rake $0
Seat 1: RaisemyNut$ (big blind) collected ($2)
Seat 2: voloda boris (button) (small blind) folded before Flop


PokerStars Hand #144288321930:  Hold'em Limit ($3/$6 USD) - 2015/11/23 18:19:05 ET
Table 'Lundia' 2-max Seat #1 is the button
Seat 1: RaisemyNut$ ($75 in chips)
Seat 2: voloda boris ($164.34 in chips)
RaisemyNut$: posts small blind $1
voloda boris: posts big blind $3
*** HOLE CARDS ***
RaisemyNut$: raises $3 to $6
voloda boris: calls $3
*** FLOP *** [Kc 9c 7s]
voloda boris: checks
RaisemyNut$: bets $3
voloda boris: folds
Uncalled bet ($3) returned to RaisemyNut$
RaisemyNut$ collected $11.76 from pot
RaisemyNut$: doesn't show hand
*** SUMMARY ***
Total pot $12 | Rake $0.24
Board [Kc 9c 7s]
Seat 1: RaisemyNut$ (button) (small blind) collected ($11.76)
Seat 2: voloda boris (big blind) folded on the Flop


PokerStars Hand #144288330892:  Hold'em Limit ($3/$6 USD) - 2015/11/23 18:19:17 ET
Table 'Lundia' 2-max Seat #2 is the button
Seat 1: RaisemyNut$ ($80.76 in chips)
Seat 2: voloda boris ($158.34 in chips)
voloda boris: posts small blind $1
RaisemyNut$: posts big blind $3
*** HOLE CARDS ***
voloda boris: calls $2
RaisemyNut$: raises $3 to $6
voloda boris: calls $3
*** FLOP *** [As 5c Jd]
RaisemyNut$: bets $3
voloda boris: calls $3
*** TURN *** [As 5c Jd] [5d]
RaisemyNut$: bets $6
voloda boris: folds
Uncalled bet ($6) returned to RaisemyNut$
RaisemyNut$ collected $17.64 from pot
RaisemyNut$: doesn't show hand
*** SUMMARY ***
Total pot $18 | Rake $0.36
Board [As 5c Jd 5d]
Seat 1: RaisemyNut$ (big blind) collected ($17.64)
Seat 2: voloda boris (button) (small blind) folded on the Turn


PokerStars Hand #144288376402:  Hold'em Limit ($3/$6 USD) - 2015/11/23 18:20:16 ET
Table 'Lundia' 2-max Seat #2 is the button
Seat 1: RaisemyNut$ ($62.40 in chips)
Seat 2: voloda boris ($175.84 in chips)
voloda boris: posts small blind $1
RaisemyNut$: posts big blind $3
*** HOLE CARDS ***
voloda boris: folds
Uncalled bet ($2) returned to RaisemyNut$
RaisemyNut$ collected $2 from pot
RaisemyNut$: doesn't show hand
*** SUMMARY ***
Total pot $2 | Rake $0
Seat 1: RaisemyNut$ (big blind) collected ($2)
Seat 2: voloda boris (button) (small blind) folded before Flop


PokerStars Hand #144288342794:  Hold'em Limit ($3/$6 USD) - 2015/11/23 18:19:32 ET
Table 'Lundia' 2-max Seat #1 is the button
Seat 1: RaisemyNut$ ($89.40 in chips)
Seat 2: voloda boris ($149.34 in chips)
RaisemyNut$: posts small blind $1
voloda boris: posts big blind $3
*** HOLE CARDS ***
RaisemyNut$: raises $3 to $6
voloda boris: raises $3 to $9
RaisemyNut$: calls $3
*** FLOP *** [4c 5d 6s]
voloda boris: bets $3
RaisemyNut$: raises $3 to $6
voloda boris: calls $3
*** TURN *** [4c 5d 6s] [5h]
voloda boris: checks
RaisemyNut$: bets $6
voloda boris: calls $6
*** RIVER *** [4c 5d 6s 5h] [6c]
voloda boris: checks
RaisemyNut$: bets $6
voloda boris: calls $6
*** SHOW DOWN ***
RaisemyNut$: shows [7c 4h] (two pair, Sixes and Fives)
voloda boris: shows [Jc Ks] (two pair, Sixes and Fives - King kicker)
voloda boris collected $53.50 from pot
*** SUMMARY ***
Total pot $54 | Rake $0.50
Board [4c 5d 6s 5h 6c]
Seat 1: RaisemyNut$ (button) (small blind) showed [7c 4h] and lost with two pair, Sixes and Fives
Seat 2: voloda boris (big blind) showed [Jc Ks] and won ($53.50) with two pair, Sixes and Fives


PokerStars Hand #144288380142:  Hold'em Limit ($3/$6 USD) - 2015/11/23 18:20:21 ET
Table 'Lundia' 2-max Seat #1 is the button
Seat 1: RaisemyNut$ ($63.40 in chips)
Seat 2: voloda boris ($174.84 in chips)
RaisemyNut$: posts small blind $1
voloda boris: posts big blind $3
*** HOLE CARDS ***
RaisemyNut$: raises $3 to $6
voloda boris: calls $3
*** FLOP *** [Tc 2d 7d]
voloda boris: checks
RaisemyNut$: bets $3
voloda boris: calls $3
*** TURN *** [Tc 2d 7d] [2s]
voloda boris: checks
RaisemyNut$: bets $6
voloda boris: calls $6
*** RIVER *** [Tc 2d 7d 2s] [8h]
voloda boris: checks
RaisemyNut$: bets $6
voloda boris: folds
Uncalled bet ($6) returned to RaisemyNut$
RaisemyNut$ collected $29.50 from pot
RaisemyNut$: doesn't show hand
*** SUMMARY ***
Total pot $30 | Rake $0.50
Board [Tc 2d 7d 2s 8h]
Seat 1: RaisemyNut$ (button) (small blind) collected ($29.50)
Seat 2: voloda boris (big blind) folded on the River


PokerStars Hand #144288419808:  Hold'em Limit ($3/$6 USD) - 2015/11/23 18:21:13 ET
Table 'Lundia' 2-max Seat #1 is the button
Seat 1: RaisemyNut$ ($61 in chips)
Seat 2: voloda boris ($196.84 in chips)
RaisemyNut$: posts small blind $1
voloda boris: posts big blind $3
*** HOLE CARDS ***
RaisemyNut$: raises $3 to $6
voloda boris: calls $3
*** FLOP *** [7c Ks 3s]
voloda boris: checks
RaisemyNut$: bets $3
voloda boris: calls $3
*** TURN *** [7c Ks 3s] [8c]
voloda boris: checks
RaisemyNut$: bets $6
voloda boris: calls $6
*** RIVER *** [7c Ks 3s 8c] [Kh]
voloda boris: bets $6
RaisemyNut$: calls $6
*** SHOW DOWN ***
voloda boris: shows [6d Kc] (three of a kind, Kings)
RaisemyNut$: mucks hand
voloda boris collected $41.50 from pot
*** SUMMARY ***
Total pot $42 | Rake $0.50
Board [7c Ks 3s 8c Kh]
Seat 1: RaisemyNut$ (button) (small blind) mucked
Seat 2: voloda boris (big blind) showed [6d Kc] and won ($41.50) with three of a kind, Kings


PokerStars Hand #144288405425:  Hold'em Limit ($3/$6 USD) - 2015/11/23 18:20:54 ET
Table 'Lundia' 2-max Seat #1 is the button
Seat 1: RaisemyNut$ ($60 in chips)
Seat 2: voloda boris ($183.34 in chips)
RaisemyNut$: posts small blind $1
voloda boris: posts big blind $3
*** HOLE CARDS ***
RaisemyNut$: raises $3 to $6
voloda boris: calls $3
*** FLOP *** [4d 2c Js]
voloda boris: checks
RaisemyNut$: bets $3
voloda boris: calls $3
*** TURN *** [4d 2c Js] [2s]
voloda boris: checks
RaisemyNut$: bets $6
voloda boris: calls $6
*** RIVER *** [4d 2c Js 2s] [Qc]
voloda boris: checks
RaisemyNut$: checks
*** SHOW DOWN ***
voloda boris: shows [As Jd] (two pair, Jacks and Deuces)
RaisemyNut$: mucks hand
voloda boris collected $29.50 from pot
*** SUMMARY ***
Total pot $30 | Rake $0.50
Board [4d 2c Js 2s Qc]
Seat 1: RaisemyNut$ (button) (small blind) mucked
Seat 2: voloda boris (big blind) showed [As Jd] and won ($29.50) with two pair, Jacks and Deuces


PokerStars Hand #144288390948:  Hold'em Limit ($3/$6 USD) - 2015/11/23 18:20:35 ET
Table 'Lundia' 2-max Seat #2 is the button
Seat 1: RaisemyNut$ ($77.90 in chips)
Seat 2: voloda boris ($159.84 in chips)
voloda boris: posts small blind $1
RaisemyNut$: posts big blind $3
*** HOLE CARDS ***
voloda boris: calls $2
RaisemyNut$: raises $3 to $6
voloda boris: raises $3 to $9
RaisemyNut$: calls $3
*** FLOP *** [9d 7c 4s]
RaisemyNut$: checks
voloda boris: bets $3
RaisemyNut$: calls $3
*** TURN *** [9d 7c 4s] [8c]
RaisemyNut$: checks
voloda boris: bets $6
RaisemyNut$: calls $6
*** RIVER *** [9d 7c 4s 8c] [8h]
RaisemyNut$: checks
voloda boris: bets $6
RaisemyNut$: calls $6
*** SHOW DOWN ***
voloda boris: shows [Jd 9h] (two pair, Nines and Eights)
RaisemyNut$: mucks hand
voloda boris collected $47.50 from pot
*** SUMMARY ***
Total pot $48 | Rake $0.50
Board [9d 7c 4s 8c 8h]
Seat 1: RaisemyNut$ (big blind) mucked
Seat 2: voloda boris (button) (small blind) showed [Jd 9h] and won ($47.50) with two pair, Nines and Eights


PokerStars Hand #144288431131:  Hold'em Limit ($3/$6 USD) - 2015/11/23 18:21:28 ET
Table 'Lundia' 2-max Seat #2 is the button
Seat 1: RaisemyNut$ ($60 in chips)
Seat 2: voloda boris ($217.34 in chips)
voloda boris: posts small blind $1
RaisemyNut$: posts big blind $3
*** HOLE CARDS ***
voloda boris: folds
Uncalled bet ($2) returned to RaisemyNut$
RaisemyNut$ collected $2 from pot
RaisemyNut$: doesn't show hand
*** SUMMARY ***
Total pot $2 | Rake $0
Seat 1: RaisemyNut$ (big blind) collected ($2)
Seat 2: voloda boris (button) (small blind) folded before Flop


PokerStars Hand #144288470667:  Hold'em Limit ($3/$6 USD) - 2015/11/23 18:22:20 ET
Table 'Lundia' 2-max Seat #2 is the button
Seat 1: RaisemyNut$ ($83.50 in chips)
Seat 2: voloda boris ($215.48 in chips)
voloda boris: posts small blind $1
RaisemyNut$: posts big blind $3
*** HOLE CARDS ***
voloda boris: folds
Uncalled bet ($2) returned to RaisemyNut$
RaisemyNut$ collected $2 from pot
RaisemyNut$: doesn't show hand
*** SUMMARY ***
Total pot $2 | Rake $0
Seat 1: RaisemyNut$ (big blind) collected ($2)
Seat 2: voloda boris (button) (small blind) folded before Flop


PokerStars Hand #144288457585:  Hold'em Limit ($3/$6 USD) - 2015/11/23 18:22:03 ET
Table 'Lundia' 2-max Seat #1 is the button
Seat 1: RaisemyNut$ ($60 in chips)
Seat 2: voloda boris ($239.48 in chips)
RaisemyNut$: posts small blind $1
voloda boris: posts big blind $3
*** HOLE CARDS ***
RaisemyNut$: raises $3 to $6
voloda boris: raises $3 to $9
RaisemyNut$: calls $3
*** FLOP *** [3d Ts 7h]
voloda boris: checks
RaisemyNut$: bets $3
voloda boris: calls $3
*** TURN *** [3d Ts 7h] [7s]
voloda boris: checks
RaisemyNut$: bets $6
voloda boris: calls $6
*** RIVER *** [3d Ts 7h 7s] [Ac]
voloda boris: bets $6
RaisemyNut$: calls $6
*** SHOW DOWN ***
voloda boris: shows [Kd Kh] (two pair, Kings and Sevens)
RaisemyNut$: shows [Ah 4s] (two pair, Aces and Sevens)
RaisemyNut$ collected $47.50 from pot
*** SUMMARY ***
Total pot $48 | Rake $0.50
Board [3d Ts 7h 7s Ac]
Seat 1: RaisemyNut$ (button) (small blind) showed [Ah 4s] and won ($47.50) with two pair, Aces and Sevens
Seat 2: voloda boris (big blind) showed [Kd Kh] and lost with two pair, Kings and Sevens


PokerStars Hand #144288445162:  Hold'em Limit ($3/$6 USD) - 2015/11/23 18:21:46 ET
Table 'Lundia' 2-max Seat #2 is the button
Seat 1: RaisemyNut$ ($60 in chips)
Seat 2: voloda boris ($224.98 in chips)
voloda boris: posts small blind $1
RaisemyNut$: posts big blind $3
*** HOLE CARDS ***
voloda boris: calls $2
RaisemyNut$: raises $3 to $6
voloda boris: calls $3
*** FLOP *** [Kc Ac 5c]
RaisemyNut$: bets $3
voloda boris: calls $3
*** TURN *** [Kc Ac 5c] [Jc]
RaisemyNut$: bets $6
voloda boris: calls $6
*** RIVER *** [Kc Ac 5c Jc] [Qh]
RaisemyNut$: checks
voloda boris: checks
*** SHOW DOWN ***
RaisemyNut$: shows [7d Ad] (a pair of Aces)
voloda boris: shows [6c 3s] (a flush, Ace high)
voloda boris collected $29.50 from pot
*** SUMMARY ***
Total pot $30 | Rake $0.50
Board [Kc Ac 5c Jc Qh]
Seat 1: RaisemyNut$ (big blind) showed [7d Ad] and lost with a pair of Aces
Seat 2: voloda boris (button) (small blind) showed [6c 3s] and won ($29.50) with a flush, Ace high


PokerStars Hand #144288434546:  Hold'em Limit ($3/$6 USD) - 2015/11/23 18:21:32 ET
Table 'Lundia' 2-max Seat #1 is the button
Seat 1: RaisemyNut$ ($61 in chips)
Seat 2: voloda boris ($216.34 in chips)
RaisemyNut$: posts small blind $1
voloda boris: posts big blind $3
*** HOLE CARDS ***
RaisemyNut$: raises $3 to $6
voloda boris: calls $3
*** FLOP *** [9s Js Ad]
voloda boris: checks
RaisemyNut$: bets $3
voloda boris: calls $3
*** TURN *** [9s Js Ad] [2s]
voloda boris: checks
RaisemyNut$: checks
*** RIVER *** [9s Js Ad 2s] [4d]
voloda boris: bets $6
RaisemyNut$: folds
Uncalled bet ($6) returned to voloda boris
voloda boris collected $17.64 from pot
voloda boris: doesn't show hand
*** SUMMARY ***
Total pot $18 | Rake $0.36
Board [9s Js Ad 2s 4d]
Seat 1: RaisemyNut$ (button) (small blind) folded on the River
Seat 2: voloda boris (big blind) collected ($17.64)


PokerStars Hand #144288474252:  Hold'em Limit ($3/$6 USD) - 2015/11/23 18:22:25 ET
Table 'Lundia' 2-max Seat #1 is the button
Seat 1: RaisemyNut$ ($84.50 in chips)
Seat 2: voloda boris ($214.48 in chips)
RaisemyNut$: posts small blind $1
voloda boris: posts big blind $3
*** HOLE CARDS ***
RaisemyNut$: raises $3 to $6
voloda boris: calls $3
*** FLOP *** [2s 7s 2c]
voloda boris: checks
RaisemyNut$: checks
*** TURN *** [2s 7s 2c] [Ac]
voloda boris: checks
RaisemyNut$: bets $6
voloda boris: calls $6
*** RIVER *** [2s 7s 2c Ac] [5c]
voloda boris: checks
RaisemyNut$: bets $6
voloda boris: folds
Uncalled bet ($6) returned to RaisemyNut$
RaisemyNut$ collected $23.52 from pot
RaisemyNut$: doesn't show hand
*** SUMMARY ***
Total pot $24 | Rake $0.48
Board [2s 7s 2c Ac 5c]
Seat 1: RaisemyNut$ (button) (small blind) collected ($23.52)
Seat 2: voloda boris (big blind) folded on the River


PokerStars Hand #144288517259:  Hold'em Limit ($3/$6 USD) - 2015/11/23 18:23:22 ET
Table 'Lundia' 2-max Seat #2 is the button
Seat 1: RaisemyNut$ ($79.66 in chips)
Seat 2: voloda boris ($217.74 in chips)
voloda boris: posts small blind $1
RaisemyNut$: posts big blind $3
*** HOLE CARDS ***
voloda boris: folds
Uncalled bet ($2) returned to RaisemyNut$
RaisemyNut$ collected $2 from pot
RaisemyNut$: doesn't show hand
*** SUMMARY ***
Total pot $2 | Rake $0
Seat 1: RaisemyNut$ (big blind) collected ($2)
Seat 2: voloda boris (button) (small blind) folded before Flop


PokerStars Hand #144288514079:  Hold'em Limit ($3/$6 USD) - 2015/11/23 18:23:18 ET
Table 'Lundia' 2-max Seat #1 is the button
Seat 1: RaisemyNut$ ($80.66 in chips)
Seat 2: voloda boris ($216.74 in chips)
RaisemyNut$: posts small blind $1
voloda boris: posts big blind $3
*** HOLE CARDS ***
RaisemyNut$: folds
Uncalled bet ($2) returned to voloda boris
voloda boris collected $2 from pot
voloda boris: doesn't show hand
*** SUMMARY ***
Total pot $2 | Rake $0
Seat 1: RaisemyNut$ (button) (small blind) folded before Flop
Seat 2: voloda boris (big blind) collected ($2)


PokerStars Hand #144288507271:  Hold'em Limit ($3/$6 USD) - 2015/11/23 18:23:08 ET
Table 'Lundia' 2-max Seat #2 is the button
Seat 1: RaisemyNut$ ($86.66 in chips)
Seat 2: voloda boris ($210.98 in chips)
voloda boris: posts small blind $1
RaisemyNut$: posts big blind $3
*** HOLE CARDS ***
voloda boris: calls $2
RaisemyNut$: checks
*** FLOP *** [As 8d Td]
RaisemyNut$: bets $3
voloda boris: raises $3 to $6
RaisemyNut$: folds
Uncalled bet ($3) returned to voloda boris
voloda boris collected $11.76 from pot
voloda boris: doesn't show hand
*** SUMMARY ***
Total pot $12 | Rake $0.24
Board [As 8d Td]
Seat 1: RaisemyNut$ (big blind) folded on the Flop
Seat 2: voloda boris (button) (small blind) collected ($11.76)


PokerStars Hand #144288498833:  Hold'em Limit ($3/$6 USD) - 2015/11/23 18:22:57 ET
Table 'Lundia' 2-max Seat #1 is the button
Seat 1: RaisemyNut$ ($78.02 in chips)
Seat 2: voloda boris ($219.98 in chips)
RaisemyNut$: posts small blind $1
voloda boris: posts big blind $3
*** HOLE CARDS ***
RaisemyNut$: raises $3 to $6
voloda boris: calls $3
*** FLOP *** [4h As 6h]
voloda boris: checks
RaisemyNut$: bets $3
voloda boris: calls $3
*** TURN *** [4h As 6h] [9d]
voloda boris: checks
RaisemyNut$: bets $6
voloda boris: folds
Uncalled bet ($6) returned to RaisemyNut$
RaisemyNut$ collected $17.64 from pot
RaisemyNut$: doesn't show hand
*** SUMMARY ***
Total pot $18 | Rake $0.36
Board [4h As 6h 9d]
Seat 1: RaisemyNut$ (button) (small blind) collected ($17.64)
Seat 2: voloda boris (big blind) folded on the Turn


PokerStars Hand #144288485260:  Hold'em Limit ($3/$6 USD) - 2015/11/23 18:22:39 ET
Table 'Lundia' 2-max Seat #2 is the button
Seat 1: RaisemyNut$ ($96.02 in chips)
Seat 2: voloda boris ($202.48 in chips)
voloda boris: posts small blind $1
RaisemyNut$: posts big blind $3
*** HOLE CARDS ***
voloda boris: calls $2
RaisemyNut$: checks
*** FLOP *** [4h Ah 5s]
RaisemyNut$: checks
voloda boris: bets $3
RaisemyNut$: calls $3
*** TURN *** [4h Ah 5s] [7s]
RaisemyNut$: checks
voloda boris: bets $6
RaisemyNut$: calls $6
*** RIVER *** [4h Ah 5s 7s] [9c]
RaisemyNut$: checks
voloda boris: bets $6
RaisemyNut$: calls $6
*** SHOW DOWN ***
voloda boris: shows [9h 6s] (a pair of Nines)
RaisemyNut$: mucks hand
voloda boris collected $35.50 from pot
*** SUMMARY ***
Total pot $36 | Rake $0.50
Board [4h Ah 5s 7s 9c]
Seat 1: RaisemyNut$ (big blind) mucked
Seat 2: voloda boris (button) (small blind) showed [9h 6s] and won ($35.50) with a pair of Nines


PokerStars Hand #144288524875:  Hold'em Limit ($3/$6 USD) - 2015/11/23 18:23:32 ET
Table 'Lundia' 2-max Seat #2 is the button
Seat 1: RaisemyNut$ ($83.66 in chips)
Seat 2: voloda boris ($213.74 in chips)
voloda boris: posts small blind $1
RaisemyNut$: posts big blind $3
*** HOLE CARDS ***
voloda boris: calls $2
RaisemyNut$: raises $3 to $6
voloda boris: calls $3
*** FLOP *** [Jh 4d Kd]
RaisemyNut$: bets $3
voloda boris: folds
Uncalled bet ($3) returned to RaisemyNut$
RaisemyNut$ collected $11.76 from pot
RaisemyNut$: doesn't show hand
*** SUMMARY ***
Total pot $12 | Rake $0.24
Board [Jh 4d Kd]
Seat 1: RaisemyNut$ (big blind) collected ($11.76)
Seat 2: voloda boris (button) (small blind) folded on the Flop


PokerStars Hand #144288520915:  Hold'em Limit ($3/$6 USD) - 2015/11/23 18:23:26 ET
Table 'Lundia' 2-max Seat #1 is the button
Seat 1: RaisemyNut$ ($80.66 in chips)
Seat 2: voloda boris ($216.74 in chips)
RaisemyNut$: posts small blind $1
voloda boris: posts big blind $3
*** HOLE CARDS ***
RaisemyNut$: raises $3 to $6
voloda boris: folds
Uncalled bet ($3) returned to RaisemyNut$
RaisemyNut$ collected $6 from pot
RaisemyNut$: doesn't show hand
*** SUMMARY ***
Total pot $6 | Rake $0
Seat 1: RaisemyNut$ (button) (small blind) collected ($6)
Seat 2: voloda boris (big blind) folded before Flop


PokerStars Hand #144288553875:  Hold'em Limit ($3/$6 USD) - 2015/11/23 18:24:10 ET
Table 'Lundia' 2-max Seat #1 is the button
Seat 1: RaisemyNut$ ($127.56 in chips)
Seat 2: voloda boris ($168.74 in chips)
RaisemyNut$: posts small blind $1
voloda boris: posts big blind $3
*** HOLE CARDS ***
RaisemyNut$: raises $3 to $6
voloda boris: raises $3 to $9
RaisemyNut$: calls $3
*** FLOP *** [Jc 6c 6s]
voloda boris: bets $3
RaisemyNut$: raises $3 to $6
voloda boris: raises $3 to $9
RaisemyNut$: calls $3
*** TURN *** [Jc 6c 6s] [2d]
voloda boris: checks
RaisemyNut$: checks
*** RIVER *** [Jc 6c 6s 2d] [4d]
voloda boris: checks
RaisemyNut$: checks
*** SHOW DOWN ***
voloda boris: shows [Ah Jd] (two pair, Jacks and Sixes)
RaisemyNut$: mucks hand
voloda boris collected $35.50 from pot
*** SUMMARY ***
Total pot $36 | Rake $0.50
Board [Jc 6c 6s 2d 4d]
Seat 1: RaisemyNut$ (button) (small blind) mucked
Seat 2: voloda boris (big blind) showed [Ah Jd] and won ($35.50) with two pair, Jacks and Sixes


PokerStars Hand #144288544046:  Hold'em Limit ($3/$6 USD) - 2015/11/23 18:23:57 ET
Table 'Lundia' 2-max Seat #2 is the button
Seat 1: RaisemyNut$ ($118.92 in chips)
Seat 2: voloda boris ($177.74 in chips)
voloda boris: posts small blind $1
RaisemyNut$: posts big blind $3
*** HOLE CARDS ***
voloda boris: calls $2
RaisemyNut$: checks
*** FLOP *** [2d Kh Ts]
RaisemyNut$: checks
voloda boris: bets $3
RaisemyNut$: raises $3 to $6
voloda boris: calls $3
*** TURN *** [2d Kh Ts] [Jh]
RaisemyNut$: bets $6
voloda boris: folds
Uncalled bet ($6) returned to RaisemyNut$
RaisemyNut$ collected $17.64 from pot
RaisemyNut$: doesn't show hand
*** SUMMARY ***
Total pot $18 | Rake $0.36
Board [2d Kh Ts Jh]
Seat 1: RaisemyNut$ (big blind) collected ($17.64)
Seat 2: voloda boris (button) (small blind) folded on the Turn


PokerStars Hand #144288531541:  Hold'em Limit ($3/$6 USD) - 2015/11/23 18:23:40 ET
Table 'Lundia' 2-max Seat #1 is the button
Seat 1: RaisemyNut$ ($89.42 in chips)
Seat 2: voloda boris ($207.74 in chips)
RaisemyNut$: posts small blind $1
voloda boris: posts big blind $3
*** HOLE CARDS ***
RaisemyNut$: raises $3 to $6
voloda boris: raises $3 to $9
RaisemyNut$: calls $3
*** FLOP *** [6s As 7c]
voloda boris: bets $3
RaisemyNut$: calls $3
*** TURN *** [6s As 7c] [4d]
voloda boris: bets $6
RaisemyNut$: raises $6 to $12
voloda boris: calls $6
*** RIVER *** [6s As 7c 4d] [Tc]
voloda boris: checks
RaisemyNut$: bets $6
voloda boris: calls $6
*** SHOW DOWN ***
RaisemyNut$: shows [6c Ac] (two pair, Aces and Sixes)
voloda boris: mucks hand
RaisemyNut$ collected $59.50 from pot
*** SUMMARY ***
Total pot $60 | Rake $0.50
Board [6s As 7c 4d Tc]
Seat 1: RaisemyNut$ (button) (small blind) showed [6c Ac] and won ($59.50) with two pair, Aces and Sixes
Seat 2: voloda boris (big blind) mucked


PokerStars Hand #144288566066:  Hold'em Limit ($3/$6 USD) - 2015/11/23 18:24:26 ET
Table 'Lundia' 2-max Seat #2 is the button
Seat 1: RaisemyNut$ ($109.56 in chips)
Seat 2: voloda boris ($186.24 in chips)
voloda boris: posts small blind $1
RaisemyNut$: posts big blind $3
*** HOLE CARDS ***
voloda boris: calls $2
RaisemyNut$: raises $3 to $6
voloda boris: calls $3
*** FLOP *** [4s Ts 3h]
RaisemyNut$: bets $3
voloda boris: calls $3
*** TURN *** [4s Ts 3h] [4h]
RaisemyNut$: bets $6
voloda boris: calls $6
*** RIVER *** [4s Ts 3h 4h] [8h]
RaisemyNut$: checks
voloda boris: bets $6
RaisemyNut$: calls $6
*** SHOW DOWN ***
voloda boris: shows [As 4c] (three of a kind, Fours)
RaisemyNut$: mucks hand
voloda boris collected $41.50 from pot
*** SUMMARY ***
Total pot $42 | Rake $0.50
Board [4s Ts 3h 4h 8h]
Seat 1: RaisemyNut$ (big blind) mucked
Seat 2: voloda boris (button) (small blind) showed [As 4c] and won ($41.50) with three of a kind, Fours


PokerStars Hand #144288611221:  Hold'em Limit ($3/$6 USD) - 2015/11/23 18:25:26 ET
Table 'Lundia' 2-max Seat #2 is the button
Seat 1: RaisemyNut$ ($74.32 in chips)
Seat 2: voloda boris ($219.78 in chips)
voloda boris: posts small blind $1
RaisemyNut$: posts big blind $3
*** HOLE CARDS ***
voloda boris: folds
Uncalled bet ($2) returned to RaisemyNut$
RaisemyNut$ collected $2 from pot
RaisemyNut$: doesn't show hand
*** SUMMARY ***
Total pot $2 | Rake $0
Seat 1: RaisemyNut$ (big blind) collected ($2)
Seat 2: voloda boris (button) (small blind) folded before Flop


PokerStars Hand #144288604124:  Hold'em Limit ($3/$6 USD) - 2015/11/23 18:25:16 ET
Table 'Lundia' 2-max Seat #1 is the button
Seat 1: RaisemyNut$ ($68.56 in chips)
Seat 2: voloda boris ($225.78 in chips)
RaisemyNut$: posts small blind $1
voloda boris: posts big blind $3
*** HOLE CARDS ***
RaisemyNut$: raises $3 to $6
voloda boris: calls $3
*** FLOP *** [2s 8h Ks]
voloda boris: checks
RaisemyNut$: bets $3
voloda boris: folds
Uncalled bet ($3) returned to RaisemyNut$
RaisemyNut$ collected $11.76 from pot
RaisemyNut$: doesn't show hand
*** SUMMARY ***
Total pot $12 | Rake $0.24
Board [2s 8h Ks]
Seat 1: RaisemyNut$ (button) (small blind) collected ($11.76)
Seat 2: voloda boris (big blind) folded on the Flop


PokerStars Hand #144288600569:  Hold'em Limit ($3/$6 USD) - 2015/11/23 18:25:11 ET
Table 'Lundia' 2-max Seat #2 is the button
Seat 1: RaisemyNut$ ($67.56 in chips)
Seat 2: voloda boris ($226.78 in chips)
voloda boris: posts small blind $1
RaisemyNut$: posts big blind $3
*** HOLE CARDS ***
voloda boris: folds
Uncalled bet ($2) returned to RaisemyNut$
RaisemyNut$ collected $2 from pot
RaisemyNut$: doesn't show hand
*** SUMMARY ***
Total pot $2 | Rake $0
Seat 1: RaisemyNut$ (big blind) collected ($2)
Seat 2: voloda boris (button) (small blind) folded before Flop


PokerStars Hand #144288591514:  Hold'em Limit ($3/$6 USD) - 2015/11/23 18:24:59 ET
Table 'Lundia' 2-max Seat #1 is the button
Seat 1: RaisemyNut$ ($79.56 in chips)
Seat 2: voloda boris ($215.26 in chips)
RaisemyNut$: posts small blind $1
voloda boris: posts big blind $3
*** HOLE CARDS ***
RaisemyNut$: raises $3 to $6
voloda boris: raises $3 to $9
RaisemyNut$: calls $3
*** FLOP *** [Qh 3s Js]
voloda boris: bets $3
RaisemyNut$: calls $3
*** TURN *** [Qh 3s Js] [Ac]
voloda boris: bets $6
RaisemyNut$: folds
Uncalled bet ($6) returned to voloda boris
voloda boris collected $23.52 from pot
voloda boris: doesn't show hand
*** SUMMARY ***
Total pot $24 | Rake $0.48
Board [Qh 3s Js Ac]
Seat 1: RaisemyNut$ (button) (small blind) folded on the Turn
Seat 2: voloda boris (big blind) collected ($23.52)


PokerStars Hand #144288581197:  Hold'em Limit ($3/$6 USD) - 2015/11/23 18:24:46 ET
Table 'Lundia' 2-max Seat #2 is the button
Seat 1: RaisemyNut$ ($91.56 in chips)
Seat 2: voloda boris ($203.74 in chips)
voloda boris: posts small blind $1
RaisemyNut$: posts big blind $3
*** HOLE CARDS ***
voloda boris: calls $2
RaisemyNut$: checks
*** FLOP *** [Qc 9s Js]
RaisemyNut$: bets $3
voloda boris: calls $3
*** TURN *** [Qc 9s Js] [3s]
RaisemyNut$: bets $6
voloda boris: calls $6
*** RIVER *** [Qc 9s Js 3s] [4c]
RaisemyNut$: checks
voloda boris: checks
*** SHOW DOWN ***
RaisemyNut$: shows [5h Tc] (high card Queen)
voloda boris: shows [7h 9c] (a pair of Nines)
voloda boris collected $23.52 from pot
*** SUMMARY ***
Total pot $24 | Rake $0.48
Board [Qc 9s Js 3s 4c]
Seat 1: RaisemyNut$ (big blind) showed [5h Tc] and lost with high card Queen
Seat 2: voloda boris (button) (small blind) showed [7h 9c] and won ($23.52) with a pair of Nines


PokerStars Hand #144288577328:  Hold'em Limit ($3/$6 USD) - 2015/11/23 18:24:41 ET
Table 'Lundia' 2-max Seat #1 is the button
Seat 1: RaisemyNut$ ($88.56 in chips)
Seat 2: voloda boris ($206.74 in chips)
RaisemyNut$: posts small blind $1
voloda boris: posts big blind $3
*** HOLE CARDS ***
RaisemyNut$: raises $3 to $6
voloda boris: folds
Uncalled bet ($3) returned to RaisemyNut$
RaisemyNut$ collected $6 from pot
RaisemyNut$: doesn't show hand
*** SUMMARY ***
Total pot $6 | Rake $0
Seat 1: RaisemyNut$ (button) (small blind) collected ($6)
Seat 2: voloda boris (big blind) folded before Flop


PokerStars Hand #144288614709:  Hold'em Limit ($3/$6 USD) - 2015/11/23 18:25:30 ET
Table 'Lundia' 2-max Seat #1 is the button
Seat 1: RaisemyNut$ ($75.32 in chips)
Seat 2: voloda boris ($218.78 in chips)
RaisemyNut$: posts small blind $1
voloda boris: posts big blind $3
*** HOLE CARDS ***
RaisemyNut$: raises $3 to $6
voloda boris: calls $3
*** FLOP *** [8c 4s 4d]
voloda boris: checks
RaisemyNut$: bets $3
voloda boris: folds
Uncalled bet ($3) returned to RaisemyNut$
RaisemyNut$ collected $11.76 from pot
RaisemyNut$: doesn't show hand
*** SUMMARY ***
Total pot $12 | Rake $0.24
Board [8c 4s 4d]
Seat 1: RaisemyNut$ (button) (small blind) collected ($11.76)
Seat 2: voloda boris (big blind) folded on the Flop


PokerStars Hand #144288644991:  Hold'em Limit ($3/$6 USD) - 2015/11/23 18:26:11 ET
Table 'Lundia' 2-max Seat #2 is the button
Seat 1: RaisemyNut$ ($60 in chips)
Seat 2: voloda boris ($250.78 in chips)
voloda boris: posts small blind $1
RaisemyNut$: posts big blind $3
*** HOLE CARDS ***
voloda boris: folds
Uncalled bet ($2) returned to RaisemyNut$
RaisemyNut$ collected $2 from pot
RaisemyNut$: doesn't show hand
*** SUMMARY ***
Total pot $2 | Rake $0
Seat 1: RaisemyNut$ (big blind) collected ($2)
Seat 2: voloda boris (button) (small blind) folded before Flop


PokerStars Hand #144288633010:  Hold'em Limit ($3/$6 USD) - 2015/11/23 18:25:54 ET
Table 'Lundia' 2-max Seat #1 is the button
Seat 1: RaisemyNut$ ($63.08 in chips)
Seat 2: voloda boris ($230.28 in chips)
RaisemyNut$: posts small blind $1
voloda boris: posts big blind $3
*** HOLE CARDS ***
RaisemyNut$: raises $3 to $6
voloda boris: calls $3
*** FLOP *** [2c Kd 9s]
voloda boris: checks
RaisemyNut$: bets $3
voloda boris: calls $3
*** TURN *** [2c Kd 9s] [Ks]
voloda boris: checks
RaisemyNut$: bets $6
voloda boris: calls $6
*** RIVER *** [2c Kd 9s Ks] [Kh]
voloda boris: bets $6
RaisemyNut$: calls $6
*** SHOW DOWN ***
voloda boris: shows [6h Kc] (four of a kind, Kings)
RaisemyNut$: mucks hand
voloda boris collected $41.50 from pot
*** SUMMARY ***
Total pot $42 | Rake $0.50
Board [2c Kd 9s Ks Kh]
Seat 1: RaisemyNut$ (button) (small blind) mucked
Seat 2: voloda boris (big blind) showed [6h Kc] and won ($41.50) with four of a kind, Kings


PokerStars Hand #144288620989:  Hold'em Limit ($3/$6 USD) - 2015/11/23 18:25:38 ET
Table 'Lundia' 2-max Seat #2 is the button
Seat 1: RaisemyNut$ ($81.08 in chips)
Seat 2: voloda boris ($212.78 in chips)
voloda boris: posts small blind $1
RaisemyNut$: posts big blind $3
*** HOLE CARDS ***
voloda boris: calls $2
RaisemyNut$: checks
*** FLOP *** [7d 4c 2d]
RaisemyNut$: bets $3
voloda boris: calls $3
*** TURN *** [7d 4c 2d] [8c]
RaisemyNut$: bets $6
voloda boris: calls $6
*** RIVER *** [7d 4c 2d 8c] [Ad]
RaisemyNut$: checks
voloda boris: bets $6
RaisemyNut$: calls $6
*** SHOW DOWN ***
voloda boris: shows [Td 8h] (a pair of Eights)
RaisemyNut$: mucks hand
voloda boris collected $35.50 from pot
*** SUMMARY ***
Total pot $36 | Rake $0.50
Board [7d 4c 2d 8c Ad]
Seat 1: RaisemyNut$ (big blind) mucked
Seat 2: voloda boris (button) (small blind) showed [Td 8h] and won ($35.50) with a pair of Eights


PokerStars Hand #144288648523:  Hold'em Limit ($3/$6 USD) - 2015/11/23 18:26:15 ET
Table 'Lundia' 2-max Seat #1 is the button
Seat 1: RaisemyNut$ ($61 in chips)
Seat 2: voloda boris ($249.78 in chips)
RaisemyNut$: posts small blind $1
voloda boris: posts big blind $3
*** HOLE CARDS ***
RaisemyNut$: raises $3 to $6
voloda boris: calls $3
*** FLOP *** [5h Ks 3d]
voloda boris: checks
RaisemyNut$: bets $3
voloda boris: calls $3
*** TURN *** [5h Ks 3d] [8s]
voloda boris: checks
RaisemyNut$: bets $6
voloda boris: calls $6
*** RIVER *** [5h Ks 3d 8s] [9h]
voloda boris: checks
RaisemyNut$: bets $6
voloda boris: calls $6
*** SHOW DOWN ***
RaisemyNut$: shows [Qs Kd] (a pair of Kings)
voloda boris: mucks hand
RaisemyNut$ collected $41.50 from pot
*** SUMMARY ***
Total pot $42 | Rake $0.50
Board [5h Ks 3d 8s 9h]
Seat 1: RaisemyNut$ (button) (small blind) showed [Qs Kd] and won ($41.50) with a pair of Kings
Seat 2: voloda boris (big blind) mucked


PokerStars Hand #144288688035:  Hold'em Limit ($3/$6 USD) - 2015/11/23 18:27:08 ET
Table 'Lundia' 2-max Seat #2 is the button
Seat 1: RaisemyNut$ ($66.26 in chips)
Seat 2: voloda boris ($243.16 in chips)
voloda boris: posts small blind $1
RaisemyNut$: posts big blind $3
*** HOLE CARDS ***
voloda boris: calls $2
RaisemyNut$: raises $3 to $6
voloda boris: calls $3
*** FLOP *** [2h Td 2s]
RaisemyNut$: bets $3
voloda boris: calls $3
*** TURN *** [2h Td 2s] [Th]
RaisemyNut$: bets $6
voloda boris: calls $6
*** RIVER *** [2h Td 2s Th] [6h]
RaisemyNut$: bets $6
voloda boris: raises $6 to $12
RaisemyNut$: folds
Uncalled bet ($6) returned to voloda boris
voloda boris collected $41.50 from pot
voloda boris: doesn't show hand
*** SUMMARY ***
Total pot $42 | Rake $0.50
Board [2h Td 2s Th 6h]
Seat 1: RaisemyNut$ (big blind) folded on the River
Seat 2: voloda boris (button) (small blind) collected ($41.50)


PokerStars Hand #144288684199:  Hold'em Limit ($3/$6 USD) - 2015/11/23 18:27:03 ET
Table 'Lundia' 2-max Seat #1 is the button
Seat 1: RaisemyNut$ ($63.26 in chips)
Seat 2: voloda boris ($246.16 in chips)
RaisemyNut$: posts small blind $1
voloda boris: posts big blind $3
*** HOLE CARDS ***
RaisemyNut$: raises $3 to $6
voloda boris: folds
Uncalled bet ($3) returned to RaisemyNut$
RaisemyNut$ collected $6 from pot
RaisemyNut$: doesn't show hand
*** SUMMARY ***
Total pot $6 | Rake $0
Seat 1: RaisemyNut$ (button) (small blind) collected ($6)
Seat 2: voloda boris (big blind) folded before Flop


PokerStars Hand #144288677163:  Hold'em Limit ($3/$6 USD) - 2015/11/23 18:26:53 ET
Table 'Lundia' 2-max Seat #2 is the button
Seat 1: RaisemyNut$ ($66.26 in chips)
Seat 2: voloda boris ($243.28 in chips)
voloda boris: posts small blind $1
RaisemyNut$: posts big blind $3
*** HOLE CARDS ***
voloda boris: calls $2
RaisemyNut$: checks
*** FLOP *** [9d 4c 2s]
RaisemyNut$: checks
voloda boris: bets $3
RaisemyNut$: folds
Uncalled bet ($3) returned to voloda boris
voloda boris collected $5.88 from pot
voloda boris: doesn't show hand
*** SUMMARY ***
Total pot $6 | Rake $0.12
Board [9d 4c 2s]
Seat 1: RaisemyNut$ (big blind) folded on the Flop
Seat 2: voloda boris (button) (small blind) collected ($5.88)


PokerStars Hand #144288671191:  Hold'em Limit ($3/$6 USD) - 2015/11/23 18:26:45 ET
Table 'Lundia' 2-max Seat #1 is the button
Seat 1: RaisemyNut$ ($60.50 in chips)
Seat 2: voloda boris ($249.28 in chips)
RaisemyNut$: posts small blind $1
voloda boris: posts big blind $3
*** HOLE CARDS ***
RaisemyNut$: raises $3 to $6
voloda boris: calls $3
*** FLOP *** [Qh Td Ah]
voloda boris: checks
RaisemyNut$: bets $3
voloda boris: folds
Uncalled bet ($3) returned to RaisemyNut$
RaisemyNut$ collected $11.76 from pot
RaisemyNut$: doesn't show hand
*** SUMMARY ***
Total pot $12 | Rake $0.24
Board [Qh Td Ah]
Seat 1: RaisemyNut$ (button) (small blind) collected ($11.76)
Seat 2: voloda boris (big blind) folded on the Flop


PokerStars Hand #144288659212:  Hold'em Limit ($3/$6 USD) - 2015/11/23 18:26:30 ET
Table 'Lundia' 2-max Seat #2 is the button
Seat 1: RaisemyNut$ ($81.50 in chips)
Seat 2: voloda boris ($228.78 in chips)
voloda boris: posts small blind $1
RaisemyNut$: posts big blind $3
*** HOLE CARDS ***
voloda boris: calls $2
RaisemyNut$: raises $3 to $6
voloda boris: calls $3
*** FLOP *** [Qh 5d 3h]
RaisemyNut$: bets $3
voloda boris: calls $3
*** TURN *** [Qh 5d 3h] [5c]
RaisemyNut$: bets $6
voloda boris: calls $6
*** RIVER *** [Qh 5d 3h 5c] [Kh]
RaisemyNut$: checks
voloda boris: bets $6
RaisemyNut$: calls $6
*** SHOW DOWN ***
voloda boris: shows [7h 2h] (a flush, King high)
RaisemyNut$: mucks hand
voloda boris collected $41.50 from pot
*** SUMMARY ***
Total pot $42 | Rake $0.50
Board [Qh 5d 3h 5c Kh]
Seat 1: RaisemyNut$ (big blind) mucked
Seat 2: voloda boris (button) (small blind) showed [7h 2h] and won ($41.50) with a flush, King high


PokerStars Hand #144288698696:  Hold'em Limit ($3/$6 USD) - 2015/11/23 18:27:22 ET
Table 'Lundia' 2-max Seat #1 is the button
Seat 1: RaisemyNut$ ($60 in chips)
Seat 2: voloda boris ($263.66 in chips)
RaisemyNut$: posts small blind $1
voloda boris: posts big blind $3
*** HOLE CARDS ***
RaisemyNut$: raises $3 to $6
voloda boris: calls $3
*** FLOP *** [9h Qc 7h]
voloda boris: checks
RaisemyNut$: bets $3
voloda boris: calls $3
*** TURN *** [9h Qc 7h] [3c]
voloda boris: checks
RaisemyNut$: bets $6
voloda boris: calls $6
*** RIVER *** [9h Qc 7h 3c] [Th]
voloda boris: checks
RaisemyNut$: checks
*** SHOW DOWN ***
voloda boris: shows [8c 8d] (a pair of Eights)
RaisemyNut$: mucks hand
voloda boris collected $29.50 from pot
*** SUMMARY ***
Total pot $30 | Rake $0.50
Board [9h Qc 7h 3c Th]
Seat 1: RaisemyNut$ (button) (small blind) mucked
Seat 2: voloda boris (big blind) showed [8c 8d] and won ($29.50) with a pair of Eights


PokerStars Hand #144288744475:  Hold'em Limit ($3/$6 USD) - 2015/11/23 18:28:23 ET
Table 'Lundia' 2-max Seat #2 is the button
Seat 1: RaisemyNut$ ($100.76 in chips)
Seat 2: voloda boris ($239.04 in chips)
voloda boris: posts small blind $1
RaisemyNut$: posts big blind $3
*** HOLE CARDS ***
voloda boris: folds
Uncalled bet ($2) returned to RaisemyNut$
RaisemyNut$ collected $2 from pot
RaisemyNut$: doesn't show hand
*** SUMMARY ***
Total pot $2 | Rake $0
Seat 1: RaisemyNut$ (big blind) collected ($2)
Seat 2: voloda boris (button) (small blind) folded before Flop


PokerStars Hand #144288738347:  Hold'em Limit ($3/$6 USD) - 2015/11/23 18:28:15 ET
Table 'Lundia' 2-max Seat #1 is the button
Seat 1: RaisemyNut$ ($95 in chips)
Seat 2: voloda boris ($245.04 in chips)
RaisemyNut$: posts small blind $1
voloda boris: posts big blind $3
*** HOLE CARDS ***
RaisemyNut$: raises $3 to $6
voloda boris: calls $3
*** FLOP *** [7c As Kc]
voloda boris: checks
RaisemyNut$: bets $3
voloda boris: folds
Uncalled bet ($3) returned to RaisemyNut$
RaisemyNut$ collected $11.76 from pot
RaisemyNut$: doesn't show hand
*** SUMMARY ***
Total pot $12 | Rake $0.24
Board [7c As Kc]
Seat 1: RaisemyNut$ (button) (small blind) collected ($11.76)
Seat 2: voloda boris (big blind) folded on the Flop


PokerStars Hand #144288725314:  Hold'em Limit ($3/$6 USD) - 2015/11/23 18:27:57 ET
Table 'Lundia' 2-max Seat #2 is the button
Seat 1: RaisemyNut$ ($74.50 in chips)
Seat 2: voloda boris ($266.04 in chips)
voloda boris: posts small blind $1
RaisemyNut$: posts big blind $3
*** HOLE CARDS ***
voloda boris: calls $2
RaisemyNut$: raises $3 to $6
voloda boris: raises $3 to $9
RaisemyNut$: calls $3
*** FLOP *** [4s 2d 6h]
RaisemyNut$: checks
voloda boris: bets $3
RaisemyNut$: raises $3 to $6
voloda boris: calls $3
*** TURN *** [4s 2d 6h] [5d]
RaisemyNut$: bets $6
voloda boris: calls $6
*** RIVER *** [4s 2d 6h 5d] [Kd]
RaisemyNut$: bets $6
voloda boris: folds
Uncalled bet ($6) returned to RaisemyNut$
RaisemyNut$ collected $41.50 from pot
RaisemyNut$: doesn't show hand
*** SUMMARY ***
Total pot $42 | Rake $0.50
Board [4s 2d 6h 5d Kd]
Seat 1: RaisemyNut$ (big blind) collected ($41.50)
Seat 2: voloda boris (button) (small blind) folded on the River


PokerStars Hand #144288715218:  Hold'em Limit ($3/$6 USD) - 2015/11/23 18:27:44 ET
Table 'Lundia' 2-max Seat #1 is the button
Seat 1: RaisemyNut$ ($60 in chips)
Seat 2: voloda boris ($281.04 in chips)
RaisemyNut$: posts small blind $1
voloda boris: posts big blind $3
*** HOLE CARDS ***
RaisemyNut$: raises $3 to $6
voloda boris: calls $3
*** FLOP *** [Jc 3d Kh]
voloda boris: checks
RaisemyNut$: bets $3
voloda boris: calls $3
*** TURN *** [Jc 3d Kh] [9c]
voloda boris: checks
RaisemyNut$: bets $6
voloda boris: calls $6
*** RIVER *** [Jc 3d Kh 9c] [7s]
voloda boris: checks
RaisemyNut$: bets $6
voloda boris: folds
Uncalled bet ($6) returned to RaisemyNut$
RaisemyNut$ collected $29.50 from pot
RaisemyNut$: doesn't show hand
*** SUMMARY ***
Total pot $30 | Rake $0.50
Board [Jc 3d Kh 9c 7s]
Seat 1: RaisemyNut$ (button) (small blind) collected ($29.50)
Seat 2: voloda boris (big blind) folded on the River


PokerStars Hand #144288708213:  Hold'em Limit ($3/$6 USD) - 2015/11/23 18:27:35 ET
Table 'Lundia' 2-max Seat #2 is the button
Seat 1: RaisemyNut$ ($60 in chips)
Seat 2: voloda boris ($278.16 in chips)
voloda boris: posts small blind $1
RaisemyNut$: posts big blind $3
*** HOLE CARDS ***
voloda boris: calls $2
RaisemyNut$: checks
*** FLOP *** [5s Qh Ad]
RaisemyNut$: checks
voloda boris: bets $3
RaisemyNut$: folds
Uncalled bet ($3) returned to voloda boris
voloda boris collected $5.88 from pot
voloda boris: doesn't show hand
*** SUMMARY ***
Total pot $6 | Rake $0.12
Board [5s Qh Ad]
Seat 1: RaisemyNut$ (big blind) folded on the Flop
Seat 2: voloda boris (button) (small blind) collected ($5.88)


PokerStars Hand #144288782833:  Hold'em Limit ($3/$6 USD) - 2015/11/23 18:29:15 ET
Table 'Lundia' 2-max Seat #1 is the button
Seat 1: RaisemyNut$ ($121.78 in chips)
Seat 2: voloda boris ($216.68 in chips)
RaisemyNut$: posts small blind $1
voloda boris: posts big blind $3
*** HOLE CARDS ***
RaisemyNut$: raises $3 to $6
voloda boris: folds
Uncalled bet ($3) returned to RaisemyNut$
RaisemyNut$ collected $6 from pot
RaisemyNut$: doesn't show hand
*** SUMMARY ***
Total pot $6 | Rake $0
Seat 1: RaisemyNut$ (button) (small blind) collected ($6)
Seat 2: voloda boris (big blind) folded before Flop


PokerStars Hand #144288772826:  Hold'em Limit ($3/$6 USD) - 2015/11/23 18:29:01 ET
Table 'Lundia' 2-max Seat #2 is the button
Seat 1: RaisemyNut$ ($130.78 in chips)
Seat 2: voloda boris ($208.04 in chips)
voloda boris: posts small blind $1
RaisemyNut$: posts big blind $3
*** HOLE CARDS ***
voloda boris: calls $2
RaisemyNut$: checks
*** FLOP *** [Jc Qd Ks]
RaisemyNut$: checks
voloda boris: checks
*** TURN *** [Jc Qd Ks] [Ad]
RaisemyNut$: bets $6
voloda boris: calls $6
*** RIVER *** [Jc Qd Ks Ad] [3c]
RaisemyNut$: checks
voloda boris: checks
*** SHOW DOWN ***
RaisemyNut$: shows [9s 2s] (high card Ace)
voloda boris: shows [As 5h] (a pair of Aces)
voloda boris collected $17.64 from pot
*** SUMMARY ***
Total pot $18 | Rake $0.36
Board [Jc Qd Ks Ad 3c]
Seat 1: RaisemyNut$ (big blind) showed [9s 2s] and lost with high card Ace
Seat 2: voloda boris (button) (small blind) showed [As 5h] and won ($17.64) with a pair of Aces


PokerStars Hand #144288766939:  Hold'em Limit ($3/$6 USD) - 2015/11/23 18:28:53 ET
Table 'Lundia' 2-max Seat #1 is the button
Seat 1: RaisemyNut$ ($125.02 in chips)
Seat 2: voloda boris ($214.04 in chips)
RaisemyNut$: posts small blind $1
voloda boris: posts big blind $3
*** HOLE CARDS ***
RaisemyNut$: raises $3 to $6
voloda boris: calls $3
*** FLOP *** [5d Th 7c]
voloda boris: checks
RaisemyNut$: bets $3
voloda boris: folds
Uncalled bet ($3) returned to RaisemyNut$
RaisemyNut$ collected $11.76 from pot
RaisemyNut$: doesn't show hand
*** SUMMARY ***
Total pot $12 | Rake $0.24
Board [5d Th 7c]
Seat 1: RaisemyNut$ (button) (small blind) collected ($11.76)
Seat 2: voloda boris (big blind) folded on the Flop


PokerStars Hand #144288760335:  Hold'em Limit ($3/$6 USD) - 2015/11/23 18:28:44 ET
Table 'Lundia' 2-max Seat #2 is the button
Seat 1: RaisemyNut$ ($119.26 in chips)
Seat 2: voloda boris ($220.04 in chips)
voloda boris: posts small blind $1
RaisemyNut$: posts big blind $3
*** HOLE CARDS ***
voloda boris: calls $2
RaisemyNut$: raises $3 to $6
voloda boris: calls $3
*** FLOP *** [Th Kc Js]
RaisemyNut$: bets $3
voloda boris: folds
Uncalled bet ($3) returned to RaisemyNut$
RaisemyNut$ collected $11.76 from pot
RaisemyNut$: doesn't show hand
*** SUMMARY ***
Total pot $12 | Rake $0.24
Board [Th Kc Js]
Seat 1: RaisemyNut$ (big blind) collected ($11.76)
Seat 2: voloda boris (button) (small blind) folded on the Flop


PokerStars Hand #144288748243:  Hold'em Limit ($3/$6 USD) - 2015/11/23 18:28:28 ET
Table 'Lundia' 2-max Seat #1 is the button
Seat 1: RaisemyNut$ ($101.76 in chips)
Seat 2: voloda boris ($238.04 in chips)
RaisemyNut$: posts small blind $1
voloda boris: posts big blind $3
*** HOLE CARDS ***
RaisemyNut$: raises $3 to $6
voloda boris: raises $3 to $9
RaisemyNut$: calls $3
*** FLOP *** [Qs 3s Td]
voloda boris: bets $3
RaisemyNut$: calls $3
*** TURN *** [Qs 3s Td] [3d]
voloda boris: bets $6
RaisemyNut$: raises $6 to $12
voloda boris: folds
Uncalled bet ($6) returned to RaisemyNut$
RaisemyNut$ collected $35.50 from pot
RaisemyNut$: doesn't show hand
*** SUMMARY ***
Total pot $36 | Rake $0.50
Board [Qs 3s Td 3d]
Seat 1: RaisemyNut$ (button) (small blind) collected ($35.50)
Seat 2: voloda boris (big blind) folded on the Turn


PokerStars Hand #144288786438:  Hold'em Limit ($3/$6 USD) - 2015/11/23 18:29:20 ET
Table 'Lundia' 2-max Seat #2 is the button
Seat 1: RaisemyNut$ ($124.78 in chips)
Seat 2: voloda boris ($213.68 in chips)
voloda boris: posts small blind $1
RaisemyNut$: posts big blind $3
*** HOLE CARDS ***
voloda boris: calls $2
RaisemyNut$: checks
*** FLOP *** [Ac 5h Tc]
RaisemyNut$: checks
voloda boris: checks
*** TURN *** [Ac 5h Tc] [2d]
RaisemyNut$: checks
voloda boris: checks
*** RIVER *** [Ac 5h Tc 2d] [3h]
RaisemyNut$: checks
voloda boris: bets $6
RaisemyNut$: folds
Uncalled bet ($6) returned to voloda boris
voloda boris collected $5.88 from pot
voloda boris: doesn't show hand
*** SUMMARY ***
Total pot $6 | Rake $0.12
Board [Ac 5h Tc 2d 3h]
Seat 1: RaisemyNut$ (big blind) folded on the River
Seat 2: voloda boris (button) (small blind) collected ($5.88)


PokerStars Hand #144288833745:  Hold'em Limit ($3/$6 USD) - 2015/11/23 18:30:24 ET
Table 'Lundia' 2-max Seat #1 is the button
Seat 1: RaisemyNut$ ($138.92 in chips)
Seat 2: voloda boris ($198.20 in chips)
RaisemyNut$: posts small blind $1
voloda boris: posts big blind $3
*** HOLE CARDS ***
RaisemyNut$: raises $3 to $6
voloda boris: raises $3 to $9
RaisemyNut$: calls $3
*** FLOP *** [9h Ac 7h]
voloda boris: bets $3
RaisemyNut$: folds
Uncalled bet ($3) returned to voloda boris
voloda boris collected $17.64 from pot
voloda boris: doesn't show hand
*** SUMMARY ***
Total pot $18 | Rake $0.36
Board [9h Ac 7h]
Seat 1: RaisemyNut$ (button) (small blind) folded on the Flop
Seat 2: voloda boris (big blind) collected ($17.64)


PokerStars Hand #144288829598:  Hold'em Limit ($3/$6 USD) - 2015/11/23 18:30:18 ET
Table 'Lundia' 2-max Seat #2 is the button
Seat 1: RaisemyNut$ ($137.92 in chips)
Seat 2: voloda boris ($199.20 in chips)
voloda boris: posts small blind $1
RaisemyNut$: posts big blind $3
*** HOLE CARDS ***
voloda boris: folds
Uncalled bet ($2) returned to RaisemyNut$
RaisemyNut$ collected $2 from pot
RaisemyNut$: doesn't show hand
*** SUMMARY ***
Total pot $2 | Rake $0
Seat 1: RaisemyNut$ (big blind) collected ($2)
Seat 2: voloda boris (button) (small blind) folded before Flop


PokerStars Hand #144288820905:  Hold'em Limit ($3/$6 USD) - 2015/11/23 18:30:06 ET
Table 'Lundia' 2-max Seat #1 is the button
Seat 1: RaisemyNut$ ($129.28 in chips)
Seat 2: voloda boris ($208.20 in chips)
RaisemyNut$: posts small blind $1
voloda boris: posts big blind $3
*** HOLE CARDS ***
RaisemyNut$: raises $3 to $6
voloda boris: calls $3
*** FLOP *** [2s 8d 9c]
voloda boris: checks
RaisemyNut$: bets $3
voloda boris: calls $3
*** TURN *** [2s 8d 9c] [Ac]
voloda boris: checks
RaisemyNut$: bets $6
voloda boris: folds
Uncalled bet ($6) returned to RaisemyNut$
RaisemyNut$ collected $17.64 from pot
RaisemyNut$: doesn't show hand
*** SUMMARY ***
Total pot $18 | Rake $0.36
Board [2s 8d 9c Ac]
Seat 1: RaisemyNut$ (button) (small blind) collected ($17.64)
Seat 2: voloda boris (big blind) folded on the Turn


PokerStars Hand #144288817474:  Hold'em Limit ($3/$6 USD) - 2015/11/23 18:30:02 ET
Table 'Lundia' 2-max Seat #2 is the button
Seat 1: RaisemyNut$ ($128.28 in chips)
Seat 2: voloda boris ($209.20 in chips)
voloda boris: posts small blind $1
RaisemyNut$: posts big blind $3
*** HOLE CARDS ***
voloda boris: folds
Uncalled bet ($2) returned to RaisemyNut$
RaisemyNut$ collected $2 from pot
RaisemyNut$: doesn't show hand
*** SUMMARY ***
Total pot $2 | Rake $0
Seat 1: RaisemyNut$ (big blind) collected ($2)
Seat 2: voloda boris (button) (small blind) folded before Flop


PokerStars Hand #144288807618:  Hold'em Limit ($3/$6 USD) - 2015/11/23 18:29:48 ET
Table 'Lundia' 2-max Seat #1 is the button
Seat 1: RaisemyNut$ ($113.78 in chips)
Seat 2: voloda boris ($224.20 in chips)
RaisemyNut$: posts small blind $1
voloda boris: posts big blind $3
*** HOLE CARDS ***
RaisemyNut$: raises $3 to $6
voloda boris: calls $3
*** FLOP *** [Kh 8c 4s]
voloda boris: checks
RaisemyNut$: bets $3
voloda boris: calls $3
*** TURN *** [Kh 8c 4s] [Kd]
voloda boris: checks
RaisemyNut$: checks
*** RIVER *** [Kh 8c 4s Kd] [Jh]
voloda boris: checks
RaisemyNut$: bets $6
voloda boris: calls $6
*** SHOW DOWN ***
RaisemyNut$: shows [As 4h] (two pair, Kings and Fours)
voloda boris: mucks hand
RaisemyNut$ collected $29.50 from pot
*** SUMMARY ***
Total pot $30 | Rake $0.50
Board [Kh 8c 4s Kd Jh]
Seat 1: RaisemyNut$ (button) (small blind) showed [As 4h] and won ($29.50) with two pair, Kings and Fours
Seat 2: voloda boris (big blind) mucked


PokerStars Hand #144288804162:  Hold'em Limit ($3/$6 USD) - 2015/11/23 18:29:44 ET
Table 'Lundia' 2-max Seat #2 is the button
Seat 1: RaisemyNut$ ($112.78 in chips)
Seat 2: voloda boris ($225.20 in chips)
voloda boris: posts small blind $1
RaisemyNut$: posts big blind $3
*** HOLE CARDS ***
voloda boris: folds
Uncalled bet ($2) returned to RaisemyNut$
RaisemyNut$ collected $2 from pot
RaisemyNut$: doesn't show hand
*** SUMMARY ***
Total pot $2 | Rake $0
Seat 1: RaisemyNut$ (big blind) collected ($2)
Seat 2: voloda boris (button) (small blind) folded before Flop


PokerStars Hand #144288797214:  Hold'em Limit ($3/$6 USD) - 2015/11/23 18:29:34 ET
Table 'Lundia' 2-max Seat #1 is the button
Seat 1: RaisemyNut$ ($121.78 in chips)
Seat 2: voloda boris ($216.56 in chips)
RaisemyNut$: posts small blind $1
voloda boris: posts big blind $3
*** HOLE CARDS ***
RaisemyNut$: raises $3 to $6
voloda boris: raises $3 to $9
RaisemyNut$: calls $3
*** FLOP *** [Kh Ac 3h]
voloda boris: bets $3
RaisemyNut$: folds
Uncalled bet ($3) returned to voloda boris
voloda boris collected $17.64 from pot
voloda boris: doesn't show hand
*** SUMMARY ***
Total pot $18 | Rake $0.36
Board [Kh Ac 3h]
Seat 1: RaisemyNut$ (button) (small blind) folded on the Flop
Seat 2: voloda boris (big blind) collected ($17.64)


PokerStars Hand #144288888721:  Hold'em Limit ($3/$6 USD) - 2015/11/23 18:31:38 ET
Table 'Lundia' 2-max Seat #1 is the button
Seat 1: RaisemyNut$ ($182.92 in chips)
Seat 2: voloda boris ($152.84 in chips)
RaisemyNut$: posts small blind $1
voloda boris: posts big blind $3
*** HOLE CARDS ***
RaisemyNut$: raises $3 to $6
voloda boris: folds
Uncalled bet ($3) returned to RaisemyNut$
RaisemyNut$ collected $6 from pot
RaisemyNut$: doesn't show hand
*** SUMMARY ***
Total pot $6 | Rake $0
Seat 1: RaisemyNut$ (button) (small blind) collected ($6)
Seat 2: voloda boris (big blind) folded before Flop


PokerStars Hand #144288876213:  Hold'em Limit ($3/$6 USD) - 2015/11/23 18:31:21 ET
Table 'Lundia' 2-max Seat #2 is the button
Seat 1: RaisemyNut$ ($162.42 in chips)
Seat 2: voloda boris ($173.84 in chips)
voloda boris: posts small blind $1
RaisemyNut$: posts big blind $3
*** HOLE CARDS ***
voloda boris: calls $2
RaisemyNut$: raises $3 to $6
voloda boris: raises $3 to $9
RaisemyNut$: raises $3 to $12
Betting is capped
voloda boris: calls $3
*** FLOP *** [Td 5h Kc]
RaisemyNut$: bets $3
voloda boris: calls $3
*** TURN *** [Td 5h Kc] [8d]
RaisemyNut$: bets $6
voloda boris: calls $6
*** RIVER *** [Td 5h Kc 8d] [7s]
RaisemyNut$: bets $6
voloda boris: folds
Uncalled bet ($6) returned to RaisemyNut$
RaisemyNut$ collected $41.50 from pot
RaisemyNut$: doesn't show hand
*** SUMMARY ***
Total pot $42 | Rake $0.50
Board [Td 5h Kc 8d 7s]
Seat 1: RaisemyNut$ (big blind) collected ($41.50)
Seat 2: voloda boris (button) (small blind) folded on the River


PokerStars Hand #144288872126:  Hold'em Limit ($3/$6 USD) - 2015/11/23 18:31:16 ET
Table 'Lundia' 2-max Seat #1 is the button
Seat 1: RaisemyNut$ ($163.42 in chips)
Seat 2: voloda boris ($172.84 in chips)
RaisemyNut$: posts small blind $1
voloda boris: posts big blind $3
*** HOLE CARDS ***
RaisemyNut$: folds
Uncalled bet ($2) returned to voloda boris
voloda boris collected $2 from pot
voloda boris: doesn't show hand
*** SUMMARY ***
Total pot $2 | Rake $0
Seat 1: RaisemyNut$ (button) (small blind) folded before Flop
Seat 2: voloda boris (big blind) collected ($2)


PokerStars Hand #144288856336:  Hold'em Limit ($3/$6 USD) - 2015/11/23 18:30:54 ET
Table 'Lundia' 2-max Seat #2 is the button
Seat 1: RaisemyNut$ ($133.92 in chips)
Seat 2: voloda boris ($202.84 in chips)
voloda boris: posts small blind $1
RaisemyNut$: posts big blind $3
*** HOLE CARDS ***
voloda boris: calls $2
RaisemyNut$: raises $3 to $6
voloda boris: raises $3 to $9
RaisemyNut$: raises $3 to $12
Betting is capped
voloda boris: calls $3
*** FLOP *** [Qh Ah 9s]
RaisemyNut$: bets $3
voloda boris: raises $3 to $6
RaisemyNut$: calls $3
*** TURN *** [Qh Ah 9s] [6h]
RaisemyNut$: checks
voloda boris: bets $6
RaisemyNut$: calls $6
*** RIVER *** [Qh Ah 9s 6h] [Kh]
RaisemyNut$: bets $6
voloda boris: calls $6
*** SHOW DOWN ***
RaisemyNut$: shows [8h 8d] (a flush, Ace high)
voloda boris: mucks hand
RaisemyNut$ collected $59.50 from pot
*** SUMMARY ***
Total pot $60 | Rake $0.50
Board [Qh Ah 9s 6h Kh]
Seat 1: RaisemyNut$ (big blind) showed [8h 8d] and won ($59.50) with a flush, Ace high
Seat 2: voloda boris (button) (small blind) mucked


PokerStars Hand #144288849722:  Hold'em Limit ($3/$6 USD) - 2015/11/23 18:30:45 ET
Table 'Lundia' 2-max Seat #1 is the button
Seat 1: RaisemyNut$ ($130.92 in chips)
Seat 2: voloda boris ($205.84 in chips)
RaisemyNut$: posts small blind $1
voloda boris: posts big blind $3
*** HOLE CARDS ***
RaisemyNut$: raises $3 to $6
voloda boris: folds
Uncalled bet ($3) returned to RaisemyNut$
RaisemyNut$ collected $6 from pot
RaisemyNut$: doesn't show hand
*** SUMMARY ***
Total pot $6 | Rake $0
Seat 1: RaisemyNut$ (button) (small blind) collected ($6)
Seat 2: voloda boris (big blind) folded before Flop


PokerStars Hand #144288846497:  Hold'em Limit ($3/$6 USD) - 2015/11/23 18:30:41 ET
Table 'Lundia' 2-max Seat #2 is the button
Seat 1: RaisemyNut$ ($129.92 in chips)
Seat 2: voloda boris ($206.84 in chips)
voloda boris: posts small blind $1
RaisemyNut$: posts big blind $3
*** HOLE CARDS ***
voloda boris: folds
Uncalled bet ($2) returned to RaisemyNut$
RaisemyNut$ collected $2 from pot
RaisemyNut$: doesn't show hand
*** SUMMARY ***
Total pot $2 | Rake $0
Seat 1: RaisemyNut$ (big blind) collected ($2)
Seat 2: voloda boris (button) (small blind) folded before Flop


PokerStars Hand #144288901249:  Hold'em Limit ($3/$6 USD) - 2015/11/23 18:31:55 ET
Table 'Lundia' 2-max Seat #1 is the button
Seat 1: RaisemyNut$ ($176.92 in chips)
Seat 2: voloda boris ($158.48 in chips)
RaisemyNut$: posts small blind $1
voloda boris: posts big blind $3
*** HOLE CARDS ***
RaisemyNut$: raises $3 to $6
voloda boris: calls $3
*** FLOP *** [2d Qs 3c]
voloda boris: checks
RaisemyNut$: bets $3
voloda boris: raises $3 to $6
RaisemyNut$: folds
Uncalled bet ($3) returned to voloda boris
voloda boris collected $17.64 from pot
voloda boris: doesn't show hand
*** SUMMARY ***
Total pot $18 | Rake $0.36
Board [2d Qs 3c]
Seat 1: RaisemyNut$ (button) (small blind) folded on the Flop
Seat 2: voloda boris (big blind) collected ($17.64)


PokerStars Hand #144288892368:  Hold'em Limit ($3/$6 USD) - 2015/11/23 18:31:43 ET
Table 'Lundia' 2-max Seat #2 is the button
Seat 1: RaisemyNut$ ($185.92 in chips)
Seat 2: voloda boris ($149.84 in chips)
voloda boris: posts small blind $1
RaisemyNut$: posts big blind $3
*** HOLE CARDS ***
voloda boris: calls $2
RaisemyNut$: raises $3 to $6
voloda boris: raises $3 to $9
RaisemyNut$: calls $3
*** FLOP *** [7s Kc Td]
RaisemyNut$: checks
voloda boris: bets $3
RaisemyNut$: folds
Uncalled bet ($3) returned to voloda boris
voloda boris collected $17.64 from pot
*** SUMMARY ***
Total pot $18 | Rake $0.36
Board [7s Kc Td]
Seat 1: RaisemyNut$ (big blind) folded on the Flop
Seat 2: voloda boris (button) (small blind) collected ($17.64)


PokerStars Hand #144288938844:  Hold'em Limit ($3/$6 USD) - 2015/11/23 18:32:47 ET
Table 'Lundia' 2-max Seat #1 is the button
Seat 1: RaisemyNut$ ($164.92 in chips)
Seat 2: voloda boris ($170 in chips)
RaisemyNut$: posts small blind $1
voloda boris: posts big blind $3
*** HOLE CARDS ***
RaisemyNut$: raises $3 to $6
voloda boris: folds
Uncalled bet ($3) returned to RaisemyNut$
RaisemyNut$ collected $6 from pot
RaisemyNut$: doesn't show hand
*** SUMMARY ***
Total pot $6 | Rake $0
Seat 1: RaisemyNut$ (button) (small blind) collected ($6)
Seat 2: voloda boris (big blind) folded before Flop


PokerStars Hand #144288930276:  Hold'em Limit ($3/$6 USD) - 2015/11/23 18:32:35 ET
Table 'Lundia' 2-max Seat #2 is the button
Seat 1: RaisemyNut$ ($167.92 in chips)
Seat 2: voloda boris ($167.12 in chips)
voloda boris: posts small blind $1
RaisemyNut$: posts big blind $3
*** HOLE CARDS ***
voloda boris: calls $2
RaisemyNut$: checks
*** FLOP *** [4c 8s Ac]
RaisemyNut$: checks
voloda boris: bets $3
RaisemyNut$: folds
Uncalled bet ($3) returned to voloda boris
voloda boris collected $5.88 from pot
voloda boris: doesn't show hand
*** SUMMARY ***
Total pot $6 | Rake $0.12
Board [4c 8s Ac]
Seat 1: RaisemyNut$ (big blind) folded on the Flop
Seat 2: voloda boris (button) (small blind) collected ($5.88)


PokerStars Hand #144288965626:  Hold'em Limit ($3/$6 USD) - 2015/11/23 18:33:24 ET
Table 'Lundia' 2-max Seat #1 is the button
Seat 1: RaisemyNut$ ($147.92 in chips)
Seat 2: voloda boris ($186.50 in chips)
RaisemyNut$: posts small blind $1
voloda boris: posts big blind $3
*** HOLE CARDS ***
RaisemyNut$: raises $3 to $6
voloda boris: calls $3
*** FLOP *** [9h 6d 6h]
voloda boris: checks
RaisemyNut$: bets $3
voloda boris: raises $3 to $6
RaisemyNut$: calls $3
*** TURN *** [9h 6d 6h] [Jh]
voloda boris: bets $6
RaisemyNut$: calls $6
*** RIVER *** [9h 6d 6h Jh] [Qc]
voloda boris: bets $6
RaisemyNut$: calls $6
*** SHOW DOWN ***
voloda boris: shows [Tc 6s] (three of a kind, Sixes)
RaisemyNut$: mucks hand
voloda boris collected $47.50 from pot
*** SUMMARY ***
Total pot $48 | Rake $0.50
Board [9h 6d 6h Jh Qc]
Seat 1: RaisemyNut$ (button) (small blind) mucked
Seat 2: voloda boris (big blind) showed [Tc 6s] and won ($47.50) with three of a kind, Sixes


PokerStars Hand #144288951372:  Hold'em Limit ($3/$6 USD) - 2015/11/23 18:33:04 ET
Table 'Lundia' 2-max Seat #2 is the button
Seat 1: RaisemyNut$ ($171.92 in chips)
Seat 2: voloda boris ($163 in chips)
voloda boris: posts small blind $1
RaisemyNut$: posts big blind $3
*** HOLE CARDS ***
voloda boris: calls $2
RaisemyNut$: raises $3 to $6
voloda boris: calls $3
*** FLOP *** [Jc 2c Ks]
RaisemyNut$: bets $3
voloda boris: raises $3 to $6
RaisemyNut$: calls $3
*** TURN *** [Jc 2c Ks] [4h]
RaisemyNut$: checks
voloda boris: bets $6
RaisemyNut$: calls $6
*** RIVER *** [Jc 2c Ks 4h] [4d]
RaisemyNut$: checks
voloda boris: bets $6
RaisemyNut$: calls $6
*** SHOW DOWN ***
voloda boris: shows [Tc 4c] (three of a kind, Fours)
RaisemyNut$: mucks hand
voloda boris collected $47.50 from pot
*** SUMMARY ***
Total pot $48 | Rake $0.50
Board [Jc 2c Ks 4h 4d]
Seat 1: RaisemyNut$ (big blind) mucked
Seat 2: voloda boris (button) (small blind) showed [Tc 4c] and won ($47.50) with three of a kind, Fours


PokerStars Hand #144288945655:  Hold'em Limit ($3/$6 USD) - 2015/11/23 18:32:57 ET
Table 'Lundia' 2-max Seat #1 is the button
Seat 1: RaisemyNut$ ($168.92 in chips)
Seat 2: voloda boris ($166 in chips)
RaisemyNut$: posts small blind $1
voloda boris: posts big blind $3
*** HOLE CARDS ***
RaisemyNut$: raises $3 to $6
voloda boris: folds
Uncalled bet ($3) returned to RaisemyNut$
RaisemyNut$ collected $6 from pot
RaisemyNut$: doesn't show hand
*** SUMMARY ***
Total pot $6 | Rake $0
Seat 1: RaisemyNut$ (button) (small blind) collected ($6)
Seat 2: voloda boris (big blind) folded before Flop


PokerStars Hand #144288942187:  Hold'em Limit ($3/$6 USD) - 2015/11/23 18:32:52 ET
Table 'Lundia' 2-max Seat #2 is the button
Seat 1: RaisemyNut$ ($167.92 in chips)
Seat 2: voloda boris ($167 in chips)
voloda boris: posts small blind $1
RaisemyNut$: posts big blind $3
*** HOLE CARDS ***
voloda boris: folds
Uncalled bet ($2) returned to RaisemyNut$
RaisemyNut$ collected $2 from pot
RaisemyNut$: doesn't show hand
*** SUMMARY ***
Total pot $2 | Rake $0
Seat 1: RaisemyNut$ (big blind) collected ($2)
Seat 2: voloda boris (button) (small blind) folded before Flop


PokerStars Hand #144289004395:  Hold'em Limit ($3/$6 USD) - 2015/11/23 18:34:17 ET
Table 'Lundia' 2-max Seat #1 is the button
Seat 1: RaisemyNut$ ($93.80 in chips)
Seat 2: voloda boris ($239.14 in chips)
RaisemyNut$: posts small blind $1
voloda boris: posts big blind $3
*** HOLE CARDS ***
RaisemyNut$: raises $3 to $6
voloda boris: raises $3 to $9
RaisemyNut$: calls $3
*** FLOP *** [7d 3d 6h]
voloda boris: bets $3
RaisemyNut$: calls $3
*** TURN *** [7d 3d 6h] [8d]
voloda boris: bets $6
RaisemyNut$: calls $6
*** RIVER *** [7d 3d 6h 8d] [Ks]
voloda boris: bets $6
RaisemyNut$: calls $6
*** SHOW DOWN ***
voloda boris: shows [3s 3c] (three of a kind, Threes)
RaisemyNut$: mucks hand
voloda boris collected $47.50 from pot
*** SUMMARY ***
Total pot $48 | Rake $0.50
Board [7d 3d 6h 8d Ks]
Seat 1: RaisemyNut$ (button) (small blind) mucked
Seat 2: voloda boris (big blind) showed [3s 3c] and won ($47.50) with three of a kind, Threes


PokerStars Hand #144288996980:  Hold'em Limit ($3/$6 USD) - 2015/11/23 18:34:07 ET
Table 'Lundia' 2-max Seat #2 is the button
Seat 1: RaisemyNut$ ($90.92 in chips)
Seat 2: voloda boris ($242.14 in chips)
voloda boris: posts small blind $1
RaisemyNut$: posts big blind $3
*** HOLE CARDS ***
voloda boris: calls $2
RaisemyNut$: checks
*** FLOP *** [5d Ks Jc]
RaisemyNut$: checks
voloda boris: checks
*** TURN *** [5d Ks Jc] [6c]
RaisemyNut$: bets $6
voloda boris: folds
Uncalled bet ($6) returned to RaisemyNut$
RaisemyNut$ collected $5.88 from pot
RaisemyNut$: doesn't show hand
*** SUMMARY ***
Total pot $6 | Rake $0.12
Board [5d Ks Jc 6c]
Seat 1: RaisemyNut$ (big blind) collected ($5.88)
Seat 2: voloda boris (button) (small blind) folded on the Turn


PokerStars Hand #144288989572:  Hold'em Limit ($3/$6 USD) - 2015/11/23 18:33:57 ET
Table 'Lundia' 2-max Seat #1 is the button
Seat 1: RaisemyNut$ ($99.92 in chips)
Seat 2: voloda boris ($233.50 in chips)
RaisemyNut$: posts small blind $1
voloda boris: posts big blind $3
*** HOLE CARDS ***
RaisemyNut$: raises $3 to $6
voloda boris: raises $3 to $9
RaisemyNut$: calls $3
*** FLOP *** [5h As 5s]
voloda boris: bets $3
RaisemyNut$: folds
Uncalled bet ($3) returned to voloda boris
voloda boris collected $17.64 from pot
voloda boris: doesn't show hand
*** SUMMARY ***
Total pot $18 | Rake $0.36
Board [5h As 5s]
Seat 1: RaisemyNut$ (button) (small blind) folded on the Flop
Seat 2: voloda boris (big blind) collected ($17.64)


PokerStars Hand #144288977267:  Hold'em Limit ($3/$6 USD) - 2015/11/23 18:33:40 ET
Table 'Lundia' 2-max Seat #2 is the button
Seat 1: RaisemyNut$ ($123.92 in chips)
Seat 2: voloda boris ($210 in chips)
voloda boris: posts small blind $1
RaisemyNut$: posts big blind $3
*** HOLE CARDS ***
voloda boris: calls $2
RaisemyNut$: raises $3 to $6
voloda boris: raises $3 to $9
RaisemyNut$: calls $3
*** FLOP *** [Kh 8h Tc]
RaisemyNut$: checks
voloda boris: bets $3
RaisemyNut$: calls $3
*** TURN *** [Kh 8h Tc] [Kc]
RaisemyNut$: checks
voloda boris: bets $6
RaisemyNut$: calls $6
*** RIVER *** [Kh 8h Tc Kc] [4d]
RaisemyNut$: checks
voloda boris: bets $6
RaisemyNut$: calls $6
*** SHOW DOWN ***
voloda boris: shows [Ks Ac] (three of a kind, Kings)
RaisemyNut$: mucks hand
voloda boris collected $47.50 from pot
*** SUMMARY ***
Total pot $48 | Rake $0.50
Board [Kh 8h Tc Kc 4d]
Seat 1: RaisemyNut$ (big blind) mucked
Seat 2: voloda boris (button) (small blind) showed [Ks Ac] and won ($47.50) with three of a kind, Kings


PokerStars Hand #144289024876:  Hold'em Limit ($3/$6 USD) - 2015/11/23 18:34:46 ET
Table 'Lundia' 2-max Seat #1 is the button
Seat 1: RaisemyNut$ ($75.56 in chips)
Seat 2: voloda boris ($256.64 in chips)
RaisemyNut$: posts small blind $1
voloda boris: posts big blind $3
*** HOLE CARDS ***
RaisemyNut$: raises $3 to $6
voloda boris: raises $3 to $9
RaisemyNut$: calls $3
*** FLOP *** [5h 3c Td]
voloda boris: bets $3
RaisemyNut$: calls $3
*** TURN *** [5h 3c Td] [5c]
voloda boris: bets $6
RaisemyNut$: raises $6 to $12
voloda boris: folds
Uncalled bet ($6) returned to RaisemyNut$
RaisemyNut$ collected $35.50 from pot
RaisemyNut$: doesn't show hand
*** SUMMARY ***
Total pot $36 | Rake $0.50
Board [5h 3c Td 5c]
Seat 1: RaisemyNut$ (button) (small blind) collected ($35.50)
Seat 2: voloda boris (big blind) folded on the Turn


PokerStars Hand #144289040682:  Hold'em Limit ($3/$6 USD) - 2015/11/23 18:35:07 ET
Table 'Lundia' 2-max Seat #1 is the button
Seat 1: RaisemyNut$ ($94.06 in chips)
Seat 2: voloda boris ($237.64 in chips)
RaisemyNut$: posts small blind $1
voloda boris: posts big blind $3
*** HOLE CARDS ***
RaisemyNut$: folds
Uncalled bet ($2) returned to voloda boris
voloda boris collected $2 from pot
voloda boris: doesn't show hand
*** SUMMARY ***
Total pot $2 | Rake $0
Seat 1: RaisemyNut$ (button) (small blind) folded before Flop
Seat 2: voloda boris (big blind) collected ($2)


PokerStars Hand #144289037284:  Hold'em Limit ($3/$6 USD) - 2015/11/23 18:35:03 ET
Table 'Lundia' 2-max Seat #2 is the button
Seat 1: RaisemyNut$ ($93.06 in chips)
Seat 2: voloda boris ($238.64 in chips)
voloda boris: posts small blind $1
RaisemyNut$: posts big blind $3
*** HOLE CARDS ***
voloda boris: folds
Uncalled bet ($2) returned to RaisemyNut$
RaisemyNut$ collected $2 from pot
RaisemyNut$: doesn't show hand
*** SUMMARY ***
Total pot $2 | Rake $0
Seat 1: RaisemyNut$ (big blind) collected ($2)
Seat 2: voloda boris (button) (small blind) folded before Flop


PokerStars Hand #144289043831:  Hold'em Limit ($3/$6 USD) - 2015/11/23 18:35:12 ET
Table 'Lundia' 2-max Seat #2 is the button
Seat 1: RaisemyNut$ ($93.06 in chips)
Seat 2: voloda boris ($238.64 in chips)
voloda boris: posts small blind $1
RaisemyNut$: posts big blind $3
*** HOLE CARDS ***
voloda boris: folds
Uncalled bet ($2) returned to RaisemyNut$
RaisemyNut$ collected $2 from pot
RaisemyNut$: doesn't show hand
*** SUMMARY ***
Total pot $2 | Rake $0
Seat 1: RaisemyNut$ (big blind) collected ($2)
Seat 2: voloda boris (button) (small blind) folded before Flop


PokerStars Hand #144289047035:  Hold'em Limit ($3/$6 USD) - 2015/11/23 18:35:16 ET
Table 'Lundia' 2-max Seat #1 is the button
Seat 1: RaisemyNut$ ($94.06 in chips)
Seat 2: voloda boris ($237.64 in chips)
RaisemyNut$: posts small blind $1
voloda boris: posts big blind $3
*** HOLE CARDS ***
RaisemyNut$: raises $3 to $6
voloda boris: calls $3
*** FLOP *** [Th 9h 5s]
voloda boris: bets $3
RaisemyNut$: calls $3
*** TURN *** [Th 9h 5s] [7s]
voloda boris: bets $6
RaisemyNut$: calls $6
*** RIVER *** [Th 9h 5s 7s] [Jd]
voloda boris: bets $6
RaisemyNut$: folds
Uncalled bet ($6) returned to voloda boris
voloda boris collected $29.50 from pot
*** SUMMARY ***
Total pot $30 | Rake $0.50
Board [Th 9h 5s 7s Jd]
Seat 1: RaisemyNut$ (button) (small blind) folded on the River
Seat 2: voloda boris (big blind) collected ($29.50)


PokerStars Hand #144289017195:  Hold'em Limit ($3/$6 USD) - 2015/11/23 18:34:35 ET
Table 'Lundia' 2-max Seat #2 is the button
Seat 1: RaisemyNut$ ($69.80 in chips)
Seat 2: voloda boris ($262.64 in chips)
voloda boris: posts small blind $1
RaisemyNut$: posts big blind $3
*** HOLE CARDS ***
voloda boris: calls $2
RaisemyNut$: raises $3 to $6
voloda boris: calls $3
*** FLOP *** [9c 3c 3h]
RaisemyNut$: bets $3
voloda boris: folds
Uncalled bet ($3) returned to RaisemyNut$
RaisemyNut$ collected $11.76 from pot
RaisemyNut$: doesn't show hand
*** SUMMARY ***
Total pot $12 | Rake $0.24
Board [9c 3c 3h]
Seat 1: RaisemyNut$ (big blind) collected ($11.76)
Seat 2: voloda boris (button) (small blind) folded on the Flop


PokerStars Hand #144289070580:  Hold'em Limit ($3/$6 USD) - 2015/11/23 18:35:49 ET
Table 'Lundia' 2-max Seat #1 is the button
Seat 1: RaisemyNut$ ($60 in chips)
Seat 2: voloda boris ($275.64 in chips)
RaisemyNut$: posts small blind $1
voloda boris: posts big blind $3
*** HOLE CARDS ***
RaisemyNut$: raises $3 to $6
voloda boris: calls $3
*** FLOP *** [As 6d 9h]
voloda boris: bets $3
RaisemyNut$: folds
Uncalled bet ($3) returned to voloda boris
voloda boris collected $11.76 from pot
voloda boris: doesn't show hand
*** SUMMARY ***
Total pot $12 | Rake $0.24
Board [As 6d 9h]
Seat 1: RaisemyNut$ (button) (small blind) folded on the Flop
Seat 2: voloda boris (big blind) collected ($11.76)


PokerStars Hand #144289076435:  Hold'em Limit ($3/$6 USD) - 2015/11/23 18:35:57 ET
Table 'Lundia' 2-max Seat #2 is the button
Seat 1: RaisemyNut$ ($60 in chips)
Seat 2: voloda boris ($281.40 in chips)
voloda boris: posts small blind $1
RaisemyNut$: posts big blind $3
*** HOLE CARDS ***
voloda boris: calls $2
RaisemyNut$: checks
*** FLOP *** [Qh Kh 7d]
RaisemyNut$: checks
voloda boris: bets $3
RaisemyNut$: folds
Uncalled bet ($3) returned to voloda boris
voloda boris collected $5.88 from pot
voloda boris: doesn't show hand
*** SUMMARY ***
Total pot $6 | Rake $0.12
Board [Qh Kh 7d]
Seat 1: RaisemyNut$ (big blind) folded on the Flop
Seat 2: voloda boris (button) (small blind) collected ($5.88)


PokerStars Hand #144289083891:  Hold'em Limit ($3/$6 USD) - 2015/11/23 18:36:07 ET
Table 'Lundia' 2-max Seat #1 is the button
Seat 1: RaisemyNut$ ($60 in chips)
Seat 2: voloda boris ($284.28 in chips)
RaisemyNut$: posts small blind $1
voloda boris: posts big blind $3
*** HOLE CARDS ***
RaisemyNut$: raises $3 to $6
voloda boris: calls $3
*** FLOP *** [Jd 3d 6s]
voloda boris: checks
RaisemyNut$: bets $3
voloda boris: calls $3
*** TURN *** [Jd 3d 6s] [Ad]
voloda boris: checks
RaisemyNut$: bets $6
voloda boris: calls $6
*** RIVER *** [Jd 3d 6s Ad] [Kc]
voloda boris: checks
RaisemyNut$: bets $6
voloda boris: folds
Uncalled bet ($6) returned to RaisemyNut$
RaisemyNut$ collected $29.50 from pot
RaisemyNut$: doesn't show hand
*** SUMMARY ***
Total pot $30 | Rake $0.50
Board [Jd 3d 6s Ad Kc]
Seat 1: RaisemyNut$ (button) (small blind) collected ($29.50)
Seat 2: voloda boris (big blind) folded on the River


PokerStars Hand #144289095003:  Hold'em Limit ($3/$6 USD) - 2015/11/23 18:36:23 ET
Table 'Lundia' 2-max Seat #2 is the button
Seat 1: RaisemyNut$ ($74.50 in chips)
Seat 2: voloda boris ($269.28 in chips)
voloda boris: posts small blind $1
RaisemyNut$: posts big blind $3
*** HOLE CARDS ***
voloda boris: calls $2
RaisemyNut$: raises $3 to $6
voloda boris: raises $3 to $9
RaisemyNut$: raises $3 to $12
Betting is capped
voloda boris: calls $3
*** FLOP *** [7s Ad 6s]
RaisemyNut$: bets $3
voloda boris: calls $3
*** TURN *** [7s Ad 6s] [Jc]
RaisemyNut$: bets $6
voloda boris: folds
Uncalled bet ($6) returned to RaisemyNut$
RaisemyNut$ collected $29.50 from pot
RaisemyNut$: doesn't show hand
*** SUMMARY ***
Total pot $30 | Rake $0.50
Board [7s Ad 6s Jc]
Seat 1: RaisemyNut$ (big blind) collected ($29.50)
Seat 2: voloda boris (button) (small blind) folded on the Turn


PokerStars Hand #144289057436:  Hold'em Limit ($3/$6 USD) - 2015/11/23 18:35:31 ET
Table 'Lundia' 2-max Seat #2 is the button
Seat 1: RaisemyNut$ ($79.06 in chips)
Seat 2: voloda boris ($252.14 in chips)
voloda boris: posts small blind $1
RaisemyNut$: posts big blind $3
*** HOLE CARDS ***
voloda boris: calls $2
RaisemyNut$: raises $3 to $6
voloda boris: calls $3
*** FLOP *** [2c 4d 3h]
RaisemyNut$: bets $3
voloda boris: raises $3 to $6
RaisemyNut$: calls $3
*** TURN *** [2c 4d 3h] [Qs]
RaisemyNut$: checks
voloda boris: bets $6
RaisemyNut$: calls $6
*** RIVER *** [2c 4d 3h Qs] [8d]
RaisemyNut$: checks
voloda boris: bets $6
RaisemyNut$: calls $6
*** SHOW DOWN ***
voloda boris: shows [2s 3d] (two pair, Threes and Deuces)
RaisemyNut$: mucks hand
voloda boris collected $47.50 from pot
*** SUMMARY ***
Total pot $48 | Rake $0.50
Board [2c 4d 3h Qs 8d]
Seat 1: RaisemyNut$ (big blind) mucked
Seat 2: voloda boris (button) (small blind) showed [2s 3d] and won ($47.50) with two pair, Threes and Deuces


PokerStars Hand #144289116195:  Hold'em Limit ($3/$6 USD) - 2015/11/23 18:36:52 ET
Table 'Lundia' 2-max Seat #2 is the button
Seat 1: RaisemyNut$ ($80 in chips)
Seat 2: voloda boris ($262.92 in chips)
voloda boris: posts small blind $1
RaisemyNut$: posts big blind $3
*** HOLE CARDS ***
voloda boris: folds
Uncalled bet ($2) returned to RaisemyNut$
RaisemyNut$ collected $2 from pot
RaisemyNut$: doesn't show hand
*** SUMMARY ***
Total pot $2 | Rake $0
Seat 1: RaisemyNut$ (big blind) collected ($2)
Seat 2: voloda boris (button) (small blind) folded before Flop


PokerStars Hand #144289120245:  Hold'em Limit ($3/$6 USD) - 2015/11/23 18:36:58 ET
Table 'Lundia' 2-max Seat #1 is the button
Seat 1: RaisemyNut$ ($81 in chips)
Seat 2: voloda boris ($261.92 in chips)
RaisemyNut$: posts small blind $1
voloda boris: posts big blind $3
*** HOLE CARDS ***
RaisemyNut$: raises $3 to $6
voloda boris: calls $3
*** FLOP *** [5h 4s Qd]
voloda boris: bets $3
RaisemyNut$: calls $3
*** TURN *** [5h 4s Qd] [8c]
voloda boris: bets $6
RaisemyNut$: calls $6
*** RIVER *** [5h 4s Qd 8c] [Th]
voloda boris: bets $6
RaisemyNut$: calls $6
*** SHOW DOWN ***
voloda boris: shows [6d 3c] (high card Queen)
RaisemyNut$: shows [Ac Ts] (a pair of Tens)
RaisemyNut$ collected $41.50 from pot
*** SUMMARY ***
Total pot $42 | Rake $0.50
Board [5h 4s Qd 8c Th]
Seat 1: RaisemyNut$ (button) (small blind) showed [Ac Ts] and won ($41.50) with a pair of Tens
Seat 2: voloda boris (big blind) showed [6d 3c] and lost with high card Queen


PokerStars Hand #144289140968:  Hold'em Limit ($3/$6 USD) - 2015/11/23 18:37:27 ET
Table 'Lundia' 2-max Seat #1 is the button
Seat 1: RaisemyNut$ ($92.50 in chips)
Seat 2: voloda boris ($249.56 in chips)
RaisemyNut$: posts small blind $1
voloda boris: posts big blind $3
*** HOLE CARDS ***
RaisemyNut$: raises $3 to $6
voloda boris: folds
Uncalled bet ($3) returned to RaisemyNut$
RaisemyNut$ collected $6 from pot
RaisemyNut$: doesn't show hand
*** SUMMARY ***
Total pot $6 | Rake $0
Seat 1: RaisemyNut$ (button) (small blind) collected ($6)
Seat 2: voloda boris (big blind) folded before Flop


PokerStars Hand #144289133862:  Hold'em Limit ($3/$6 USD) - 2015/11/23 18:37:17 ET
Table 'Lundia' 2-max Seat #2 is the button
Seat 1: RaisemyNut$ ($101.50 in chips)
Seat 2: voloda boris ($240.92 in chips)
voloda boris: posts small blind $1
RaisemyNut$: posts big blind $3
*** HOLE CARDS ***
voloda boris: calls $2
RaisemyNut$: raises $3 to $6
voloda boris: calls $3
*** FLOP *** [6s Ts 8s]
RaisemyNut$: bets $3
voloda boris: raises $3 to $6
RaisemyNut$: folds
Uncalled bet ($3) returned to voloda boris
voloda boris collected $17.64 from pot
voloda boris: doesn't show hand
*** SUMMARY ***
Total pot $18 | Rake $0.36
Board [6s Ts 8s]
Seat 1: RaisemyNut$ (big blind) folded on the Flop
Seat 2: voloda boris (button) (small blind) collected ($17.64)


PokerStars Hand #144289144163:  Hold'em Limit ($3/$6 USD) - 2015/11/23 18:37:31 ET
Table 'Lundia' 2-max Seat #2 is the button
Seat 1: RaisemyNut$ ($95.50 in chips)
Seat 2: voloda boris ($246.56 in chips)
voloda boris: posts small blind $1
RaisemyNut$: posts big blind $3
*** HOLE CARDS ***
voloda boris: folds
Uncalled bet ($2) returned to RaisemyNut$
RaisemyNut$ collected $2 from pot
RaisemyNut$: doesn't show hand
*** SUMMARY ***
Total pot $2 | Rake $0
Seat 1: RaisemyNut$ (big blind) collected ($2)
Seat 2: voloda boris (button) (small blind) folded before Flop


PokerStars Hand #144289104944:  Hold'em Limit ($3/$6 USD) - 2015/11/23 18:36:37 ET
Table 'Lundia' 2-max Seat #1 is the button
Seat 1: RaisemyNut$ ($89 in chips)
Seat 2: voloda boris ($254.28 in chips)
RaisemyNut$: posts small blind $1
voloda boris: posts big blind $3
*** HOLE CARDS ***
RaisemyNut$: raises $3 to $6
voloda boris: raises $3 to $9
RaisemyNut$: calls $3
*** FLOP *** [Th 6c 8c]
voloda boris: bets $3
RaisemyNut$: folds
Uncalled bet ($3) returned to voloda boris
voloda boris collected $17.64 from pot
voloda boris: doesn't show hand
*** SUMMARY ***
Total pot $18 | Rake $0.36
Board [Th 6c 8c]
Seat 1: RaisemyNut$ (button) (small blind) folded on the Flop
Seat 2: voloda boris (big blind) collected ($17.64)


PokerStars Hand #144289156990:  Hold'em Limit ($3/$6 USD) - 2015/11/23 18:37:49 ET
Table 'Lundia' 2-max Seat #2 is the button
Seat 1: RaisemyNut$ ($84.50 in chips)
Seat 2: voloda boris ($257.08 in chips)
voloda boris: posts small blind $1
RaisemyNut$: posts big blind $3
*** HOLE CARDS ***
voloda boris: calls $2
RaisemyNut$: raises $3 to $6
voloda boris: calls $3
*** FLOP *** [Qs 8h Ad]
RaisemyNut$: bets $3
voloda boris: folds
Uncalled bet ($3) returned to RaisemyNut$
RaisemyNut$ collected $11.76 from pot
RaisemyNut$: doesn't show hand
*** SUMMARY ***
Total pot $12 | Rake $0.24
Board [Qs 8h Ad]
Seat 1: RaisemyNut$ (big blind) collected ($11.76)
Seat 2: voloda boris (button) (small blind) folded on the Flop


PokerStars Hand #144289175741:  Hold'em Limit ($3/$6 USD) - 2015/11/23 18:38:16 ET
Table 'Lundia' 2-max Seat #2 is the button
Seat 1: RaisemyNut$ ($104.76 in chips)
Seat 2: voloda boris ($236.08 in chips)
voloda boris: posts small blind $1
RaisemyNut$: posts big blind $3
*** HOLE CARDS ***
voloda boris: folds
Uncalled bet ($2) returned to RaisemyNut$
RaisemyNut$ collected $2 from pot
RaisemyNut$: doesn't show hand
*** SUMMARY ***
Total pot $2 | Rake $0
Seat 1: RaisemyNut$ (big blind) collected ($2)
Seat 2: voloda boris (button) (small blind) folded before Flop


PokerStars Hand #144289163444:  Hold'em Limit ($3/$6 USD) - 2015/11/23 18:37:58 ET
Table 'Lundia' 2-max Seat #1 is the button
Seat 1: RaisemyNut$ ($90.26 in chips)
Seat 2: voloda boris ($251.08 in chips)
RaisemyNut$: posts small blind $1
voloda boris: posts big blind $3
*** HOLE CARDS ***
RaisemyNut$: raises $3 to $6
voloda boris: calls $3
*** FLOP *** [Kd 2d 8s]
voloda boris: checks
RaisemyNut$: bets $3
voloda boris: calls $3
*** TURN *** [Kd 2d 8s] [8d]
voloda boris: checks
RaisemyNut$: bets $6
voloda boris: calls $6
*** RIVER *** [Kd 2d 8s 8d] [Ad]
voloda boris: checks
RaisemyNut$: bets $6
voloda boris: folds
Uncalled bet ($6) returned to RaisemyNut$
RaisemyNut$ collected $29.50 from pot
RaisemyNut$: doesn't show hand
*** SUMMARY ***
Total pot $30 | Rake $0.50
Board [Kd 2d 8s 8d Ad]
Seat 1: RaisemyNut$ (button) (small blind) collected ($29.50)
Seat 2: voloda boris (big blind) folded on the River


PokerStars Hand #144289179595:  Hold'em Limit ($3/$6 USD) - 2015/11/23 18:38:21 ET
Table 'Lundia' 2-max Seat #1 is the button
Seat 1: RaisemyNut$ ($105.76 in chips)
Seat 2: voloda boris ($235.08 in chips)
RaisemyNut$: posts small blind $1
voloda boris: posts big blind $3
*** HOLE CARDS ***
RaisemyNut$: raises $3 to $6
voloda boris: raises $3 to $9
RaisemyNut$: raises $3 to $12
Betting is capped
voloda boris: calls $3
*** FLOP *** [2d 2s 4c]
voloda boris: bets $3
RaisemyNut$: raises $3 to $6
voloda boris: calls $3
*** TURN *** [2d 2s 4c] [5c]
voloda boris: checks
RaisemyNut$: bets $6
voloda boris: folds
Uncalled bet ($6) returned to RaisemyNut$
RaisemyNut$ collected $35.50 from pot
RaisemyNut$: doesn't show hand
*** SUMMARY ***
Total pot $36 | Rake $0.50
Board [2d 2s 4c 5c]
Seat 1: RaisemyNut$ (button) (small blind) collected ($35.50)
Seat 2: voloda boris (big blind) folded on the Turn


PokerStars Hand #144289147257:  Hold'em Limit ($3/$6 USD) - 2015/11/23 18:37:36 ET
Table 'Lundia' 2-max Seat #1 is the button
Seat 1: RaisemyNut$ ($96.50 in chips)
Seat 2: voloda boris ($245.56 in chips)
RaisemyNut$: posts small blind $1
voloda boris: posts big blind $3
*** HOLE CARDS ***
RaisemyNut$: raises $3 to $6
voloda boris: raises $3 to $9
RaisemyNut$: calls $3
*** FLOP *** [3d Jh 2d]
voloda boris: bets $3
RaisemyNut$: calls $3
*** TURN *** [3d Jh 2d] [4h]
voloda boris: bets $6
RaisemyNut$: folds
Uncalled bet ($6) returned to voloda boris
voloda boris collected $23.52 from pot
voloda boris: doesn't show hand
*** SUMMARY ***
Total pot $24 | Rake $0.48
Board [3d Jh 2d 4h]
Seat 1: RaisemyNut$ (button) (small blind) folded on the Turn
Seat 2: voloda boris (big blind) collected ($23.52)


PokerStars Hand #144289197473:  Hold'em Limit ($3/$6 USD) - 2015/11/23 18:38:46 ET
Table 'Lundia' 2-max Seat #1 is the button
Seat 1: RaisemyNut$ ($129.02 in chips)
Seat 2: voloda boris ($211.08 in chips)
RaisemyNut$: posts small blind $1
voloda boris: posts big blind $3
*** HOLE CARDS ***
RaisemyNut$: raises $3 to $6
voloda boris: raises $3 to $9
RaisemyNut$: calls $3
*** FLOP *** [6c 4c 5s]
voloda boris: bets $3
RaisemyNut$: calls $3
*** TURN *** [6c 4c 5s] [5h]
voloda boris: bets $6
RaisemyNut$: raises $6 to $12
voloda boris: raises $6 to $18
RaisemyNut$: folds
Uncalled bet ($6) returned to voloda boris
voloda boris collected $47.50 from pot
voloda boris: doesn't show hand
*** SUMMARY ***
Total pot $48 | Rake $0.50
Board [6c 4c 5s 5h]
Seat 1: RaisemyNut$ (button) (small blind) folded on the Turn
Seat 2: voloda boris (big blind) collected ($47.50)


PokerStars Hand #144289207493:  Hold'em Limit ($3/$6 USD) - 2015/11/23 18:39:00 ET
Table 'Lundia' 2-max Seat #2 is the button
Seat 1: RaisemyNut$ ($105.02 in chips)
Seat 2: voloda boris ($234.58 in chips)
voloda boris: posts small blind $1
RaisemyNut$: posts big blind $3
*** HOLE CARDS ***
voloda boris: calls $2
RaisemyNut$: raises $3 to $6
voloda boris: calls $3
*** FLOP *** [5c As Jd]
RaisemyNut$: bets $3
voloda boris: calls $3
*** TURN *** [5c As Jd] [Td]
RaisemyNut$: checks
voloda boris: checks
*** RIVER *** [5c As Jd Td] [9s]
RaisemyNut$: checks
voloda boris: bets $6
RaisemyNut$: calls $6
*** SHOW DOWN ***
voloda boris: shows [Ac 3h] (a pair of Aces)
RaisemyNut$: mucks hand
voloda boris collected $29.50 from pot
*** SUMMARY ***
Total pot $30 | Rake $0.50
Board [5c As Jd Td 9s]
Seat 1: RaisemyNut$ (big blind) mucked
Seat 2: voloda boris (button) (small blind) showed [Ac 3h] and won ($29.50) with a pair of Aces


PokerStars Hand #144289220391:  Hold'em Limit ($3/$6 USD) - 2015/11/23 18:39:19 ET
Table 'Lundia' 2-max Seat #1 is the button
Seat 1: RaisemyNut$ ($90.02 in chips)
Seat 2: voloda boris ($249.08 in chips)
RaisemyNut$: posts small blind $1
voloda boris: posts big blind $3
*** HOLE CARDS ***
RaisemyNut$: raises $3 to $6
voloda boris: calls $3
*** FLOP *** [7c 6c 6s]
voloda boris: checks
RaisemyNut$: bets $3
voloda boris: calls $3
*** TURN *** [7c 6c 6s] [8s]
voloda boris: checks
RaisemyNut$: checks
*** RIVER *** [7c 6c 6s 8s] [9s]
voloda boris: bets $6
RaisemyNut$: folds
Uncalled bet ($6) returned to voloda boris
voloda boris collected $17.64 from pot
voloda boris: doesn't show hand
*** SUMMARY ***
Total pot $18 | Rake $0.36
Board [7c 6c 6s 8s 9s]
Seat 1: RaisemyNut$ (button) (small blind) folded on the River
Seat 2: voloda boris (big blind) collected ($17.64)


PokerStars Hand #144289234682:  Hold'em Limit ($3/$6 USD) - 2015/11/23 18:39:39 ET
Table 'Lundia' 2-max Seat #1 is the button
Seat 1: RaisemyNut$ ($82.02 in chips)
Seat 2: voloda boris ($256.72 in chips)
RaisemyNut$: posts small blind $1
voloda boris: posts big blind $3
*** HOLE CARDS ***
RaisemyNut$: folds
Uncalled bet ($2) returned to voloda boris
voloda boris collected $2 from pot
voloda boris: doesn't show hand
*** SUMMARY ***
Total pot $2 | Rake $0
Seat 1: RaisemyNut$ (button) (small blind) folded before Flop
Seat 2: voloda boris (big blind) collected ($2)


PokerStars Hand #144289231286:  Hold'em Limit ($3/$6 USD) - 2015/11/23 18:39:34 ET
Table 'Lundia' 2-max Seat #2 is the button
Seat 1: RaisemyNut$ ($81.02 in chips)
Seat 2: voloda boris ($257.72 in chips)
voloda boris: posts small blind $1
RaisemyNut$: posts big blind $3
*** HOLE CARDS ***
voloda boris: folds
Uncalled bet ($2) returned to RaisemyNut$
RaisemyNut$ collected $2 from pot
RaisemyNut$: doesn't show hand
*** SUMMARY ***
Total pot $2 | Rake $0
Seat 1: RaisemyNut$ (big blind) collected ($2)
Seat 2: voloda boris (button) (small blind) folded before Flop


PokerStars Hand #144289190303:  Hold'em Limit ($3/$6 USD) - 2015/11/23 18:38:36 ET
Table 'Lundia' 2-max Seat #2 is the button
Seat 1: RaisemyNut$ ($123.26 in chips)
Seat 2: voloda boris ($217.08 in chips)
voloda boris: posts small blind $1
RaisemyNut$: posts big blind $3
*** HOLE CARDS ***
voloda boris: calls $2
RaisemyNut$: raises $3 to $6
voloda boris: calls $3
*** FLOP *** [6c 9d Qs]
RaisemyNut$: bets $3
voloda boris: folds
Uncalled bet ($3) returned to RaisemyNut$
RaisemyNut$ collected $11.76 from pot
RaisemyNut$: doesn't show hand
*** SUMMARY ***
Total pot $12 | Rake $0.24
Board [6c 9d Qs]
Seat 1: RaisemyNut$ (big blind) collected ($11.76)
Seat 2: voloda boris (button) (small blind) folded on the Flop


PokerStars Hand #144289249068:  Hold'em Limit ($3/$6 USD) - 2015/11/23 18:39:59 ET
Table 'Lundia' 2-max Seat #1 is the button
Seat 1: RaisemyNut$ ($66.02 in chips)
Seat 2: voloda boris ($272.22 in chips)
RaisemyNut$: posts small blind $1
voloda boris: posts big blind $3
*** HOLE CARDS ***
RaisemyNut$: raises $3 to $6
voloda boris: folds
Uncalled bet ($3) returned to RaisemyNut$
RaisemyNut$ collected $6 from pot
RaisemyNut$: doesn't show hand
*** SUMMARY ***
Total pot $6 | Rake $0
Seat 1: RaisemyNut$ (button) (small blind) collected ($6)
Seat 2: voloda boris (big blind) folded before Flop


PokerStars Hand #144289238224:  Hold'em Limit ($3/$6 USD) - 2015/11/23 18:39:44 ET
Table 'Lundia' 2-max Seat #2 is the button
Seat 1: RaisemyNut$ ($81.02 in chips)
Seat 2: voloda boris ($257.72 in chips)
voloda boris: posts small blind $1
RaisemyNut$: posts big blind $3
*** HOLE CARDS ***
voloda boris: calls $2
RaisemyNut$: raises $3 to $6
voloda boris: calls $3
*** FLOP *** [8h Kh As]
RaisemyNut$: bets $3
voloda boris: calls $3
*** TURN *** [8h Kh As] [Tc]
RaisemyNut$: bets $6
voloda boris: calls $6
*** RIVER *** [8h Kh As Tc] [5s]
RaisemyNut$: checks
voloda boris: bets $6
RaisemyNut$: folds
Uncalled bet ($6) returned to voloda boris
voloda boris collected $29.50 from pot
voloda boris: doesn't show hand
*** SUMMARY ***
Total pot $30 | Rake $0.50
Board [8h Kh As Tc 5s]
Seat 1: RaisemyNut$ (big blind) folded on the River
Seat 2: voloda boris (button) (small blind) collected ($29.50)


PokerStars Hand #144289253017:  Hold'em Limit ($3/$6 USD) - 2015/11/23 18:40:05 ET
Table 'Lundia' 2-max Seat #2 is the button
Seat 1: RaisemyNut$ ($69.02 in chips)
Seat 2: voloda boris ($269.22 in chips)
voloda boris: posts small blind $1
RaisemyNut$: posts big blind $3
*** HOLE CARDS ***
voloda boris: calls $2
RaisemyNut$: raises $3 to $6
voloda boris: raises $3 to $9
RaisemyNut$: calls $3
*** FLOP *** [5d 2s 2h]
RaisemyNut$: checks
voloda boris: bets $3
RaisemyNut$: raises $3 to $6
voloda boris: calls $3
*** TURN *** [5d 2s 2h] [8d]
RaisemyNut$: bets $6
voloda boris: raises $6 to $12
RaisemyNut$: calls $6
*** RIVER *** [5d 2s 2h 8d] [Ks]
RaisemyNut$: checks
voloda boris: bets $6
RaisemyNut$: calls $6
*** SHOW DOWN ***
voloda boris: shows [Kc Kh] (a full house, Kings full of Deuces)
RaisemyNut$: mucks hand
voloda boris collected $65.50 from pot
*** SUMMARY ***
Total pot $66 | Rake $0.50
Board [5d 2s 2h 8d Ks]
Seat 1: RaisemyNut$ (big blind) mucked
Seat 2: voloda boris (button) (small blind) showed [Kc Kh] and won ($65.50) with a full house, Kings full of Deuces


PokerStars Hand #144289268001:  Hold'em Limit ($3/$6 USD) - 2015/11/23 18:40:26 ET
Table 'Lundia' 2-max Seat #1 is the button
Seat 1: RaisemyNut$ ($60 in chips)
Seat 2: voloda boris ($301.72 in chips)
RaisemyNut$: posts small blind $1
voloda boris: posts big blind $3
*** HOLE CARDS ***
RaisemyNut$: raises $3 to $6
voloda boris: raises $3 to $9
RaisemyNut$: calls $3
*** FLOP *** [3h 7s Kh]
voloda boris: bets $3
RaisemyNut$: folds
Uncalled bet ($3) returned to voloda boris
voloda boris collected $17.64 from pot
voloda boris: doesn't show hand
*** SUMMARY ***
Total pot $18 | Rake $0.36
Board [3h 7s Kh]
Seat 1: RaisemyNut$ (button) (small blind) folded on the Flop
Seat 2: voloda boris (big blind) collected ($17.64)


PokerStars Hand #144289273980:  Hold'em Limit ($3/$6 USD) - 2015/11/23 18:40:35 ET
Table 'Lundia' 2-max Seat #2 is the button
Seat 1: RaisemyNut$ ($60 in chips)
Seat 2: voloda boris ($310.36 in chips)
voloda boris: posts small blind $1
RaisemyNut$: posts big blind $3
*** HOLE CARDS ***
voloda boris: folds
Uncalled bet ($2) returned to RaisemyNut$
RaisemyNut$ collected $2 from pot
RaisemyNut$: doesn't show hand
*** SUMMARY ***
Total pot $2 | Rake $0
Seat 1: RaisemyNut$ (big blind) collected ($2)
Seat 2: voloda boris (button) (small blind) folded before Flop


