PokerStars Hand #171544511445:  Hold'em Limit ($3/$6 USD) - 2017/06/09 7:51:00 ET
Table 'Lundia II' 6-max Seat #3 is the button
Seat 3: michael svan ($120 in chips)
Seat 4: Agrotait ($72 in chips)
michael svan: posts small blind $1
Agrotait: posts big blind $3
*** HOLE CARDS ***
michael svan: raises $3 to $6
Whatze Phuck joins the table at seat #5
Agrotait: folds
Uncalled bet ($3) returned to michael svan
michael svan collected $6 from pot
michael svan: doesn't show hand
*** SUMMARY ***
Total pot $6 | Rake $0
Seat 3: michael svan (button) (small blind) collected ($6)
Seat 4: Agrotait (big blind) folded before Flop


PokerStars Hand #171545215574:  Hold'em Limit ($3/$6 USD) - 2017/06/09 8:18:16 ET
Table 'Lundia II' 6-max Seat #3 is the button
Seat 1: Anchig ($79.62 in chips)
Seat 3: Bueffel ($33.58 in chips)
Bueffel: posts small blind $1
Anchig: posts big blind $3
*** HOLE CARDS ***
Bueffel: raises $3 to $6
Anchig: folds
Uncalled bet ($3) returned to Bueffel
Bueffel collected $6 from pot
Bueffel: doesn't show hand
*** SUMMARY ***
Total pot $6 | Rake $0
Seat 1: Anchig (big blind) folded before Flop
Seat 3: Bueffel (button) (small blind) collected ($6)


PokerStars Hand #171545218386:  Hold'em Limit ($3/$6 USD) - 2017/06/09 8:18:22 ET
Table 'Lundia II' 6-max Seat #1 is the button
Seat 1: Anchig ($76.62 in chips)
Seat 3: Bueffel ($36.58 in chips)
Anchig: posts small blind $1
Bueffel: posts big blind $3
*** HOLE CARDS ***
Anchig: raises $3 to $6
Bueffel: calls $3
*** FLOP *** [8c 2s 4s]
Bueffel: bets $3
Anchig: calls $3
*** TURN *** [8c 2s 4s] [9s]
Bueffel: bets $6
Anchig: raises $6 to $12
Bueffel: calls $6
*** RIVER *** [8c 2s 4s 9s] [Td]
Bueffel: checks
Anchig: bets $6
Bueffel: calls $6
*** SHOW DOWN ***
Anchig: shows [7c Th] (a pair of Tens)
Bueffel: shows [4c 2d] (two pair, Fours and Deuces)
Bueffel collected $53.50 from pot
*** SUMMARY ***
Total pot $54 | Rake $0.50
Board [8c 2s 4s 9s Td]
Seat 1: Anchig (button) (small blind) showed [7c Th] and lost with a pair of Tens
Seat 3: Bueffel (big blind) showed [4c 2d] and won ($53.50) with two pair, Fours and Deuces


