PokerStars Hand #170324338454:  Hold'em Limit ($3/$6 USD) - 2017/05/12 15:16:02 ET
Table 'Lundia' 6-max Seat #1 is the button
Seat 1: dobber888 ($77.64 in chips)
Seat 4: MTails ($157.92 in chips)
dobber888: posts small blind $1
MTails: posts big blind $3
*** HOLE CARDS ***
dobber888: raises $3 to $6
manly70 joins the table at seat #6
MTails: raises $3 to $9
dobber888: raises $3 to $12
Betting is capped
MTails: calls $3
*** FLOP *** [9h 6s Ks]
MTails: checks
dobber888: bets $3
MTails: calls $3
*** TURN *** [9h 6s Ks] [Th]
MTails: checks
dobber888: checks
*** RIVER *** [9h 6s Ks Th] [2c]
MTails: bets $6
dobber888: calls $6
*** SHOW DOWN ***
MTails: shows [7s Tc] (a pair of Tens)
dobber888: mucks hand
MTails collected $41.50 from pot
*** SUMMARY ***
Total pot $42 | Rake $0.50
Board [9h 6s Ks Th 2c]
Seat 1: dobber888 (button) (small blind) mucked
Seat 4: MTails (big blind) showed [7s Tc] and won ($41.50) with a pair of Tens


PokerStars Hand #170326816204:  Hold'em Limit ($3/$6 USD) - 2017/05/12 16:04:19 ET
Table 'Lundia' 6-max Seat #1 is the button
Seat 1: dobber888 ($69.87 in chips)
Seat 4: Koraseg ($146.37 in chips)
dobber888: posts small blind $1
JonnyCashBo: is sitting out
Koraseg: posts big blind $3
JonnyCashBo leaves the table
*** HOLE CARDS ***
dobber888: raises $3 to $6
Koraseg: calls $3
*** FLOP *** [9s 8s 2c]
Koraseg: checks
dobber888: bets $3
Koraseg: calls $3
*** TURN *** [9s 8s 2c] [6s]
Koraseg: checks
dobber888: bets $6
Koraseg: folds
Uncalled bet ($6) returned to dobber888
dobber888 collected $17.64 from pot
dobber888: doesn't show hand
*** SUMMARY ***
Total pot $18 | Rake $0.36
Board [9s 8s 2c 6s]
Seat 1: dobber888 (button) (small blind) collected ($17.64)
Seat 4: Koraseg (big blind) folded on the Turn


PokerStars Hand #170326855521:  Hold'em Limit ($3/$6 USD) - 2017/05/12 16:05:03 ET
Table 'Lundia' 6-max Seat #1 is the button
Seat 1: dobber888 ($63.51 in chips)
Seat 4: Koraseg ($151.87 in chips)
dobber888: posts small blind $1
Koraseg: posts big blind $3
*** HOLE CARDS ***
dobber888: folds
Uncalled bet ($2) returned to Koraseg
Koraseg collected $2 from pot
Koraseg: doesn't show hand
*** SUMMARY ***
Total pot $2 | Rake $0
Seat 1: dobber888 (button) (small blind) folded before Flop
Seat 4: Koraseg (big blind) collected ($2)


PokerStars Hand #170326838742:  Hold'em Limit ($3/$6 USD) - 2017/05/12 16:04:44 ET
Table 'Lundia' 6-max Seat #4 is the button
Seat 1: dobber888 ($78.51 in chips)
Seat 4: Koraseg ($137.37 in chips)
Koraseg: posts small blind $1
dobber888: posts big blind $3
*** HOLE CARDS ***
Koraseg: raises $3 to $6
dobber888: calls $3
*** FLOP *** [3h 7c 4h]
dobber888: checks
Koraseg: bets $3
dobber888: calls $3
*** TURN *** [3h 7c 4h] [Ac]
dobber888: checks
Koraseg: bets $6
dobber888: calls $6
*** RIVER *** [3h 7c 4h Ac] [Ad]
dobber888: checks
Koraseg: checks
*** SHOW DOWN ***
dobber888: shows [6d Td] (a pair of Aces)
Koraseg: shows [Tc Jh] (a pair of Aces - Jack kicker)
Koraseg collected $29.50 from pot
*** SUMMARY ***
Total pot $30 | Rake $0.50
Board [3h 7c 4h Ac Ad]
Seat 1: dobber888 (big blind) showed [6d Td] and lost with a pair of Aces
Seat 4: Koraseg (button) (small blind) showed [Tc Jh] and won ($29.50) with a pair of Aces


PokerStars Hand #170326883871:  Hold'em Limit ($3/$6 USD) - 2017/05/12 16:05:34 ET
Table 'Lundia' 6-max Seat #1 is the button
Seat 1: dobber888 ($68.27 in chips)
Seat 4: Koraseg ($146.87 in chips)
dobber888: posts small blind $1
Koraseg: posts big blind $3
*** HOLE CARDS ***
dobber888: folds
Uncalled bet ($2) returned to Koraseg
Koraseg collected $2 from pot
Koraseg: doesn't show hand
*** SUMMARY ***
Total pot $2 | Rake $0
Seat 1: dobber888 (button) (small blind) folded before Flop
Seat 4: Koraseg (big blind) collected ($2)


PokerStars Hand #170326860260:  Hold'em Limit ($3/$6 USD) - 2017/05/12 16:05:08 ET
Table 'Lundia' 6-max Seat #4 is the button
Seat 1: dobber888 ($62.51 in chips)
Seat 4: Koraseg ($152.87 in chips)
Koraseg: posts small blind $1
dobber888: posts big blind $3
*** HOLE CARDS ***
Koraseg: raises $3 to $6
dobber888: calls $3
*** FLOP *** [7d 9h 8s]
dobber888: checks
Koraseg: checks
*** TURN *** [7d 9h 8s] [Ts]
dobber888: checks
Koraseg: checks
*** RIVER *** [7d 9h 8s Ts] [Ks]
dobber888: checks
Koraseg: checks
*** SHOW DOWN ***
dobber888: shows [Qc 6s] (a straight, Six to Ten)
Koraseg: mucks hand
dobber888 collected $11.76 from pot
*** SUMMARY ***
Total pot $12 | Rake $0.24
Board [7d 9h 8s Ts Ks]
Seat 1: dobber888 (big blind) showed [Qc 6s] and won ($11.76) with a straight, Six to Ten
Seat 4: Koraseg (button) (small blind) mucked


PokerStars Hand #170326934317:  Hold'em Limit ($3/$6 USD) - 2017/05/12 16:06:30 ET
Table 'Lundia' 6-max Seat #4 is the button
Seat 1: dobber888 ($53.91 in chips)
Seat 4: Koraseg ($160.37 in chips)
Koraseg: posts small blind $1
dobber888: posts big blind $3
*** HOLE CARDS ***
Koraseg: folds
Uncalled bet ($2) returned to dobber888
dobber888 collected $2 from pot
dobber888: doesn't show hand
*** SUMMARY ***
Total pot $2 | Rake $0
Seat 1: dobber888 (big blind) collected ($2)
Seat 4: Koraseg (button) (small blind) folded before Flop


PokerStars Hand #170326929430:  Hold'em Limit ($3/$6 USD) - 2017/05/12 16:06:25 ET
Table 'Lundia' 6-max Seat #1 is the button
Seat 1: dobber888 ($54.91 in chips)
Seat 4: Koraseg ($159.37 in chips)
dobber888: posts small blind $1
Koraseg: posts big blind $3
*** HOLE CARDS ***
dobber888: folds
Uncalled bet ($2) returned to Koraseg
Koraseg collected $2 from pot
Koraseg: doesn't show hand
*** SUMMARY ***
Total pot $2 | Rake $0
Seat 1: dobber888 (button) (small blind) folded before Flop
Seat 4: Koraseg (big blind) collected ($2)


PokerStars Hand #170326920424:  Hold'em Limit ($3/$6 USD) - 2017/05/12 16:06:14 ET
Table 'Lundia' 6-max Seat #4 is the button
Seat 1: dobber888 ($57.91 in chips)
Seat 4: Koraseg ($156.37 in chips)
Koraseg: posts small blind $1
dobber888: posts big blind $3
*** HOLE CARDS ***
Koraseg: raises $3 to $6
dobber888: folds
Uncalled bet ($3) returned to Koraseg
Koraseg collected $6 from pot
Koraseg: doesn't show hand
*** SUMMARY ***
Total pot $6 | Rake $0
Seat 1: dobber888 (big blind) folded before Flop
Seat 4: Koraseg (button) (small blind) collected ($6)


PokerStars Hand #170326904054:  Hold'em Limit ($3/$6 USD) - 2017/05/12 16:05:56 ET
Table 'Lundia' 6-max Seat #1 is the button
Seat 1: dobber888 ($75.91 in chips)
Seat 4: Koraseg ($138.87 in chips)
dobber888: posts small blind $1
Koraseg: posts big blind $3
*** HOLE CARDS ***
dobber888: raises $3 to $6
Koraseg: calls $3
*** FLOP *** [Qh Ts 6s]
Koraseg: checks
dobber888: checks
*** TURN *** [Qh Ts 6s] [2c]
Koraseg: bets $6
dobber888: calls $6
*** RIVER *** [Qh Ts 6s 2c] [Qc]
Koraseg: bets $6
dobber888: calls $6
*** SHOW DOWN ***
Koraseg: shows [Qs 9d] (three of a kind, Queens)
dobber888: mucks hand
Koraseg collected $35.50 from pot
*** SUMMARY ***
Total pot $36 | Rake $0.50
Board [Qh Ts 6s 2c Qc]
Seat 1: dobber888 (button) (small blind) mucked
Seat 4: Koraseg (big blind) showed [Qs 9d] and won ($35.50) with three of a kind, Queens


PokerStars Hand #170326888423:  Hold'em Limit ($3/$6 USD) - 2017/05/12 16:05:39 ET
Table 'Lundia' 6-max Seat #4 is the button
Seat 1: dobber888 ($67.27 in chips)
Seat 4: Koraseg ($147.87 in chips)
Koraseg: posts small blind $1
dobber888: posts big blind $3
*** HOLE CARDS ***
Koraseg: raises $3 to $6
dobber888: calls $3
*** FLOP *** [Ts Kd Tc]
dobber888: checks
Koraseg: bets $3
dobber888: calls $3
*** TURN *** [Ts Kd Tc] [8c]
dobber888: checks
Koraseg: checks
*** RIVER *** [Ts Kd Tc 8c] [7s]
dobber888: bets $6
Koraseg: folds
Uncalled bet ($6) returned to dobber888
dobber888 collected $17.64 from pot
dobber888: doesn't show hand
*** SUMMARY ***
Total pot $18 | Rake $0.36
Board [Ts Kd Tc 8c 7s]
Seat 1: dobber888 (big blind) collected ($17.64)
Seat 4: Koraseg (button) (small blind) folded on the River


PokerStars Hand #170326939155:  Hold'em Limit ($3/$6 USD) - 2017/05/12 16:06:36 ET
Table 'Lundia' 6-max Seat #1 is the button
Seat 1: dobber888 ($54.91 in chips)
Seat 4: Koraseg ($159.37 in chips)
dobber888: posts small blind $1
Koraseg: posts big blind $3
*** HOLE CARDS ***
dobber888: raises $3 to $6
Koraseg: calls $3
*** FLOP *** [8c 2h 3c]
Koraseg: checks
dobber888: checks
*** TURN *** [8c 2h 3c] [3h]
Koraseg: checks
dobber888: bets $6
Koraseg: folds
Uncalled bet ($6) returned to dobber888
dobber888 collected $11.76 from pot
dobber888: doesn't show hand
*** SUMMARY ***
Total pot $12 | Rake $0.24
Board [8c 2h 3c 3h]
Seat 1: dobber888 (button) (small blind) collected ($11.76)
Seat 4: Koraseg (big blind) folded on the Turn


PokerStars Hand #170326968456:  Hold'em Limit ($3/$6 USD) - 2017/05/12 16:07:08 ET
Table 'Lundia' 6-max Seat #1 is the button
Seat 1: dobber888 ($72.19 in chips)
Seat 4: Koraseg ($141.37 in chips)
dobber888: posts small blind $1
Koraseg: posts big blind $3
*** HOLE CARDS ***
dobber888: raises $3 to $6
Koraseg: calls $3
*** FLOP *** [Th Jh 3c]
Koraseg: bets $3
dobber888: calls $3
*** TURN *** [Th Jh 3c] [7c]
Koraseg: bets $6
dobber888: calls $6
*** RIVER *** [Th Jh 3c 7c] [3d]
Koraseg: bets $6
dobber888: folds
Uncalled bet ($6) returned to Koraseg
Koraseg collected $29.50 from pot
Koraseg: doesn't show hand
*** SUMMARY ***
Total pot $30 | Rake $0.50
Board [Th Jh 3c 7c 3d]
Seat 1: dobber888 (button) (small blind) folded on the River
Seat 4: Koraseg (big blind) collected ($29.50)


PokerStars Hand #170326951945:  Hold'em Limit ($3/$6 USD) - 2017/05/12 16:06:50 ET
Table 'Lundia' 6-max Seat #4 is the button
Seat 1: dobber888 ($60.67 in chips)
Seat 4: Koraseg ($153.37 in chips)
Koraseg: posts small blind $1
dobber888: posts big blind $3
*** HOLE CARDS ***
Koraseg: raises $3 to $6
dobber888: raises $3 to $9
Koraseg: calls $3
*** FLOP *** [2h 6h 5s]
dobber888: bets $3
Koraseg: calls $3
*** TURN *** [2h 6h 5s] [5c]
dobber888: bets $6
Koraseg: folds
Uncalled bet ($6) returned to dobber888
dobber888 collected $23.52 from pot
dobber888: doesn't show hand
*** SUMMARY ***
Total pot $24 | Rake $0.48
Board [2h 6h 5s 5c]
Seat 1: dobber888 (big blind) collected ($23.52)
Seat 4: Koraseg (button) (small blind) folded on the Turn


PokerStars Hand #170326999242:  Hold'em Limit ($3/$6 USD) - 2017/05/12 16:07:42 ET
Table 'Lundia' 6-max Seat #1 is the button
Seat 1: dobber888 ($51.19 in chips)
Seat 4: Koraseg ($161.63 in chips)
dobber888: posts small blind $1
Koraseg: posts big blind $3
*** HOLE CARDS ***
dobber888: folds
Uncalled bet ($2) returned to Koraseg
Koraseg collected $2 from pot
Koraseg: doesn't show hand
*** SUMMARY ***
Total pot $2 | Rake $0
Seat 1: dobber888 (button) (small blind) folded before Flop
Seat 4: Koraseg (big blind) collected ($2)


PokerStars Hand #170326985794:  Hold'em Limit ($3/$6 USD) - 2017/05/12 16:07:27 ET
Table 'Lundia' 6-max Seat #4 is the button
Seat 1: dobber888 ($57.19 in chips)
Seat 4: Koraseg ($155.87 in chips)
Koraseg: posts small blind $1
dobber888: posts big blind $3
*** HOLE CARDS ***
Koraseg: raises $3 to $6
dobber888: calls $3
*** FLOP *** [2d 3c Qh]
dobber888: checks
Koraseg: bets $3
dobber888: folds
Uncalled bet ($3) returned to Koraseg
Koraseg collected $11.76 from pot
Koraseg: doesn't show hand
*** SUMMARY ***
Total pot $12 | Rake $0.24
Board [2d 3c Qh]
Seat 1: dobber888 (big blind) folded on the Flop
Seat 4: Koraseg (button) (small blind) collected ($11.76)


PokerStars Hand #170327023109:  Hold'em Limit ($3/$6 USD) - 2017/05/12 16:08:09 ET
Table 'Lundia' 6-max Seat #1 is the button
Seat 1: dobber888 ($64.69 in chips)
Seat 4: Koraseg ($147.63 in chips)
dobber888: posts small blind $1
Koraseg: posts big blind $3
*** HOLE CARDS ***
dobber888: raises $3 to $6
Koraseg: calls $3
*** FLOP *** [5s 3s 6d]
Koraseg: checks
dobber888: checks
*** TURN *** [5s 3s 6d] [Ac]
Koraseg: checks
dobber888: bets $6
Koraseg: folds
Uncalled bet ($6) returned to dobber888
dobber888 collected $11.76 from pot
dobber888: doesn't show hand
*** SUMMARY ***
Total pot $12 | Rake $0.24
Board [5s 3s 6d Ac]
Seat 1: dobber888 (button) (small blind) collected ($11.76)
Seat 4: Koraseg (big blind) folded on the Turn


PokerStars Hand #170327005074:  Hold'em Limit ($3/$6 USD) - 2017/05/12 16:07:49 ET
Table 'Lundia' 6-max Seat #4 is the button
Seat 1: dobber888 ($50.19 in chips)
Seat 4: Koraseg ($162.63 in chips)
Koraseg: posts small blind $1
dobber888: posts big blind $3
*** HOLE CARDS ***
Koraseg: raises $3 to $6
dobber888: raises $3 to $9
Koraseg: calls $3
*** FLOP *** [7s Td Kc]
dobber888: bets $3
Koraseg: raises $3 to $6
dobber888: calls $3
*** TURN *** [7s Td Kc] [5c]
dobber888: checks
Koraseg: checks
*** RIVER *** [7s Td Kc 5c] [Kh]
dobber888: checks
Koraseg: checks
*** SHOW DOWN ***
dobber888: shows [9c Ac] (a pair of Kings)
Koraseg: mucks hand
dobber888 collected $29.50 from pot
*** SUMMARY ***
Total pot $30 | Rake $0.50
Board [7s Td Kc 5c Kh]
Seat 1: dobber888 (big blind) showed [9c Ac] and won ($29.50) with a pair of Kings
Seat 4: Koraseg (button) (small blind) mucked


PokerStars Hand #170327083946:  Hold'em Limit ($3/$6 USD) - 2017/05/12 16:09:17 ET
Table 'Lundia' 6-max Seat #1 is the button
Seat 1: dobber888 ($76.09 in chips)
Seat 4: Koraseg ($135.39 in chips)
dobber888: posts small blind $1
Koraseg: posts big blind $3
*** HOLE CARDS ***
dobber888: folds
Uncalled bet ($2) returned to Koraseg
Koraseg collected $2 from pot
Koraseg: doesn't show hand
*** SUMMARY ***
Total pot $2 | Rake $0
Seat 1: dobber888 (button) (small blind) folded before Flop
Seat 4: Koraseg (big blind) collected ($2)


PokerStars Hand #170327071186:  Hold'em Limit ($3/$6 USD) - 2017/05/12 16:09:02 ET
Table 'Lundia' 6-max Seat #4 is the button
Seat 1: dobber888 ($82.09 in chips)
Seat 4: Koraseg ($129.63 in chips)
Koraseg: posts small blind $1
dobber888: posts big blind $3
*** HOLE CARDS ***
Koraseg: raises $3 to $6
dobber888: calls $3
*** FLOP *** [8s Ts As]
dobber888: checks
Koraseg: bets $3
dobber888: folds
Uncalled bet ($3) returned to Koraseg
Koraseg collected $11.76 from pot
Koraseg: doesn't show hand
*** SUMMARY ***
Total pot $12 | Rake $0.24
Board [8s Ts As]
Seat 1: dobber888 (big blind) folded on the Flop
Seat 4: Koraseg (button) (small blind) collected ($11.76)


PokerStars Hand #170327064904:  Hold'em Limit ($3/$6 USD) - 2017/05/12 16:08:55 ET
Table 'Lundia' 6-max Seat #1 is the button
Seat 1: dobber888 ($79.09 in chips)
Seat 4: Koraseg ($132.63 in chips)
dobber888: posts small blind $1
Koraseg: posts big blind $3
*** HOLE CARDS ***
dobber888: raises $3 to $6
Koraseg: folds
Uncalled bet ($3) returned to dobber888
dobber888 collected $6 from pot
dobber888: doesn't show hand
*** SUMMARY ***
Total pot $6 | Rake $0
Seat 1: dobber888 (button) (small blind) collected ($6)
Seat 4: Koraseg (big blind) folded before Flop


PokerStars Hand #170327037634:  Hold'em Limit ($3/$6 USD) - 2017/05/12 16:08:25 ET
Table 'Lundia' 6-max Seat #4 is the button
Seat 1: dobber888 ($70.45 in chips)
Seat 4: Koraseg ($141.63 in chips)
Koraseg: posts small blind $1
dobber888: posts big blind $3
*** HOLE CARDS ***
Koraseg: raises $3 to $6
dobber888: calls $3
*** FLOP *** [Jc Ah 7d]
dobber888: checks
Koraseg: bets $3
dobber888: calls $3
*** TURN *** [Jc Ah 7d] [6s]
dobber888: checks
Koraseg: checks
*** RIVER *** [Jc Ah 7d 6s] [Jd]
dobber888: bets $6
Koraseg: folds
Uncalled bet ($6) returned to dobber888
dobber888 collected $17.64 from pot
dobber888: doesn't show hand
*** SUMMARY ***
Total pot $18 | Rake $0.36
Board [Jc Ah 7d 6s Jd]
Seat 1: dobber888 (big blind) collected ($17.64)
Seat 4: Koraseg (button) (small blind) folded on the River


PokerStars Hand #170327106992:  Hold'em Limit ($3/$6 USD) - 2017/05/12 16:09:42 ET
Table 'Lundia' 6-max Seat #4 is the button
Seat 1: dobber888 ($75.09 in chips)
Seat 4: Koraseg ($136.39 in chips)
Koraseg: posts small blind $1
dobber888: posts big blind $3
*** HOLE CARDS ***
Koraseg: folds
Uncalled bet ($2) returned to dobber888
dobber888 collected $2 from pot
dobber888: doesn't show hand
*** SUMMARY ***
Total pot $2 | Rake $0
Seat 1: dobber888 (big blind) collected ($2)
Seat 4: Koraseg (button) (small blind) folded before Flop


PokerStars Hand #170327099777:  Hold'em Limit ($3/$6 USD) - 2017/05/12 16:09:34 ET
Table 'Lundia' 6-max Seat #1 is the button
Seat 1: dobber888 ($72.09 in chips)
Seat 4: Koraseg ($139.39 in chips)
dobber888: posts small blind $1
Koraseg: posts big blind $3
*** HOLE CARDS ***
dobber888: raises $3 to $6
Koraseg: folds
Uncalled bet ($3) returned to dobber888
dobber888 collected $6 from pot
dobber888: doesn't show hand
*** SUMMARY ***
Total pot $6 | Rake $0
Seat 1: dobber888 (button) (small blind) collected ($6)
Seat 4: Koraseg (big blind) folded before Flop


PokerStars Hand #170327090411:  Hold'em Limit ($3/$6 USD) - 2017/05/12 16:09:24 ET
Table 'Lundia' 6-max Seat #4 is the button
Seat 1: dobber888 ($75.09 in chips)
Seat 4: Koraseg ($136.39 in chips)
Koraseg: posts small blind $1
dobber888: posts big blind $3
*** HOLE CARDS ***
Koraseg: raises $3 to $6
dobber888: folds
Uncalled bet ($3) returned to Koraseg
Koraseg collected $6 from pot
Koraseg: doesn't show hand
*** SUMMARY ***
Total pot $6 | Rake $0
Seat 1: dobber888 (big blind) folded before Flop
Seat 4: Koraseg (button) (small blind) collected ($6)


PokerStars Hand #170327123412:  Hold'em Limit ($3/$6 USD) - 2017/05/12 16:10:01 ET
Table 'Lundia' 6-max Seat #1 is the button
Seat 1: dobber888 ($76.09 in chips)
Seat 4: Koraseg ($135.39 in chips)
dobber888: posts small blind $1
Koraseg: posts big blind $3
*** HOLE CARDS ***
dobber888: raises $3 to $6
Koraseg: folds
Uncalled bet ($3) returned to dobber888
dobber888 collected $6 from pot
dobber888: doesn't show hand
*** SUMMARY ***
Total pot $6 | Rake $0
Seat 1: dobber888 (button) (small blind) collected ($6)
Seat 4: Koraseg (big blind) folded before Flop


PokerStars Hand #170327117724:  Hold'em Limit ($3/$6 USD) - 2017/05/12 16:09:54 ET
Table 'Lundia' 6-max Seat #4 is the button
Seat 1: dobber888 ($75.09 in chips)
Seat 4: Koraseg ($136.39 in chips)
Koraseg: posts small blind $1
dobber888: posts big blind $3
*** HOLE CARDS ***
Koraseg: folds
Uncalled bet ($2) returned to dobber888
dobber888 collected $2 from pot
dobber888: doesn't show hand
*** SUMMARY ***
Total pot $2 | Rake $0
Seat 1: dobber888 (big blind) collected ($2)
Seat 4: Koraseg (button) (small blind) folded before Flop


PokerStars Hand #170327111397:  Hold'em Limit ($3/$6 USD) - 2017/05/12 16:09:47 ET
Table 'Lundia' 6-max Seat #1 is the button
Seat 1: dobber888 ($76.09 in chips)
Seat 4: Koraseg ($135.39 in chips)
dobber888: posts small blind $1
Koraseg: posts big blind $3
*** HOLE CARDS ***
dobber888: folds
Uncalled bet ($2) returned to Koraseg
Koraseg collected $2 from pot
Koraseg: doesn't show hand
*** SUMMARY ***
Total pot $2 | Rake $0
Seat 1: dobber888 (button) (small blind) folded before Flop
Seat 4: Koraseg (big blind) collected ($2)


PokerStars Hand #170327151105:  Hold'em Limit ($3/$6 USD) - 2017/05/12 16:10:32 ET
Table 'Lundia' 6-max Seat #1 is the button
Seat 1: dobber888 ($90.61 in chips)
Seat 4: Koraseg ($120.39 in chips)
dobber888: posts small blind $1
Koraseg: posts big blind $3
*** HOLE CARDS ***
dobber888: folds
Uncalled bet ($2) returned to Koraseg
Koraseg collected $2 from pot
Koraseg: doesn't show hand
*** SUMMARY ***
Total pot $2 | Rake $0
Seat 1: dobber888 (button) (small blind) folded before Flop
Seat 4: Koraseg (big blind) collected ($2)


PokerStars Hand #170327132395:  Hold'em Limit ($3/$6 USD) - 2017/05/12 16:10:11 ET
Table 'Lundia' 6-max Seat #4 is the button
Seat 1: dobber888 ($79.09 in chips)
Seat 4: Koraseg ($132.39 in chips)
Koraseg: posts small blind $1
dobber888: posts big blind $3
*** HOLE CARDS ***
Koraseg: raises $3 to $6
dobber888: raises $3 to $9
Koraseg: calls $3
*** FLOP *** [6d 4h Qd]
dobber888: bets $3
Koraseg: calls $3
*** TURN *** [6d 4h Qd] [2h]
dobber888: checks
Koraseg: checks
*** RIVER *** [6d 4h Qd 2h] [Jh]
dobber888: bets $6
Koraseg: folds
Uncalled bet ($6) returned to dobber888
dobber888 collected $23.52 from pot
dobber888: doesn't show hand
*** SUMMARY ***
Total pot $24 | Rake $0.48
Board [6d 4h Qd 2h Jh]
Seat 1: dobber888 (big blind) collected ($23.52)
Seat 4: Koraseg (button) (small blind) folded on the River


PokerStars Hand #170327200896:  Hold'em Limit ($3/$6 USD) - 2017/05/12 16:11:27 ET
Table 'Lundia' 6-max Seat #1 is the button
Seat 1: dobber888 ($86.25 in chips)
Seat 4: Koraseg ($123.91 in chips)
dobber888: posts small blind $1
Koraseg: posts big blind $3
*** HOLE CARDS ***
Pfuenph joins the table at seat #2
dobber888: folds
Uncalled bet ($2) returned to Koraseg
Koraseg collected $2 from pot
Koraseg: doesn't show hand
*** SUMMARY ***
Total pot $2 | Rake $0
Seat 1: dobber888 (button) (small blind) folded before Flop
Seat 4: Koraseg (big blind) collected ($2)


PokerStars Hand #170327187738:  Hold'em Limit ($3/$6 USD) - 2017/05/12 16:11:13 ET
Table 'Lundia' 6-max Seat #4 is the button
Seat 1: dobber888 ($77.61 in chips)
Seat 4: Koraseg ($132.91 in chips)
Koraseg: posts small blind $1
dobber888: posts big blind $3
*** HOLE CARDS ***
Koraseg: raises $3 to $6
dobber888: raises $3 to $9
Koraseg: calls $3
*** FLOP *** [4h 5h 5d]
dobber888: bets $3
Koraseg: folds
Uncalled bet ($3) returned to dobber888
dobber888 collected $17.64 from pot
dobber888: doesn't show hand
*** SUMMARY ***
Total pot $18 | Rake $0.36
Board [4h 5h 5d]
Seat 1: dobber888 (big blind) collected ($17.64)
Seat 4: Koraseg (button) (small blind) folded on the Flop


PokerStars Hand #170327170040:  Hold'em Limit ($3/$6 USD) - 2017/05/12 16:10:53 ET
Table 'Lundia' 6-max Seat #1 is the button
Seat 1: dobber888 ($83.61 in chips)
Seat 4: Koraseg ($127.15 in chips)
dobber888: posts small blind $1
Koraseg: posts big blind $3
*** HOLE CARDS ***
dobber888: calls $2
Koraseg: checks
*** FLOP *** [Tc Ad 9h]
Koraseg: bets $3
dobber888: calls $3
*** TURN *** [Tc Ad 9h] [Kd]
Koraseg: bets $6
dobber888: folds
Uncalled bet ($6) returned to Koraseg
Koraseg collected $11.76 from pot
Koraseg: doesn't show hand
*** SUMMARY ***
Total pot $12 | Rake $0.24
Board [Tc Ad 9h Kd]
Seat 1: dobber888 (button) (small blind) folded on the Turn
Seat 4: Koraseg (big blind) collected ($11.76)


PokerStars Hand #170327155919:  Hold'em Limit ($3/$6 USD) - 2017/05/12 16:10:37 ET
Table 'Lundia' 6-max Seat #4 is the button
Seat 1: dobber888 ($89.61 in chips)
Seat 4: Koraseg ($121.39 in chips)
Koraseg: posts small blind $1
dobber888: posts big blind $3
*** HOLE CARDS ***
Koraseg: raises $3 to $6
dobber888: calls $3
*** FLOP *** [8c 3h 5c]
dobber888: checks
Koraseg: bets $3
dobber888: folds
Uncalled bet ($3) returned to Koraseg
Koraseg collected $11.76 from pot
Koraseg: doesn't show hand
*** SUMMARY ***
Total pot $12 | Rake $0.24
Board [8c 3h 5c]
Seat 1: dobber888 (big blind) folded on the Flop
Seat 4: Koraseg (button) (small blind) collected ($11.76)


PokerStars Hand #170327206822:  Hold'em Limit ($3/$6 USD) - 2017/05/12 16:11:34 ET
Table 'Lundia' 6-max Seat #4 is the button
Seat 1: dobber888 ($85.25 in chips)
Seat 4: Koraseg ($124.91 in chips)
Koraseg: posts small blind $1
dobber888: posts big blind $3
*** HOLE CARDS ***
Koraseg: raises $3 to $6
dobber888: calls $3
*** FLOP *** [Ac 5c 8s]
dobber888: checks
Koraseg: bets $3
dobber888: calls $3
*** TURN *** [Ac 5c 8s] [7d]
dobber888: checks
Koraseg: bets $6
dobber888: calls $6
*** RIVER *** [Ac 5c 8s 7d] [Qc]
dobber888: checks
Koraseg: checks
*** SHOW DOWN ***
dobber888: shows [6c 7s] (a pair of Sevens)
Koraseg: shows [8d Js] (a pair of Eights)
Koraseg collected $29.50 from pot
*** SUMMARY ***
Total pot $30 | Rake $0.50
Board [Ac 5c 8s 7d Qc]
Seat 1: dobber888 (big blind) showed [6c 7s] and lost with a pair of Sevens
Seat 4: Koraseg (button) (small blind) showed [8d Js] and won ($29.50) with a pair of Eights


PokerStars Hand #170329682979:  Hold'em Limit ($3/$6 USD) - 2017/05/12 16:59:16 ET
Table 'Lundia' 6-max Seat #2 is the button
Seat 2: Pfuenph ($121.33 in chips)
Seat 4: Koraseg ($281 in chips)
Pfuenph: posts small blind $1
Koraseg: posts big blind $3
*** HOLE CARDS ***
Pfuenph: folds
Uncalled bet ($2) returned to Koraseg
Koraseg collected $2 from pot
Koraseg: doesn't show hand
*** SUMMARY ***
Total pot $2 | Rake $0
Seat 2: Pfuenph (button) (small blind) folded before Flop
Seat 4: Koraseg (big blind) collected ($2)


