PokerStars Hand #157715888318:  Hold'em Limit ($3/$6 USD) - 2016/08/25 8:21:23 ET
Table 'Lundia II' 10-max Seat #10 is the button
Seat 5: simper11 ($143.14 in chips)
Seat 10: ManuelSikora ($96 in chips)
ManuelSikora: posts small blind $1
simper11: posts big blind $3
*** HOLE CARDS ***
ManuelSikora: calls $2
simper11: checks
*** FLOP *** [As 5s Ad]
simper11: checks
ManuelSikora: bets $3
simper11: folds
Uncalled bet ($3) returned to ManuelSikora
ManuelSikora collected $5.88 from pot
ManuelSikora: doesn't show hand
*** SUMMARY ***
Total pot $6 | Rake $0.12
Board [As 5s Ad]
Seat 5: simper11 (big blind) folded on the Flop
Seat 10: ManuelSikora (button) (small blind) collected ($5.88)


PokerStars Hand #157715881226:  Hold'em Limit ($3/$6 USD) - 2016/08/25 8:21:08 ET
Table 'Lundia II' 10-max Seat #5 is the button
Seat 5: simper11 ($134.50 in chips)
Seat 10: ManuelSikora ($105 in chips)
simper11: posts small blind $1
ManuelSikora: posts big blind $3
*** HOLE CARDS ***
simper11: raises $3 to $6
ManuelSikora: calls $3
*** FLOP *** [4h 9s As]
ManuelSikora: bets $3
simper11: raises $3 to $6
ManuelSikora: folds
Uncalled bet ($3) returned to simper11
simper11 collected $17.64 from pot
simper11: doesn't show hand
*** SUMMARY ***
Total pot $18 | Rake $0.36
Board [4h 9s As]
Seat 5: simper11 (button) (small blind) collected ($17.64)
Seat 10: ManuelSikora (big blind) folded on the Flop


PokerStars Hand #157715871985:  Hold'em Limit ($3/$6 USD) - 2016/08/25 8:20:47 ET
Table 'Lundia II' 10-max Seat #10 is the button
Seat 5: simper11 ($120 in chips)
Seat 10: ManuelSikora ($120 in chips)
ManuelSikora: posts small blind $1
simper11: posts big blind $3
*** HOLE CARDS ***
ManuelSikora: raises $3 to $6
simper11: raises $3 to $9
ManuelSikora: calls $3
*** FLOP *** [Jh 2d 2h]
simper11: bets $3
ManuelSikora: raises $3 to $6
simper11: calls $3
*** TURN *** [Jh 2d 2h] [Qd]
simper11: checks
ManuelSikora: checks
*** RIVER *** [Jh 2d 2h Qd] [7c]
simper11: bets $6
ManuelSikora: folds
Uncalled bet ($6) returned to simper11
simper11 collected $29.50 from pot
simper11: doesn't show hand
*** SUMMARY ***
Total pot $30 | Rake $0.50
Board [Jh 2d 2h Qd 7c]
Seat 5: simper11 (big blind) collected ($29.50)
Seat 10: ManuelSikora (button) (small blind) folded on the River


PokerStars Hand #157715922228:  Hold'em Limit ($3/$6 USD) - 2016/08/25 8:22:36 ET
Table 'Lundia II' 10-max Seat #5 is the button
Seat 5: simper11 ($157.40 in chips)
Seat 10: ManuelSikora ($80.40 in chips)
simper11: posts small blind $1
ManuelSikora: posts big blind $3
*** HOLE CARDS ***
simper11: raises $3 to $6
ManuelSikora: raises $3 to $9
simper11: calls $3
*** FLOP *** [9d 4c 7c]
ManuelSikora: checks
simper11: checks
*** TURN *** [9d 4c 7c] [3h]
ManuelSikora: bets $6
simper11: calls $6
*** RIVER *** [9d 4c 7c 3h] [9h]
ManuelSikora: bets $6
simper11: calls $6
*** SHOW DOWN ***
ManuelSikora: shows [8c Ac] (a pair of Nines)
simper11: mucks hand
ManuelSikora collected $41.50 from pot
*** SUMMARY ***
Total pot $42 | Rake $0.50
Board [9d 4c 7c 3h 9h]
Seat 5: simper11 (button) (small blind) mucked
Seat 10: ManuelSikora (big blind) showed [8c Ac] and won ($41.50) with a pair of Nines


PokerStars Hand #157715916749:  Hold'em Limit ($3/$6 USD) - 2016/08/25 8:22:24 ET
Table 'Lundia II' 10-max Seat #10 is the button
Seat 5: simper11 ($151.64 in chips)
Seat 10: ManuelSikora ($86.40 in chips)
ManuelSikora: posts small blind $1
simper11: posts big blind $3
*** HOLE CARDS ***
ManuelSikora: raises $3 to $6
simper11: calls $3
*** FLOP *** [Ks 6d Qs]
simper11: checks
ManuelSikora: checks
*** TURN *** [Ks 6d Qs] [Qd]
simper11: bets $6
ManuelSikora: folds
Uncalled bet ($6) returned to simper11
simper11 collected $11.76 from pot
simper11: doesn't show hand
*** SUMMARY ***
Total pot $12 | Rake $0.24
Board [Ks 6d Qs Qd]
Seat 5: simper11 (big blind) collected ($11.76)
Seat 10: ManuelSikora (button) (small blind) folded on the Turn


PokerStars Hand #157715910033:  Hold'em Limit ($3/$6 USD) - 2016/08/25 8:22:10 ET
Table 'Lundia II' 10-max Seat #5 is the button
Seat 5: simper11 ($157.64 in chips)
Seat 10: ManuelSikora ($80.64 in chips)
simper11: posts small blind $1
ManuelSikora: posts big blind $3
*** HOLE CARDS ***
simper11: raises $3 to $6
ManuelSikora: calls $3
*** FLOP *** [7c Ts 4c]
ManuelSikora: bets $3
simper11: folds
Uncalled bet ($3) returned to ManuelSikora
ManuelSikora collected $11.76 from pot
ManuelSikora: doesn't show hand
*** SUMMARY ***
Total pot $12 | Rake $0.24
Board [7c Ts 4c]
Seat 5: simper11 (button) (small blind) folded on the Flop
Seat 10: ManuelSikora (big blind) collected ($11.76)


PokerStars Hand #157715905543:  Hold'em Limit ($3/$6 USD) - 2016/08/25 8:22:00 ET
Table 'Lundia II' 10-max Seat #10 is the button
Seat 5: simper11 ($163.64 in chips)
Seat 10: ManuelSikora ($74.88 in chips)
ManuelSikora: posts small blind $1
simper11: posts big blind $3
*** HOLE CARDS ***
ManuelSikora: raises $3 to $6
simper11: calls $3
*** FLOP *** [Jh 3h Ks]
simper11: checks
ManuelSikora: bets $3
simper11: folds
Uncalled bet ($3) returned to ManuelSikora
ManuelSikora collected $11.76 from pot
ManuelSikora: doesn't show hand
*** SUMMARY ***
Total pot $12 | Rake $0.24
Board [Jh 3h Ks]
Seat 5: simper11 (big blind) folded on the Flop
Seat 10: ManuelSikora (button) (small blind) collected ($11.76)


PokerStars Hand #157715898553:  Hold'em Limit ($3/$6 USD) - 2016/08/25 8:21:45 ET
Table 'Lundia II' 10-max Seat #5 is the button
Seat 5: simper11 ($140.14 in chips)
Seat 10: ManuelSikora ($98.88 in chips)
simper11: posts small blind $1
ManuelSikora: posts big blind $3
*** HOLE CARDS ***
simper11: raises $3 to $6
ManuelSikora: raises $3 to $9
simper11: calls $3
*** FLOP *** [8d Jd 5h]
ManuelSikora: bets $3
simper11: calls $3
*** TURN *** [8d Jd 5h] [7c]
ManuelSikora: bets $6
simper11: calls $6
*** RIVER *** [8d Jd 5h 7c] [5d]
ManuelSikora: bets $6
simper11: calls $6
*** SHOW DOWN ***
ManuelSikora: shows [3h Ad] (a pair of Fives)
simper11: shows [6d 7s] (two pair, Sevens and Fives)
simper11 collected $47.50 from pot
*** SUMMARY ***
Total pot $48 | Rake $0.50
Board [8d Jd 5h 7c 5d]
Seat 5: simper11 (button) (small blind) showed [6d 7s] and won ($47.50) with two pair, Sevens and Fives
Seat 10: ManuelSikora (big blind) showed [3h Ad] and lost with a pair of Fives


PokerStars Hand #157715954364:  Hold'em Limit ($3/$6 USD) - 2016/08/25 8:23:44 ET
Table 'Lundia II' 10-max Seat #5 is the button
Seat 5: simper11 ($120 in chips)
Seat 10: ManuelSikora ($125.28 in chips)
simper11: posts small blind $1
ManuelSikora: posts big blind $3
*** HOLE CARDS ***
simper11: folds
Uncalled bet ($2) returned to ManuelSikora
ManuelSikora collected $2 from pot
ManuelSikora: doesn't show hand
*** SUMMARY ***
Total pot $2 | Rake $0
Seat 5: simper11 (button) (small blind) folded before Flop
Seat 10: ManuelSikora (big blind) collected ($2)


PokerStars Hand #157715944532:  Hold'em Limit ($3/$6 USD) - 2016/08/25 8:23:23 ET
Table 'Lundia II' 10-max Seat #10 is the button
Seat 5: simper11 ($120 in chips)
Seat 10: ManuelSikora ($122.40 in chips)
ManuelSikora: posts small blind $1
simper11: posts big blind $3
*** HOLE CARDS ***
ManuelSikora: calls $2
simper11: checks
*** FLOP *** [3s 8d Ts]
simper11: checks
ManuelSikora: bets $3
simper11: folds
Uncalled bet ($3) returned to ManuelSikora
ManuelSikora collected $5.88 from pot
ManuelSikora: doesn't show hand
*** SUMMARY ***
Total pot $6 | Rake $0.12
Board [3s 8d Ts]
Seat 5: simper11 (big blind) folded on the Flop
Seat 10: ManuelSikora (button) (small blind) collected ($5.88)


PokerStars Hand #157715942422:  Hold'em Limit ($3/$6 USD) - 2016/08/25 8:23:19 ET
Table 'Lundia II' 10-max Seat #5 is the button
Seat 5: simper11 ($120 in chips)
Seat 10: ManuelSikora ($121.40 in chips)
simper11: posts small blind $1
ManuelSikora: posts big blind $3
*** HOLE CARDS ***
simper11: folds
Uncalled bet ($2) returned to ManuelSikora
ManuelSikora collected $2 from pot
ManuelSikora: doesn't show hand
*** SUMMARY ***
Total pot $2 | Rake $0
Seat 5: simper11 (button) (small blind) folded before Flop
Seat 10: ManuelSikora (big blind) collected ($2)


PokerStars Hand #157715930280:  Hold'em Limit ($3/$6 USD) - 2016/08/25 8:22:53 ET
Table 'Lundia II' 10-max Seat #10 is the button
Seat 5: simper11 ($136.40 in chips)
Seat 10: ManuelSikora ($100.90 in chips)
ManuelSikora: posts small blind $1
simper11: posts big blind $3
*** HOLE CARDS ***
ManuelSikora: raises $3 to $6
simper11: calls $3
*** FLOP *** [6c 7h 8d]
simper11: checks
ManuelSikora: bets $3
simper11: raises $3 to $6
ManuelSikora: raises $3 to $9
simper11: calls $3
*** TURN *** [6c 7h 8d] [2s]
simper11: checks
ManuelSikora: bets $6
simper11: calls $6
*** RIVER *** [6c 7h 8d 2s] [Ah]
simper11: checks
ManuelSikora: checks
*** SHOW DOWN ***
simper11: shows [9s 7d] (a pair of Sevens)
ManuelSikora: shows [8s 3d] (a pair of Eights)
ManuelSikora collected $41.50 from pot
*** SUMMARY ***
Total pot $42 | Rake $0.50
Board [6c 7h 8d 2s Ah]
Seat 5: simper11 (big blind) showed [9s 7d] and lost with a pair of Sevens
Seat 10: ManuelSikora (button) (small blind) showed [8s 3d] and won ($41.50) with a pair of Eights


PokerStars Hand #157715983349:  Hold'em Limit ($3/$6 USD) - 2016/08/25 8:24:46 ET
Table 'Lundia II' 10-max Seat #10 is the button
Seat 5: simper11 ($120 in chips)
Seat 10: ManuelSikora ($163.18 in chips)
ManuelSikora: posts small blind $1
simper11: posts big blind $3
*** HOLE CARDS ***
ManuelSikora: raises $3 to $6
simper11: calls $3
*** FLOP *** [Ks 5c 5s]
simper11: checks
ManuelSikora: checks
*** TURN *** [Ks 5c 5s] [Tc]
simper11: checks
ManuelSikora: bets $6
simper11: folds
Uncalled bet ($6) returned to ManuelSikora
ManuelSikora collected $11.76 from pot
ManuelSikora: doesn't show hand
*** SUMMARY ***
Total pot $12 | Rake $0.24
Board [Ks 5c 5s Tc]
Seat 5: simper11 (big blind) folded on the Turn
Seat 10: ManuelSikora (button) (small blind) collected ($11.76)


PokerStars Hand #157715981272:  Hold'em Limit ($3/$6 USD) - 2016/08/25 8:24:42 ET
Table 'Lundia II' 10-max Seat #5 is the button
Seat 5: simper11 ($120 in chips)
Seat 10: ManuelSikora ($162.18 in chips)
simper11: posts small blind $1
ManuelSikora: posts big blind $3
*** HOLE CARDS ***
simper11: folds
Uncalled bet ($2) returned to ManuelSikora
ManuelSikora collected $2 from pot
ManuelSikora: doesn't show hand
*** SUMMARY ***
Total pot $2 | Rake $0
Seat 5: simper11 (button) (small blind) folded before Flop
Seat 10: ManuelSikora (big blind) collected ($2)


PokerStars Hand #157715978850:  Hold'em Limit ($3/$6 USD) - 2016/08/25 8:24:37 ET
Table 'Lundia II' 10-max Seat #10 is the button
Seat 5: simper11 ($120 in chips)
Seat 10: ManuelSikora ($159.18 in chips)
ManuelSikora: posts small blind $1
simper11: posts big blind $3
*** HOLE CARDS ***
ManuelSikora: raises $3 to $6
simper11: folds
Uncalled bet ($3) returned to ManuelSikora
ManuelSikora collected $6 from pot
ManuelSikora: doesn't show hand
*** SUMMARY ***
Total pot $6 | Rake $0
Seat 5: simper11 (big blind) folded before Flop
Seat 10: ManuelSikora (button) (small blind) collected ($6)


PokerStars Hand #157715972247:  Hold'em Limit ($3/$6 USD) - 2016/08/25 8:24:23 ET
Table 'Lundia II' 10-max Seat #5 is the button
Seat 5: simper11 ($120 in chips)
Seat 10: ManuelSikora ($141.68 in chips)
simper11: posts small blind $1
ManuelSikora: posts big blind $3
*** HOLE CARDS ***
simper11: raises $3 to $6
ManuelSikora: raises $3 to $9
simper11: calls $3
*** FLOP *** [9s Ks 4s]
ManuelSikora: bets $3
simper11: calls $3
*** TURN *** [9s Ks 4s] [8d]
ManuelSikora: bets $6
simper11: calls $6
*** RIVER *** [9s Ks 4s 8d] [Ad]
ManuelSikora: bets $6
simper11: folds
Uncalled bet ($6) returned to ManuelSikora
ManuelSikora collected $35.50 from pot
ManuelSikora: doesn't show hand
*** SUMMARY ***
Total pot $36 | Rake $0.50
Board [9s Ks 4s 8d Ad]
Seat 5: simper11 (button) (small blind) folded on the River
Seat 10: ManuelSikora (big blind) collected ($35.50)


PokerStars Hand #157715967090:  Hold'em Limit ($3/$6 USD) - 2016/08/25 8:24:12 ET
Table 'Lundia II' 10-max Seat #10 is the button
Seat 5: simper11 ($120 in chips)
Seat 10: ManuelSikora ($130.16 in chips)
ManuelSikora: posts small blind $1
simper11: posts big blind $3
*** HOLE CARDS ***
ManuelSikora: raises $3 to $6
simper11: calls $3
*** FLOP *** [3c 7h 9s]
simper11: checks
ManuelSikora: checks
*** TURN *** [3c 7h 9s] [Qd]
simper11: bets $6
ManuelSikora: calls $6
*** RIVER *** [3c 7h 9s Qd] [8c]
simper11: checks
ManuelSikora: checks
*** SHOW DOWN ***
simper11: shows [5s 7c] (a pair of Sevens)
ManuelSikora: shows [Kd 8h] (a pair of Eights)
ManuelSikora collected $23.52 from pot
*** SUMMARY ***
Total pot $24 | Rake $0.48
Board [3c 7h 9s Qd 8c]
Seat 5: simper11 (big blind) showed [5s 7c] and lost with a pair of Sevens
Seat 10: ManuelSikora (button) (small blind) showed [Kd 8h] and won ($23.52) with a pair of Eights


PokerStars Hand #157715964799:  Hold'em Limit ($3/$6 USD) - 2016/08/25 8:24:07 ET
Table 'Lundia II' 10-max Seat #5 is the button
Seat 5: simper11 ($120 in chips)
Seat 10: ManuelSikora ($129.16 in chips)
simper11: posts small blind $1
ManuelSikora: posts big blind $3
*** HOLE CARDS ***
simper11: folds
Uncalled bet ($2) returned to ManuelSikora
ManuelSikora collected $2 from pot
ManuelSikora: doesn't show hand
*** SUMMARY ***
Total pot $2 | Rake $0
Seat 5: simper11 (button) (small blind) folded before Flop
Seat 10: ManuelSikora (big blind) collected ($2)


PokerStars Hand #157715956468:  Hold'em Limit ($3/$6 USD) - 2016/08/25 8:23:49 ET
Table 'Lundia II' 10-max Seat #10 is the button
Seat 5: simper11 ($120 in chips)
Seat 10: ManuelSikora ($126.28 in chips)
ManuelSikora: posts small blind $1
simper11: posts big blind $3
*** HOLE CARDS ***
ManuelSikora: calls $2
simper11: checks
*** FLOP *** [Ah 6s As]
simper11: checks
ManuelSikora: bets $3
simper11: folds
Uncalled bet ($3) returned to ManuelSikora
ManuelSikora collected $5.88 from pot
ManuelSikora: doesn't show hand
*** SUMMARY ***
Total pot $6 | Rake $0.12
Board [Ah 6s As]
Seat 5: simper11 (big blind) folded on the Flop
Seat 10: ManuelSikora (button) (small blind) collected ($5.88)


PokerStars Hand #157716008357:  Hold'em Limit ($3/$6 USD) - 2016/08/25 8:25:39 ET
Table 'Lundia II' 10-max Seat #10 is the button
Seat 5: simper11 ($127.50 in chips)
Seat 10: ManuelSikora ($160.44 in chips)
ManuelSikora: posts small blind $1
simper11: posts big blind $3
*** HOLE CARDS ***
ManuelSikora: raises $3 to $6
simper11: calls $3
*** FLOP *** [5d 7h 2d]
simper11: checks
ManuelSikora: bets $3
simper11: raises $3 to $6
ManuelSikora: calls $3
*** TURN *** [5d 7h 2d] [Ad]
simper11: bets $6
ManuelSikora: calls $6
*** RIVER *** [5d 7h 2d Ad] [4h]
simper11: bets $6
ManuelSikora: raises $6 to $12
simper11: calls $6
*** SHOW DOWN ***
ManuelSikora: shows [3s 8h] (a straight, Ace to Five)
simper11: mucks hand
ManuelSikora collected $59.50 from pot
*** SUMMARY ***
Total pot $60 | Rake $0.50
Board [5d 7h 2d Ad 4h]
Seat 5: simper11 (big blind) mucked
Seat 10: ManuelSikora (button) (small blind) showed [3s 8h] and won ($59.50) with a straight, Ace to Five


PokerStars Hand #157716006329:  Hold'em Limit ($3/$6 USD) - 2016/08/25 8:25:35 ET
Table 'Lundia II' 10-max Seat #5 is the button
Seat 5: simper11 ($128.50 in chips)
Seat 10: ManuelSikora ($159.44 in chips)
simper11: posts small blind $1
ManuelSikora: posts big blind $3
*** HOLE CARDS ***
simper11: folds
Uncalled bet ($2) returned to ManuelSikora
ManuelSikora collected $2 from pot
ManuelSikora: doesn't show hand
*** SUMMARY ***
Total pot $2 | Rake $0
Seat 5: simper11 (button) (small blind) folded before Flop
Seat 10: ManuelSikora (big blind) collected ($2)


PokerStars Hand #157715996920:  Hold'em Limit ($3/$6 USD) - 2016/08/25 8:25:15 ET
Table 'Lundia II' 10-max Seat #10 is the button
Seat 5: simper11 ($146.50 in chips)
Seat 10: ManuelSikora ($141.94 in chips)
ManuelSikora: posts small blind $1
simper11: posts big blind $3
*** HOLE CARDS ***
ManuelSikora: raises $3 to $6
simper11: calls $3
*** FLOP *** [2d Jd As]
simper11: checks
ManuelSikora: checks
*** TURN *** [2d Jd As] [Qh]
simper11: checks
ManuelSikora: bets $6
simper11: calls $6
*** RIVER *** [2d Jd As Qh] [Td]
simper11: checks
ManuelSikora: bets $6
simper11: calls $6
*** SHOW DOWN ***
ManuelSikora: shows [Kc Ac] (a straight, Ten to Ace)
simper11: mucks hand
ManuelSikora collected $35.50 from pot
*** SUMMARY ***
Total pot $36 | Rake $0.50
Board [2d Jd As Qh Td]
Seat 5: simper11 (big blind) mucked
Seat 10: ManuelSikora (button) (small blind) showed [Kc Ac] and won ($35.50) with a straight, Ten to Ace


PokerStars Hand #157715988739:  Hold'em Limit ($3/$6 USD) - 2016/08/25 8:24:58 ET
Table 'Lundia II' 10-max Seat #5 is the button
Seat 5: simper11 ($120 in chips)
Seat 10: ManuelSikora ($168.94 in chips)
simper11: posts small blind $1
ManuelSikora: posts big blind $3
*** HOLE CARDS ***
simper11: raises $3 to $6
ManuelSikora: calls $3
*** FLOP *** [7s Jc 9h]
ManuelSikora: bets $3
simper11: raises $3 to $6
ManuelSikora: raises $3 to $9
simper11: calls $3
*** TURN *** [7s Jc 9h] [Kh]
ManuelSikora: bets $6
simper11: calls $6
*** RIVER *** [7s Jc 9h Kh] [5c]
ManuelSikora: bets $6
simper11: raises $6 to $12
ManuelSikora: folds
Uncalled bet ($6) returned to simper11
simper11 collected $53.50 from pot
simper11: doesn't show hand
*** SUMMARY ***
Total pot $54 | Rake $0.50
Board [7s Jc 9h Kh 5c]
Seat 5: simper11 (button) (small blind) collected ($53.50)
Seat 10: ManuelSikora (big blind) folded on the River


PokerStars Hand #157716044533:  Hold'em Limit ($3/$6 USD) - 2016/08/25 8:26:56 ET
Table 'Lundia II' 10-max Seat #5 is the button
Seat 5: simper11 ($131.02 in chips)
Seat 10: ManuelSikora ($177.44 in chips)
simper11: posts small blind $1
ManuelSikora: posts big blind $3
*** HOLE CARDS ***
simper11: folds
Uncalled bet ($2) returned to ManuelSikora
ManuelSikora collected $2 from pot
ManuelSikora: doesn't show hand
*** SUMMARY ***
Total pot $2 | Rake $0
Seat 5: simper11 (button) (small blind) folded before Flop
Seat 10: ManuelSikora (big blind) collected ($2)


PokerStars Hand #157716042183:  Hold'em Limit ($3/$6 USD) - 2016/08/25 8:26:51 ET
Table 'Lundia II' 10-max Seat #10 is the button
Seat 5: simper11 ($134.02 in chips)
Seat 10: ManuelSikora ($174.44 in chips)
ManuelSikora: posts small blind $1
simper11: posts big blind $3
*** HOLE CARDS ***
ManuelSikora: raises $3 to $6
simper11: folds
Uncalled bet ($3) returned to ManuelSikora
ManuelSikora collected $6 from pot
ManuelSikora: doesn't show hand
*** SUMMARY ***
Total pot $6 | Rake $0
Seat 5: simper11 (big blind) folded before Flop
Seat 10: ManuelSikora (button) (small blind) collected ($6)


PokerStars Hand #157716033041:  Hold'em Limit ($3/$6 USD) - 2016/08/25 8:26:31 ET
Table 'Lundia II' 10-max Seat #5 is the button
Seat 5: simper11 ($152.02 in chips)
Seat 10: ManuelSikora ($156.94 in chips)
simper11: posts small blind $1
ManuelSikora: posts big blind $3
*** HOLE CARDS ***
simper11: raises $3 to $6
ManuelSikora: raises $3 to $9
simper11: calls $3
*** FLOP *** [2d 6h 8s]
ManuelSikora: bets $3
simper11: calls $3
*** TURN *** [2d 6h 8s] [5h]
ManuelSikora: bets $6
simper11: calls $6
*** RIVER *** [2d 6h 8s 5h] [8d]
ManuelSikora: bets $6
simper11: folds
Uncalled bet ($6) returned to ManuelSikora
ManuelSikora collected $35.50 from pot
ManuelSikora: doesn't show hand
*** SUMMARY ***
Total pot $36 | Rake $0.50
Board [2d 6h 8s 5h 8d]
Seat 5: simper11 (button) (small blind) folded on the River
Seat 10: ManuelSikora (big blind) collected ($35.50)


PokerStars Hand #157716025604:  Hold'em Limit ($3/$6 USD) - 2016/08/25 8:26:16 ET
Table 'Lundia II' 10-max Seat #10 is the button
Seat 5: simper11 ($131.52 in chips)
Seat 10: ManuelSikora ($177.94 in chips)
ManuelSikora: posts small blind $1
simper11: posts big blind $3
*** HOLE CARDS ***
ManuelSikora: calls $2
simper11: raises $3 to $6
ManuelSikora: calls $3
*** FLOP *** [2s 6d 7c]
simper11: bets $3
ManuelSikora: calls $3
*** TURN *** [2s 6d 7c] [5c]
simper11: bets $6
ManuelSikora: calls $6
*** RIVER *** [2s 6d 7c 5c] [6c]
simper11: bets $6
ManuelSikora: calls $6
*** SHOW DOWN ***
simper11: shows [Jd Jc] (two pair, Jacks and Sixes)
ManuelSikora: mucks hand
simper11 collected $41.50 from pot
*** SUMMARY ***
Total pot $42 | Rake $0.50
Board [2s 6d 7c 5c 6c]
Seat 5: simper11 (big blind) showed [Jd Jc] and won ($41.50) with two pair, Jacks and Sixes
Seat 10: ManuelSikora (button) (small blind) mucked


PokerStars Hand #157716017147:  Hold'em Limit ($3/$6 USD) - 2016/08/25 8:25:58 ET
Table 'Lundia II' 10-max Seat #5 is the button
Seat 5: simper11 ($120 in chips)
Seat 10: ManuelSikora ($189.94 in chips)
simper11: posts small blind $1
ManuelSikora: posts big blind $3
*** HOLE CARDS ***
simper11: raises $3 to $6
ManuelSikora: raises $3 to $9
simper11 said, "lolol"
simper11: calls $3
*** FLOP *** [Jh Ts 6s]
ManuelSikora: bets $3
simper11: calls $3
*** TURN *** [Jh Ts 6s] [4s]
ManuelSikora: checks
simper11: bets $6
ManuelSikora: folds
Uncalled bet ($6) returned to simper11
simper11 collected $23.52 from pot
simper11: doesn't show hand
*** SUMMARY ***
Total pot $24 | Rake $0.48
Board [Jh Ts 6s 4s]
Seat 5: simper11 (button) (small blind) collected ($23.52)
Seat 10: ManuelSikora (big blind) folded on the Turn


PokerStars Hand #157716046527:  Hold'em Limit ($3/$6 USD) - 2016/08/25 8:27:00 ET
Table 'Lundia II' 10-max Seat #10 is the button
Seat 5: simper11 ($130.02 in chips)
Seat 10: ManuelSikora ($178.44 in chips)
ManuelSikora: posts small blind $1
simper11: posts big blind $3
*** HOLE CARDS ***
ManuelSikora: raises $3 to $6
simper11: folds
Uncalled bet ($3) returned to ManuelSikora
ManuelSikora collected $6 from pot
ManuelSikora: doesn't show hand
*** SUMMARY ***
Total pot $6 | Rake $0
Seat 5: simper11 (big blind) folded before Flop
Seat 10: ManuelSikora (button) (small blind) collected ($6)


PokerStars Hand #157716049212:  Hold'em Limit ($3/$6 USD) - 2016/08/25 8:27:06 ET
Table 'Lundia II' 10-max Seat #5 is the button
Seat 5: simper11 ($127.02 in chips)
Seat 10: ManuelSikora ($181.44 in chips)
simper11: posts small blind $1
ManuelSikora: posts big blind $3
*** HOLE CARDS ***
simper11: raises $3 to $6
ManuelSikora: calls $3
*** FLOP *** [2s Kd 7d]
ManuelSikora: bets $3
simper11: raises $3 to $6
ManuelSikora: calls $3
*** TURN *** [2s Kd 7d] [2d]
ManuelSikora: bets $6
simper11: calls $6
*** RIVER *** [2s Kd 7d 2d] [8s]
ManuelSikora: bets $6
simper11: calls $6
*** SHOW DOWN ***
ManuelSikora: shows [2h 6h] (three of a kind, Deuces)
simper11: mucks hand
ManuelSikora collected $47.50 from pot
*** SUMMARY ***
Total pot $48 | Rake $0.50
Board [2s Kd 7d 2d 8s]
Seat 5: simper11 (button) (small blind) mucked
Seat 10: ManuelSikora (big blind) showed [2h 6h] and won ($47.50) with three of a kind, Deuces


PokerStars Hand #157716058077:  Hold'em Limit ($3/$6 USD) - 2016/08/25 8:27:25 ET
Table 'Lundia II' 10-max Seat #10 is the button
Seat 5: simper11 ($120 in chips)
Seat 10: ManuelSikora ($204.94 in chips)
ManuelSikora: posts small blind $1
simper11: posts big blind $3
*** HOLE CARDS ***
simper11 said, "lolo"
simper11 said, "loloolol"
simper11 said, "olol"
ManuelSikora: raises $3 to $6
simper11 said, "ololo"
simper11 said, "olo"
simper11: calls $3
*** FLOP *** [7h 3c Qd]
simper11: checks
ManuelSikora: bets $3
simper11: folds
Uncalled bet ($3) returned to ManuelSikora
ManuelSikora collected $11.76 from pot
ManuelSikora: doesn't show hand
*** SUMMARY ***
Total pot $12 | Rake $0.24
Board [7h 3c Qd]
Seat 5: simper11 (big blind) folded on the Flop
Seat 10: ManuelSikora (button) (small blind) collected ($11.76)


PokerStars Hand #157716065513:  Hold'em Limit ($3/$6 USD) - 2016/08/25 8:27:40 ET
Table 'Lundia II' 10-max Seat #5 is the button
Seat 5: simper11 ($120 in chips)
Seat 10: ManuelSikora ($210.70 in chips)
simper11: posts small blind $1
ManuelSikora: posts big blind $3
*** HOLE CARDS ***
simper11: raises $3 to $6
ManuelSikora: raises $3 to $9
simper11: calls $3
*** FLOP *** [3h Qs Qd]
ManuelSikora: bets $3
simper11: calls $3
*** TURN *** [3h Qs Qd] [5s]
ManuelSikora: bets $6
simper11: folds
Uncalled bet ($6) returned to ManuelSikora
ManuelSikora collected $23.52 from pot
ManuelSikora: doesn't show hand
*** SUMMARY ***
Total pot $24 | Rake $0.48
Board [3h Qs Qd 5s]
Seat 5: simper11 (button) (small blind) folded on the Turn
Seat 10: ManuelSikora (big blind) collected ($23.52)


PokerStars Hand #157716072807:  Hold'em Limit ($3/$6 USD) - 2016/08/25 8:27:56 ET
Table 'Lundia II' 10-max Seat #10 is the button
Seat 5: simper11 ($120 in chips)
Seat 10: ManuelSikora ($222.22 in chips)
ManuelSikora: posts small blind $1
simper11: posts big blind $3
*** HOLE CARDS ***
ManuelSikora: raises $3 to $6
simper11: folds
Uncalled bet ($3) returned to ManuelSikora
ManuelSikora collected $6 from pot
ManuelSikora: doesn't show hand
*** SUMMARY ***
Total pot $6 | Rake $0
Seat 5: simper11 (big blind) folded before Flop
Seat 10: ManuelSikora (button) (small blind) collected ($6)


PokerStars Hand #157716075421:  Hold'em Limit ($3/$6 USD) - 2016/08/25 8:28:01 ET
Table 'Lundia II' 10-max Seat #5 is the button
Seat 5: simper11 ($120 in chips)
Seat 10: ManuelSikora ($225.22 in chips)
simper11: posts small blind $1
ManuelSikora: posts big blind $3
*** HOLE CARDS ***
simper11: raises $3 to $6
ManuelSikora: raises $3 to $9
simper11: calls $3
*** FLOP *** [9c 6s Th]
ManuelSikora: bets $3
simper11: calls $3
*** TURN *** [9c 6s Th] [Qh]
ManuelSikora: bets $6
simper11: folds
Uncalled bet ($6) returned to ManuelSikora
ManuelSikora collected $23.52 from pot
ManuelSikora: doesn't show hand
*** SUMMARY ***
Total pot $24 | Rake $0.48
Board [9c 6s Th Qh]
Seat 5: simper11 (button) (small blind) folded on the Turn
Seat 10: ManuelSikora (big blind) collected ($23.52)


PokerStars Hand #157716087570:  Hold'em Limit ($3/$6 USD) - 2016/08/25 8:28:27 ET
Table 'Lundia II' 10-max Seat #10 is the button
Seat 5: simper11 ($120 in chips)
Seat 10: ManuelSikora ($236.74 in chips)
ManuelSikora: posts small blind $1
simper11: posts big blind $3
*** HOLE CARDS ***
ManuelSikora: calls $2
simper11: checks
*** FLOP *** [9d 4h 4s]
simper11: checks
ManuelSikora: bets $3
simper11: folds
Uncalled bet ($3) returned to ManuelSikora
ManuelSikora collected $5.88 from pot
ManuelSikora: doesn't show hand
*** SUMMARY ***
Total pot $6 | Rake $0.12
Board [9d 4h 4s]
Seat 5: simper11 (big blind) folded on the Flop
Seat 10: ManuelSikora (button) (small blind) collected ($5.88)


PokerStars Hand #157716095779:  Hold'em Limit ($3/$6 USD) - 2016/08/25 8:28:45 ET
Table 'Lundia II' 10-max Seat #5 is the button
Seat 5: simper11 ($120 in chips)
Seat 10: ManuelSikora ($239.62 in chips)
simper11: posts small blind $1
ManuelSikora: posts big blind $3
*** HOLE CARDS ***
simper11: raises $3 to $6
ManuelSikora: raises $3 to $9
simper11: calls $3
*** FLOP *** [8h 7c Ks]
ManuelSikora: bets $3
simper11: calls $3
*** TURN *** [8h 7c Ks] [5h]
ManuelSikora: bets $6
simper11: raises $6 to $12
ManuelSikora: calls $6
*** RIVER *** [8h 7c Ks 5h] [2c]
ManuelSikora: checks
simper11: bets $6
ManuelSikora: folds
Uncalled bet ($6) returned to simper11
simper11 collected $47.50 from pot
simper11: doesn't show hand
*** SUMMARY ***
Total pot $48 | Rake $0.50
Board [8h 7c Ks 5h 2c]
Seat 5: simper11 (button) (small blind) collected ($47.50)
Seat 10: ManuelSikora (big blind) folded on the River


PokerStars Hand #157716106753:  Hold'em Limit ($3/$6 USD) - 2016/08/25 8:29:08 ET
Table 'Lundia II' 10-max Seat #10 is the button
Seat 5: simper11 ($143.50 in chips)
Seat 10: ManuelSikora ($215.62 in chips)
ManuelSikora: posts small blind $1
simper11: posts big blind $3
*** HOLE CARDS ***
ManuelSikora: raises $3 to $6
simper11: calls $3
*** FLOP *** [9s Tc 4h]
simper11: checks
ManuelSikora: checks
*** TURN *** [9s Tc 4h] [9d]
simper11: bets $6
ManuelSikora: calls $6
*** RIVER *** [9s Tc 4h 9d] [3s]
simper11: checks
ManuelSikora: checks
*** SHOW DOWN ***
simper11: shows [6d Kh] (a pair of Nines)
ManuelSikora: shows [Ad 8s] (a pair of Nines - Ace kicker)
ManuelSikora collected $23.52 from pot
*** SUMMARY ***
Total pot $24 | Rake $0.48
Board [9s Tc 4h 9d 3s]
Seat 5: simper11 (big blind) showed [6d Kh] and lost with a pair of Nines
Seat 10: ManuelSikora (button) (small blind) showed [Ad 8s] and won ($23.52) with a pair of Nines


PokerStars Hand #157716112298:  Hold'em Limit ($3/$6 USD) - 2016/08/25 8:29:20 ET
Table 'Lundia II' 10-max Seat #5 is the button
Seat 5: simper11 ($131.50 in chips)
Seat 10: ManuelSikora ($227.14 in chips)
simper11: posts small blind $1
ManuelSikora: posts big blind $3
*** HOLE CARDS ***
simper11: raises $3 to $6
ManuelSikora: raises $3 to $9
simper11: calls $3
*** FLOP *** [Qs Jh Jd]
ManuelSikora: checks
simper11: checks
*** TURN *** [Qs Jh Jd] [8s]
ManuelSikora: bets $6
simper11: calls $6
*** RIVER *** [Qs Jh Jd 8s] [4s]
ManuelSikora: bets $6
simper11: raises $6 to $12
ManuelSikora: calls $6
*** SHOW DOWN ***
simper11: shows [3s 6s] (a flush, Queen high)
ManuelSikora: mucks hand
simper11 collected $53.50 from pot
*** SUMMARY ***
Total pot $54 | Rake $0.50
Board [Qs Jh Jd 8s 4s]
Seat 5: simper11 (button) (small blind) showed [3s 6s] and won ($53.50) with a flush, Queen high
Seat 10: ManuelSikora (big blind) mucked


PokerStars Hand #157716118209:  Hold'em Limit ($3/$6 USD) - 2016/08/25 8:29:32 ET
Table 'Lundia II' 10-max Seat #10 is the button
Seat 5: simper11 ($158 in chips)
Seat 10: ManuelSikora ($200.14 in chips)
ManuelSikora: posts small blind $1
simper11: posts big blind $3
*** HOLE CARDS ***
ManuelSikora: raises $3 to $6
simper11: calls $3
*** FLOP *** [2c 7c 8d]
simper11: checks
ManuelSikora: bets $3
simper11: calls $3
*** TURN *** [2c 7c 8d] [5d]
simper11: checks
ManuelSikora: bets $6
simper11: calls $6
*** RIVER *** [2c 7c 8d 5d] [3h]
simper11: checks
ManuelSikora: bets $6
simper11: calls $6
*** SHOW DOWN ***
ManuelSikora: shows [Ad 8s] (a pair of Eights)
simper11: mucks hand
ManuelSikora collected $41.50 from pot
*** SUMMARY ***
Total pot $42 | Rake $0.50
Board [2c 7c 8d 5d 3h]
Seat 5: simper11 (big blind) mucked
Seat 10: ManuelSikora (button) (small blind) showed [Ad 8s] and won ($41.50) with a pair of Eights


PokerStars Hand #157716124174:  Hold'em Limit ($3/$6 USD) - 2016/08/25 8:29:45 ET
Table 'Lundia II' 10-max Seat #5 is the button
Seat 5: simper11 ($137 in chips)
Seat 10: ManuelSikora ($220.64 in chips)
simper11: posts small blind $1
ManuelSikora: posts big blind $3
*** HOLE CARDS ***
simper11: raises $3 to $6
ManuelSikora: calls $3
*** FLOP *** [Kh 9h 9d]
ManuelSikora: bets $3
simper11: raises $3 to $6
ManuelSikora: calls $3
*** TURN *** [Kh 9h 9d] [5h]
ManuelSikora: checks
simper11: bets $6
ManuelSikora: calls $6
*** RIVER *** [Kh 9h 9d 5h] [Kd]
ManuelSikora: bets $6
simper11: calls $6
*** SHOW DOWN ***
ManuelSikora: shows [4d 4c] (two pair, Kings and Nines)
simper11: shows [Ah Jd] (two pair, Kings and Nines - Ace kicker)
simper11 collected $47.50 from pot
*** SUMMARY ***
Total pot $48 | Rake $0.50
Board [Kh 9h 9d 5h Kd]
Seat 5: simper11 (button) (small blind) showed [Ah Jd] and won ($47.50) with two pair, Kings and Nines
Seat 10: ManuelSikora (big blind) showed [4d 4c] and lost with two pair, Kings and Nines


PokerStars Hand #157716130354:  Hold'em Limit ($3/$6 USD) - 2016/08/25 8:29:58 ET
Table 'Lundia II' 10-max Seat #10 is the button
Seat 5: simper11 ($160.50 in chips)
Seat 10: ManuelSikora ($196.64 in chips)
ManuelSikora: posts small blind $1
simper11: posts big blind $3
*** HOLE CARDS ***
ManuelSikora: raises $3 to $6
simper11: calls $3
*** FLOP *** [8c Ac 2d]
simper11: checks
ManuelSikora: checks
*** TURN *** [8c Ac 2d] [Jh]
simper11: checks
ManuelSikora: checks
*** RIVER *** [8c Ac 2d Jh] [Ad]
simper11: checks
ManuelSikora: bets $6
simper11: calls $6
*** SHOW DOWN ***
ManuelSikora: shows [6c 9s] (a pair of Aces)
simper11: shows [3c Kd] (a pair of Aces - King kicker)
simper11 collected $23.52 from pot
*** SUMMARY ***
Total pot $24 | Rake $0.48
Board [8c Ac 2d Jh Ad]
Seat 5: simper11 (big blind) showed [3c Kd] and won ($23.52) with a pair of Aces
Seat 10: ManuelSikora (button) (small blind) showed [6c 9s] and lost with a pair of Aces


PokerStars Hand #157716136034:  Hold'em Limit ($3/$6 USD) - 2016/08/25 8:30:10 ET
Table 'Lundia II' 10-max Seat #5 is the button
Seat 5: simper11 ($172.02 in chips)
Seat 10: ManuelSikora ($184.64 in chips)
simper11: posts small blind $1
ManuelSikora: posts big blind $3
*** HOLE CARDS ***
simper11: raises $3 to $6
ManuelSikora: raises $3 to $9
simper11: calls $3
*** FLOP *** [6h 8s 2d]
ManuelSikora: bets $3
simper11: calls $3
*** TURN *** [6h 8s 2d] [7c]
ManuelSikora: bets $6
simper11: folds
Uncalled bet ($6) returned to ManuelSikora
ManuelSikora collected $23.52 from pot
ManuelSikora: doesn't show hand
*** SUMMARY ***
Total pot $24 | Rake $0.48
Board [6h 8s 2d 7c]
Seat 5: simper11 (button) (small blind) folded on the Turn
Seat 10: ManuelSikora (big blind) collected ($23.52)


PokerStars Hand #157716140622:  Hold'em Limit ($3/$6 USD) - 2016/08/25 8:30:19 ET
Table 'Lundia II' 10-max Seat #10 is the button
Seat 5: simper11 ($160.02 in chips)
Seat 10: ManuelSikora ($196.16 in chips)
ManuelSikora: posts small blind $1
simper11: posts big blind $3
*** HOLE CARDS ***
ManuelSikora: raises $3 to $6
simper11: calls $3
*** FLOP *** [6h 8d 3c]
simper11: checks
ManuelSikora: checks
*** TURN *** [6h 8d 3c] [Ks]
simper11: bets $6
ManuelSikora: calls $6
*** RIVER *** [6h 8d 3c Ks] [Ts]
simper11: bets $6
ManuelSikora: calls $6
*** SHOW DOWN ***
simper11: shows [Kd 5d] (a pair of Kings)
ManuelSikora: mucks hand
simper11 collected $35.50 from pot
*** SUMMARY ***
Total pot $36 | Rake $0.50
Board [6h 8d 3c Ks Ts]
Seat 5: simper11 (big blind) showed [Kd 5d] and won ($35.50) with a pair of Kings
Seat 10: ManuelSikora (button) (small blind) mucked


PokerStars Hand #157716145314:  Hold'em Limit ($3/$6 USD) - 2016/08/25 8:30:29 ET
Table 'Lundia II' 10-max Seat #5 is the button
Seat 5: simper11 ($177.52 in chips)
Seat 10: ManuelSikora ($178.16 in chips)
simper11: posts small blind $1
ManuelSikora: posts big blind $3
*** HOLE CARDS ***
simper11: raises $3 to $6
ManuelSikora: raises $3 to $9
simper11: calls $3
*** FLOP *** [8s 2d Js]
ManuelSikora: bets $3
simper11: calls $3
*** TURN *** [8s 2d Js] [4c]
ManuelSikora: bets $6
simper11: folds
Uncalled bet ($6) returned to ManuelSikora
ManuelSikora collected $23.52 from pot
ManuelSikora: doesn't show hand
*** SUMMARY ***
Total pot $24 | Rake $0.48
Board [8s 2d Js 4c]
Seat 5: simper11 (button) (small blind) folded on the Turn
Seat 10: ManuelSikora (big blind) collected ($23.52)


PokerStars Hand #157716155609:  Hold'em Limit ($3/$6 USD) - 2016/08/25 8:30:51 ET
Table 'Lundia II' 10-max Seat #5 is the button
Seat 5: simper11 ($150.52 in chips)
Seat 10: ManuelSikora ($204.18 in chips)
simper11: posts small blind $1
ManuelSikora: posts big blind $3
*** HOLE CARDS ***
simper11: raises $3 to $6
ManuelSikora: calls $3
*** FLOP *** [Ah Ts 6d]
ManuelSikora: bets $3
simper11: raises $3 to $6
ManuelSikora: folds
Uncalled bet ($3) returned to simper11
simper11 collected $17.64 from pot
simper11: doesn't show hand
*** SUMMARY ***
Total pot $18 | Rake $0.36
Board [Ah Ts 6d]
Seat 5: simper11 (button) (small blind) collected ($17.64)
Seat 10: ManuelSikora (big blind) folded on the Flop


PokerStars Hand #157716149879:  Hold'em Limit ($3/$6 USD) - 2016/08/25 8:30:39 ET
Table 'Lundia II' 10-max Seat #10 is the button
Seat 5: simper11 ($165.52 in chips)
Seat 10: ManuelSikora ($189.68 in chips)
ManuelSikora: posts small blind $1
simper11: posts big blind $3
*** HOLE CARDS ***
ManuelSikora: raises $3 to $6
simper11: calls $3
*** FLOP *** [3s 5s 7c]
simper11: checks
ManuelSikora: bets $3
simper11: calls $3
*** TURN *** [3s 5s 7c] [2d]
simper11: checks
ManuelSikora: bets $6
simper11: calls $6
*** RIVER *** [3s 5s 7c 2d] [6d]
simper11: checks
ManuelSikora: bets $6
simper11: folds
Uncalled bet ($6) returned to ManuelSikora
ManuelSikora collected $29.50 from pot
ManuelSikora: doesn't show hand
*** SUMMARY ***
Total pot $30 | Rake $0.50
Board [3s 5s 7c 2d 6d]
Seat 5: simper11 (big blind) folded on the River
Seat 10: ManuelSikora (button) (small blind) collected ($29.50)


PokerStars Hand #157716165778:  Hold'em Limit ($3/$6 USD) - 2016/08/25 8:31:12 ET
Table 'Lundia II' 10-max Seat #5 is the button
Seat 5: simper11 ($147.16 in chips)
Seat 10: ManuelSikora ($206.70 in chips)
simper11: posts small blind $1
ManuelSikora: posts big blind $3
*** HOLE CARDS ***
simper11: raises $3 to $6
ManuelSikora: folds
Uncalled bet ($3) returned to simper11
simper11 collected $6 from pot
simper11: doesn't show hand
*** SUMMARY ***
Total pot $6 | Rake $0
Seat 5: simper11 (button) (small blind) collected ($6)
Seat 10: ManuelSikora (big blind) folded before Flop


PokerStars Hand #157716160059:  Hold'em Limit ($3/$6 USD) - 2016/08/25 8:31:00 ET
Table 'Lundia II' 10-max Seat #10 is the button
Seat 5: simper11 ($159.16 in chips)
Seat 10: ManuelSikora ($195.18 in chips)
ManuelSikora: posts small blind $1
simper11: posts big blind $3
*** HOLE CARDS ***
ManuelSikora: raises $3 to $6
simper11: calls $3
*** FLOP *** [Qh Kc 4s]
simper11: checks
ManuelSikora: checks
*** TURN *** [Qh Kc 4s] [2d]
simper11: checks
ManuelSikora: bets $6
simper11: calls $6
*** RIVER *** [Qh Kc 4s 2d] [8s]
simper11: checks
ManuelSikora: bets $6
simper11: folds
Uncalled bet ($6) returned to ManuelSikora
ManuelSikora collected $23.52 from pot
ManuelSikora: doesn't show hand
*** SUMMARY ***
Total pot $24 | Rake $0.48
Board [Qh Kc 4s 2d 8s]
Seat 5: simper11 (big blind) folded on the River
Seat 10: ManuelSikora (button) (small blind) collected ($23.52)


PokerStars Hand #157716170677:  Hold'em Limit ($3/$6 USD) - 2016/08/25 8:31:23 ET
Table 'Lundia II' 10-max Seat #5 is the button
Seat 5: simper11 ($147.16 in chips)
Seat 10: ManuelSikora ($206.70 in chips)
simper11: posts small blind $1
ManuelSikora: posts big blind $3
*** HOLE CARDS ***
simper11: raises $3 to $6
ManuelSikora: calls $3
*** FLOP *** [9d Ah Td]
ManuelSikora: checks
simper11: bets $3
ManuelSikora: folds
Uncalled bet ($3) returned to simper11
simper11 collected $11.76 from pot
simper11: doesn't show hand
*** SUMMARY ***
Total pot $12 | Rake $0.24
Board [9d Ah Td]
Seat 5: simper11 (button) (small blind) collected ($11.76)
Seat 10: ManuelSikora (big blind) folded on the Flop


PokerStars Hand #157716168242:  Hold'em Limit ($3/$6 USD) - 2016/08/25 8:31:17 ET
Table 'Lundia II' 10-max Seat #10 is the button
Seat 5: simper11 ($150.16 in chips)
Seat 10: ManuelSikora ($203.70 in chips)
ManuelSikora: posts small blind $1
simper11: posts big blind $3
*** HOLE CARDS ***
ManuelSikora: raises $3 to $6
simper11: folds
Uncalled bet ($3) returned to ManuelSikora
ManuelSikora collected $6 from pot
ManuelSikora: doesn't show hand
*** SUMMARY ***
Total pot $6 | Rake $0
Seat 5: simper11 (big blind) folded before Flop
Seat 10: ManuelSikora (button) (small blind) collected ($6)


PokerStars Hand #157716180098:  Hold'em Limit ($3/$6 USD) - 2016/08/25 8:31:43 ET
Table 'Lundia II' 10-max Seat #5 is the button
Seat 5: simper11 ($176.42 in chips)
Seat 10: ManuelSikora ($176.70 in chips)
simper11: posts small blind $1
ManuelSikora: posts big blind $3
*** HOLE CARDS ***
simper11: folds
Uncalled bet ($2) returned to ManuelSikora
ManuelSikora collected $2 from pot
ManuelSikora: doesn't show hand
REZOLUTION84 joins the table at seat #1
*** SUMMARY ***
Total pot $2 | Rake $0
Seat 5: simper11 (button) (small blind) folded before Flop
Seat 10: ManuelSikora (big blind) collected ($2)


PokerStars Hand #157716174485:  Hold'em Limit ($3/$6 USD) - 2016/08/25 8:31:31 ET
Table 'Lundia II' 10-max Seat #10 is the button
Seat 5: simper11 ($152.92 in chips)
Seat 10: ManuelSikora ($200.70 in chips)
ManuelSikora: posts small blind $1
simper11: posts big blind $3
*** HOLE CARDS ***
ManuelSikora: raises $3 to $6
simper11: raises $3 to $9
ManuelSikora: calls $3
*** FLOP *** [Ad Qd 7s]
simper11: bets $3
ManuelSikora: calls $3
*** TURN *** [Ad Qd 7s] [6c]
simper11: bets $6
ManuelSikora: calls $6
*** RIVER *** [Ad Qd 7s 6c] [4c]
simper11: checks
ManuelSikora: bets $6
simper11: calls $6
*** SHOW DOWN ***
ManuelSikora: shows [Ts Jd] (high card Ace)
simper11: shows [Kc Js] (high card Ace - King kicker)
simper11 collected $47.50 from pot
*** SUMMARY ***
Total pot $48 | Rake $0.50
Board [Ad Qd 7s 6c 4c]
Seat 5: simper11 (big blind) showed [Kc Js] and won ($47.50) with high card Ace
Seat 10: ManuelSikora (button) (small blind) showed [Ts Jd] and lost with high card Ace


PokerStars Hand #157716375659:  Hold'em Limit ($3/$6 USD) - 2016/08/25 8:38:15 ET
Table 'Lundia II' 10-max Seat #5 is the button
Seat 2: $polu4atel*$ ($82.85 in chips)
Seat 5: simper11 ($120 in chips)
simper11: posts small blind $1
fsreibnitz: is sitting out
$polu4atel*$: posts big blind $3
*** HOLE CARDS ***
simper11: raises $3 to $6
$polu4atel*$: folds
Uncalled bet ($3) returned to simper11
simper11 collected $6 from pot
simper11: doesn't show hand
fsreibnitz leaves the table
*** SUMMARY ***
Total pot $6 | Rake $0
Seat 2: $polu4atel*$ (big blind) folded before Flop
Seat 5: simper11 (button) (small blind) collected ($6)


PokerStars Hand #157716378567:  Hold'em Limit ($3/$6 USD) - 2016/08/25 8:38:21 ET
Table 'Lundia II' 10-max Seat #2 is the button
Seat 2: $polu4atel*$ ($79.85 in chips)
Seat 5: simper11 ($123 in chips)
$polu4atel*$: posts small blind $1
simper11: posts big blind $3
*** HOLE CARDS ***
$polu4atel*$: raises $3 to $6
simper11: calls $3
*** FLOP *** [3c Jd Kh]
simper11: checks
$polu4atel*$: bets $3
simper11: raises $3 to $6
$polu4atel*$: calls $3
*** TURN *** [3c Jd Kh] [Js]
simper11: bets $6
$polu4atel*$: folds
Uncalled bet ($6) returned to simper11
simper11 collected $23.52 from pot
simper11: doesn't show hand
*** SUMMARY ***
Total pot $24 | Rake $0.48
Board [3c Jd Kh Js]
Seat 2: $polu4atel*$ (button) (small blind) folded on the Turn
Seat 5: simper11 (big blind) collected ($23.52)


PokerStars Hand #157716389468:  Hold'em Limit ($3/$6 USD) - 2016/08/25 8:38:43 ET
Table 'Lundia II' 10-max Seat #2 is the button
Seat 2: $polu4atel*$ ($58.85 in chips)
Seat 5: simper11 ($143.16 in chips)
$polu4atel*$: posts small blind $1
simper11: posts big blind $3
*** HOLE CARDS ***
$polu4atel*$: folds
Uncalled bet ($2) returned to simper11
simper11 collected $2 from pot
simper11: doesn't show hand
*** SUMMARY ***
Total pot $2 | Rake $0
Seat 2: $polu4atel*$ (button) (small blind) folded before Flop
Seat 5: simper11 (big blind) collected ($2)


PokerStars Hand #157716383498:  Hold'em Limit ($3/$6 USD) - 2016/08/25 8:38:31 ET
Table 'Lundia II' 10-max Seat #5 is the button
Seat 2: $polu4atel*$ ($67.85 in chips)
Seat 5: simper11 ($134.52 in chips)
simper11: posts small blind $1
$polu4atel*$: posts big blind $3
*** HOLE CARDS ***
simper11: raises $3 to $6
$polu4atel*$: calls $3
*** FLOP *** [Ts Jd 8s]
$polu4atel*$: checks
simper11: bets $3
$polu4atel*$: calls $3
*** TURN *** [Ts Jd 8s] [5d]
$polu4atel*$: checks
simper11: bets $6
$polu4atel*$: folds
Uncalled bet ($6) returned to simper11
simper11 collected $17.64 from pot
simper11: doesn't show hand
*** SUMMARY ***
Total pot $18 | Rake $0.36
Board [Ts Jd 8s 5d]
Seat 2: $polu4atel*$ (big blind) folded on the Turn
Seat 5: simper11 (button) (small blind) collected ($17.64)


PokerStars Hand #157716391584:  Hold'em Limit ($3/$6 USD) - 2016/08/25 8:38:48 ET
Table 'Lundia II' 10-max Seat #5 is the button
Seat 2: $polu4atel*$ ($57.85 in chips)
Seat 5: simper11 ($144.16 in chips)
simper11: posts small blind $1
$polu4atel*$: posts big blind $3
*** HOLE CARDS ***
simper11: raises $3 to $6
$polu4atel*$: calls $3
*** FLOP *** [Kd 8s Td]
$polu4atel*$: checks
simper11: bets $3
$polu4atel*$: calls $3
*** TURN *** [Kd 8s Td] [7c]
$polu4atel*$: checks
simper11: bets $6
$polu4atel*$: calls $6
*** RIVER *** [Kd 8s Td 7c] [Qs]
$polu4atel*$: checks
simper11: bets $6
$polu4atel*$: folds
Uncalled bet ($6) returned to simper11
simper11 collected $29.50 from pot
simper11: doesn't show hand
*** SUMMARY ***
Total pot $30 | Rake $0.50
Board [Kd 8s Td 7c Qs]
Seat 2: $polu4atel*$ (big blind) folded on the River
Seat 5: simper11 (button) (small blind) collected ($29.50)


PokerStars Hand #157716399321:  Hold'em Limit ($3/$6 USD) - 2016/08/25 8:39:04 ET
Table 'Lundia II' 10-max Seat #2 is the button
Seat 2: $polu4atel*$ ($42.85 in chips)
Seat 5: simper11 ($158.66 in chips)
$polu4atel*$: posts small blind $1
simper11: posts big blind $3
*** HOLE CARDS ***
$polu4atel*$: calls $2
simper11: raises $3 to $6
$polu4atel*$: calls $3
*** FLOP *** [Qs 6c Js]
simper11: checks
$polu4atel*$: checks
*** TURN *** [Qs 6c Js] [5s]
simper11: checks
$polu4atel*$: checks
*** RIVER *** [Qs 6c Js 5s] [2s]
simper11: checks
$polu4atel*$: bets $6
simper11: folds
Uncalled bet ($6) returned to $polu4atel*$
$polu4atel*$ collected $11.76 from pot
$polu4atel*$: doesn't show hand
*** SUMMARY ***
Total pot $12 | Rake $0.24
Board [Qs 6c Js 5s 2s]
Seat 2: $polu4atel*$ (button) (small blind) collected ($11.76)
Seat 5: simper11 (big blind) folded on the River


PokerStars Hand #157716409651:  Hold'em Limit ($3/$6 USD) - 2016/08/25 8:39:25 ET
Table 'Lundia II' 10-max Seat #5 is the button
Seat 2: $polu4atel*$ ($48.61 in chips)
Seat 5: simper11 ($152.66 in chips)
simper11: posts small blind $1
$polu4atel*$: posts big blind $3
*** HOLE CARDS ***
simper11: raises $3 to $6
$polu4atel*$: calls $3
*** FLOP *** [Ad 5s Ah]
$polu4atel*$: checks
simper11: bets $3
$polu4atel*$: calls $3
*** TURN *** [Ad 5s Ah] [6h]
$polu4atel*$: checks
simper11: checks
*** RIVER *** [Ad 5s Ah 6h] [Kc]
$polu4atel*$: checks
simper11: checks
*** SHOW DOWN ***
$polu4atel*$: shows [7h As] (three of a kind, Aces)
simper11: mucks hand
$polu4atel*$ collected $17.64 from pot
*** SUMMARY ***
Total pot $18 | Rake $0.36
Board [Ad 5s Ah 6h Kc]
Seat 2: $polu4atel*$ (big blind) showed [7h As] and won ($17.64) with three of a kind, Aces
Seat 5: simper11 (button) (small blind) mucked


PokerStars Hand #157716416544:  Hold'em Limit ($3/$6 USD) - 2016/08/25 8:39:40 ET
Table 'Lundia II' 10-max Seat #2 is the button
Seat 2: $polu4atel*$ ($57.25 in chips)
Seat 5: simper11 ($143.66 in chips)
$polu4atel*$: posts small blind $1
simper11: posts big blind $3
*** HOLE CARDS ***
$polu4atel*$: calls $2
simper11: raises $3 to $6
$polu4atel*$: calls $3
*** FLOP *** [3s 9s Jd]
simper11: bets $3
$polu4atel*$: calls $3
*** TURN *** [3s 9s Jd] [4s]
simper11: bets $6
$polu4atel*$: calls $6
*** RIVER *** [3s 9s Jd 4s] [8h]
simper11: checks
$polu4atel*$: bets $6
simper11: calls $6
*** SHOW DOWN ***
$polu4atel*$: shows [6h 9d] (a pair of Nines)
simper11: mucks hand
$polu4atel*$ collected $41.50 from pot
*** SUMMARY ***
Total pot $42 | Rake $0.50
Board [3s 9s Jd 4s 8h]
Seat 2: $polu4atel*$ (button) (small blind) showed [6h 9d] and won ($41.50) with a pair of Nines
Seat 5: simper11 (big blind) mucked


PokerStars Hand #157716429149:  Hold'em Limit ($3/$6 USD) - 2016/08/25 8:40:06 ET
Table 'Lundia II' 10-max Seat #2 is the button
Seat 2: $polu4atel*$ ($101.25 in chips)
Seat 5: simper11 ($120 in chips)
$polu4atel*$: posts small blind $1
simper11: posts big blind $3
*** HOLE CARDS ***
$polu4atel*$: calls $2
simper11: raises $3 to $6
$polu4atel*$: calls $3
*** FLOP *** [As 2s 5s]
simper11: bets $3
$polu4atel*$: calls $3
*** TURN *** [As 2s 5s] [Jd]
simper11: bets $6
$polu4atel*$: calls $6
*** RIVER *** [As 2s 5s Jd] [4h]
simper11: bets $6
$polu4atel*$: raises $6 to $12
simper11: calls $6
*** SHOW DOWN ***
$polu4atel*$: shows [Ad 2c] (two pair, Aces and Deuces)
simper11: mucks hand
$polu4atel*$ collected $53.50 from pot
*** SUMMARY ***
Total pot $54 | Rake $0.50
Board [As 2s 5s Jd 4h]
Seat 2: $polu4atel*$ (button) (small blind) showed [Ad 2c] and won ($53.50) with two pair, Aces and Deuces
Seat 5: simper11 (big blind) mucked


PokerStars Hand #157716422804:  Hold'em Limit ($3/$6 USD) - 2016/08/25 8:39:53 ET
Table 'Lundia II' 10-max Seat #5 is the button
Seat 2: $polu4atel*$ ($77.75 in chips)
Seat 5: simper11 ($122.66 in chips)
simper11: posts small blind $1
$polu4atel*$: posts big blind $3
*** HOLE CARDS ***
simper11: raises $3 to $6
$polu4atel*$: calls $3
*** FLOP *** [5d 7h 6h]
$polu4atel*$: checks
simper11: bets $3
$polu4atel*$: raises $3 to $6
simper11: calls $3
*** TURN *** [5d 7h 6h] [7c]
$polu4atel*$: bets $6
simper11: calls $6
*** RIVER *** [5d 7h 6h 7c] [Js]
$polu4atel*$: bets $6
simper11: calls $6
*** SHOW DOWN ***
$polu4atel*$: shows [7s 2s] (three of a kind, Sevens)
simper11: mucks hand
$polu4atel*$ collected $47.50 from pot
*** SUMMARY ***
Total pot $48 | Rake $0.50
Board [5d 7h 6h 7c Js]
Seat 2: $polu4atel*$ (big blind) showed [7s 2s] and won ($47.50) with three of a kind, Sevens
Seat 5: simper11 (button) (small blind) mucked


PokerStars Hand #157716443289:  Hold'em Limit ($3/$6 USD) - 2016/08/25 8:40:36 ET
Table 'Lundia II' 10-max Seat #2 is the button
Seat 2: $polu4atel*$ ($124.75 in chips)
Seat 5: simper11 ($123 in chips)
$polu4atel*$: posts small blind $1
simper11: posts big blind $3
*** HOLE CARDS ***
$polu4atel*$: folds
Uncalled bet ($2) returned to simper11
simper11 collected $2 from pot
simper11: doesn't show hand
*** SUMMARY ***
Total pot $2 | Rake $0
Seat 2: $polu4atel*$ (button) (small blind) folded before Flop
Seat 5: simper11 (big blind) collected ($2)


PokerStars Hand #157716436312:  Hold'em Limit ($3/$6 USD) - 2016/08/25 8:40:21 ET
Table 'Lundia II' 10-max Seat #5 is the button
Seat 2: $polu4atel*$ ($127.75 in chips)
Seat 5: simper11 ($120 in chips)
simper11: posts small blind $1
$polu4atel*$: posts big blind $3
*** HOLE CARDS ***
simper11 said, "llol"
simper11 said, "ololol"
simper11 said, "olololo"
simper11 said, "slyxi sin"
simper11 said, "lololo"
simper11: raises $3 to $6
$polu4atel*$: folds
Uncalled bet ($3) returned to simper11
simper11 collected $6 from pot
simper11: doesn't show hand
*** SUMMARY ***
Total pot $6 | Rake $0
Seat 2: $polu4atel*$ (big blind) folded before Flop
Seat 5: simper11 (button) (small blind) collected ($6)


