PokerStars Hand #146169098629:  Hold'em Limit ($3/$6 USD) - 2015/12/30 9:27:24 ET
Table 'Lupus III' 6-max Seat #4 is the button
Seat 4: PelonCabelao ($72 in chips)
Seat 6: jaguar943 ($46.90 in chips)
PelonCabelao: posts small blind $1
jaguar943: posts big blind $3
*** HOLE CARDS ***
PelonCabelao: raises $3 to $6
jaguar943: calls $3
*** FLOP *** [3d 4d 8s]
jaguar943: checks
PelonCabelao: bets $3
jaguar943: calls $3
*** TURN *** [3d 4d 8s] [Ac]
jaguar943: checks
PelonCabelao: bets $6
jaguar943: calls $6
*** RIVER *** [3d 4d 8s Ac] [Kd]
jaguar943: checks
PelonCabelao: checks
*** SHOW DOWN ***
jaguar943: shows [2d 8h] (a pair of Eights)
PelonCabelao: mucks hand
jaguar943 collected $29.50 from pot
*** SUMMARY ***
Total pot $30 | Rake $0.50
Board [3d 4d 8s Ac Kd]
Seat 4: PelonCabelao (button) (small blind) mucked
Seat 6: jaguar943 (big blind) showed [2d 8h] and won ($29.50) with a pair of Eights


PokerStars Hand #146169147389:  Hold'em Limit ($3/$6 USD) - 2015/12/30 9:28:28 ET
Table 'Lupus III' 6-max Seat #6 is the button
Seat 4: PelonCabelao ($72 in chips)
Seat 6: jaguar943 ($61.40 in chips)
jaguar943: posts small blind $1
PelonCabelao: posts big blind $3
*** HOLE CARDS ***
jaguar943: calls $2
PelonCabelao: raises $3 to $6
jaguar943: calls $3
*** FLOP *** [Qh Kh 6s]
PelonCabelao: bets $3
jaguar943: calls $3
*** TURN *** [Qh Kh 6s] [2h]
PelonCabelao: bets $6
jaguar943: folds
Uncalled bet ($6) returned to PelonCabelao
PelonCabelao collected $17.64 from pot
PelonCabelao: doesn't show hand
*** SUMMARY ***
Total pot $18 | Rake $0.36
Board [Qh Kh 6s 2h]
Seat 4: PelonCabelao (big blind) collected ($17.64)
Seat 6: jaguar943 (button) (small blind) folded on the Turn


PokerStars Hand #146169173229:  Hold'em Limit ($3/$6 USD) - 2015/12/30 9:29:02 ET
Table 'Lupus III' 6-max Seat #4 is the button
Seat 4: PelonCabelao ($80.64 in chips)
Seat 6: jaguar943 ($52.40 in chips)
PelonCabelao: posts small blind $1
jaguar943: posts big blind $3
*** HOLE CARDS ***
PelonCabelao: raises $3 to $6
jaguar943: calls $3
*** FLOP *** [6h Qc Tc]
jaguar943: bets $3
PelonCabelao: calls $3
*** TURN *** [6h Qc Tc] [Qd]
jaguar943: bets $6
PelonCabelao: folds
Uncalled bet ($6) returned to jaguar943
jaguar943 collected $17.64 from pot
*** SUMMARY ***
Total pot $18 | Rake $0.36
Board [6h Qc Tc Qd]
Seat 4: PelonCabelao (button) (small blind) folded on the Turn
Seat 6: jaguar943 (big blind) collected ($17.64)


PokerStars Hand #146169196357:  Hold'em Limit ($3/$6 USD) - 2015/12/30 9:29:33 ET
Table 'Lupus III' 6-max Seat #6 is the button
Seat 4: PelonCabelao ($72 in chips)
Seat 6: jaguar943 ($61.04 in chips)
jaguar943: posts small blind $1
PelonCabelao: posts big blind $3
*** HOLE CARDS ***
jaguar943: calls $2
PelonCabelao: raises $3 to $6
jaguar943: calls $3
*** FLOP *** [9d 9h 2c]
PelonCabelao: bets $3
jaguar943: calls $3
*** TURN *** [9d 9h 2c] [Th]
PelonCabelao: bets $6
jaguar943: calls $6
*** RIVER *** [9d 9h 2c Th] [5h]
PelonCabelao: checks
jaguar943: bets $6
B_loJkl joins the table at seat #1
PelonCabelao: calls $6
*** SHOW DOWN ***
jaguar943: shows [Js 9c] (three of a kind, Nines)
PelonCabelao: mucks hand
jaguar943 collected $41.50 from pot
*** SUMMARY ***
Total pot $42 | Rake $0.50
Board [9d 9h 2c Th 5h]
Seat 4: PelonCabelao (big blind) mucked
Seat 6: jaguar943 (button) (small blind) showed [Js 9c] and won ($41.50) with three of a kind, Nines


PokerStars Hand #146169237292:  Hold'em Limit ($3/$6 USD) - 2015/12/30 9:30:26 ET
Table 'Lupus III' 6-max Seat #4 is the button
Seat 4: PelonCabelao ($72 in chips)
Seat 6: jaguar943 ($81.54 in chips)
PelonCabelao: posts small blind $1
jaguar943: posts big blind $3
*** HOLE CARDS ***
PelonCabelao: raises $3 to $6
jaguar943: calls $3
*** FLOP *** [9c 8d Tc]
jaguar943: bets $3
PelonCabelao: calls $3
*** TURN *** [9c 8d Tc] [Jd]
jaguar943: bets $6
PelonCabelao: raises $6 to $12
jaguar943: raises $6 to $18
PelonCabelao: calls $6
*** RIVER *** [9c 8d Tc Jd] [3h]
jaguar943: bets $6
PelonCabelao: calls $6
*** SHOW DOWN ***
jaguar943: shows [6d 7s] (a straight, Seven to Jack)
PelonCabelao: shows [7d 4d] (a straight, Seven to Jack)
jaguar943 collected $32.75 from pot
PelonCabelao collected $32.75 from pot
*** SUMMARY ***
Total pot $66 | Rake $0.50
Board [9c 8d Tc Jd 3h]
Seat 4: PelonCabelao (button) (small blind) showed [7d 4d] and won ($32.75) with a straight, Seven to Jack
Seat 6: jaguar943 (big blind) showed [6d 7s] and won ($32.75) with a straight, Seven to Jack


PokerStars Hand #146178887526:  Hold'em Limit ($3/$6 USD) - 2015/12/30 12:43:07 ET
Table 'Lupus III' 6-max Seat #3 is the button
Seat 2: DECAlpha ($126.62 in chips)
Seat 3: feilinho ($134.14 in chips)
feilinho: posts small blind $1
B_loJkl: is sitting out
DECAlpha: posts big blind $3
*** HOLE CARDS ***
feilinho: raises $3 to $6
DECAlpha: raises $3 to $9
B_loJkl leaves the table
feilinho: calls $3
*** FLOP *** [9h 9c Jc]
DECAlpha: bets $3
feilinho: calls $3
*** TURN *** [9h 9c Jc] [2c]
DECAlpha: checks
feilinho: checks
*** RIVER *** [9h 9c Jc 2c] [Kh]
DECAlpha: checks
feilinho: checks
*** SHOW DOWN ***
DECAlpha: shows [Th 7s] (a pair of Nines)
feilinho: mucks hand
DECAlpha collected $23.52 from pot
*** SUMMARY ***
Total pot $24 | Rake $0.48
Board [9h 9c Jc 2c Kh]
Seat 2: DECAlpha (big blind) showed [Th 7s] and won ($23.52) with a pair of Nines
Seat 3: feilinho (button) (small blind) mucked


