PokerStars Hand #147715345427:  Hold'em Limit ($3/$6 USD) - 2016/01/26 12:36:32 ET
Table 'Lupus II' 6-max Seat #6 is the button
Seat 5: Philly0813 ($156.16 in chips)
Seat 6: TbIP-TbIP 88 ($76 in chips)
TbIP-TbIP 88: posts small blind $1
Philly0813: posts big blind $3
*** HOLE CARDS ***
TbIP-TbIP 88: raises $3 to $6
Philly0813: folds
Uncalled bet ($3) returned to TbIP-TbIP 88
TbIP-TbIP 88 collected $6 from pot
TbIP-TbIP 88: doesn't show hand
*** SUMMARY ***
Total pot $6 | Rake $0
Seat 5: Philly0813 (big blind) folded before Flop
Seat 6: TbIP-TbIP 88 (button) (small blind) collected ($6)


PokerStars Hand #147715341482:  Hold'em Limit ($3/$6 USD) - 2016/01/26 12:36:27 ET
Table 'Lupus II' 6-max Seat #5 is the button
Seat 5: Philly0813 ($157.16 in chips)
Seat 6: TbIP-TbIP 88 ($75 in chips)
Philly0813: posts small blind $1
TbIP-TbIP 88: posts big blind $3
*** HOLE CARDS ***
Philly0813: folds
Uncalled bet ($2) returned to TbIP-TbIP 88
TbIP-TbIP 88 collected $2 from pot
TbIP-TbIP 88: doesn't show hand
*** SUMMARY ***
Total pot $2 | Rake $0
Seat 5: Philly0813 (button) (small blind) folded before Flop
Seat 6: TbIP-TbIP 88 (big blind) collected ($2)


PokerStars Hand #147715336562:  Hold'em Limit ($3/$6 USD) - 2016/01/26 12:36:22 ET
Table 'Lupus II' 6-max Seat #6 is the button
Seat 5: Philly0813 ($160.16 in chips)
Seat 6: TbIP-TbIP 88 ($72 in chips)
TbIP-TbIP 88: posts small blind $1
Philly0813: posts big blind $3
*** HOLE CARDS ***
TbIP-TbIP 88: raises $3 to $6
Philly0813: folds
Uncalled bet ($3) returned to TbIP-TbIP 88
TbIP-TbIP 88 collected $6 from pot
TbIP-TbIP 88: doesn't show hand
*** SUMMARY ***
Total pot $6 | Rake $0
Seat 5: Philly0813 (big blind) folded before Flop
Seat 6: TbIP-TbIP 88 (button) (small blind) collected ($6)


PokerStars Hand #147715314425:  Hold'em Limit ($3/$6 USD) - 2016/01/26 12:35:58 ET
Table 'Lupus II' 6-max Seat #5 is the button
Seat 5: Philly0813 ($154.40 in chips)
Seat 6: TbIP-TbIP 88 ($75 in chips)
Philly0813: posts small blind $1
TbIP-TbIP 88: posts big blind $3
*** HOLE CARDS ***
Philly0813: raises $3 to $6
TbIP-TbIP 88: calls $3
*** FLOP *** [5d Ts 5c]
TbIP-TbIP 88: checks
Philly0813: bets $3
TbIP-TbIP 88: folds
Uncalled bet ($3) returned to Philly0813
Philly0813 collected $11.76 from pot
Philly0813: doesn't show hand
*** SUMMARY ***
Total pot $12 | Rake $0.24
Board [5d Ts 5c]
Seat 5: Philly0813 (button) (small blind) collected ($11.76)
Seat 6: TbIP-TbIP 88 (big blind) folded on the Flop


PokerStars Hand #147715304631:  Hold'em Limit ($3/$6 USD) - 2016/01/26 12:35:48 ET
Table 'Lupus II' 6-max Seat #6 is the button
Seat 5: Philly0813 ($157.40 in chips)
Seat 6: TbIP-TbIP 88 ($72 in chips)
TbIP-TbIP 88: posts small blind $1
Philly0813: posts big blind $3
*** HOLE CARDS ***
TbIP-TbIP 88: raises $3 to $6
Philly0813: folds
Uncalled bet ($3) returned to TbIP-TbIP 88
TbIP-TbIP 88 collected $6 from pot
TbIP-TbIP 88: doesn't show hand
*** SUMMARY ***
Total pot $6 | Rake $0
Seat 5: Philly0813 (big blind) folded before Flop
Seat 6: TbIP-TbIP 88 (button) (small blind) collected ($6)


PokerStars Hand #147715272741:  Hold'em Limit ($3/$6 USD) - 2016/01/26 12:35:14 ET
Table 'Lupus II' 6-max Seat #5 is the button
Seat 5: Philly0813 ($127.90 in chips)
Seat 6: TbIP-TbIP 88 ($95.16 in chips)
Philly0813: posts small blind $1
TbIP-TbIP 88: posts big blind $3
*** HOLE CARDS ***
Philly0813: raises $3 to $6
TbIP-TbIP 88: raises $3 to $9
Philly0813: calls $3
*** FLOP *** [Jd 9s 7s]
TbIP-TbIP 88: bets $3
Philly0813: raises $3 to $6
TbIP-TbIP 88: raises $3 to $9
Philly0813: calls $3
*** TURN *** [Jd 9s 7s] [Qh]
TbIP-TbIP 88: bets $6
Philly0813: calls $6
*** RIVER *** [Jd 9s 7s Qh] [8d]
TbIP-TbIP 88: bets $6
Philly0813: calls $6
*** SHOW DOWN ***
TbIP-TbIP 88: shows [Ah Ac] (a pair of Aces)
Philly0813: shows [Td 9c] (a straight, Eight to Queen)
Philly0813 collected $59.50 from pot
*** SUMMARY ***
Total pot $60 | Rake $0.50
Board [Jd 9s 7s Qh 8d]
Seat 5: Philly0813 (button) (small blind) showed [Td 9c] and won ($59.50) with a straight, Eight to Queen
Seat 6: TbIP-TbIP 88 (big blind) showed [Ah Ac] and lost with a pair of Aces


PokerStars Hand #147715382341:  Hold'em Limit ($3/$6 USD) - 2016/01/26 12:37:11 ET
Table 'Lupus II' 6-max Seat #6 is the button
Seat 5: Philly0813 ($163.80 in chips)
Seat 6: TbIP-TbIP 88 ($72 in chips)
TbIP-TbIP 88: posts small blind $1
Philly0813: posts big blind $3
*** HOLE CARDS ***
TbIP-TbIP 88: folds
Uncalled bet ($2) returned to Philly0813
Philly0813 collected $2 from pot
Philly0813: doesn't show hand
*** SUMMARY ***
Total pot $2 | Rake $0
Seat 5: Philly0813 (big blind) collected ($2)
Seat 6: TbIP-TbIP 88 (button) (small blind) folded before Flop


PokerStars Hand #147715366967:  Hold'em Limit ($3/$6 USD) - 2016/01/26 12:36:55 ET
Table 'Lupus II' 6-max Seat #5 is the button
Seat 5: Philly0813 ($160.80 in chips)
Seat 6: TbIP-TbIP 88 ($72 in chips)
Philly0813: posts small blind $1
TbIP-TbIP 88: posts big blind $3
*** HOLE CARDS ***
Philly0813: raises $3 to $6
TbIP-TbIP 88: folds
Uncalled bet ($3) returned to Philly0813
Philly0813 collected $6 from pot
Philly0813: doesn't show hand
*** SUMMARY ***
Total pot $6 | Rake $0
Seat 5: Philly0813 (button) (small blind) collected ($6)
Seat 6: TbIP-TbIP 88 (big blind) folded before Flop


PokerStars Hand #147715353954:  Hold'em Limit ($3/$6 USD) - 2016/01/26 12:36:41 ET
Table 'Lupus II' 6-max Seat #6 is the button
Seat 5: Philly0813 ($152.16 in chips)
Seat 6: TbIP-TbIP 88 ($80 in chips)
TbIP-TbIP 88: posts small blind $1
Philly0813: posts big blind $3
*** HOLE CARDS ***
TbIP-TbIP 88: raises $3 to $6
Philly0813: raises $3 to $9
TbIP-TbIP 88: calls $3
*** FLOP *** [7h Ac As]
Philly0813: bets $3
TbIP-TbIP 88: folds
Uncalled bet ($3) returned to Philly0813
Philly0813 collected $17.64 from pot
Philly0813: doesn't show hand
*** SUMMARY ***
Total pot $18 | Rake $0.36
Board [7h Ac As]
Seat 5: Philly0813 (big blind) collected ($17.64)
Seat 6: TbIP-TbIP 88 (button) (small blind) folded on the Flop


PokerStars Hand #147715350113:  Hold'em Limit ($3/$6 USD) - 2016/01/26 12:36:37 ET
Table 'Lupus II' 6-max Seat #5 is the button
Seat 5: Philly0813 ($153.16 in chips)
Seat 6: TbIP-TbIP 88 ($79 in chips)
Philly0813: posts small blind $1
TbIP-TbIP 88: posts big blind $3
*** HOLE CARDS ***
Philly0813: folds
Uncalled bet ($2) returned to TbIP-TbIP 88
TbIP-TbIP 88 collected $2 from pot
TbIP-TbIP 88: doesn't show hand
*** SUMMARY ***
Total pot $2 | Rake $0
Seat 5: Philly0813 (button) (small blind) folded before Flop
Seat 6: TbIP-TbIP 88 (big blind) collected ($2)


PokerStars Hand #147715388953:  Hold'em Limit ($3/$6 USD) - 2016/01/26 12:37:18 ET
Table 'Lupus II' 6-max Seat #5 is the button
Seat 5: Philly0813 ($164.80 in chips)
Seat 6: TbIP-TbIP 88 ($72 in chips)
Philly0813: posts small blind $1
TbIP-TbIP 88: posts big blind $3
*** HOLE CARDS ***
Philly0813: raises $3 to $6
TbIP-TbIP 88: calls $3
*** FLOP *** [2h Th 5d]
TbIP-TbIP 88: checks
Philly0813: bets $3
TbIP-TbIP 88: calls $3
*** TURN *** [2h Th 5d] [4c]
TbIP-TbIP 88: checks
Philly0813: checks
*** RIVER *** [2h Th 5d 4c] [8h]
TbIP-TbIP 88: checks
Philly0813: bets $6
TbIP-TbIP 88: calls $6
*** SHOW DOWN ***
Philly0813: shows [Tc Qs] (a pair of Tens)
TbIP-TbIP 88: mucks hand
Philly0813 collected $29.50 from pot
*** SUMMARY ***
Total pot $30 | Rake $0.50
Board [2h Th 5d 4c 8h]
Seat 5: Philly0813 (button) (small blind) showed [Tc Qs] and won ($29.50) with a pair of Tens
Seat 6: TbIP-TbIP 88 (big blind) mucked


PokerStars Hand #147715469303:  Hold'em Limit ($3/$6 USD) - 2016/01/26 12:38:44 ET
Table 'Lupus II' 6-max Seat #5 is the button
Seat 5: Philly0813 ($196.30 in chips)
Seat 6: TbIP-TbIP 88 ($72 in chips)
Philly0813: posts small blind $1
TbIP-TbIP 88: posts big blind $3
*** HOLE CARDS ***
Philly0813: raises $3 to $6
TbIP-TbIP 88: calls $3
*** FLOP *** [3h 8d Kh]
TbIP-TbIP 88: checks
Philly0813: bets $3
TbIP-TbIP 88: calls $3
*** TURN *** [3h 8d Kh] [Qc]
TbIP-TbIP 88: checks
Philly0813: checks
*** RIVER *** [3h 8d Kh Qc] [6d]
TbIP-TbIP 88: bets $6
Philly0813: folds
Uncalled bet ($6) returned to TbIP-TbIP 88
TbIP-TbIP 88 collected $17.64 from pot
TbIP-TbIP 88: doesn't show hand
*** SUMMARY ***
Total pot $18 | Rake $0.36
Board [3h 8d Kh Qc 6d]
Seat 5: Philly0813 (button) (small blind) folded on the River
Seat 6: TbIP-TbIP 88 (big blind) collected ($17.64)


PokerStars Hand #147716363908:  Hold'em Limit ($3/$6 USD) - 2016/01/26 12:53:51 ET
Table 'Lupus II' 6-max Seat #4 is the button
Seat 1: LolDnkaments ($211.14 in chips)
Seat 4: knas4 ($150.17 in chips)
knas4: posts small blind $1
LolDnkaments: posts big blind $3
*** HOLE CARDS ***
knas4: folds
Uncalled bet ($2) returned to LolDnkaments
LolDnkaments collected $2 from pot
LolDnkaments: doesn't show hand
*** SUMMARY ***
Total pot $2 | Rake $0
Seat 1: LolDnkaments (big blind) collected ($2)
Seat 4: knas4 (button) (small blind) folded before Flop


PokerStars Hand #147716345711:  Hold'em Limit ($3/$6 USD) - 2016/01/26 12:53:33 ET
Table 'Lupus II' 6-max Seat #1 is the button
Seat 1: LolDnkaments ($202.50 in chips)
Seat 4: knas4 ($159.17 in chips)
LolDnkaments: posts small blind $1
DirtyDouble2: is sitting out
knas4: posts big blind $3
*** HOLE CARDS ***
DirtyDouble2 leaves the table
LolDnkaments: raises $3 to $6
knas4: calls $3
*** FLOP *** [Ad 3d 7h]
knas4: bets $3
LolDnkaments: raises $3 to $6
knas4: folds
Uncalled bet ($3) returned to LolDnkaments
LolDnkaments collected $17.64 from pot
LolDnkaments: doesn't show hand
*** SUMMARY ***
Total pot $18 | Rake $0.36
Board [Ad 3d 7h]
Seat 1: LolDnkaments (button) (small blind) collected ($17.64)
Seat 4: knas4 (big blind) folded on the Flop


PokerStars Hand #147716369456:  Hold'em Limit ($3/$6 USD) - 2016/01/26 12:53:56 ET
Table 'Lupus II' 6-max Seat #1 is the button
Seat 1: LolDnkaments ($212.14 in chips)
Seat 4: knas4 ($149.17 in chips)
LolDnkaments: posts small blind $1
knas4: posts big blind $3
*** HOLE CARDS ***
LolDnkaments: raises $3 to $6
knas4: calls $3
*** FLOP *** [3s Qd Tc]
knas4: checks
LolDnkaments: bets $3
knas4: folds
Uncalled bet ($3) returned to LolDnkaments
LolDnkaments collected $11.76 from pot
LolDnkaments: doesn't show hand
*** SUMMARY ***
Total pot $12 | Rake $0.24
Board [3s Qd Tc]
Seat 1: LolDnkaments (button) (small blind) collected ($11.76)
Seat 4: knas4 (big blind) folded on the Flop


PokerStars Hand #147718627155:  Hold'em Limit ($3/$6 USD) - 2016/01/26 13:31:24 ET
Table 'Lupus II' 6-max Seat #4 is the button
Seat 4: LolDnkaments ($136.41 in chips)
Seat 6: Chessnok ($77.98 in chips)
LolDnkaments: posts small blind $1
Chessnok: posts big blind $3
*** HOLE CARDS ***
LolDnkaments: raises $3 to $6
Chessnok: folds
Uncalled bet ($3) returned to LolDnkaments
LolDnkaments collected $6 from pot
LolDnkaments: doesn't show hand
*** SUMMARY ***
Total pot $6 | Rake $0
Seat 4: LolDnkaments (button) (small blind) collected ($6)
Seat 6: Chessnok (big blind) folded before Flop


PokerStars Hand #147718619400:  Hold'em Limit ($3/$6 USD) - 2016/01/26 13:31:17 ET
Table 'Lupus II' 6-max Seat #6 is the button
Seat 4: LolDnkaments ($135.41 in chips)
Seat 6: Chessnok ($78.98 in chips)
Chessnok: posts small blind $1
veterankwu: is sitting out
LolDnkaments: posts big blind $3
*** HOLE CARDS ***
Chessnok: folds
Uncalled bet ($2) returned to LolDnkaments
LolDnkaments collected $2 from pot
LolDnkaments: doesn't show hand
*** SUMMARY ***
Total pot $2 | Rake $0
Seat 4: LolDnkaments (big blind) collected ($2)
Seat 6: Chessnok (button) (small blind) folded before Flop


PokerStars Hand #147718666547:  Hold'em Limit ($3/$6 USD) - 2016/01/26 13:32:02 ET
Table 'Lupus II' 6-max Seat #6 is the button
Seat 3: knas4 ($139.93 in chips)
Seat 6: Chessnok ($74.98 in chips)
Chessnok: posts small blind $1
knas4: posts big blind $3
*** HOLE CARDS ***
Chessnok: raises $3 to $6
SashaYuvelir leaves the table
knas4: raises $3 to $9
SashaYuvelir joins the table at seat #1
Chessnok: calls $3
*** FLOP *** [5h Ts 7c]
knas4: bets $3
Chessnok: calls $3
*** TURN *** [5h Ts 7c] [Kc]
knas4: bets $6
Chessnok: calls $6
*** RIVER *** [5h Ts 7c Kc] [2s]
knas4: bets $6
Chessnok: calls $6
*** SHOW DOWN ***
knas4: shows [As Qc] (high card Ace)
Chessnok: mucks hand
knas4 collected $47.50 from pot
*** SUMMARY ***
Total pot $48 | Rake $0.50
Board [5h Ts 7c Kc 2s]
Seat 3: knas4 (big blind) showed [As Qc] and won ($47.50) with high card Ace
Seat 6: Chessnok (button) (small blind) mucked


PokerStars Hand #147718807314:  Hold'em Limit ($3/$6 USD) - 2016/01/26 13:34:18 ET
Table 'Lupus II' 6-max Seat #5 is the button
Seat 1: SashaYuvelir ($95.50 in chips)
Seat 5: Philly0813 ($99.23 in chips)
Philly0813: posts small blind $1
SashaYuvelir: posts big blind $3
*** HOLE CARDS ***
Philly0813: raises $3 to $6
SashaYuvelir: calls $3
*** FLOP *** [9d 5c 4d]
SashaYuvelir: checks
ME HAPPYBEE joins the table at seat #2
Philly0813: bets $3
SashaYuvelir: raises $3 to $6
Philly0813: calls $3
*** TURN *** [9d 5c 4d] [Jc]
SashaYuvelir: bets $6
Philly0813: folds
Uncalled bet ($6) returned to SashaYuvelir
SashaYuvelir collected $23.52 from pot
SashaYuvelir: doesn't show hand
*** SUMMARY ***
Total pot $24 | Rake $0.48
Board [9d 5c 4d Jc]
Seat 1: SashaYuvelir (big blind) collected ($23.52)
Seat 5: Philly0813 (button) (small blind) folded on the Turn


PokerStars Hand #147718786427:  Hold'em Limit ($3/$6 USD) - 2016/01/26 13:33:58 ET
Table 'Lupus II' 6-max Seat #1 is the button
Seat 1: SashaYuvelir ($72 in chips)
Seat 5: Philly0813 ($123.23 in chips)
SashaYuvelir: posts small blind $1
Philly0813: posts big blind $3
*** HOLE CARDS ***
SashaYuvelir: raises $3 to $6
Philly0813: raises $3 to $9
SashaYuvelir: calls $3
*** FLOP *** [8d Tc Qs]
Philly0813: bets $3
SashaYuvelir: calls $3
*** TURN *** [8d Tc Qs] [Js]
Philly0813: bets $6
SashaYuvelir: calls $6
*** RIVER *** [8d Tc Qs Js] [5h]
Philly0813: bets $6
SashaYuvelir: calls $6
*** SHOW DOWN ***
Philly0813: shows [2c 2s] (a pair of Deuces)
SashaYuvelir: shows [3h Jh] (a pair of Jacks)
SashaYuvelir collected $47.50 from pot
*** SUMMARY ***
Total pot $48 | Rake $0.50
Board [8d Tc Qs Js 5h]
Seat 1: SashaYuvelir (button) (small blind) showed [3h Jh] and won ($47.50) with a pair of Jacks
Seat 5: Philly0813 (big blind) showed [2c 2s] and lost with a pair of Deuces


PokerStars Hand #147721089346:  Hold'em Limit ($3/$6 USD) - 2016/01/26 14:11:06 ET
Table 'Lupus II' 6-max Seat #3 is the button
Seat 3: Luarvik888 ($88.52 in chips)
Seat 4: LolDnkaments ($79 in chips)
Luarvik888: posts small blind $1
LolDnkaments: posts big blind $3
*** HOLE CARDS ***
Luarvik888: folds
Uncalled bet ($2) returned to LolDnkaments
LolDnkaments collected $2 from pot
LolDnkaments: doesn't show hand
*** SUMMARY ***
Total pot $2 | Rake $0
Seat 3: Luarvik888 (button) (small blind) folded before Flop
Seat 4: LolDnkaments (big blind) collected ($2)


PokerStars Hand #147721080970:  Hold'em Limit ($3/$6 USD) - 2016/01/26 14:10:58 ET
Table 'Lupus II' 6-max Seat #4 is the button
Seat 3: Luarvik888 ($91.52 in chips)
Seat 4: LolDnkaments ($76 in chips)
LolDnkaments: posts small blind $1
Luarvik888: posts big blind $3
*** HOLE CARDS ***
LolDnkaments: raises $3 to $6
Luarvik888: folds
Uncalled bet ($3) returned to LolDnkaments
LolDnkaments collected $6 from pot
LolDnkaments: doesn't show hand
*** SUMMARY ***
Total pot $6 | Rake $0
Seat 3: Luarvik888 (big blind) folded before Flop
Seat 4: LolDnkaments (button) (small blind) collected ($6)


PokerStars Hand #147721062511:  Hold'em Limit ($3/$6 USD) - 2016/01/26 14:10:41 ET
Table 'Lupus II' 6-max Seat #3 is the button
Seat 3: Luarvik888 ($92.52 in chips)
Seat 4: LolDnkaments ($75 in chips)
Luarvik888: posts small blind $1
LolDnkaments: posts big blind $3
*** HOLE CARDS ***
Luarvik888: folds
Uncalled bet ($2) returned to LolDnkaments
LolDnkaments collected $2 from pot
LolDnkaments: doesn't show hand
*** SUMMARY ***
Total pot $2 | Rake $0
Seat 3: Luarvik888 (button) (small blind) folded before Flop
Seat 4: LolDnkaments (big blind) collected ($2)


PokerStars Hand #147721055611:  Hold'em Limit ($3/$6 USD) - 2016/01/26 14:10:35 ET
Table 'Lupus II' 6-max Seat #4 is the button
Seat 3: Luarvik888 ($95.52 in chips)
Seat 4: LolDnkaments ($72 in chips)
LolDnkaments: posts small blind $1
Luarvik888: posts big blind $3
*** HOLE CARDS ***
LolDnkaments: raises $3 to $6
Luarvik888: folds
Uncalled bet ($3) returned to LolDnkaments
LolDnkaments collected $6 from pot
*** SUMMARY ***
Total pot $6 | Rake $0
Seat 3: Luarvik888 (big blind) folded before Flop
Seat 4: LolDnkaments (button) (small blind) collected ($6)


PokerStars Hand #147721121747:  Hold'em Limit ($3/$6 USD) - 2016/01/26 14:11:36 ET
Table 'Lupus II' 6-max Seat #3 is the button
Seat 3: Luarvik888 ($74.52 in chips)
Seat 4: LolDnkaments ($92.52 in chips)
Luarvik888: posts small blind $1
LolDnkaments: posts big blind $3
*** HOLE CARDS ***
Luarvik888: raises $3 to $6
LolDnkaments: raises $3 to $9
Luarvik888: calls $3
*** FLOP *** [8c Td 9c]
LolDnkaments: bets $3
Luarvik888: calls $3
*** TURN *** [8c Td 9c] [5d]
LolDnkaments: bets $6
Luarvik888: raises $6 to $12
LolDnkaments: calls $6
*** RIVER *** [8c Td 9c 5d] [3s]
LolDnkaments: checks
Luarvik888: bets $6
LolDnkaments: calls $6
*** SHOW DOWN ***
Luarvik888: shows [6c 7h] (a straight, Six to Ten)
LolDnkaments: mucks hand
Luarvik888 collected $59.50 from pot
*** SUMMARY ***
Total pot $60 | Rake $0.50
Board [8c Td 9c 5d 3s]
Seat 3: Luarvik888 (button) (small blind) showed [6c 7h] and won ($59.50) with a straight, Six to Ten
Seat 4: LolDnkaments (big blind) mucked


PokerStars Hand #147721112984:  Hold'em Limit ($3/$6 USD) - 2016/01/26 14:11:28 ET
Table 'Lupus II' 6-max Seat #4 is the button
Seat 3: Luarvik888 ($80.52 in chips)
Seat 4: LolDnkaments ($86.76 in chips)
LolDnkaments: posts small blind $1
Luarvik888: posts big blind $3
*** HOLE CARDS ***
LolDnkaments: raises $3 to $6
Luarvik888: calls $3
*** FLOP *** [7s 2c 2d]
Luarvik888: checks
LolDnkaments: bets $3
Luarvik888: folds
Uncalled bet ($3) returned to LolDnkaments
LolDnkaments collected $11.76 from pot
LolDnkaments: doesn't show hand
*** SUMMARY ***
Total pot $12 | Rake $0.24
Board [7s 2c 2d]
Seat 3: Luarvik888 (big blind) folded on the Flop
Seat 4: LolDnkaments (button) (small blind) collected ($11.76)


PokerStars Hand #147721108112:  Hold'em Limit ($3/$6 USD) - 2016/01/26 14:11:23 ET
Table 'Lupus II' 6-max Seat #3 is the button
Seat 3: Luarvik888 ($81.52 in chips)
Seat 4: LolDnkaments ($85.76 in chips)
Luarvik888: posts small blind $1
LolDnkaments: posts big blind $3
*** HOLE CARDS ***
Luarvik888: folds
Uncalled bet ($2) returned to LolDnkaments
LolDnkaments collected $2 from pot
LolDnkaments: doesn't show hand
*** SUMMARY ***
Total pot $2 | Rake $0
Seat 3: Luarvik888 (button) (small blind) folded before Flop
Seat 4: LolDnkaments (big blind) collected ($2)


PokerStars Hand #147721094271:  Hold'em Limit ($3/$6 USD) - 2016/01/26 14:11:10 ET
Table 'Lupus II' 6-max Seat #4 is the button
Seat 3: Luarvik888 ($87.52 in chips)
Seat 4: LolDnkaments ($80 in chips)
LolDnkaments: posts small blind $1
Luarvik888: posts big blind $3
*** HOLE CARDS ***
LolDnkaments: raises $3 to $6
Luarvik888: calls $3
*** FLOP *** [9s 8s Jc]
Luarvik888: checks
LolDnkaments: bets $3
Luarvik888: folds
Uncalled bet ($3) returned to LolDnkaments
LolDnkaments collected $11.76 from pot
LolDnkaments: doesn't show hand
*** SUMMARY ***
Total pot $12 | Rake $0.24
Board [9s 8s Jc]
Seat 3: Luarvik888 (big blind) folded on the Flop
Seat 4: LolDnkaments (button) (small blind) collected ($11.76)


PokerStars Hand #147721207110:  Hold'em Limit ($3/$6 USD) - 2016/01/26 14:12:55 ET
Table 'Lupus II' 6-max Seat #3 is the button
Seat 3: Luarvik888 ($120.30 in chips)
Seat 4: LolDnkaments ($72 in chips)
Luarvik888: posts small blind $1
LolDnkaments: posts big blind $3
*** HOLE CARDS ***
Luarvik888: raises $3 to $6
LolDnkaments: calls $3
*** FLOP *** [Jh 9h 7d]
LolDnkaments: checks
Luarvik888: checks
*** TURN *** [Jh 9h 7d] [2c]
LolDnkaments: bets $6
Luarvik888: folds
Uncalled bet ($6) returned to LolDnkaments
LolDnkaments collected $11.76 from pot
LolDnkaments: doesn't show hand
*** SUMMARY ***
Total pot $12 | Rake $0.24
Board [Jh 9h 7d 2c]
Seat 3: Luarvik888 (button) (small blind) folded on the Turn
Seat 4: LolDnkaments (big blind) collected ($11.76)


PokerStars Hand #147721182783:  Hold'em Limit ($3/$6 USD) - 2016/01/26 14:12:32 ET
Table 'Lupus II' 6-max Seat #4 is the button
Seat 3: Luarvik888 ($111.66 in chips)
Seat 4: LolDnkaments ($73 in chips)
LolDnkaments: posts small blind $1
Luarvik888: posts big blind $3
*** HOLE CARDS ***
LolDnkaments: raises $3 to $6
Luarvik888: raises $3 to $9
LolDnkaments: calls $3
*** FLOP *** [Qc Ac 3h]
Luarvik888: bets $3
LolDnkaments: folds
Uncalled bet ($3) returned to Luarvik888
Luarvik888 collected $17.64 from pot
*** SUMMARY ***
Total pot $18 | Rake $0.36
Board [Qc Ac 3h]
Seat 3: Luarvik888 (big blind) collected ($17.64)
Seat 4: LolDnkaments (button) (small blind) folded on the Flop


PokerStars Hand #147721177905:  Hold'em Limit ($3/$6 USD) - 2016/01/26 14:12:28 ET
Table 'Lupus II' 6-max Seat #3 is the button
Seat 3: Luarvik888 ($112.66 in chips)
Seat 4: LolDnkaments ($72 in chips)
Luarvik888: posts small blind $1
LolDnkaments: posts big blind $3
*** HOLE CARDS ***
Luarvik888: folds
Uncalled bet ($2) returned to LolDnkaments
LolDnkaments collected $2 from pot
LolDnkaments: doesn't show hand
*** SUMMARY ***
Total pot $2 | Rake $0
Seat 3: Luarvik888 (button) (small blind) folded before Flop
Seat 4: LolDnkaments (big blind) collected ($2)


PokerStars Hand #147721144727:  Hold'em Limit ($3/$6 USD) - 2016/01/26 14:11:57 ET
Table 'Lupus II' 6-max Seat #4 is the button
Seat 3: Luarvik888 ($104.02 in chips)
Seat 4: LolDnkaments ($72 in chips)
LolDnkaments: posts small blind $1
Luarvik888: posts big blind $3
*** HOLE CARDS ***
LolDnkaments: raises $3 to $6
Luarvik888: calls $3
*** FLOP *** [8h Kc Ts]
Luarvik888: checks
LolDnkaments: bets $3
Luarvik888: calls $3
*** TURN *** [8h Kc Ts] [2d]
Luarvik888: checks
LolDnkaments: checks
*** RIVER *** [8h Kc Ts 2d] [3s]
Luarvik888: bets $6
LolDnkaments: folds
Uncalled bet ($6) returned to Luarvik888
Luarvik888 collected $17.64 from pot
*** SUMMARY ***
Total pot $18 | Rake $0.36
Board [8h Kc Ts 2d 3s]
Seat 3: Luarvik888 (big blind) collected ($17.64)
Seat 4: LolDnkaments (button) (small blind) folded on the River


PokerStars Hand #147721269590:  Hold'em Limit ($3/$6 USD) - 2016/01/26 14:13:53 ET
Table 'Lupus II' 6-max Seat #3 is the button
Seat 3: Luarvik888 ($130.80 in chips)
Seat 4: LolDnkaments ($81.64 in chips)
Luarvik888: posts small blind $1
LolDnkaments: posts big blind $3
*** HOLE CARDS ***
Luarvik888: raises $3 to $6
LolDnkaments: calls $3
*** FLOP *** [3s 5c 9h]
LolDnkaments: checks
Luarvik888: checks
*** TURN *** [3s 5c 9h] [2h]
LolDnkaments: bets $6
Luarvik888: folds
Uncalled bet ($6) returned to LolDnkaments
LolDnkaments collected $11.76 from pot
LolDnkaments: doesn't show hand
*** SUMMARY ***
Total pot $12 | Rake $0.24
Board [3s 5c 9h 2h]
Seat 3: Luarvik888 (button) (small blind) folded on the Turn
Seat 4: LolDnkaments (big blind) collected ($11.76)


PokerStars Hand #147721248361:  Hold'em Limit ($3/$6 USD) - 2016/01/26 14:13:33 ET
Table 'Lupus II' 6-max Seat #4 is the button
Seat 3: Luarvik888 ($139.80 in chips)
Seat 4: LolDnkaments ($73 in chips)
LolDnkaments: posts small blind $1
Luarvik888: posts big blind $3
*** HOLE CARDS ***
LolDnkaments: raises $3 to $6
Luarvik888: calls $3
*** FLOP *** [5d Ah 7d]
Luarvik888: checks
LolDnkaments: bets $3
Luarvik888: calls $3
*** TURN *** [5d Ah 7d] [Kh]
Luarvik888: checks
LolDnkaments: bets $6
Luarvik888: folds
Uncalled bet ($6) returned to LolDnkaments
LolDnkaments collected $17.64 from pot
LolDnkaments: doesn't show hand
*** SUMMARY ***
Total pot $18 | Rake $0.36
Board [5d Ah 7d Kh]
Seat 3: Luarvik888 (big blind) folded on the Turn
Seat 4: LolDnkaments (button) (small blind) collected ($17.64)


PokerStars Hand #147721243576:  Hold'em Limit ($3/$6 USD) - 2016/01/26 14:13:29 ET
Table 'Lupus II' 6-max Seat #3 is the button
Seat 3: Luarvik888 ($140.80 in chips)
Seat 4: LolDnkaments ($72 in chips)
Luarvik888: posts small blind $1
LolDnkaments: posts big blind $3
*** HOLE CARDS ***
Luarvik888: folds
Uncalled bet ($2) returned to LolDnkaments
LolDnkaments collected $2 from pot
LolDnkaments: doesn't show hand
*** SUMMARY ***
Total pot $2 | Rake $0
Seat 3: Luarvik888 (button) (small blind) folded before Flop
Seat 4: LolDnkaments (big blind) collected ($2)


PokerStars Hand #147721218943:  Hold'em Limit ($3/$6 USD) - 2016/01/26 14:13:06 ET
Table 'Lupus II' 6-max Seat #4 is the button
Seat 3: Luarvik888 ($114.30 in chips)
Seat 4: LolDnkaments ($77.76 in chips)
LolDnkaments: posts small blind $1
Luarvik888: posts big blind $3
*** HOLE CARDS ***
LolDnkaments: raises $3 to $6
Luarvik888: calls $3
*** FLOP *** [8h Ad 7s]
Luarvik888: checks
LolDnkaments: bets $3
Luarvik888: calls $3
*** TURN *** [8h Ad 7s] [5h]
Luarvik888: checks
LolDnkaments: bets $6
Luarvik888: raises $6 to $12
LolDnkaments: calls $6
*** RIVER *** [8h Ad 7s 5h] [4d]
Luarvik888: bets $6
LolDnkaments: calls $6
*** SHOW DOWN ***
Luarvik888: shows [6c 9c] (a straight, Five to Nine)
LolDnkaments: mucks hand
Luarvik888 collected $53.50 from pot
*** SUMMARY ***
Total pot $54 | Rake $0.50
Board [8h Ad 7s 5h 4d]
Seat 3: Luarvik888 (big blind) showed [6c 9c] and won ($53.50) with a straight, Five to Nine
Seat 4: LolDnkaments (button) (small blind) mucked


PokerStars Hand #147721327302:  Hold'em Limit ($3/$6 USD) - 2016/01/26 14:14:46 ET
Table 'Lupus II' 6-max Seat #3 is the button
Seat 3: Luarvik888 ($115.80 in chips)
Seat 4: LolDnkaments ($96.04 in chips)
Luarvik888: posts small blind $1
LolDnkaments: posts big blind $3
*** HOLE CARDS ***
Luarvik888: folds
Uncalled bet ($2) returned to LolDnkaments
LolDnkaments collected $2 from pot
LolDnkaments: doesn't show hand
*** SUMMARY ***
Total pot $2 | Rake $0
Seat 3: Luarvik888 (button) (small blind) folded before Flop
Seat 4: LolDnkaments (big blind) collected ($2)


PokerStars Hand #147721292500:  Hold'em Limit ($3/$6 USD) - 2016/01/26 14:14:14 ET
Table 'Lupus II' 6-max Seat #3 is the button
Seat 3: Luarvik888 ($121.80 in chips)
Seat 4: LolDnkaments ($90.40 in chips)
Luarvik888: posts small blind $1
LolDnkaments: posts big blind $3
*** HOLE CARDS ***
Luarvik888: raises $3 to $6
LolDnkaments: folds
Uncalled bet ($3) returned to Luarvik888
Luarvik888 collected $6 from pot
*** SUMMARY ***
Total pot $6 | Rake $0
Seat 3: Luarvik888 (button) (small blind) collected ($6)
Seat 4: LolDnkaments (big blind) folded before Flop


PokerStars Hand #147721286671:  Hold'em Limit ($3/$6 USD) - 2016/01/26 14:14:09 ET
Table 'Lupus II' 6-max Seat #4 is the button
Seat 3: Luarvik888 ($124.80 in chips)
Seat 4: LolDnkaments ($87.40 in chips)
LolDnkaments: posts small blind $1
Luarvik888: posts big blind $3
*** HOLE CARDS ***
LolDnkaments: raises $3 to $6
Luarvik888: folds
Uncalled bet ($3) returned to LolDnkaments
LolDnkaments collected $6 from pot
LolDnkaments: doesn't show hand
*** SUMMARY ***
Total pot $6 | Rake $0
Seat 3: Luarvik888 (big blind) folded before Flop
Seat 4: LolDnkaments (button) (small blind) collected ($6)


PokerStars Hand #147721389359:  Hold'em Limit ($3/$6 USD) - 2016/01/26 14:15:43 ET
Table 'Lupus II' 6-max Seat #3 is the button
Seat 3: Luarvik888 ($126.06 in chips)
Seat 4: LolDnkaments ($84.54 in chips)
Luarvik888: posts small blind $1
LolDnkaments: posts big blind $3
*** HOLE CARDS ***
Luarvik888: raises $3 to $6
LolDnkaments: calls $3
*** FLOP *** [2s 3h 2h]
LolDnkaments: checks
Luarvik888: bets $3
LolDnkaments: calls $3
*** TURN *** [2s 3h 2h] [7d]
LolDnkaments: checks
Luarvik888: checks
*** RIVER *** [2s 3h 2h 7d] [Tc]
LolDnkaments: checks
Luarvik888: checks
*** SHOW DOWN ***
LolDnkaments: shows [Qd 9c] (a pair of Deuces)
Luarvik888: shows [Ah 8h] (a pair of Deuces - Ace kicker)
Luarvik888 collected $17.64 from pot
*** SUMMARY ***
Total pot $18 | Rake $0.36
Board [2s 3h 2h 7d Tc]
Seat 3: Luarvik888 (button) (small blind) showed [Ah 8h] and won ($17.64) with a pair of Deuces
Seat 4: LolDnkaments (big blind) showed [Qd 9c] and lost with a pair of Deuces


PokerStars Hand #147721369901:  Hold'em Limit ($3/$6 USD) - 2016/01/26 14:15:25 ET
Table 'Lupus II' 6-max Seat #4 is the button
Seat 3: Luarvik888 ($105.56 in chips)
Seat 4: LolDnkaments ($105.54 in chips)
LolDnkaments: posts small blind $1
Luarvik888: posts big blind $3
*** HOLE CARDS ***
LolDnkaments: raises $3 to $6
Luarvik888: calls $3
*** FLOP *** [7h Qc 4h]
Luarvik888: checks
LolDnkaments: bets $3
Luarvik888: calls $3
*** TURN *** [7h Qc 4h] [5d]
Luarvik888: checks
LolDnkaments: bets $6
Luarvik888: calls $6
*** RIVER *** [7h Qc 4h 5d] [4d]
Luarvik888: checks
LolDnkaments: bets $6
Luarvik888: calls $6
*** SHOW DOWN ***
LolDnkaments: shows [6d Ts] (a pair of Fours)
Luarvik888: shows [3s 3h] (two pair, Fours and Threes)
Luarvik888 collected $41.50 from pot
*** SUMMARY ***
Total pot $42 | Rake $0.50
Board [7h Qc 4h 5d 4d]
Seat 3: Luarvik888 (big blind) showed [3s 3h] and won ($41.50) with two pair, Fours and Threes
Seat 4: LolDnkaments (button) (small blind) showed [6d Ts] and lost with a pair of Fours


PokerStars Hand #147721356928:  Hold'em Limit ($3/$6 USD) - 2016/01/26 14:15:13 ET
Table 'Lupus II' 6-max Seat #3 is the button
Seat 3: Luarvik888 ($99.80 in chips)
Seat 4: LolDnkaments ($111.54 in chips)
Luarvik888: posts small blind $1
LolDnkaments: posts big blind $3
*** HOLE CARDS ***
Luarvik888: raises $3 to $6
LolDnkaments: calls $3
*** FLOP *** [Js Jc Jd]
LolDnkaments: checks
GoliafUa joins the table at seat #5
Luarvik888: checks
*** TURN *** [Js Jc Jd] [7d]
LolDnkaments: checks
Luarvik888: bets $6
LolDnkaments: folds
Uncalled bet ($6) returned to Luarvik888
Luarvik888 collected $11.76 from pot
*** SUMMARY ***
Total pot $12 | Rake $0.24
Board [Js Jc Jd 7d]
Seat 3: Luarvik888 (button) (small blind) collected ($11.76)
Seat 4: LolDnkaments (big blind) folded on the Turn


PokerStars Hand #147721332159:  Hold'em Limit ($3/$6 USD) - 2016/01/26 14:14:51 ET
Table 'Lupus II' 6-max Seat #4 is the button
Seat 3: Luarvik888 ($114.80 in chips)
Seat 4: LolDnkaments ($97.04 in chips)
LolDnkaments: posts small blind $1
Luarvik888: posts big blind $3
*** HOLE CARDS ***
LolDnkaments: raises $3 to $6
Luarvik888: raises $3 to $9
LolDnkaments: raises $3 to $12
Betting is capped
Luarvik888: calls $3
*** FLOP *** [Jd 3h Qs]
Luarvik888: checks
LolDnkaments: bets $3
Luarvik888: calls $3
*** TURN *** [Jd 3h Qs] [8s]
Luarvik888: checks
LolDnkaments: bets $6
Luarvik888: folds
Uncalled bet ($6) returned to LolDnkaments
LolDnkaments collected $29.50 from pot
LolDnkaments: doesn't show hand
*** SUMMARY ***
Total pot $30 | Rake $0.50
Board [Jd 3h Qs 8s]
Seat 3: Luarvik888 (big blind) folded on the Turn
Seat 4: LolDnkaments (button) (small blind) collected ($29.50)


PokerStars Hand #147721445799:  Hold'em Limit ($3/$6 USD) - 2016/01/26 14:16:35 ET
Table 'Lupus II' 6-max Seat #4 is the button
Seat 3: Luarvik888 ($134.46 in chips)
Seat 4: LolDnkaments ($75.30 in chips)
LolDnkaments: posts small blind $1
Luarvik888: posts big blind $3
*** HOLE CARDS ***
LolDnkaments: raises $3 to $6
Luarvik888: calls $3
*** FLOP *** [Jc Qs 5h]
Luarvik888: checks
LolDnkaments: bets $3
Luarvik888: calls $3
*** TURN *** [Jc Qs 5h] [Jd]
Luarvik888: checks
LolDnkaments: bets $6
Luarvik888: folds
Uncalled bet ($6) returned to LolDnkaments
LolDnkaments collected $17.64 from pot
LolDnkaments: doesn't show hand
*** SUMMARY ***
Total pot $18 | Rake $0.36
Board [Jc Qs 5h Jd]
Seat 3: Luarvik888 (big blind) folded on the Turn
Seat 4: LolDnkaments (button) (small blind) collected ($17.64)


PokerStars Hand #147721440712:  Hold'em Limit ($3/$6 USD) - 2016/01/26 14:16:30 ET
Table 'Lupus II' 6-max Seat #3 is the button
Seat 3: Luarvik888 ($135.46 in chips)
Seat 4: LolDnkaments ($74.30 in chips)
Luarvik888: posts small blind $1
LolDnkaments: posts big blind $3
*** HOLE CARDS ***
Luarvik888: folds
Uncalled bet ($2) returned to LolDnkaments
LolDnkaments collected $2 from pot
LolDnkaments: doesn't show hand
*** SUMMARY ***
Total pot $2 | Rake $0
Seat 3: Luarvik888 (button) (small blind) folded before Flop
Seat 4: LolDnkaments (big blind) collected ($2)


PokerStars Hand #147721434546:  Hold'em Limit ($3/$6 USD) - 2016/01/26 14:16:25 ET
Table 'Lupus II' 6-max Seat #4 is the button
Seat 3: Luarvik888 ($134.46 in chips)
Seat 4: LolDnkaments ($75.30 in chips)
LolDnkaments: posts small blind $1
Luarvik888: posts big blind $3
*** HOLE CARDS ***
LolDnkaments: folds
Uncalled bet ($2) returned to Luarvik888
Luarvik888 collected $2 from pot
*** SUMMARY ***
Total pot $2 | Rake $0
Seat 3: Luarvik888 (big blind) collected ($2)
Seat 4: LolDnkaments (button) (small blind) folded before Flop


PokerStars Hand #147721424586:  Hold'em Limit ($3/$6 USD) - 2016/01/26 14:16:15 ET
Table 'Lupus II' 6-max Seat #3 is the button
Seat 3: Luarvik888 ($128.70 in chips)
Seat 4: LolDnkaments ($81.30 in chips)
Luarvik888: posts small blind $1
LolDnkaments: posts big blind $3
*** HOLE CARDS ***
Luarvik888: raises $3 to $6
LolDnkaments: calls $3
*** FLOP *** [Kh Jd 6s]
LolDnkaments: checks
Luarvik888: bets $3
LolDnkaments: folds
Uncalled bet ($3) returned to Luarvik888
Luarvik888 collected $11.76 from pot
*** SUMMARY ***
Total pot $12 | Rake $0.24
Board [Kh Jd 6s]
Seat 3: Luarvik888 (button) (small blind) collected ($11.76)
Seat 4: LolDnkaments (big blind) folded on the Flop


PokerStars Hand #147721413394:  Hold'em Limit ($3/$6 USD) - 2016/01/26 14:16:05 ET
Table 'Lupus II' 6-max Seat #4 is the button
Seat 3: Luarvik888 ($134.70 in chips)
Seat 4: LolDnkaments ($75.54 in chips)
LolDnkaments: posts small blind $1
Luarvik888: posts big blind $3
*** HOLE CARDS ***
LolDnkaments: raises $3 to $6
Luarvik888: calls $3
*** FLOP *** [9h 2c 2h]
Luarvik888: checks
LolDnkaments: bets $3
Luarvik888: folds
Uncalled bet ($3) returned to LolDnkaments
LolDnkaments collected $11.76 from pot
LolDnkaments: doesn't show hand
*** SUMMARY ***
Total pot $12 | Rake $0.24
Board [9h 2c 2h]
Seat 3: Luarvik888 (big blind) folded on the Flop
Seat 4: LolDnkaments (button) (small blind) collected ($11.76)


PokerStars Hand #147721535543:  Hold'em Limit ($3/$6 USD) - 2016/01/26 14:17:55 ET
Table 'Lupus II' 6-max Seat #3 is the button
Seat 3: Luarvik888 ($124.96 in chips)
Seat 4: LolDnkaments ($86.50 in chips)
Luarvik888: posts small blind $1
LolDnkaments: posts big blind $3
*** HOLE CARDS ***
Luarvik888: folds
Uncalled bet ($2) returned to LolDnkaments
LolDnkaments collected $2 from pot
LolDnkaments: doesn't show hand
*** SUMMARY ***
Total pot $2 | Rake $0
Seat 3: Luarvik888 (button) (small blind) folded before Flop
Seat 4: LolDnkaments (big blind) collected ($2)


PokerStars Hand #147721514966:  Hold'em Limit ($3/$6 USD) - 2016/01/26 14:17:37 ET
Table 'Lupus II' 6-max Seat #4 is the button
Seat 3: Luarvik888 ($139.96 in chips)
Seat 4: LolDnkaments ($72 in chips)
LolDnkaments: posts small blind $1
Luarvik888: posts big blind $3
*** HOLE CARDS ***
LolDnkaments: raises $3 to $6
Luarvik888: raises $3 to $9
LolDnkaments: calls $3
*** FLOP *** [2d 5h Ts]
Luarvik888: bets $3
LolDnkaments: raises $3 to $6
Luarvik888: calls $3
*** TURN *** [2d 5h Ts] [6d]
Luarvik888: checks
LolDnkaments: bets $6
Luarvik888: folds
Uncalled bet ($6) returned to LolDnkaments
LolDnkaments collected $29.50 from pot
LolDnkaments: doesn't show hand
*** SUMMARY ***
Total pot $30 | Rake $0.50
Board [2d 5h Ts 6d]
Seat 3: Luarvik888 (big blind) folded on the Turn
Seat 4: LolDnkaments (button) (small blind) collected ($29.50)


PokerStars Hand #147721480732:  Hold'em Limit ($3/$6 USD) - 2016/01/26 14:17:07 ET
Table 'Lupus II' 6-max Seat #3 is the button
Seat 3: Luarvik888 ($125.46 in chips)
Seat 4: LolDnkaments ($83.94 in chips)
Luarvik888: posts small blind $1
LolDnkaments: posts big blind $3
*** HOLE CARDS ***
Luarvik888: raises $3 to $6
LolDnkaments: calls $3
*** FLOP *** [5s Kd 3c]
LolDnkaments: checks
Luarvik888: bets $3
LolDnkaments: calls $3
*** TURN *** [5s Kd 3c] [5d]
LolDnkaments: checks
Luarvik888: checks
*** RIVER *** [5s Kd 3c 5d] [6d]
LolDnkaments: bets $6
Luarvik888: calls $6
*** SHOW DOWN ***
LolDnkaments: shows [9s 6s] (two pair, Sixes and Fives)
Luarvik888: shows [8d 8s] (two pair, Eights and Fives)
GoliafUa leaves the table
Luarvik888 collected $29.50 from pot
*** SUMMARY ***
Total pot $30 | Rake $0.50
Board [5s Kd 3c 5d 6d]
Seat 3: Luarvik888 (button) (small blind) showed [8d 8s] and won ($29.50) with two pair, Eights and Fives
Seat 4: LolDnkaments (big blind) showed [9s 6s] and lost with two pair, Sixes and Fives


PokerStars Hand #147721584716:  Hold'em Limit ($3/$6 USD) - 2016/01/26 14:18:40 ET
Table 'Lupus II' 6-max Seat #4 is the button
Seat 3: Luarvik888 ($120.72 in chips)
Seat 4: LolDnkaments ($90.14 in chips)
LolDnkaments: posts small blind $1
Luarvik888: posts big blind $3
*** HOLE CARDS ***
LolDnkaments: raises $3 to $6
Luarvik888: calls $3
*** FLOP *** [8h Qh 9h]
Luarvik888: checks
LolDnkaments: bets $3
Luarvik888: folds
Uncalled bet ($3) returned to LolDnkaments
LolDnkaments collected $11.76 from pot
LolDnkaments: doesn't show hand
*** SUMMARY ***
Total pot $12 | Rake $0.24
Board [8h Qh 9h]
Seat 3: Luarvik888 (big blind) folded on the Flop
Seat 4: LolDnkaments (button) (small blind) collected ($11.76)


PokerStars Hand #147721564225:  Hold'em Limit ($3/$6 USD) - 2016/01/26 14:18:21 ET
Table 'Lupus II' 6-max Seat #3 is the button
Seat 3: Luarvik888 ($114.96 in chips)
Seat 4: LolDnkaments ($96.14 in chips)
Luarvik888: posts small blind $1
LolDnkaments: posts big blind $3
*** HOLE CARDS ***
Luarvik888: raises $3 to $6
LolDnkaments: calls $3
*** FLOP *** [8d 7h 8s]
LolDnkaments: checks
Luarvik888: checks
*** TURN *** [8d 7h 8s] [Js]
LolDnkaments: checks
Luarvik888: bets $6
LolDnkaments: folds
Uncalled bet ($6) returned to Luarvik888
Luarvik888 collected $11.76 from pot
*** SUMMARY ***
Total pot $12 | Rake $0.24
Board [8d 7h 8s Js]
Seat 3: Luarvik888 (button) (small blind) collected ($11.76)
Seat 4: LolDnkaments (big blind) folded on the Turn


PokerStars Hand #147721540228:  Hold'em Limit ($3/$6 USD) - 2016/01/26 14:18:00 ET
Table 'Lupus II' 6-max Seat #4 is the button
Seat 3: Luarvik888 ($123.96 in chips)
Seat 4: LolDnkaments ($87.50 in chips)
LolDnkaments: posts small blind $1
Luarvik888: posts big blind $3
*** HOLE CARDS ***
LolDnkaments: raises $3 to $6
Luarvik888: calls $3
*** FLOP *** [7c 2h 4h]
Luarvik888: checks
LolDnkaments: bets $3
Luarvik888: calls $3
*** TURN *** [7c 2h 4h] [Ac]
Luarvik888: checks
LolDnkaments: bets $6
Luarvik888: folds
Uncalled bet ($6) returned to LolDnkaments
LolDnkaments collected $17.64 from pot
LolDnkaments: doesn't show hand
*** SUMMARY ***
Total pot $18 | Rake $0.36
Board [7c 2h 4h Ac]
Seat 3: Luarvik888 (big blind) folded on the Turn
Seat 4: LolDnkaments (button) (small blind) collected ($17.64)


PokerStars Hand #147721681764:  Hold'em Limit ($3/$6 USD) - 2016/01/26 14:20:08 ET
Table 'Lupus II' 6-max Seat #4 is the button
Seat 3: Luarvik888 ($111.10 in chips)
Seat 4: LolDnkaments ($98.40 in chips)
LolDnkaments: posts small blind $1
Luarvik888: posts big blind $3
*** HOLE CARDS ***
LolDnkaments: folds
Uncalled bet ($2) returned to Luarvik888
Luarvik888 collected $2 from pot
*** SUMMARY ***
Total pot $2 | Rake $0
Seat 3: Luarvik888 (big blind) collected ($2)
Seat 4: LolDnkaments (button) (small blind) folded before Flop


PokerStars Hand #147721647857:  Hold'em Limit ($3/$6 USD) - 2016/01/26 14:19:37 ET
Table 'Lupus II' 6-max Seat #3 is the button
Seat 3: Luarvik888 ($108.22 in chips)
Seat 4: LolDnkaments ($101.40 in chips)
Luarvik888: posts small blind $1
LolDnkaments: posts big blind $3
*** HOLE CARDS ***
Luarvik888: calls $2
LolDnkaments: checks
*** FLOP *** [8s Qs Js]
LolDnkaments: checks
Luarvik888: checks
*** TURN *** [8s Qs Js] [Qh]
LolDnkaments: checks
Luarvik888: checks
*** RIVER *** [8s Qs Js Qh] [Jc]
LolDnkaments: checks
Luarvik888: bets $6
LolDnkaments: folds
Uncalled bet ($6) returned to Luarvik888
Luarvik888 collected $5.88 from pot
*** SUMMARY ***
Total pot $6 | Rake $0.12
Board [8s Qs Js Qh Jc]
Seat 3: Luarvik888 (button) (small blind) collected ($5.88)
Seat 4: LolDnkaments (big blind) folded on the River


PokerStars Hand #147721621635:  Hold'em Limit ($3/$6 USD) - 2016/01/26 14:19:13 ET
Table 'Lupus II' 6-max Seat #4 is the button
Seat 3: Luarvik888 ($90.72 in chips)
Seat 4: LolDnkaments ($119.40 in chips)
LolDnkaments: posts small blind $1
Luarvik888: posts big blind $3
*** HOLE CARDS ***
LolDnkaments: raises $3 to $6
Luarvik888: raises $3 to $9
LolDnkaments: calls $3
*** FLOP *** [Ks 7h Qc]
Luarvik888: bets $3
LolDnkaments: calls $3
*** TURN *** [Ks 7h Qc] [9s]
Luarvik888: checks
LolDnkaments: bets $6
Luarvik888: calls $6
*** RIVER *** [Ks 7h Qc 9s] [Ad]
Luarvik888: checks
LolDnkaments: checks
*** SHOW DOWN ***
Luarvik888: shows [Th Ah] (a pair of Aces)
LolDnkaments: mucks hand
Luarvik888 collected $35.50 from pot
*** SUMMARY ***
Total pot $36 | Rake $0.50
Board [Ks 7h Qc 9s Ad]
Seat 3: Luarvik888 (big blind) showed [Th Ah] and won ($35.50) with a pair of Aces
Seat 4: LolDnkaments (button) (small blind) mucked


PokerStars Hand #147721603575:  Hold'em Limit ($3/$6 USD) - 2016/01/26 14:18:57 ET
Table 'Lupus II' 6-max Seat #3 is the button
Seat 3: Luarvik888 ($114.72 in chips)
Seat 4: LolDnkaments ($95.90 in chips)
Luarvik888: posts small blind $1
LolDnkaments: posts big blind $3
*** HOLE CARDS ***
Luarvik888: raises $3 to $6
LolDnkaments: raises $3 to $9
Luarvik888: calls $3
*** FLOP *** [Tc Kc 5s]
LolDnkaments: bets $3
Luarvik888: calls $3
*** TURN *** [Tc Kc 5s] [Jc]
LolDnkaments: bets $6
Luarvik888: calls $6
*** RIVER *** [Tc Kc 5s Jc] [4d]
LolDnkaments: bets $6
Luarvik888: calls $6
*** SHOW DOWN ***
LolDnkaments: shows [Jd Kh] (two pair, Kings and Jacks)
Luarvik888: mucks hand
LolDnkaments collected $47.50 from pot
*** SUMMARY ***
Total pot $48 | Rake $0.50
Board [Tc Kc 5s Jc 4d]
Seat 3: Luarvik888 (button) (small blind) mucked
Seat 4: LolDnkaments (big blind) showed [Jd Kh] and won ($47.50) with two pair, Kings and Jacks


PokerStars Hand #147721730830:  Hold'em Limit ($3/$6 USD) - 2016/01/26 14:20:52 ET
Table 'Lupus II' 6-max Seat #3 is the button
Seat 3: Luarvik888 ($99.60 in chips)
Seat 4: LolDnkaments ($108.90 in chips)
Luarvik888: posts small blind $1
LolDnkaments: posts big blind $3
*** HOLE CARDS ***
Luarvik888: raises $3 to $6
LolDnkaments: calls $3
*** FLOP *** [Qs Jh 4h]
LolDnkaments: checks
Luarvik888: checks
*** TURN *** [Qs Jh 4h] [Ac]
LolDnkaments: bets $6
Luarvik888: raises $6 to $12
LolDnkaments: calls $6
*** RIVER *** [Qs Jh 4h Ac] [6s]
LolDnkaments: checks
Luarvik888: bets $6
LolDnkaments: calls $6
*** SHOW DOWN ***
Luarvik888: shows [Ks Ad] (a pair of Aces)
LolDnkaments: mucks hand
Luarvik888 collected $47.50 from pot
*** SUMMARY ***
Total pot $48 | Rake $0.50
Board [Qs Jh 4h Ac 6s]
Seat 3: Luarvik888 (button) (small blind) showed [Ks Ad] and won ($47.50) with a pair of Aces
Seat 4: LolDnkaments (big blind) mucked


PokerStars Hand #147721706485:  Hold'em Limit ($3/$6 USD) - 2016/01/26 14:20:30 ET
Table 'Lupus II' 6-max Seat #4 is the button
Seat 3: Luarvik888 ($129.60 in chips)
Seat 4: LolDnkaments ($79.40 in chips)
LolDnkaments: posts small blind $1
Luarvik888: posts big blind $3
*** HOLE CARDS ***
LolDnkaments: raises $3 to $6
Luarvik888: raises $3 to $9
LolDnkaments: calls $3
*** FLOP *** [Jc 8c Ac]
Luarvik888: bets $3
LolDnkaments: calls $3
*** TURN *** [Jc 8c Ac] [2d]
Luarvik888: bets $6
LolDnkaments: calls $6
*** RIVER *** [Jc 8c Ac 2d] [Th]
Luarvik888: checks
LolDnkaments: bets $6
Luarvik888: raises $6 to $12
LolDnkaments: calls $6
*** SHOW DOWN ***
Luarvik888: shows [Kc Ad] (a pair of Aces)
LolDnkaments: shows [7c 9s] (a straight, Seven to Jack)
LolDnkaments collected $59.50 from pot
*** SUMMARY ***
Total pot $60 | Rake $0.50
Board [Jc 8c Ac 2d Th]
Seat 3: Luarvik888 (big blind) showed [Kc Ad] and lost with a pair of Aces
Seat 4: LolDnkaments (button) (small blind) showed [7c 9s] and won ($59.50) with a straight, Seven to Jack


PokerStars Hand #147721686635:  Hold'em Limit ($3/$6 USD) - 2016/01/26 14:20:12 ET
Table 'Lupus II' 6-max Seat #3 is the button
Seat 3: Luarvik888 ($112.10 in chips)
Seat 4: LolDnkaments ($97.40 in chips)
Luarvik888: posts small blind $1
LolDnkaments: posts big blind $3
*** HOLE CARDS ***
Luarvik888: raises $3 to $6
LolDnkaments: calls $3
*** FLOP *** [Jd Td Qc]
LolDnkaments: checks
Luarvik888: checks
*** TURN *** [Jd Td Qc] [9d]
LolDnkaments: bets $6
Luarvik888: calls $6
*** RIVER *** [Jd Td Qc 9d] [7c]
LolDnkaments: bets $6
Luarvik888: calls $6
*** SHOW DOWN ***
LolDnkaments: shows [8s 6d] (a straight, Eight to Queen)
Luarvik888: shows [8c Kd] (a straight, Nine to King)
Luarvik888 collected $35.50 from pot
*** SUMMARY ***
Total pot $36 | Rake $0.50
Board [Jd Td Qc 9d 7c]
Seat 3: Luarvik888 (button) (small blind) showed [8c Kd] and won ($35.50) with a straight, Nine to King
Seat 4: LolDnkaments (big blind) showed [8s 6d] and lost with a straight, Eight to Queen


PokerStars Hand #147721773340:  Hold'em Limit ($3/$6 USD) - 2016/01/26 14:21:31 ET
Table 'Lupus II' 6-max Seat #3 is the button
Seat 3: Luarvik888 ($134.60 in chips)
Seat 4: LolDnkaments ($75 in chips)
Luarvik888: posts small blind $1
LolDnkaments: posts big blind $3
*** HOLE CARDS ***
Luarvik888: calls $2
LolDnkaments: checks
*** FLOP *** [5h 4d Ts]
LolDnkaments: checks
knas4 joins the table at seat #6
Luarvik888: checks
*** TURN *** [5h 4d Ts] [8s]
LolDnkaments: bets $6
ME HAPPYBEE joins the table at seat #1
Luarvik888: folds
Uncalled bet ($6) returned to LolDnkaments
LolDnkaments collected $5.88 from pot
LolDnkaments: doesn't show hand
*** SUMMARY ***
Total pot $6 | Rake $0.12
Board [5h 4d Ts 8s]
Seat 3: Luarvik888 (button) (small blind) folded on the Turn
Seat 4: LolDnkaments (big blind) collected ($5.88)


PokerStars Hand #147721767933:  Hold'em Limit ($3/$6 USD) - 2016/01/26 14:21:26 ET
Table 'Lupus II' 6-max Seat #4 is the button
Seat 3: Luarvik888 ($137.60 in chips)
Seat 4: LolDnkaments ($72 in chips)
LolDnkaments: posts small blind $1
Luarvik888: posts big blind $3
*** HOLE CARDS ***
LolDnkaments: raises $3 to $6
Luarvik888: folds
Uncalled bet ($3) returned to LolDnkaments
LolDnkaments collected $6 from pot
LolDnkaments: doesn't show hand
*** SUMMARY ***
Total pot $6 | Rake $0
Seat 3: Luarvik888 (big blind) folded before Flop
Seat 4: LolDnkaments (button) (small blind) collected ($6)


PokerStars Hand #147721754396:  Hold'em Limit ($3/$6 USD) - 2016/01/26 14:21:14 ET
Table 'Lupus II' 6-max Seat #3 is the button
Seat 3: Luarvik888 ($120.10 in chips)
Seat 4: LolDnkaments ($87.90 in chips)
Luarvik888: posts small blind $1
LolDnkaments: posts big blind $3
*** HOLE CARDS ***
Luarvik888: raises $3 to $6
LolDnkaments: raises $3 to $9
Luarvik888: calls $3
*** FLOP *** [9s 7s Js]
LolDnkaments: bets $3
Luarvik888: calls $3
*** TURN *** [9s 7s Js] [8c]
LolDnkaments: bets $6
Luarvik888: raises $6 to $12
LolDnkaments: folds
Uncalled bet ($6) returned to Luarvik888
Luarvik888 collected $35.50 from pot
*** SUMMARY ***
Total pot $36 | Rake $0.50
Board [9s 7s Js 8c]
Seat 3: Luarvik888 (button) (small blind) collected ($35.50)
Seat 4: LolDnkaments (big blind) folded on the Turn


PokerStars Hand #147721748819:  Hold'em Limit ($3/$6 USD) - 2016/01/26 14:21:09 ET
Table 'Lupus II' 6-max Seat #4 is the button
Seat 3: Luarvik888 ($123.10 in chips)
Seat 4: LolDnkaments ($84.90 in chips)
LolDnkaments: posts small blind $1
Luarvik888: posts big blind $3
*** HOLE CARDS ***
LolDnkaments: raises $3 to $6
Luarvik888: folds
Uncalled bet ($3) returned to LolDnkaments
LolDnkaments collected $6 from pot
LolDnkaments: doesn't show hand
*** SUMMARY ***
Total pot $6 | Rake $0
Seat 3: Luarvik888 (big blind) folded before Flop
Seat 4: LolDnkaments (button) (small blind) collected ($6)


PokerStars Hand #147726287031:  Hold'em Limit ($3/$6 USD) - 2016/01/26 15:29:48 ET
Table 'Lupus II' 6-max Seat #4 is the button
Seat 4: LolDnkaments ($105.14 in chips)
Seat 6: knas4 ($189.24 in chips)
SashaYuvelir will be allowed to play after the button
LolDnkaments: posts small blind $1
Chessnok: is sitting out
knas4: posts big blind $3
*** HOLE CARDS ***
LolDnkaments: raises $3 to $6
knas4: calls $3
*** FLOP *** [8h 6c Th]
knas4: checks
LolDnkaments: bets $3
knas4: calls $3
*** TURN *** [8h 6c Th] [9h]
knas4: checks
LolDnkaments: bets $6
knas4: raises $6 to $12
LolDnkaments: calls $6
*** RIVER *** [8h 6c Th 9h] [5d]
knas4: bets $6
LolDnkaments: folds
Uncalled bet ($6) returned to knas4
knas4 collected $41.50 from pot
*** SUMMARY ***
Total pot $42 | Rake $0.50
Board [8h 6c Th 9h 5d]
Seat 4: LolDnkaments (button) (small blind) folded on the River
Seat 6: knas4 (big blind) collected ($41.50)


PokerStars Hand #147726787489:  Hold'em Limit ($3/$6 USD) - 2016/01/26 15:37:13 ET
Table 'Lupus II' 6-max Seat #6 is the button
Seat 4: LolDnkaments ($195.86 in chips)
Seat 6: knas4 ($105.08 in chips)
knas4: posts small blind $1
doenerchen: is sitting out
LolDnkaments: posts big blind $3
*** HOLE CARDS ***
knas4: raises $3 to $6
LolDnkaments: raises $3 to $9
knas4: calls $3
*** FLOP *** [Ac Ad 4h]
LolDnkaments: bets $3
knas4: folds
Uncalled bet ($3) returned to LolDnkaments
LolDnkaments collected $17.64 from pot
LolDnkaments: doesn't show hand
*** SUMMARY ***
Total pot $18 | Rake $0.36
Board [Ac Ad 4h]
Seat 4: LolDnkaments (big blind) collected ($17.64)
Seat 6: knas4 (button) (small blind) folded on the Flop


