PokerStars Hand #145450078267:  Hold'em Limit ($3/$6 USD) - 2015/12/16 15:59:28 ET
Table 'Luscinia' 6-max Seat #2 is the button
Seat 1: Chessnok ($77.47 in chips)
Seat 2: igor72255 ($98.05 in chips)
igor72255: posts small blind $1
artiZzt: is sitting out
Zubasa07: is sitting out
Chessnok: posts big blind $3
*** HOLE CARDS ***
igor72255: folds
Uncalled bet ($2) returned to Chessnok
Chessnok collected $2 from pot
Chessnok: doesn't show hand
*** SUMMARY ***
Total pot $2 | Rake $0
Seat 1: Chessnok (big blind) collected ($2)
Seat 2: igor72255 (button) (small blind) folded before Flop


PokerStars Hand #145450084133:  Hold'em Limit ($3/$6 USD) - 2015/12/16 15:59:36 ET
Table 'Luscinia' 6-max Seat #1 is the button
Seat 1: Chessnok ($78.47 in chips)
Seat 2: igor72255 ($97.05 in chips)
Chessnok: posts small blind $1
igor72255: posts big blind $3
*** HOLE CARDS ***
Chessnok: raises $3 to $6
igor72255: calls $3
*** FLOP *** [Kh Qc 8s]
igor72255: checks
Chessnok: bets $3
igor72255: calls $3
*** TURN *** [Kh Qc 8s] [8h]
igor72255: checks
pompier40 joins the table at seat #3
Chessnok: bets $6
igor72255: raises $6 to $12
Chessnok: raises $6 to $18
igor72255: raises $6 to $24
Betting is capped
Chessnok: calls $6
*** RIVER *** [Kh Qc 8s 8h] [Ad]
igor72255: bets $6
Chessnok: raises $6 to $12
igor72255: raises $6 to $18
Chessnok: calls $6
*** SHOW DOWN ***
igor72255: shows [8d 8c] (four of a kind, Eights)
Chessnok: mucks hand
igor72255 collected $101.50 from pot
*** SUMMARY ***
Total pot $102 | Rake $0.50
Board [Kh Qc 8s 8h Ad]
Seat 1: Chessnok (button) (small blind) mucked
Seat 2: igor72255 (big blind) showed [8d 8c] and won ($101.50) with four of a kind, Eights


PokerStars Hand #145450780769:  Hold'em Limit ($3/$6 USD) - 2015/12/16 16:11:30 ET
Table 'Luscinia' 6-max Seat #5 is the button
Seat 3: pompier40 ($154.95 in chips)
Seat 5: Mordnilap ($72 in chips)
Mordnilap: posts small blind $1
Chessnok: is sitting out
pompier40: posts big blind $3
*** HOLE CARDS ***
Mordnilap: raises $3 to $6
pompier40: calls $3
*** FLOP *** [3h 4s Ad]
Chessnok leaves the table
pompier40: checks
Mordnilap: bets $3
pompier40: calls $3
*** TURN *** [3h 4s Ad] [7h]
pompier40: checks
Mordnilap: bets $6
pompier40: folds
Uncalled bet ($6) returned to Mordnilap
Mordnilap collected $17.64 from pot
Mordnilap: doesn't show hand
*** SUMMARY ***
Total pot $18 | Rake $0.36
Board [3h 4s Ad 7h]
Seat 3: pompier40 (big blind) folded on the Turn
Seat 5: Mordnilap (button) (small blind) collected ($17.64)


PokerStars Hand #145450801617:  Hold'em Limit ($3/$6 USD) - 2015/12/16 16:11:51 ET
Table 'Luscinia' 6-max Seat #3 is the button
Seat 3: pompier40 ($145.95 in chips)
Seat 5: Mordnilap ($80.64 in chips)
pompier40: posts small blind $1
Mordnilap: posts big blind $3
*** HOLE CARDS ***
pompier40: folds
Uncalled bet ($2) returned to Mordnilap
Mordnilap collected $2 from pot
Mordnilap: doesn't show hand
*** SUMMARY ***
Total pot $2 | Rake $0
Seat 3: pompier40 (button) (small blind) folded before Flop
Seat 5: Mordnilap (big blind) collected ($2)


PokerStars Hand #145450844895:  Hold'em Limit ($3/$6 USD) - 2015/12/16 16:12:35 ET
Table 'Luscinia' 6-max Seat #2 is the button
Seat 2: igor72255 ($199.99 in chips)
Seat 5: Mordnilap ($104.29 in chips)
igor72255: posts small blind $1
pompier40: is sitting out
Mordnilap: posts big blind $3
*** HOLE CARDS ***
igor72255: raises $3 to $6
Mordnilap: calls $3
*** FLOP *** [3d 6c Jd]
Mordnilap: checks
igor72255: bets $3
Mordnilap: calls $3
*** TURN *** [3d 6c Jd] [Ks]
Mordnilap: checks
igor72255: checks
*** RIVER *** [3d 6c Jd Ks] [7d]
Mordnilap: checks
igor72255: checks
*** SHOW DOWN ***
Mordnilap: shows [Qh 3c] (a pair of Threes)
igor72255: shows [8s 7c] (a pair of Sevens)
igor72255 collected $17.64 from pot
*** SUMMARY ***
Total pot $18 | Rake $0.36
Board [3d 6c Jd Ks 7d]
Seat 2: igor72255 (button) (small blind) showed [8s 7c] and won ($17.64) with a pair of Sevens
Seat 5: Mordnilap (big blind) showed [Qh 3c] and lost with a pair of Threes


PokerStars Hand #145450889489:  Hold'em Limit ($3/$6 USD) - 2015/12/16 16:13:19 ET
Table 'Luscinia' 6-max Seat #2 is the button
Seat 2: igor72255 ($205.63 in chips)
Seat 5: Mordnilap ($98.29 in chips)
igor72255: posts small blind $1
Mordnilap: posts big blind $3
*** HOLE CARDS ***
igor72255: folds
Uncalled bet ($2) returned to Mordnilap
igor72255 leaves the table
Mordnilap collected $2 from pot
Mordnilap: doesn't show hand
*** SUMMARY ***
Total pot $2 | Rake $0
Seat 2: igor72255 (button) (small blind) folded before Flop
Seat 5: Mordnilap (big blind) collected ($2)


PokerStars Hand #145450878156:  Hold'em Limit ($3/$6 USD) - 2015/12/16 16:13:08 ET
Table 'Luscinia' 6-max Seat #5 is the button
Seat 2: igor72255 ($208.63 in chips)
Seat 5: Mordnilap ($95.29 in chips)
Mordnilap: posts small blind $1
Pandakey was removed from the table for failing to post
igor72255: posts big blind $3
*** HOLE CARDS ***
Mordnilap: raises $3 to $6
igor72255: folds
Uncalled bet ($3) returned to Mordnilap
Mordnilap collected $6 from pot
Mordnilap: doesn't show hand
*** SUMMARY ***
Total pot $6 | Rake $0
Seat 2: igor72255 (big blind) folded before Flop
Seat 5: Mordnilap (button) (small blind) collected ($6)


