PokerStars Hand #164745106831:  Hold'em Limit ($3/$6 USD) - 2017/01/17 17:02:51 ET
Table 'Luscinia' 6-max Seat #6 is the button
Seat 1: ManuelSikora ($36.09 in chips)
Seat 6: LifeisagameX ($84 in chips)
LifeisagameX: posts small blind $1
ManuelSikora: posts big blind $3
*** HOLE CARDS ***
LifeisagameX: raises $3 to $6
ManuelSikora: raises $3 to $9
LifeisagameX: calls $3
*** FLOP *** [6h Kc 2h]
ManuelSikora: bets $3
LifeisagameX: calls $3
*** TURN *** [6h Kc 2h] [6s]
ManuelSikora: bets $6
LifeisagameX: calls $6
*** RIVER *** [6h Kc 2h 6s] [Th]
ManuelSikora: bets $6
LifeisagameX: calls $6
*** SHOW DOWN ***
ManuelSikora: shows [9h 9d] (two pair, Nines and Sixes)
LifeisagameX: mucks hand
ManuelSikora collected $47.50 from pot
*** SUMMARY ***
Total pot $48 | Rake $0.50
Board [6h Kc 2h 6s Th]
Seat 1: ManuelSikora (big blind) showed [9h 9d] and won ($47.50) with two pair, Nines and Sixes
Seat 6: LifeisagameX (button) (small blind) mucked


PokerStars Hand #164745179056:  Hold'em Limit ($3/$6 USD) - 2017/01/17 17:04:06 ET
Table 'Luscinia' 6-max Seat #6 is the button
Seat 1: ManuelSikora ($68.23 in chips)
Seat 6: LifeisagameX ($84 in chips)
LifeisagameX: posts small blind $1
ManuelSikora: posts big blind $3
*** HOLE CARDS ***
LifeisagameX: folds
Uncalled bet ($2) returned to ManuelSikora
ManuelSikora collected $2 from pot
ManuelSikora: doesn't show hand
*** SUMMARY ***
Total pot $2 | Rake $0
Seat 1: ManuelSikora (big blind) collected ($2)
Seat 6: LifeisagameX (button) (small blind) folded before Flop


PokerStars Hand #164745135089:  Hold'em Limit ($3/$6 USD) - 2017/01/17 17:03:21 ET
Table 'Luscinia' 6-max Seat #1 is the button
Seat 1: ManuelSikora ($59.59 in chips)
Seat 6: LifeisagameX ($84 in chips)
ManuelSikora: posts small blind $1
LifeisagameX: posts big blind $3
*** HOLE CARDS ***
ManuelSikora: raises $3 to $6
LifeisagameX: calls $3
*** FLOP *** [3s As 9d]
LifeisagameX: checks
ManuelSikora: bets $3
LifeisagameX: calls $3
*** TURN *** [3s As 9d] [3d]
LifeisagameX: checks
ManuelSikora: checks
*** RIVER *** [3s As 9d 3d] [9h]
LifeisagameX: checks
ManuelSikora: bets $6
LifeisagameX: folds
Uncalled bet ($6) returned to ManuelSikora
ManuelSikora collected $17.64 from pot
ManuelSikora: doesn't show hand
*** SUMMARY ***
Total pot $18 | Rake $0.36
Board [3s As 9d 3d 9h]
Seat 1: ManuelSikora (button) (small blind) collected ($17.64)
Seat 6: LifeisagameX (big blind) folded on the River


PokerStars Hand #164745252236:  Hold'em Limit ($3/$6 USD) - 2017/01/17 17:05:21 ET
Table 'Luscinia' 6-max Seat #1 is the button
Seat 1: ManuelSikora ($33.23 in chips)
Seat 6: LifeisagameX ($119.14 in chips)
ManuelSikora: posts small blind $1
LifeisagameX: posts big blind $3
*** HOLE CARDS ***
ManuelSikora: folds
Uncalled bet ($2) returned to LifeisagameX
LifeisagameX collected $2 from pot
LifeisagameX: doesn't show hand
*** SUMMARY ***
Total pot $2 | Rake $0
Seat 1: ManuelSikora (button) (small blind) folded before Flop
Seat 6: LifeisagameX (big blind) collected ($2)


PokerStars Hand #164745229109:  Hold'em Limit ($3/$6 USD) - 2017/01/17 17:04:58 ET
Table 'Luscinia' 6-max Seat #6 is the button
Seat 1: ManuelSikora ($42.23 in chips)
Seat 6: LifeisagameX ($110.50 in chips)
LifeisagameX: posts small blind $1
ManuelSikora: posts big blind $3
*** HOLE CARDS ***
LifeisagameX: raises $3 to $6
ManuelSikora: calls $3
*** FLOP *** [8c 3h 7s]
ManuelSikora: checks
LifeisagameX: bets $3
ManuelSikora: calls $3
*** TURN *** [8c 3h 7s] [7d]
ManuelSikora: checks
LifeisagameX: bets $6
ManuelSikora: folds
Uncalled bet ($6) returned to LifeisagameX
LifeisagameX collected $17.64 from pot
LifeisagameX: doesn't show hand
*** SUMMARY ***
Total pot $18 | Rake $0.36
Board [8c 3h 7s 7d]
Seat 1: ManuelSikora (big blind) folded on the Turn
Seat 6: LifeisagameX (button) (small blind) collected ($17.64)


PokerStars Hand #164745191252:  Hold'em Limit ($3/$6 USD) - 2017/01/17 17:04:19 ET
Table 'Luscinia' 6-max Seat #1 is the button
Seat 1: ManuelSikora ($69.23 in chips)
Seat 6: LifeisagameX ($84 in chips)
ManuelSikora: posts small blind $1
LifeisagameX: posts big blind $3
*** HOLE CARDS ***
ManuelSikora: calls $2
LifeisagameX: raises $3 to $6
ManuelSikora: calls $3
*** FLOP *** [3d Qs 5d]
LifeisagameX: bets $3
ManuelSikora: raises $3 to $6
LifeisagameX: raises $3 to $9
ManuelSikora: calls $3
*** TURN *** [3d Qs 5d] [8d]
LifeisagameX: bets $6
ManuelSikora: calls $6
*** RIVER *** [3d Qs 5d 8d] [7h]
LifeisagameX: bets $6
ManuelSikora: calls $6
*** SHOW DOWN ***
LifeisagameX: shows [6d Td] (a flush, Ten high)
ManuelSikora: mucks hand
LifeisagameX collected $53.50 from pot
*** SUMMARY ***
Total pot $54 | Rake $0.50
Board [3d Qs 5d 8d 7h]
Seat 1: ManuelSikora (button) (small blind) mucked
Seat 6: LifeisagameX (big blind) showed [6d Td] and won ($53.50) with a flush, Ten high


PokerStars Hand #164745258834:  Hold'em Limit ($3/$6 USD) - 2017/01/17 17:05:28 ET
Table 'Luscinia' 6-max Seat #6 is the button
Seat 1: ManuelSikora ($32.23 in chips)
Seat 6: LifeisagameX ($120.14 in chips)
LifeisagameX: posts small blind $1
ManuelSikora: posts big blind $3
*** HOLE CARDS ***
MellivoraSto joins the table at seat #2
LifeisagameX: raises $3 to $6
ManuelSikora: calls $3
*** FLOP *** [Ac 6c 7d]
ManuelSikora: bets $3
LifeisagameX: folds
Uncalled bet ($3) returned to ManuelSikora
ManuelSikora collected $11.76 from pot
ManuelSikora: doesn't show hand
*** SUMMARY ***
Total pot $12 | Rake $0.24
Board [Ac 6c 7d]
Seat 1: ManuelSikora (big blind) collected ($11.76)
Seat 6: LifeisagameX (button) (small blind) folded on the Flop


PokerStars Hand #164745383215:  Hold'em Limit ($3/$6 USD) - 2017/01/17 17:07:31 ET
Table 'Luscinia' 6-max Seat #2 is the button
Seat 1: ManuelSikora ($32.99 in chips)
Seat 2: MellivoraSto ($145.35 in chips)
MellivoraSto: posts small blind $1
ManuelSikora: posts big blind $3
*** HOLE CARDS ***
MellivoraSto: folds
Uncalled bet ($2) returned to ManuelSikora
ManuelSikora collected $2 from pot
ManuelSikora: doesn't show hand
*** SUMMARY ***
Total pot $2 | Rake $0
Seat 1: ManuelSikora (big blind) collected ($2)
Seat 2: MellivoraSto (button) (small blind) folded before Flop


PokerStars Hand #164745371552:  Hold'em Limit ($3/$6 USD) - 2017/01/17 17:07:24 ET
Table 'Luscinia' 6-max Seat #1 is the button
Seat 1: ManuelSikora ($29.99 in chips)
Seat 2: MellivoraSto ($148.35 in chips)
ManuelSikora: posts small blind $1
MellivoraSto: posts big blind $3
*** HOLE CARDS ***
ManuelSikora: raises $3 to $6
MellivoraSto: folds
Uncalled bet ($3) returned to ManuelSikora
ManuelSikora collected $6 from pot
ManuelSikora: doesn't show hand
*** SUMMARY ***
Total pot $6 | Rake $0
Seat 1: ManuelSikora (button) (small blind) collected ($6)
Seat 2: MellivoraSto (big blind) folded before Flop


PokerStars Hand #164745429145:  Hold'em Limit ($3/$6 USD) - 2017/01/17 17:08:18 ET
Table 'Luscinia' 6-max Seat #2 is the button
Seat 1: ManuelSikora ($44.49 in chips)
Seat 2: MellivoraSto ($133.23 in chips)
MellivoraSto: posts small blind $1
ManuelSikora: posts big blind $3
*** HOLE CARDS ***
MellivoraSto: raises $3 to $6
ManuelSikora: calls $3
*** FLOP *** [Js Tc 4c]
ManuelSikora: checks
MellivoraSto: bets $3
ManuelSikora: folds
Uncalled bet ($3) returned to MellivoraSto
MellivoraSto collected $11.76 from pot
MellivoraSto: doesn't show hand
*** SUMMARY ***
Total pot $12 | Rake $0.24
Board [Js Tc 4c]
Seat 1: ManuelSikora (big blind) folded on the Flop
Seat 2: MellivoraSto (button) (small blind) collected ($11.76)


PokerStars Hand #164745424167:  Hold'em Limit ($3/$6 USD) - 2017/01/17 17:08:13 ET
Table 'Luscinia' 6-max Seat #1 is the button
Seat 1: ManuelSikora ($45.49 in chips)
Seat 2: MellivoraSto ($132.23 in chips)
ManuelSikora: posts small blind $1
MellivoraSto: posts big blind $3
*** HOLE CARDS ***
ManuelSikora: folds
Uncalled bet ($2) returned to MellivoraSto
MellivoraSto collected $2 from pot
MellivoraSto: doesn't show hand
*** SUMMARY ***
Total pot $2 | Rake $0
Seat 1: ManuelSikora (button) (small blind) folded before Flop
Seat 2: MellivoraSto (big blind) collected ($2)


PokerStars Hand #164745400095:  Hold'em Limit ($3/$6 USD) - 2017/01/17 17:07:48 ET
Table 'Luscinia' 6-max Seat #2 is the button
Seat 1: ManuelSikora ($30.99 in chips)
Seat 2: MellivoraSto ($147.23 in chips)
MellivoraSto: posts small blind $1
ManuelSikora: posts big blind $3
*** HOLE CARDS ***
MellivoraSto: raises $3 to $6
ManuelSikora: calls $3
*** FLOP *** [4d Jc 5s]
ManuelSikora: bets $3
MellivoraSto: calls $3
*** TURN *** [4d Jc 5s] [9d]
ManuelSikora: bets $6
MellivoraSto: calls $6
*** RIVER *** [4d Jc 5s 9d] [6h]
ManuelSikora: bets $6
MellivoraSto: folds
Uncalled bet ($6) returned to ManuelSikora
ManuelSikora collected $29.50 from pot
ManuelSikora: doesn't show hand
*** SUMMARY ***
Total pot $30 | Rake $0.50
Board [4d Jc 5s 9d 6h]
Seat 1: ManuelSikora (big blind) collected ($29.50)
Seat 2: MellivoraSto (button) (small blind) folded on the River


PokerStars Hand #164745388175:  Hold'em Limit ($3/$6 USD) - 2017/01/17 17:07:36 ET
Table 'Luscinia' 6-max Seat #1 is the button
Seat 1: ManuelSikora ($33.99 in chips)
Seat 2: MellivoraSto ($144.35 in chips)
ManuelSikora: posts small blind $1
MellivoraSto: posts big blind $3
*** HOLE CARDS ***
ManuelSikora: calls $2
MellivoraSto: checks
*** FLOP *** [Td 4d Qd]
MellivoraSto: bets $3
ManuelSikora: folds
Uncalled bet ($3) returned to MellivoraSto
MellivoraSto collected $5.88 from pot
MellivoraSto: doesn't show hand
*** SUMMARY ***
Total pot $6 | Rake $0.12
Board [Td 4d Qd]
Seat 1: ManuelSikora (button) (small blind) folded on the Flop
Seat 2: MellivoraSto (big blind) collected ($5.88)


PokerStars Hand #164745482106:  Hold'em Limit ($3/$6 USD) - 2017/01/17 17:09:13 ET
Table 'Luscinia' 6-max Seat #2 is the button
Seat 1: ManuelSikora ($44.13 in chips)
Seat 2: MellivoraSto ($132.75 in chips)
MellivoraSto: posts small blind $1
ManuelSikora: posts big blind $3
*** HOLE CARDS ***
MellivoraSto: folds
Uncalled bet ($2) returned to ManuelSikora
ManuelSikora collected $2 from pot
ManuelSikora: doesn't show hand
*** SUMMARY ***
Total pot $2 | Rake $0
Seat 1: ManuelSikora (big blind) collected ($2)
Seat 2: MellivoraSto (button) (small blind) folded before Flop


PokerStars Hand #164745478144:  Hold'em Limit ($3/$6 USD) - 2017/01/17 17:09:09 ET
Table 'Luscinia' 6-max Seat #1 is the button
Seat 1: ManuelSikora ($45.13 in chips)
Seat 2: MellivoraSto ($131.75 in chips)
ManuelSikora: posts small blind $1
MellivoraSto: posts big blind $3
*** HOLE CARDS ***
ManuelSikora: folds
Uncalled bet ($2) returned to MellivoraSto
MellivoraSto collected $2 from pot
MellivoraSto: doesn't show hand
*** SUMMARY ***
Total pot $2 | Rake $0
Seat 1: ManuelSikora (button) (small blind) folded before Flop
Seat 2: MellivoraSto (big blind) collected ($2)


PokerStars Hand #164745473975:  Hold'em Limit ($3/$6 USD) - 2017/01/17 17:09:04 ET
Table 'Luscinia' 6-max Seat #2 is the button
Seat 1: ManuelSikora ($44.13 in chips)
Seat 2: MellivoraSto ($132.75 in chips)
MellivoraSto: posts small blind $1
ManuelSikora: posts big blind $3
*** HOLE CARDS ***
MellivoraSto: folds
Uncalled bet ($2) returned to ManuelSikora
ManuelSikora collected $2 from pot
ManuelSikora: doesn't show hand
*** SUMMARY ***
Total pot $2 | Rake $0
Seat 1: ManuelSikora (big blind) collected ($2)
Seat 2: MellivoraSto (button) (small blind) folded before Flop


PokerStars Hand #164745468574:  Hold'em Limit ($3/$6 USD) - 2017/01/17 17:08:58 ET
Table 'Luscinia' 6-max Seat #1 is the button
Seat 1: ManuelSikora ($41.13 in chips)
Seat 2: MellivoraSto ($135.75 in chips)
ManuelSikora: posts small blind $1
MellivoraSto: posts big blind $3
*** HOLE CARDS ***
ManuelSikora: raises $3 to $6
MellivoraSto: folds
Uncalled bet ($3) returned to ManuelSikora
ManuelSikora collected $6 from pot
ManuelSikora: doesn't show hand
*** SUMMARY ***
Total pot $6 | Rake $0
Seat 1: ManuelSikora (button) (small blind) collected ($6)
Seat 2: MellivoraSto (big blind) folded before Flop


PokerStars Hand #164745457193:  Hold'em Limit ($3/$6 USD) - 2017/01/17 17:08:47 ET
Table 'Luscinia' 6-max Seat #2 is the button
Seat 1: ManuelSikora ($32.49 in chips)
Seat 2: MellivoraSto ($144.75 in chips)
MellivoraSto: posts small blind $1
ManuelSikora: posts big blind $3
*** HOLE CARDS ***
MellivoraSto: raises $3 to $6
ManuelSikora: calls $3
*** FLOP *** [3c 4h 9d]
ManuelSikora: bets $3
MellivoraSto: calls $3
*** TURN *** [3c 4h 9d] [8h]
ManuelSikora: bets $6
MellivoraSto: folds
Uncalled bet ($6) returned to ManuelSikora
ManuelSikora collected $17.64 from pot
ManuelSikora: doesn't show hand
*** SUMMARY ***
Total pot $18 | Rake $0.36
Board [3c 4h 9d 8h]
Seat 1: ManuelSikora (big blind) collected ($17.64)
Seat 2: MellivoraSto (button) (small blind) folded on the Turn


PokerStars Hand #164745439895:  Hold'em Limit ($3/$6 USD) - 2017/01/17 17:08:29 ET
Table 'Luscinia' 6-max Seat #1 is the button
Seat 1: ManuelSikora ($38.49 in chips)
Seat 2: MellivoraSto ($138.99 in chips)
ManuelSikora: posts small blind $1
MellivoraSto: posts big blind $3
*** HOLE CARDS ***
ManuelSikora: raises $3 to $6
MellivoraSto: calls $3
*** FLOP *** [Th 6d 5h]
MellivoraSto: checks
ManuelSikora: checks
*** TURN *** [Th 6d 5h] [6s]
MellivoraSto: bets $6
ManuelSikora: folds
Uncalled bet ($6) returned to MellivoraSto
MellivoraSto collected $11.76 from pot
MellivoraSto: doesn't show hand
*** SUMMARY ***
Total pot $12 | Rake $0.24
Board [Th 6d 5h 6s]
Seat 1: ManuelSikora (button) (small blind) folded on the Turn
Seat 2: MellivoraSto (big blind) collected ($11.76)


PokerStars Hand #164745543286:  Hold'em Limit ($3/$6 USD) - 2017/01/17 17:10:16 ET
Table 'Luscinia' 6-max Seat #2 is the button
Seat 1: ManuelSikora ($69.39 in chips)
Seat 2: MellivoraSto ($106.75 in chips)
MellivoraSto: posts small blind $1
ManuelSikora: posts big blind $3
*** HOLE CARDS ***
MellivoraSto: raises $3 to $6
ManuelSikora: calls $3
*** FLOP *** [Jc 4h Jh]
ManuelSikora: bets $3
MellivoraSto: calls $3
*** TURN *** [Jc 4h Jh] [2s]
ManuelSikora: checks
MellivoraSto: bets $6
ManuelSikora: folds
Uncalled bet ($6) returned to MellivoraSto
MellivoraSto collected $17.64 from pot
MellivoraSto: doesn't show hand
*** SUMMARY ***
Total pot $18 | Rake $0.36
Board [Jc 4h Jh 2s]
Seat 1: ManuelSikora (big blind) folded on the Turn
Seat 2: MellivoraSto (button) (small blind) collected ($17.64)


PokerStars Hand #164745519499:  Hold'em Limit ($3/$6 USD) - 2017/01/17 17:09:52 ET
Table 'Luscinia' 6-max Seat #1 is the button
Seat 1: ManuelSikora ($51.89 in chips)
Seat 2: MellivoraSto ($124.75 in chips)
ManuelSikora: posts small blind $1
MellivoraSto: posts big blind $3
*** HOLE CARDS ***
ManuelSikora: raises $3 to $6
MellivoraSto: calls $3
*** FLOP *** [Tc 7s Ks]
MellivoraSto: bets $3
ManuelSikora: raises $3 to $6
MellivoraSto: calls $3
*** TURN *** [Tc 7s Ks] [Js]
MellivoraSto: checks
ManuelSikora: checks
*** RIVER *** [Tc 7s Ks Js] [Kd]
MellivoraSto: bets $6
ManuelSikora: calls $6
*** SHOW DOWN ***
MellivoraSto: shows [7h Qh] (two pair, Kings and Sevens)
ManuelSikora: shows [Kc 8h] (three of a kind, Kings)
ManuelSikora collected $35.50 from pot
*** SUMMARY ***
Total pot $36 | Rake $0.50
Board [Tc 7s Ks Js Kd]
Seat 1: ManuelSikora (button) (small blind) showed [Kc 8h] and won ($35.50) with three of a kind, Kings
Seat 2: MellivoraSto (big blind) showed [7h Qh] and lost with two pair, Kings and Sevens


PokerStars Hand #164745514691:  Hold'em Limit ($3/$6 USD) - 2017/01/17 17:09:47 ET
Table 'Luscinia' 6-max Seat #2 is the button
Seat 1: ManuelSikora ($50.89 in chips)
Seat 2: MellivoraSto ($125.75 in chips)
MellivoraSto: posts small blind $1
ManuelSikora: posts big blind $3
*** HOLE CARDS ***
MellivoraSto: folds
Uncalled bet ($2) returned to ManuelSikora
ManuelSikora collected $2 from pot
ManuelSikora: doesn't show hand
*** SUMMARY ***
Total pot $2 | Rake $0
Seat 1: ManuelSikora (big blind) collected ($2)
Seat 2: MellivoraSto (button) (small blind) folded before Flop


PokerStars Hand #164745487699:  Hold'em Limit ($3/$6 USD) - 2017/01/17 17:09:19 ET
Table 'Luscinia' 6-max Seat #1 is the button
Seat 1: ManuelSikora ($45.13 in chips)
Seat 2: MellivoraSto ($131.75 in chips)
ManuelSikora: posts small blind $1
MellivoraSto: posts big blind $3
*** HOLE CARDS ***
ManuelSikora: raises $3 to $6
MellivoraSto: calls $3
*** FLOP *** [2c Kh 8h]
MellivoraSto: checks
ManuelSikora: bets $3
MellivoraSto: folds
Uncalled bet ($3) returned to ManuelSikora
ManuelSikora collected $11.76 from pot
ManuelSikora: doesn't show hand
*** SUMMARY ***
Total pot $12 | Rake $0.24
Board [2c Kh 8h]
Seat 1: ManuelSikora (button) (small blind) collected ($11.76)
Seat 2: MellivoraSto (big blind) folded on the Flop


PokerStars Hand #164745617451:  Hold'em Limit ($3/$6 USD) - 2017/01/17 17:11:34 ET
Table 'Luscinia' 6-max Seat #1 is the button
Seat 1: ManuelSikora ($90.39 in chips)
Seat 2: MellivoraSto ($120 in chips)
ManuelSikora: posts small blind $1
MellivoraSto: posts big blind $3
*** HOLE CARDS ***
ManuelSikora: raises $3 to $6
MellivoraSto: folds
Uncalled bet ($3) returned to ManuelSikora
ManuelSikora collected $6 from pot
ManuelSikora: doesn't show hand
*** SUMMARY ***
Total pot $6 | Rake $0
Seat 1: ManuelSikora (button) (small blind) collected ($6)
Seat 2: MellivoraSto (big blind) folded before Flop


PokerStars Hand #164745598538:  Hold'em Limit ($3/$6 USD) - 2017/01/17 17:11:14 ET
Table 'Luscinia' 6-max Seat #2 is the button
Seat 1: ManuelSikora ($69.89 in chips)
Seat 2: MellivoraSto ($104.91 in chips)
MellivoraSto: posts small blind $1
ManuelSikora: posts big blind $3
*** HOLE CARDS ***
MellivoraSto: raises $3 to $6
ManuelSikora: raises $3 to $9
MellivoraSto: calls $3
*** FLOP *** [Ah Qc 7c]
ManuelSikora: bets $3
MellivoraSto: raises $3 to $6
ManuelSikora: calls $3
*** TURN *** [Ah Qc 7c] [4s]
ManuelSikora: bets $6
MellivoraSto: calls $6
*** RIVER *** [Ah Qc 7c 4s] [Kh]
ManuelSikora: bets $6
MellivoraSto: folds
Uncalled bet ($6) returned to ManuelSikora
ManuelSikora collected $41.50 from pot
ManuelSikora: doesn't show hand
*** SUMMARY ***
Total pot $42 | Rake $0.50
Board [Ah Qc 7c 4s Kh]
Seat 1: ManuelSikora (big blind) collected ($41.50)
Seat 2: MellivoraSto (button) (small blind) folded on the River


PokerStars Hand #164745581187:  Hold'em Limit ($3/$6 USD) - 2017/01/17 17:10:56 ET
Table 'Luscinia' 6-max Seat #1 is the button
Seat 1: ManuelSikora ($49.39 in chips)
Seat 2: MellivoraSto ($125.91 in chips)
ManuelSikora: posts small blind $1
MellivoraSto: posts big blind $3
*** HOLE CARDS ***
ManuelSikora: calls $2
MellivoraSto: raises $3 to $6
ManuelSikora: calls $3
*** FLOP *** [Kh 4h 6s]
MellivoraSto: bets $3
ManuelSikora: calls $3
*** TURN *** [Kh 4h 6s] [Ts]
MellivoraSto: bets $6
ManuelSikora: calls $6
*** RIVER *** [Kh 4h 6s Ts] [Ks]
MellivoraSto: checks
ManuelSikora: bets $6
MellivoraSto: calls $6
*** SHOW DOWN ***
ManuelSikora: shows [Qs Kd] (three of a kind, Kings)
MellivoraSto: mucks hand
ManuelSikora collected $41.50 from pot
*** SUMMARY ***
Total pot $42 | Rake $0.50
Board [Kh 4h 6s Ts Ks]
Seat 1: ManuelSikora (button) (small blind) showed [Qs Kd] and won ($41.50) with three of a kind, Kings
Seat 2: MellivoraSto (big blind) mucked


PokerStars Hand #164745577171:  Hold'em Limit ($3/$6 USD) - 2017/01/17 17:10:52 ET
Table 'Luscinia' 6-max Seat #2 is the button
Seat 1: ManuelSikora ($48.39 in chips)
Seat 2: MellivoraSto ($126.91 in chips)
MellivoraSto: posts small blind $1
ManuelSikora: posts big blind $3
*** HOLE CARDS ***
MellivoraSto: folds
Uncalled bet ($2) returned to ManuelSikora
ManuelSikora collected $2 from pot
ManuelSikora: doesn't show hand
*** SUMMARY ***
Total pot $2 | Rake $0
Seat 1: ManuelSikora (big blind) collected ($2)
Seat 2: MellivoraSto (button) (small blind) folded before Flop


PokerStars Hand #164745560878:  Hold'em Limit ($3/$6 USD) - 2017/01/17 17:10:34 ET
Table 'Luscinia' 6-max Seat #1 is the button
Seat 1: ManuelSikora ($60.39 in chips)
Seat 2: MellivoraSto ($115.39 in chips)
ManuelSikora: posts small blind $1
MellivoraSto: posts big blind $3
*** HOLE CARDS ***
ManuelSikora: calls $2
MellivoraSto: checks
*** FLOP *** [Qs Kc Th]
MellivoraSto: bets $3
ManuelSikora: calls $3
*** TURN *** [Qs Kc Th] [8h]
MellivoraSto: bets $6
ManuelSikora: calls $6
*** RIVER *** [Qs Kc Th 8h] [8s]
MellivoraSto: bets $6
ManuelSikora: folds
Uncalled bet ($6) returned to MellivoraSto
MellivoraSto collected $23.52 from pot
MellivoraSto: doesn't show hand
*** SUMMARY ***
Total pot $24 | Rake $0.48
Board [Qs Kc Th 8h 8s]
Seat 1: ManuelSikora (button) (small blind) folded on the River
Seat 2: MellivoraSto (big blind) collected ($23.52)


PokerStars Hand #164745658632:  Hold'em Limit ($3/$6 USD) - 2017/01/17 17:12:16 ET
Table 'Luscinia' 6-max Seat #1 is the button
Seat 1: ManuelSikora ($57.39 in chips)
Seat 2: MellivoraSto ($152.50 in chips)
ManuelSikora: posts small blind $1
MellivoraSto: posts big blind $3
*** HOLE CARDS ***
ManuelSikora: raises $3 to $6
MellivoraSto: calls $3
*** FLOP *** [5h 6c 3s]
MellivoraSto: checks
ManuelSikora: bets $3
MellivoraSto: calls $3
*** TURN *** [5h 6c 3s] [6d]
MellivoraSto: checks
ManuelSikora: bets $6
MellivoraSto: calls $6
*** RIVER *** [5h 6c 3s 6d] [7d]
MellivoraSto: bets $6
ManuelSikora: calls $6
*** SHOW DOWN ***
MellivoraSto: shows [8s Js] (a pair of Sixes)
ManuelSikora: shows [3h Kd] (two pair, Sixes and Threes)
ManuelSikora collected $41.50 from pot
*** SUMMARY ***
Total pot $42 | Rake $0.50
Board [5h 6c 3s 6d 7d]
Seat 1: ManuelSikora (button) (small blind) showed [3h Kd] and won ($41.50) with two pair, Sixes and Threes
Seat 2: MellivoraSto (big blind) showed [8s Js] and lost with a pair of Sixes


PokerStars Hand #164745653019:  Hold'em Limit ($3/$6 USD) - 2017/01/17 17:12:11 ET
Table 'Luscinia' 6-max Seat #2 is the button
Seat 1: ManuelSikora ($56.39 in chips)
Seat 2: MellivoraSto ($153.50 in chips)
MellivoraSto: posts small blind $1
ManuelSikora: posts big blind $3
*** HOLE CARDS ***
MellivoraSto: folds
Uncalled bet ($2) returned to ManuelSikora
ManuelSikora collected $2 from pot
ManuelSikora: doesn't show hand
*** SUMMARY ***
Total pot $2 | Rake $0
Seat 1: ManuelSikora (big blind) collected ($2)
Seat 2: MellivoraSto (button) (small blind) folded before Flop


PokerStars Hand #164745647532:  Hold'em Limit ($3/$6 USD) - 2017/01/17 17:12:05 ET
Table 'Luscinia' 6-max Seat #1 is the button
Seat 1: ManuelSikora ($57.39 in chips)
Seat 2: MellivoraSto ($152.50 in chips)
ManuelSikora: posts small blind $1
MellivoraSto: posts big blind $3
*** HOLE CARDS ***
ManuelSikora: folds
Uncalled bet ($2) returned to MellivoraSto
MellivoraSto collected $2 from pot
MellivoraSto: doesn't show hand
*** SUMMARY ***
Total pot $2 | Rake $0
Seat 1: ManuelSikora (button) (small blind) folded before Flop
Seat 2: MellivoraSto (big blind) collected ($2)


PokerStars Hand #164745624779:  Hold'em Limit ($3/$6 USD) - 2017/01/17 17:11:41 ET
Table 'Luscinia' 6-max Seat #2 is the button
Seat 1: ManuelSikora ($93.39 in chips)
Seat 2: MellivoraSto ($117 in chips)
MellivoraSto: posts small blind $1
ManuelSikora: posts big blind $3
*** HOLE CARDS ***
MellivoraSto: raises $3 to $6
ManuelSikora: raises $3 to $9
MellivoraSto: calls $3
*** FLOP *** [8h 2c Kd]
ManuelSikora: bets $3
MellivoraSto: calls $3
*** TURN *** [8h 2c Kd] [8s]
ManuelSikora: bets $6
MellivoraSto: raises $6 to $12
ManuelSikora: calls $6
*** RIVER *** [8h 2c Kd 8s] [2d]
ManuelSikora: bets $6
MellivoraSto: raises $6 to $12
ManuelSikora: calls $6
*** SHOW DOWN ***
MellivoraSto: shows [Th 8c] (a full house, Eights full of Deuces)
ManuelSikora: mucks hand
MellivoraSto collected $71.50 from pot
*** SUMMARY ***
Total pot $72 | Rake $0.50
Board [8h 2c Kd 8s 2d]
Seat 1: ManuelSikora (big blind) mucked
Seat 2: MellivoraSto (button) (small blind) showed [Th 8c] and won ($71.50) with a full house, Eights full of Deuces


PokerStars Hand #164745704549:  Hold'em Limit ($3/$6 USD) - 2017/01/17 17:13:04 ET
Table 'Luscinia' 6-max Seat #1 is the button
Seat 1: ManuelSikora ($62.89 in chips)
Seat 2: MellivoraSto ($146 in chips)
ManuelSikora: posts small blind $1
MellivoraSto: posts big blind $3
*** HOLE CARDS ***
ManuelSikora: calls $2
MellivoraSto: raises $3 to $6
ManuelSikora: calls $3
*** FLOP *** [6h Jc 9d]
MellivoraSto: bets $3
ManuelSikora: calls $3
*** TURN *** [6h Jc 9d] [7h]
MellivoraSto: bets $6
ManuelSikora: raises $6 to $12
MellivoraSto: raises $6 to $18
ManuelSikora: calls $6
*** RIVER *** [6h Jc 9d 7h] [Qd]
MellivoraSto: bets $6
ManuelSikora: calls $6
*** SHOW DOWN ***
MellivoraSto: shows [7d 6d] (two pair, Sevens and Sixes)
ManuelSikora: mucks hand
MellivoraSto collected $65.50 from pot
*** SUMMARY ***
Total pot $66 | Rake $0.50
Board [6h Jc 9d 7h Qd]
Seat 1: ManuelSikora (button) (small blind) mucked
Seat 2: MellivoraSto (big blind) showed [7d 6d] and won ($65.50) with two pair, Sevens and Sixes


PokerStars Hand #164745679863:  Hold'em Limit ($3/$6 USD) - 2017/01/17 17:12:38 ET
Table 'Luscinia' 6-max Seat #2 is the button
Seat 1: ManuelSikora ($77.89 in chips)
Seat 2: MellivoraSto ($131.50 in chips)
MellivoraSto: posts small blind $1
ManuelSikora: posts big blind $3
*** HOLE CARDS ***
MellivoraSto: raises $3 to $6
ManuelSikora: calls $3
*** FLOP *** [9h Kd 4d]
ManuelSikora: bets $3
MellivoraSto: calls $3
*** TURN *** [9h Kd 4d] [3h]
ManuelSikora: checks
MellivoraSto: bets $6
ManuelSikora: calls $6
*** RIVER *** [9h Kd 4d 3h] [Ks]
ManuelSikora: checks
MellivoraSto: bets $6
ManuelSikora: folds
Uncalled bet ($6) returned to MellivoraSto
MellivoraSto collected $29.50 from pot
MellivoraSto: doesn't show hand
*** SUMMARY ***
Total pot $30 | Rake $0.50
Board [9h Kd 4d 3h Ks]
Seat 1: ManuelSikora (big blind) folded on the River
Seat 2: MellivoraSto (button) (small blind) collected ($29.50)


PokerStars Hand #164745731523:  Hold'em Limit ($3/$6 USD) - 2017/01/17 17:13:32 ET
Table 'Luscinia' 6-max Seat #2 is the button
Seat 1: ManuelSikora ($29.89 in chips)
Seat 2: MellivoraSto ($178.50 in chips)
MellivoraSto: posts small blind $1
ManuelSikora: posts big blind $3
*** HOLE CARDS ***
MellivoraSto: raises $3 to $6
ManuelSikora: calls $3
*** FLOP *** [6s Kc 2s]
ManuelSikora: bets $3
MellivoraSto: calls $3
*** TURN *** [6s Kc 2s] [9c]
ManuelSikora: bets $6
MellivoraSto: raises $6 to $12
ManuelSikora: raises $6 to $18
MellivoraSto: calls $6
*** RIVER *** [6s Kc 2s 9c] [9s]
ManuelSikora: bets $2.89 and is all-in
MellivoraSto: calls $2.89
*** SHOW DOWN ***
ManuelSikora: shows [5c 6c] (two pair, Nines and Sixes)
MellivoraSto: shows [Td Kh] (two pair, Kings and Nines)
MellivoraSto collected $59.28 from pot
*** SUMMARY ***
Total pot $59.78 | Rake $0.50
Board [6s Kc 2s 9c 9s]
Seat 1: ManuelSikora (big blind) showed [5c 6c] and lost with two pair, Nines and Sixes
Seat 2: MellivoraSto (button) (small blind) showed [Td Kh] and won ($59.28) with two pair, Kings and Nines


