PokerStars Hand #169079606867:  Hold'em Limit ($3/$6 USD) - 2017/04/15 12:53:03 ET
Table 'Lutetia' 6-max Seat #2 is the button
Seat 2: sussie118 ($140.50 in chips)
Seat 3: Krazy90 ($128.64 in chips)
sussie118: posts small blind $1
Krazy90: posts big blind $3
*** HOLE CARDS ***
sussie118: folds
Uncalled bet ($2) returned to Krazy90
Krazy90 collected $2 from pot
Krazy90: doesn't show hand
*** SUMMARY ***
Total pot $2 | Rake $0
Seat 2: sussie118 (button) (small blind) folded before Flop
Seat 3: Krazy90 (big blind) collected ($2)


PokerStars Hand #169079589004:  Hold'em Limit ($3/$6 USD) - 2017/04/15 12:52:40 ET
Table 'Lutetia' 6-max Seat #3 is the button
Seat 2: sussie118 ($149.50 in chips)
Seat 3: Krazy90 ($120 in chips)
Krazy90: posts small blind $1
sussie118: posts big blind $3
*** HOLE CARDS ***
Krazy90: raises $3 to $6
sussie118: calls $3
*** FLOP *** [7h 5h Qd]
sussie118: checks
Krazy90: bets $3
sussie118: calls $3
*** TURN *** [7h 5h Qd] [Kh]
sussie118: checks
Krazy90: bets $6
sussie118: folds
Uncalled bet ($6) returned to Krazy90
Krazy90 collected $17.64 from pot
Krazy90: doesn't show hand
*** SUMMARY ***
Total pot $18 | Rake $0.36
Board [7h 5h Qd Kh]
Seat 2: sussie118 (big blind) folded on the Turn
Seat 3: Krazy90 (button) (small blind) collected ($17.64)


PokerStars Hand #169079584092:  Hold'em Limit ($3/$6 USD) - 2017/04/15 12:52:34 ET
Table 'Lutetia' 6-max Seat #2 is the button
Seat 2: sussie118 ($146.50 in chips)
Seat 3: Krazy90 ($120 in chips)
sussie118: posts small blind $1
Krazy90: posts big blind $3
*** HOLE CARDS ***
sussie118: raises $3 to $6
Krazy90: folds
Uncalled bet ($3) returned to sussie118
sussie118 collected $6 from pot
sussie118: doesn't show hand
*** SUMMARY ***
Total pot $6 | Rake $0
Seat 2: sussie118 (button) (small blind) collected ($6)
Seat 3: Krazy90 (big blind) folded before Flop


PokerStars Hand #169079658243:  Hold'em Limit ($3/$6 USD) - 2017/04/15 12:54:10 ET
Table 'Lutetia' 6-max Seat #3 is the button
Seat 2: sussie118 ($144.54 in chips)
Seat 3: Krazy90 ($123.14 in chips)
Krazy90: posts small blind $1
sussie118: posts big blind $3
*** HOLE CARDS ***
Krazy90: raises $3 to $6
perten joins the table at seat #1
sussie118: raises $3 to $9
Krazy90: calls $3
*** FLOP *** [9d Ah 2s]
sussie118: bets $3
Krazy90: folds
Uncalled bet ($3) returned to sussie118
sussie118 collected $17.64 from pot
sussie118: doesn't show hand
*** SUMMARY ***
Total pot $18 | Rake $0.36
Board [9d Ah 2s]
Seat 2: sussie118 (big blind) collected ($17.64)
Seat 3: Krazy90 (button) (small blind) folded on the Flop


PokerStars Hand #169079646352:  Hold'em Limit ($3/$6 USD) - 2017/04/15 12:53:54 ET
Table 'Lutetia' 6-max Seat #2 is the button
Seat 2: sussie118 ($138.78 in chips)
Seat 3: Krazy90 ($129.14 in chips)
sussie118: posts small blind $1
Krazy90: posts big blind $3
*** HOLE CARDS ***
sussie118: raises $3 to $6
Krazy90: calls $3
*** FLOP *** [9s 2c Ks]
Krazy90: checks
sussie118: bets $3
Krazy90: folds
Uncalled bet ($3) returned to sussie118
sussie118 collected $11.76 from pot
sussie118: doesn't show hand
*** SUMMARY ***
Total pot $12 | Rake $0.24
Board [9s 2c Ks]
Seat 2: sussie118 (button) (small blind) collected ($11.76)
Seat 3: Krazy90 (big blind) folded on the Flop


PokerStars Hand #169079638173:  Hold'em Limit ($3/$6 USD) - 2017/04/15 12:53:44 ET
Table 'Lutetia' 6-max Seat #3 is the button
Seat 2: sussie118 ($130.14 in chips)
Seat 3: Krazy90 ($138.14 in chips)
Krazy90: posts small blind $1
sussie118: posts big blind $3
*** HOLE CARDS ***
Krazy90: raises $3 to $6
sussie118: raises $3 to $9
Krazy90: calls $3
*** FLOP *** [Qh 8c 7c]
sussie118: bets $3
Krazy90: folds
Uncalled bet ($3) returned to sussie118
sussie118 collected $17.64 from pot
sussie118: doesn't show hand
*** SUMMARY ***
Total pot $18 | Rake $0.36
Board [Qh 8c 7c]
Seat 2: sussie118 (big blind) collected ($17.64)
Seat 3: Krazy90 (button) (small blind) folded on the Flop


PokerStars Hand #169079625661:  Hold'em Limit ($3/$6 USD) - 2017/04/15 12:53:27 ET
Table 'Lutetia' 6-max Seat #2 is the button
Seat 2: sussie118 ($148.14 in chips)
Seat 3: Krazy90 ($120.64 in chips)
sussie118: posts small blind $1
Krazy90: posts big blind $3
*** HOLE CARDS ***
sussie118: raises $3 to $6
Krazy90: calls $3
*** FLOP *** [6h 5h 4c]
Krazy90: checks
sussie118: bets $3
Krazy90: raises $3 to $6
sussie118: calls $3
*** TURN *** [6h 5h 4c] [Tc]
Krazy90: bets $6
sussie118: calls $6
*** RIVER *** [6h 5h 4c Tc] [Jc]
Krazy90: bets $6
sussie118: folds
Uncalled bet ($6) returned to Krazy90
Krazy90 collected $35.50 from pot
Krazy90: doesn't show hand
*** SUMMARY ***
Total pot $36 | Rake $0.50
Board [6h 5h 4c Tc Jc]
Seat 2: sussie118 (button) (small blind) folded on the River
Seat 3: Krazy90 (big blind) collected ($35.50)


PokerStars Hand #169079611322:  Hold'em Limit ($3/$6 USD) - 2017/04/15 12:53:09 ET
Table 'Lutetia' 6-max Seat #3 is the button
Seat 2: sussie118 ($139.50 in chips)
Seat 3: Krazy90 ($129.64 in chips)
Krazy90: posts small blind $1
sussie118: posts big blind $3
*** HOLE CARDS ***
Krazy90: raises $3 to $6
sussie118: calls $3
*** FLOP *** [2h 2d 6h]
sussie118: checks
Krazy90: bets $3
sussie118: calls $3
*** TURN *** [2h 2d 6h] [Jc]
sussie118: checks
Krazy90: checks
*** RIVER *** [2h 2d 6h Jc] [As]
sussie118: bets $6
Krazy90: folds
Uncalled bet ($6) returned to sussie118
sussie118 collected $17.64 from pot
sussie118: doesn't show hand
*** SUMMARY ***
Total pot $18 | Rake $0.36
Board [2h 2d 6h Jc As]
Seat 2: sussie118 (big blind) collected ($17.64)
Seat 3: Krazy90 (button) (small blind) folded on the River


PokerStars Hand #169079666612:  Hold'em Limit ($3/$6 USD) - 2017/04/15 12:54:20 ET
Table 'Lutetia' 6-max Seat #2 is the button
Seat 2: sussie118 ($153.18 in chips)
Seat 3: Krazy90 ($120 in chips)
sussie118: posts small blind $1
Krazy90: posts big blind $3
*** HOLE CARDS ***
sussie118: raises $3 to $6
Krazy90: raises $3 to $9
sussie118: calls $3
*** FLOP *** [3c 8d 8s]
Krazy90: bets $3
sussie118: raises $3 to $6
Krazy90: raises $3 to $9
sussie118: calls $3
*** TURN *** [3c 8d 8s] [2s]
Krazy90: bets $6
sussie118: calls $6
*** RIVER *** [3c 8d 8s 2s] [2c]
Krazy90: bets $6
sussie118: raises $6 to $12
Krazy90: calls $6
*** SHOW DOWN ***
sussie118: shows [6d 2d] (a full house, Deuces full of Eights)
Krazy90: mucks hand
sussie118 collected $71.50 from pot
*** SUMMARY ***
Total pot $72 | Rake $0.50
Board [3c 8d 8s 2s 2c]
Seat 2: sussie118 (button) (small blind) showed [6d 2d] and won ($71.50) with a full house, Deuces full of Eights
Seat 3: Krazy90 (big blind) mucked


PokerStars Hand #169091002870:  Hold'em Limit ($3/$6 USD) - 2017/04/15 16:50:26 ET
Table 'Lutetia' 6-max Seat #6 is the button
Seat 4: ElverGalinda ($86.52 in chips)
Seat 6: Chessnok ($527.76 in chips)
Chessnok: posts small blind $1
rascal_319: is sitting out
ElverGalinda: posts big blind $3
*** HOLE CARDS ***
rascal_319 leaves the table
Chessnok: raises $3 to $6
ElverGalinda: folds
Uncalled bet ($3) returned to Chessnok
Chessnok collected $6 from pot
Chessnok: doesn't show hand
*** SUMMARY ***
Total pot $6 | Rake $0
Seat 4: ElverGalinda (big blind) folded before Flop
Seat 6: Chessnok (button) (small blind) collected ($6)


PokerStars Hand #169091011740:  Hold'em Limit ($3/$6 USD) - 2017/04/15 16:50:37 ET
Table 'Lutetia' 6-max Seat #4 is the button
Seat 4: ElverGalinda ($83.52 in chips)
Seat 6: Chessnok ($530.76 in chips)
ElverGalinda: posts small blind $1
Chessnok: posts big blind $3
*** HOLE CARDS ***
ElverGalinda: raises $3 to $6
Chessnok: calls $3
*** FLOP *** [Kh Ac Kd]
Chessnok: checks
ElverGalinda: bets $3
Chessnok: folds
Uncalled bet ($3) returned to ElverGalinda
ElverGalinda collected $11.76 from pot
*** SUMMARY ***
Total pot $12 | Rake $0.24
Board [Kh Ac Kd]
Seat 4: ElverGalinda (button) (small blind) collected ($11.76)
Seat 6: Chessnok (big blind) folded on the Flop


