PokerStars Hand #173821938988:  Hold'em Limit ($3/$6 USD) - 2017/08/02 6:04:33 ET
Table 'Lutetia II' 6-max Seat #1 is the button
Seat 1: LTTsci-tech ($32.27 in chips)
Seat 4: VolkovDmitri ($120 in chips)
LTTsci-tech: posts small blind $1
VolkovDmitri: posts big blind $3
*** HOLE CARDS ***
LTTsci-tech: raises $3 to $6
VolkovDmitri: folds
Uncalled bet ($3) returned to LTTsci-tech
LTTsci-tech collected $6 from pot
*** SUMMARY ***
Total pot $6 | Rake $0
Seat 1: LTTsci-tech (button) (small blind) collected ($6)
Seat 4: VolkovDmitri (big blind) folded before Flop


PokerStars Hand #173821963326:  Hold'em Limit ($3/$6 USD) - 2017/08/02 6:05:41 ET
Table 'Lutetia II' 6-max Seat #4 is the button
Seat 1: LTTsci-tech ($22.27 in chips)
Seat 4: VolkovDmitri ($132.52 in chips)
VolkovDmitri: posts small blind $1
LTTsci-tech: posts big blind $3
*** HOLE CARDS ***
VolkovDmitri: raises $3 to $6
LTTsci-tech: calls $3
*** FLOP *** [8h 4s 5h]
LTTsci-tech: checks
VolkovDmitri: checks
*** TURN *** [8h 4s 5h] [3d]
LTTsci-tech: bets $6
VolkovDmitri: calls $6
*** RIVER *** [8h 4s 5h 3d] [2s]
LTTsci-tech: bets $6
VolkovDmitri: raises $6 to $12
LTTsci-tech: calls $4.27 and is all-in
Uncalled bet ($1.73) returned to VolkovDmitri
*** SHOW DOWN ***
VolkovDmitri: shows [Ac Qd] (a straight, Ace to Five)
LTTsci-tech: shows [5d 7h] (a pair of Fives)
VolkovDmitri collected $44.04 from pot
*** SUMMARY ***
Total pot $44.54 | Rake $0.50
Board [8h 4s 5h 3d 2s]
Seat 1: LTTsci-tech (big blind) showed [5d 7h] and lost with a pair of Fives
Seat 4: VolkovDmitri (button) (small blind) showed [Ac Qd] and won ($44.04) with a straight, Ace to Five


PokerStars Hand #173821946021:  Hold'em Limit ($3/$6 USD) - 2017/08/02 6:04:53 ET
Table 'Lutetia II' 6-max Seat #4 is the button
Seat 1: LTTsci-tech ($35.27 in chips)
Seat 4: VolkovDmitri ($120 in chips)
VolkovDmitri: posts small blind $1
LTTsci-tech: posts big blind $3
*** HOLE CARDS ***
VolkovDmitri: raises $3 to $6
LTTsci-tech: raises $3 to $9
VolkovDmitri: calls $3
*** FLOP *** [3d Js Jd]
LTTsci-tech: bets $3
VolkovDmitri: calls $3
*** TURN *** [3d Js Jd] [7s]
LTTsci-tech: checks
VolkovDmitri: bets $6
LTTsci-tech: folds
Uncalled bet ($6) returned to VolkovDmitri
VolkovDmitri collected $23.52 from pot
VolkovDmitri: doesn't show hand
*** SUMMARY ***
Total pot $24 | Rake $0.48
Board [3d Js Jd 7s]
Seat 1: LTTsci-tech (big blind) folded on the Turn
Seat 4: VolkovDmitri (button) (small blind) collected ($23.52)


PokerStars Hand #173821961510:  Hold'em Limit ($3/$6 USD) - 2017/08/02 6:05:36 ET
Table 'Lutetia II' 6-max Seat #1 is the button
Seat 1: LTTsci-tech ($23.27 in chips)
Seat 4: VolkovDmitri ($131.52 in chips)
LTTsci-tech: posts small blind $1
VolkovDmitri: posts big blind $3
*** HOLE CARDS ***
LTTsci-tech: folds
Uncalled bet ($2) returned to VolkovDmitri
VolkovDmitri collected $2 from pot
VolkovDmitri: doesn't show hand
*** SUMMARY ***
Total pot $2 | Rake $0
Seat 1: LTTsci-tech (button) (small blind) folded before Flop
Seat 4: VolkovDmitri (big blind) collected ($2)


