PokerStars Hand #147699921565:  Hold'em Limit ($3/$6 USD) - 2016/01/26 6:39:33 ET
Table 'Luthera' 2-max Seat #2 is the button
Seat 1: melyh82 ($44.76 in chips)
Seat 2: krossguard ($108.59 in chips)
krossguard: posts small blind $1
melyh82: posts big blind $3
*** HOLE CARDS ***
krossguard: raises $3 to $6
melyh82: raises $3 to $9
krossguard: calls $3
*** FLOP *** [2d 9c Jd]
melyh82: bets $3
krossguard: folds
Uncalled bet ($3) returned to melyh82
melyh82 collected $17.64 from pot
*** SUMMARY ***
Total pot $18 | Rake $0.36
Board [2d 9c Jd]
Seat 1: melyh82 (big blind) collected ($17.64)
Seat 2: krossguard (button) (small blind) folded on the Flop


PokerStars Hand #147699917310:  Hold'em Limit ($3/$6 USD) - 2016/01/26 6:39:25 ET
Table 'Luthera' 2-max Seat #1 is the button
Seat 1: melyh82 ($39 in chips)
Seat 2: krossguard ($114.59 in chips)
melyh82: posts small blind $1
krossguard: posts big blind $3
*** HOLE CARDS ***
melyh82: raises $3 to $6
krossguard: calls $3
*** FLOP *** [7d 7h 4d]
krossguard: checks
melyh82: bets $3
krossguard: folds
Uncalled bet ($3) returned to melyh82
melyh82 collected $11.76 from pot
*** SUMMARY ***
Total pot $12 | Rake $0.24
Board [7d 7h 4d]
Seat 1: melyh82 (button) (small blind) collected ($11.76)
Seat 2: krossguard (big blind) folded on the Flop


PokerStars Hand #147699908966:  Hold'em Limit ($3/$6 USD) - 2016/01/26 6:39:10 ET
Table 'Luthera' 2-max Seat #2 is the button
Seat 1: melyh82 ($51 in chips)
Seat 2: krossguard ($103.07 in chips)
krossguard: posts small blind $1
melyh82: posts big blind $3
*** HOLE CARDS ***
krossguard: raises $3 to $6
melyh82: calls $3
*** FLOP *** [8d Qh 5d]
melyh82: checks
krossguard: checks
*** TURN *** [8d Qh 5d] [As]
melyh82: checks
krossguard: bets $6
melyh82: calls $6
*** RIVER *** [8d Qh 5d As] [9h]
melyh82: checks
krossguard: bets $6
melyh82: folds
Uncalled bet ($6) returned to krossguard
krossguard collected $23.52 from pot
krossguard: doesn't show hand
*** SUMMARY ***
Total pot $24 | Rake $0.48
Board [8d Qh 5d As 9h]
Seat 1: melyh82 (big blind) folded on the River
Seat 2: krossguard (button) (small blind) collected ($23.52)


PokerStars Hand #147699894757:  Hold'em Limit ($3/$6 USD) - 2016/01/26 6:38:44 ET
Table 'Luthera' 2-max Seat #1 is the button
Seat 1: melyh82 ($66 in chips)
Seat 2: krossguard ($88.57 in chips)
melyh82: posts small blind $1
krossguard: posts big blind $3
*** HOLE CARDS ***
melyh82: raises $3 to $6
krossguard: calls $3
*** FLOP *** [Kc 6h 3h]
krossguard: checks
melyh82: bets $3
krossguard: calls $3
*** TURN *** [Kc 6h 3h] [9s]
krossguard: checks
melyh82: checks
*** RIVER *** [Kc 6h 3h 9s] [4c]
krossguard: bets $6
melyh82: calls $6
*** SHOW DOWN ***
krossguard: shows [Qd 9c] (a pair of Nines)
melyh82: mucks hand
krossguard collected $29.50 from pot
*** SUMMARY ***
Total pot $30 | Rake $0.50
Board [Kc 6h 3h 9s 4c]
Seat 1: melyh82 (button) (small blind) mucked
Seat 2: krossguard (big blind) showed [Qd 9c] and won ($29.50) with a pair of Nines


PokerStars Hand #147699947109:  Hold'em Limit ($3/$6 USD) - 2016/01/26 6:40:19 ET
Table 'Luthera' 2-max Seat #1 is the button
Seat 1: melyh82 ($55.90 in chips)
Seat 2: krossguard ($96.09 in chips)
melyh82: posts small blind $1
krossguard: posts big blind $3
*** HOLE CARDS ***
melyh82: raises $3 to $6
krossguard: calls $3
*** FLOP *** [Kc Jc Qc]
krossguard: checks
melyh82: bets $3
krossguard: calls $3
*** TURN *** [Kc Jc Qc] [8h]
krossguard: checks
melyh82: bets $6
krossguard: calls $6
*** RIVER *** [Kc Jc Qc 8h] [5h]
krossguard: checks
melyh82: bets $6
krossguard: calls $6
*** SHOW DOWN ***
melyh82: shows [4h Kd] (a pair of Kings)
krossguard: mucks hand
melyh82 collected $41.50 from pot
*** SUMMARY ***
Total pot $42 | Rake $0.50
Board [Kc Jc Qc 8h 5h]
Seat 1: melyh82 (button) (small blind) showed [4h Kd] and won ($41.50) with a pair of Kings
Seat 2: krossguard (big blind) mucked


PokerStars Hand #147699937818:  Hold'em Limit ($3/$6 USD) - 2016/01/26 6:40:02 ET
Table 'Luthera' 2-max Seat #2 is the button
Seat 1: melyh82 ($38.40 in chips)
Seat 2: krossguard ($114.09 in chips)
krossguard: posts small blind $1
melyh82: posts big blind $3
*** HOLE CARDS ***
krossguard: raises $3 to $6
melyh82: raises $3 to $9
krossguard: calls $3
*** FLOP *** [Ad Td Qc]
melyh82: bets $3
krossguard: calls $3
*** TURN *** [Ad Td Qc] [6c]
melyh82: bets $6
krossguard: calls $6
*** RIVER *** [Ad Td Qc 6c] [4c]
melyh82: bets $6
krossguard: folds
Uncalled bet ($6) returned to melyh82
melyh82 collected $35.50 from pot
*** SUMMARY ***
Total pot $36 | Rake $0.50
Board [Ad Td Qc 6c 4c]
Seat 1: melyh82 (big blind) collected ($35.50)
Seat 2: krossguard (button) (small blind) folded on the River


PokerStars Hand #147699927126:  Hold'em Limit ($3/$6 USD) - 2016/01/26 6:39:43 ET
Table 'Luthera' 2-max Seat #1 is the button
Seat 1: melyh82 ($53.40 in chips)
Seat 2: krossguard ($99.59 in chips)
melyh82: posts small blind $1
krossguard: posts big blind $3
*** HOLE CARDS ***
melyh82: raises $3 to $6
krossguard: calls $3
*** FLOP *** [As Qh 7c]
krossguard: checks
melyh82: bets $3
krossguard: calls $3
*** TURN *** [As Qh 7c] [Qc]
krossguard: checks
melyh82: bets $6
krossguard: calls $6
*** RIVER *** [As Qh 7c Qc] [4c]
krossguard: checks
melyh82: checks
*** SHOW DOWN ***
krossguard: shows [7s Kh] (two pair, Queens and Sevens)
melyh82: mucks hand
krossguard collected $29.50 from pot
*** SUMMARY ***
Total pot $30 | Rake $0.50
Board [As Qh 7c Qc 4c]
Seat 1: melyh82 (button) (small blind) mucked
Seat 2: krossguard (big blind) showed [7s Kh] and won ($29.50) with two pair, Queens and Sevens


PokerStars Hand #147699974259:  Hold'em Limit ($3/$6 USD) - 2016/01/26 6:41:09 ET
Table 'Luthera' 2-max Seat #2 is the button
Seat 1: melyh82 ($82.90 in chips)
Seat 2: krossguard ($67.73 in chips)
krossguard: posts small blind $1
melyh82: posts big blind $3
*** HOLE CARDS ***
krossguard: raises $3 to $6
melyh82: calls $3
*** FLOP *** [8c 5s 2c]
melyh82: checks
krossguard: bets $3
melyh82: raises $3 to $6
krossguard: calls $3
*** TURN *** [8c 5s 2c] [9h]
melyh82: bets $6
krossguard: raises $6 to $12
melyh82: calls $6
*** RIVER *** [8c 5s 2c 9h] [9c]
melyh82: checks
krossguard: bets $6
melyh82: calls $6
*** SHOW DOWN ***
krossguard: shows [6s 8h] (two pair, Nines and Eights)
melyh82: mucks hand
krossguard collected $59.50 from pot
*** SUMMARY ***
Total pot $60 | Rake $0.50
Board [8c 5s 2c 9h 9c]
Seat 1: melyh82 (big blind) mucked
Seat 2: krossguard (button) (small blind) showed [6s 8h] and won ($59.50) with two pair, Nines and Eights


PokerStars Hand #147699966766:  Hold'em Limit ($3/$6 USD) - 2016/01/26 6:40:55 ET
Table 'Luthera' 2-max Seat #1 is the button
Seat 1: melyh82 ($65.40 in chips)
Seat 2: krossguard ($85.73 in chips)
melyh82: posts small blind $1
krossguard: posts big blind $3
*** HOLE CARDS ***
melyh82: raises $3 to $6
krossguard: calls $3
*** FLOP *** [7c As Js]
krossguard: checks
melyh82: bets $3
krossguard: raises $3 to $6
melyh82: calls $3
*** TURN *** [7c As Js] [Tc]
krossguard: bets $6
melyh82: calls $6
*** RIVER *** [7c As Js Tc] [4c]
krossguard: checks
melyh82: checks
*** SHOW DOWN ***
krossguard: shows [3h Qd] (high card Ace)
melyh82: shows [Ks Jd] (a pair of Jacks)
melyh82 collected $35.50 from pot
*** SUMMARY ***
Total pot $36 | Rake $0.50
Board [7c As Js Tc 4c]
Seat 1: melyh82 (button) (small blind) showed [Ks Jd] and won ($35.50) with a pair of Jacks
Seat 2: krossguard (big blind) showed [3h Qd] and lost with high card Ace


PokerStars Hand #147699958910:  Hold'em Limit ($3/$6 USD) - 2016/01/26 6:40:41 ET
Table 'Luthera' 2-max Seat #1 is the button
Seat 1: melyh82 ($73.40 in chips)
Seat 2: krossguard ($78.09 in chips)
melyh82: posts small blind $1
krossguard: posts big blind $3
*** HOLE CARDS ***
melyh82: raises $3 to $6
krossguard: raises $3 to $9
melyh82: calls $3
*** FLOP *** [Tc 4d Qs]
krossguard: bets $3
melyh82: folds
Uncalled bet ($3) returned to krossguard
krossguard collected $17.64 from pot
krossguard: doesn't show hand
*** SUMMARY ***
Total pot $18 | Rake $0.36
Board [Tc 4d Qs]
Seat 1: melyh82 (button) (small blind) folded on the Flop
Seat 2: krossguard (big blind) collected ($17.64)


PokerStars Hand #147699986323:  Hold'em Limit ($3/$6 USD) - 2016/01/26 6:41:31 ET
Table 'Luthera' 2-max Seat #1 is the button
Seat 1: melyh82 ($52.90 in chips)
Seat 2: krossguard ($97.23 in chips)
melyh82: posts small blind $1
krossguard: posts big blind $3
*** HOLE CARDS ***
melyh82: raises $3 to $6
krossguard: raises $3 to $9
melyh82: calls $3
*** FLOP *** [Qc Ad Tc]
krossguard: bets $3
melyh82: calls $3
*** TURN *** [Qc Ad Tc] [3h]
krossguard: bets $6
melyh82: raises $6 to $12
krossguard: calls $6
*** RIVER *** [Qc Ad Tc 3h] [3c]
krossguard: checks
melyh82: bets $6
krossguard: raises $6 to $12
melyh82: folds
Uncalled bet ($6) returned to krossguard
krossguard collected $59.50 from pot
krossguard: doesn't show hand
*** SUMMARY ***
Total pot $60 | Rake $0.50
Board [Qc Ad Tc 3h 3c]
Seat 1: melyh82 (button) (small blind) folded on the River
Seat 2: krossguard (big blind) collected ($59.50)


PokerStars Hand #147699998738:  Hold'em Limit ($3/$6 USD) - 2016/01/26 6:41:54 ET
Table 'Luthera' 2-max Seat #2 is the button
Seat 1: melyh82 ($22.90 in chips)
Seat 2: krossguard ($126.73 in chips)
krossguard: posts small blind $1
melyh82: posts big blind $3
*** HOLE CARDS ***
krossguard: raises $3 to $6
melyh82: raises $3 to $9
krossguard: calls $3
*** FLOP *** [Jh 2d Qd]
melyh82: bets $3
krossguard: calls $3
*** TURN *** [Jh 2d Qd] [8s]
melyh82: bets $6
krossguard: folds
Uncalled bet ($6) returned to melyh82
melyh82 collected $23.52 from pot
*** SUMMARY ***
Total pot $24 | Rake $0.48
Board [Jh 2d Qd 8s]
Seat 1: melyh82 (big blind) collected ($23.52)
Seat 2: krossguard (button) (small blind) folded on the Turn


PokerStars Hand #147700005025:  Hold'em Limit ($3/$6 USD) - 2016/01/26 6:42:03 ET
Table 'Luthera' 2-max Seat #1 is the button
Seat 1: melyh82 ($34.42 in chips)
Seat 2: krossguard ($114.73 in chips)
melyh82: posts small blind $1
krossguard: posts big blind $3
*** HOLE CARDS ***
melyh82: raises $3 to $6
krossguard: calls $3
*** FLOP *** [5d Kh Jd]
krossguard: checks
melyh82: bets $3
krossguard: folds
Uncalled bet ($3) returned to melyh82
melyh82 collected $11.76 from pot
*** SUMMARY ***
Total pot $12 | Rake $0.24
Board [5d Kh Jd]
Seat 1: melyh82 (button) (small blind) collected ($11.76)
Seat 2: krossguard (big blind) folded on the Flop


PokerStars Hand #147700019526:  Hold'em Limit ($3/$6 USD) - 2016/01/26 6:42:30 ET
Table 'Luthera' 2-max Seat #2 is the button
Seat 1: melyh82 ($44.18 in chips)
Seat 2: krossguard ($104.73 in chips)
krossguard: posts small blind $1
melyh82: posts big blind $3
*** HOLE CARDS ***
krossguard: raises $3 to $6
melyh82: calls $3
*** FLOP *** [2h Ad 4c]
melyh82: checks
krossguard: bets $3
melyh82: calls $3
*** TURN *** [2h Ad 4c] [Jd]
melyh82: checks
krossguard: checks
*** RIVER *** [2h Ad 4c Jd] [9s]
melyh82: checks
krossguard: checks
*** SHOW DOWN ***
melyh82: shows [2s Qc] (a pair of Deuces)
krossguard: mucks hand
melyh82 collected $17.64 from pot
*** SUMMARY ***
Total pot $18 | Rake $0.36
Board [2h Ad 4c Jd 9s]
Seat 1: melyh82 (big blind) showed [2s Qc] and won ($17.64) with a pair of Deuces
Seat 2: krossguard (button) (small blind) mucked


PokerStars Hand #147700016558:  Hold'em Limit ($3/$6 USD) - 2016/01/26 6:42:24 ET
Table 'Luthera' 2-max Seat #1 is the button
Seat 1: melyh82 ($41.18 in chips)
Seat 2: krossguard ($107.73 in chips)
melyh82: posts small blind $1
krossguard: posts big blind $3
*** HOLE CARDS ***
melyh82: raises $3 to $6
krossguard: folds
Uncalled bet ($3) returned to melyh82
melyh82 collected $6 from pot
*** SUMMARY ***
Total pot $6 | Rake $0
Seat 1: melyh82 (button) (small blind) collected ($6)
Seat 2: krossguard (big blind) folded before Flop


PokerStars Hand #147700026763:  Hold'em Limit ($3/$6 USD) - 2016/01/26 6:42:43 ET
Table 'Luthera' 2-max Seat #1 is the button
Seat 1: melyh82 ($52.82 in chips)
Seat 2: krossguard ($95.73 in chips)
melyh82: posts small blind $1
krossguard: posts big blind $3
*** HOLE CARDS ***
melyh82: folds
Uncalled bet ($2) returned to krossguard
krossguard collected $2 from pot
krossguard: doesn't show hand
*** SUMMARY ***
Total pot $2 | Rake $0
Seat 1: melyh82 (button) (small blind) folded before Flop
Seat 2: krossguard (big blind) collected ($2)


PokerStars Hand #147700029549:  Hold'em Limit ($3/$6 USD) - 2016/01/26 6:42:48 ET
Table 'Luthera' 2-max Seat #2 is the button
Seat 1: melyh82 ($51.82 in chips)
Seat 2: krossguard ($96.73 in chips)
krossguard: posts small blind $1
melyh82: posts big blind $3
*** HOLE CARDS ***
krossguard: raises $3 to $6
melyh82: calls $3
*** FLOP *** [Js Ad 3s]
melyh82: checks
krossguard: bets $3
melyh82: folds
Uncalled bet ($3) returned to krossguard
krossguard collected $11.76 from pot
krossguard: doesn't show hand
*** SUMMARY ***
Total pot $12 | Rake $0.24
Board [Js Ad 3s]
Seat 1: melyh82 (big blind) folded on the Flop
Seat 2: krossguard (button) (small blind) collected ($11.76)


PokerStars Hand #147700037941:  Hold'em Limit ($3/$6 USD) - 2016/01/26 6:43:03 ET
Table 'Luthera' 2-max Seat #1 is the button
Seat 1: melyh82 ($45.82 in chips)
Seat 2: krossguard ($102.49 in chips)
melyh82: posts small blind $1
krossguard: posts big blind $3
*** HOLE CARDS ***
melyh82: raises $3 to $6
krossguard: folds
Uncalled bet ($3) returned to melyh82
melyh82 collected $6 from pot
*** SUMMARY ***
Total pot $6 | Rake $0
Seat 1: melyh82 (button) (small blind) collected ($6)
Seat 2: krossguard (big blind) folded before Flop


PokerStars Hand #147700041151:  Hold'em Limit ($3/$6 USD) - 2016/01/26 6:43:08 ET
Table 'Luthera' 2-max Seat #2 is the button
Seat 1: melyh82 ($48.82 in chips)
Seat 2: krossguard ($99.49 in chips)
krossguard: posts small blind $1
melyh82: posts big blind $3
*** HOLE CARDS ***
krossguard: raises $3 to $6
melyh82: calls $3
*** FLOP *** [As Qc 4s]
melyh82: checks
krossguard: bets $3
melyh82: raises $3 to $6
krossguard: calls $3
*** TURN *** [As Qc 4s] [2s]
melyh82: checks
krossguard: bets $6
melyh82: folds
Uncalled bet ($6) returned to krossguard
krossguard collected $23.52 from pot
krossguard: doesn't show hand
*** SUMMARY ***
Total pot $24 | Rake $0.48
Board [As Qc 4s 2s]
Seat 1: melyh82 (big blind) folded on the Turn
Seat 2: krossguard (button) (small blind) collected ($23.52)


PokerStars Hand #147700048984:  Hold'em Limit ($3/$6 USD) - 2016/01/26 6:43:22 ET
Table 'Luthera' 2-max Seat #1 is the button
Seat 1: melyh82 ($36.82 in chips)
Seat 2: krossguard ($111.01 in chips)
melyh82: posts small blind $1
krossguard: posts big blind $3
*** HOLE CARDS ***
melyh82: raises $3 to $6
krossguard: calls $3
*** FLOP *** [6d 5h Kh]
krossguard: checks
melyh82: checks
*** TURN *** [6d 5h Kh] [5c]
krossguard: bets $6
melyh82: calls $6
*** RIVER *** [6d 5h Kh 5c] [8c]
krossguard: checks
melyh82: bets $6
krossguard: folds
Uncalled bet ($6) returned to melyh82
melyh82 collected $23.52 from pot
*** SUMMARY ***
Total pot $24 | Rake $0.48
Board [6d 5h Kh 5c 8c]
Seat 1: melyh82 (button) (small blind) collected ($23.52)
Seat 2: krossguard (big blind) folded on the River


PokerStars Hand #147700056490:  Hold'em Limit ($3/$6 USD) - 2016/01/26 6:43:36 ET
Table 'Luthera' 2-max Seat #2 is the button
Seat 1: melyh82 ($48.34 in chips)
Seat 2: krossguard ($99.01 in chips)
krossguard: posts small blind $1
melyh82: posts big blind $3
*** HOLE CARDS ***
krossguard: raises $3 to $6
melyh82: raises $3 to $9
krossguard: calls $3
*** FLOP *** [5c 7d Qc]
melyh82: bets $3
krossguard: calls $3
*** TURN *** [5c 7d Qc] [9d]
melyh82: checks
krossguard: bets $6
melyh82: calls $6
*** RIVER *** [5c 7d Qc 9d] [Qh]
melyh82: checks
krossguard: bets $6
melyh82: calls $6
*** SHOW DOWN ***
krossguard: shows [Th 5s] (two pair, Queens and Fives)
melyh82: mucks hand
krossguard collected $47.50 from pot
*** SUMMARY ***
Total pot $48 | Rake $0.50
Board [5c 7d Qc 9d Qh]
Seat 1: melyh82 (big blind) mucked
Seat 2: krossguard (button) (small blind) showed [Th 5s] and won ($47.50) with two pair, Queens and Fives


PokerStars Hand #147700069222:  Hold'em Limit ($3/$6 USD) - 2016/01/26 6:43:58 ET
Table 'Luthera' 2-max Seat #1 is the button
Seat 1: melyh82 ($24.34 in chips)
Seat 2: krossguard ($122.51 in chips)
melyh82: posts small blind $1
krossguard: posts big blind $3
*** HOLE CARDS ***
melyh82: raises $3 to $6
krossguard: calls $3
*** FLOP *** [6s Ad 7d]
krossguard: checks
melyh82: bets $3
krossguard: raises $3 to $6
melyh82: calls $3
*** TURN *** [6s Ad 7d] [Th]
krossguard: bets $6
melyh82: folds
Uncalled bet ($6) returned to krossguard
krossguard collected $23.52 from pot
krossguard: doesn't show hand
*** SUMMARY ***
Total pot $24 | Rake $0.48
Board [6s Ad 7d Th]
Seat 1: melyh82 (button) (small blind) folded on the Turn
Seat 2: krossguard (big blind) collected ($23.52)


PokerStars Hand #147700075839:  Hold'em Limit ($3/$6 USD) - 2016/01/26 6:44:10 ET
Table 'Luthera' 2-max Seat #2 is the button
Seat 1: melyh82 ($12.34 in chips)
Seat 2: krossguard ($134.03 in chips)
krossguard: posts small blind $1
melyh82: posts big blind $3
*** HOLE CARDS ***
krossguard: raises $3 to $6
melyh82: calls $3
*** FLOP *** [2h 3c 6h]
melyh82: bets $3
krossguard: raises $3 to $6
melyh82: raises $0.34 to $6.34 and is all-in
krossguard: calls $0.34
*** TURN *** [2h 3c 6h] [Ad]
*** RIVER *** [2h 3c 6h Ad] [9h]
*** SHOW DOWN ***
melyh82: shows [3d Qd] (a pair of Threes)
krossguard: shows [8s 8h] (a pair of Eights)
krossguard collected $24.19 from pot
melyh82 leaves the table
*** SUMMARY ***
Total pot $24.68 | Rake $0.49
Board [2h 3c 6h Ad 9h]
Seat 1: melyh82 (big blind) showed [3d Qd] and lost with a pair of Threes
Seat 2: krossguard (button) (small blind) showed [8s 8h] and won ($24.19) with a pair of Eights


