PokerStars Hand #166059413083:  Hold'em Limit ($3/$6 USD) - 2017/02/11 16:22:20 ET
Table 'Luthera II' 6-max Seat #4 is the button
Seat 2: cola26licht ($13.64 in chips)
Seat 4: belik555 ($112.47 in chips)
belik555: posts small blind $1
cola26licht: posts big blind $3
*** HOLE CARDS ***
ChoiceNR1 leaves the table
belik555: folds
Uncalled bet ($2) returned to cola26licht
cola26licht collected $2 from pot
cola26licht: doesn't show hand
*** SUMMARY ***
Total pot $2 | Rake $0
Seat 2: cola26licht (big blind) collected ($2)
Seat 4: belik555 (button) (small blind) folded before Flop


PokerStars Hand #166059427009:  Hold'em Limit ($3/$6 USD) - 2017/02/11 16:22:35 ET
Table 'Luthera II' 6-max Seat #2 is the button
Seat 2: cola26licht ($14.64 in chips)
Seat 4: belik555 ($111.47 in chips)
cola26licht: posts small blind $1
belik555: posts big blind $3
*** HOLE CARDS ***
cola26licht: raises $3 to $6
belik555: calls $3
*** FLOP *** [5h 4d 5c]
belik555: checks
cola26licht: bets $3
belik555: calls $3
*** TURN *** [5h 4d 5c] [7s]
belik555: checks
cola26licht: bets $5.64 and is all-in
belik555: calls $5.64
*** RIVER *** [5h 4d 5c 7s] [Ks]
*** SHOW DOWN ***
belik555: shows [6h 2h] (a pair of Fives)
cola26licht: shows [As 5d] (three of a kind, Fives)
cola26licht collected $28.78 from pot
*** SUMMARY ***
Total pot $29.28 | Rake $0.50
Board [5h 4d 5c 7s Ks]
Seat 2: cola26licht (button) (small blind) showed [As 5d] and won ($28.78) with three of a kind, Fives
Seat 4: belik555 (big blind) showed [6h 2h] and lost with a pair of Fives


PokerStars Hand #166059473796:  Hold'em Limit ($3/$6 USD) - 2017/02/11 16:23:25 ET
Table 'Luthera II' 6-max Seat #4 is the button
Seat 2: cola26licht ($40.30 in chips)
Seat 4: belik555 ($90 in chips)
belik555: posts small blind $1
cola26licht: posts big blind $3
*** HOLE CARDS ***
belik555: raises $3 to $6
cola26licht: folds
Uncalled bet ($3) returned to belik555
belik555 collected $6 from pot
belik555: doesn't show hand
*** SUMMARY ***
Total pot $6 | Rake $0
Seat 2: cola26licht (big blind) folded before Flop
Seat 4: belik555 (button) (small blind) collected ($6)


PokerStars Hand #166059459586:  Hold'em Limit ($3/$6 USD) - 2017/02/11 16:23:10 ET
Table 'Luthera II' 6-max Seat #2 is the button
Seat 2: cola26licht ($34.54 in chips)
Seat 4: belik555 ($90.83 in chips)
cola26licht: posts small blind $1
belik555: posts big blind $3
*** HOLE CARDS ***
cola26licht: raises $3 to $6
belik555: calls $3
*** FLOP *** [Js Qs Ah]
belik555: checks
cola26licht: bets $3
belik555: folds
Uncalled bet ($3) returned to cola26licht
cola26licht collected $11.76 from pot
cola26licht: doesn't show hand
*** SUMMARY ***
Total pot $12 | Rake $0.24
Board [Js Qs Ah]
Seat 2: cola26licht (button) (small blind) collected ($11.76)
Seat 4: belik555 (big blind) folded on the Flop


PokerStars Hand #166059441278:  Hold'em Limit ($3/$6 USD) - 2017/02/11 16:22:50 ET
Table 'Luthera II' 6-max Seat #4 is the button
Seat 2: cola26licht ($28.78 in chips)
Seat 4: belik555 ($96.83 in chips)
belik555: posts small blind $1
cola26licht: posts big blind $3
*** HOLE CARDS ***
belik555: raises $3 to $6
cola26licht: calls $3
*** FLOP *** [8h 2h Kd]
cola26licht: checks
belik555: checks
*** TURN *** [8h 2h Kd] [As]
cola26licht: checks
belik555: checks
*** RIVER *** [8h 2h Kd As] [5h]
cola26licht: bets $6
belik555: folds
Uncalled bet ($6) returned to cola26licht
cola26licht collected $11.76 from pot
cola26licht: doesn't show hand
*** SUMMARY ***
Total pot $12 | Rake $0.24
Board [8h 2h Kd As 5h]
Seat 2: cola26licht (big blind) collected ($11.76)
Seat 4: belik555 (button) (small blind) folded on the River


PokerStars Hand #166059482468:  Hold'em Limit ($3/$6 USD) - 2017/02/11 16:23:35 ET
Table 'Luthera II' 6-max Seat #2 is the button
Seat 2: cola26licht ($37.30 in chips)
Seat 4: belik555 ($93 in chips)
cola26licht: posts small blind $1
belik555: posts big blind $3
*** HOLE CARDS ***
cola26licht: raises $3 to $6
belik555: calls $3
*** FLOP *** [Ah 4s 4c]
belik555: checks
cola26licht: bets $3
belik555: folds
Uncalled bet ($3) returned to cola26licht
cola26licht collected $11.76 from pot
cola26licht: doesn't show hand
*** SUMMARY ***
Total pot $12 | Rake $0.24
Board [Ah 4s 4c]
Seat 2: cola26licht (button) (small blind) collected ($11.76)
Seat 4: belik555 (big blind) folded on the Flop


PokerStars Hand #166059537816:  Hold'em Limit ($3/$6 USD) - 2017/02/11 16:24:35 ET
Table 'Luthera II' 6-max Seat #4 is the button
Seat 4: belik555 ($132.16 in chips)
Seat 5: ermolov1 ($120 in chips)
belik555: posts small blind $1
ermolov1: posts big blind $3
*** HOLE CARDS ***
belik555: folds
Uncalled bet ($2) returned to ermolov1
cola26licht leaves the table
ermolov1 collected $2 from pot
ermolov1: doesn't show hand
*** SUMMARY ***
Total pot $2 | Rake $0
Seat 4: belik555 (button) (small blind) folded before Flop
Seat 5: ermolov1 (big blind) collected ($2)


PokerStars Hand #166059522153:  Hold'em Limit ($3/$6 USD) - 2017/02/11 16:24:18 ET
Table 'Luthera II' 6-max Seat #2 is the button
Seat 2: cola26licht ($10.06 in chips)
Seat 4: belik555 ($122.50 in chips)
cola26licht: posts small blind $1
belik555: posts big blind $3
*** HOLE CARDS ***
cola26licht: raises $3 to $6
belik555: calls $3
*** FLOP *** [6h 3h 7c]
belik555: checks
cola26licht: bets $3
belik555: calls $3
*** TURN *** [6h 3h 7c] [5d]
belik555: checks
cola26licht: bets $1.06 and is all-in
belik555: calls $1.06
*** RIVER *** [6h 3h 7c 5d] [3s]
*** SHOW DOWN ***
belik555: shows [4h Ad] (a straight, Three to Seven)
cola26licht: shows [Qd Ac] (a pair of Threes)
belik555 collected $19.72 from pot
*** SUMMARY ***
Total pot $20.12 | Rake $0.40
Board [6h 3h 7c 5d 3s]
Seat 2: cola26licht (button) (small blind) showed [Qd Ac] and lost with a pair of Threes
Seat 4: belik555 (big blind) showed [4h Ad] and won ($19.72) with a straight, Three to Seven


PokerStars Hand #166059494364:  Hold'em Limit ($3/$6 USD) - 2017/02/11 16:23:48 ET
Table 'Luthera II' 6-max Seat #4 is the button
Seat 2: cola26licht ($43.06 in chips)
Seat 4: belik555 ($90 in chips)
belik555: posts small blind $1
cola26licht: posts big blind $3
*** HOLE CARDS ***
belik555: raises $3 to $6
cola26licht: calls $3
*** FLOP *** [4s 3d Kh]
cola26licht: bets $3
belik555: calls $3
*** TURN *** [4s 3d Kh] [Ac]
ermolov1 joins the table at seat #5
cola26licht: bets $6
belik555: raises $6 to $12
cola26licht: calls $6
*** RIVER *** [4s 3d Kh Ac] [Ah]
cola26licht: bets $6
belik555: raises $6 to $12
cola26licht: calls $6
*** SHOW DOWN ***
belik555: shows [Ad 8h] (three of a kind, Aces)
cola26licht: mucks hand
belik555 collected $65.50 from pot
*** SUMMARY ***
Total pot $66 | Rake $0.50
Board [4s 3d Kh Ac Ah]
Seat 2: cola26licht (big blind) mucked
Seat 4: belik555 (button) (small blind) showed [Ad 8h] and won ($65.50) with three of a kind, Aces


PokerStars Hand #166059542830:  Hold'em Limit ($3/$6 USD) - 2017/02/11 16:24:40 ET
Table 'Luthera II' 6-max Seat #5 is the button
Seat 4: belik555 ($131.16 in chips)
Seat 5: ermolov1 ($121 in chips)
ermolov1: posts small blind $1
belik555: posts big blind $3
*** HOLE CARDS ***
ermolov1: raises $3 to $6
belik555: calls $3
*** FLOP *** [As 5d Kh]
belik555: checks
ermolov1: bets $3
belik555: calls $3
*** TURN *** [As 5d Kh] [Td]
belik555: checks
ermolov1: bets $6
belik555: calls $6
*** RIVER *** [As 5d Kh Td] [6s]
belik555: checks
ermolov1: checks
*** SHOW DOWN ***
belik555: shows [7d Kc] (a pair of Kings)
ermolov1: mucks hand
belik555 collected $29.50 from pot
*** SUMMARY ***
Total pot $30 | Rake $0.50
Board [As 5d Kh Td 6s]
Seat 4: belik555 (big blind) showed [7d Kc] and won ($29.50) with a pair of Kings
Seat 5: ermolov1 (button) (small blind) mucked


