PokerStars Hand #155429405950:  Hold'em Limit ($3/$6 USD) - 2016/07/01 12:20:51 ET
Table 'Luyten' 6-max Seat #6 is the button
Seat 4: vestimokrec ($133.64 in chips)
Seat 6: Swingbling ($224.46 in chips)
Swingbling: posts small blind $1
vestimokrec: posts big blind $3
*** HOLE CARDS ***
Swingbling: folds
Uncalled bet ($2) returned to vestimokrec
vestimokrec collected $2 from pot
vestimokrec: doesn't show hand
*** SUMMARY ***
Total pot $2 | Rake $0
Seat 4: vestimokrec (big blind) collected ($2)
Seat 6: Swingbling (button) (small blind) folded before Flop


PokerStars Hand #155429408691:  Hold'em Limit ($3/$6 USD) - 2016/07/01 12:20:56 ET
Table 'Luyten' 6-max Seat #4 is the button
Seat 4: vestimokrec ($134.64 in chips)
Seat 6: Swingbling ($223.46 in chips)
vestimokrec: posts small blind $1
Swingbling: posts big blind $3
*** HOLE CARDS ***
vestimokrec: raises $3 to $6
Swingbling: calls $3
*** FLOP *** [Kc 7c 7d]
Swingbling: checks
vestimokrec: bets $3
Swingbling: calls $3
*** TURN *** [Kc 7c 7d] [4c]
liroibom leaves the table
Swingbling: checks
kolaz03 joins the table at seat #2
kolaz03 leaves the table
vestimokrec: bets $6
Swingbling: calls $6
*** RIVER *** [Kc 7c 7d 4c] [9s]
Swingbling: checks
vestimokrec: bets $6
Swingbling: calls $6
*** SHOW DOWN ***
vestimokrec: shows [8c 5d] (a pair of Sevens)
Swingbling: shows [Kd 3s] (two pair, Kings and Sevens)
Swingbling collected $41.50 from pot
*** SUMMARY ***
Total pot $42 | Rake $0.50
Board [Kc 7c 7d 4c 9s]
Seat 4: vestimokrec (button) (small blind) showed [8c 5d] and lost with a pair of Sevens
Seat 6: Swingbling (big blind) showed [Kd 3s] and won ($41.50) with two pair, Kings and Sevens


