PokerStars Hand #156350176278:  Hold'em Limit ($3/$6 USD) - 2016/07/23 15:25:59 ET
Table 'Luyten' 6-max Seat #4 is the button
Seat 4: AzureCaper ($72 in chips)
Seat 5: LWNS ($80 in chips)
AzureCaper: posts small blind $1
LWNS: posts big blind $3
*** HOLE CARDS ***
AzureCaper: folds
Uncalled bet ($2) returned to LWNS
LWNS collected $2 from pot
LWNS: doesn't show hand
*** SUMMARY ***
Total pot $2 | Rake $0
Seat 4: AzureCaper (button) (small blind) folded before Flop
Seat 5: LWNS (big blind) collected ($2)


PokerStars Hand #156350213674:  Hold'em Limit ($3/$6 USD) - 2016/07/23 15:26:49 ET
Table 'Luyten' 6-max Seat #4 is the button
Seat 4: AzureCaper ($73 in chips)
Seat 5: LWNS ($109.14 in chips)
AzureCaper: posts small blind $1
LWNS: posts big blind $3
*** HOLE CARDS ***
AzureCaper: raises $3 to $6
LWNS: calls $3
*** FLOP *** [Qd Ad 2s]
LWNS: checks
AzureCaper: bets $3
LWNS: raises $3 to $6
AzureCaper: folds
Uncalled bet ($3) returned to LWNS
LWNS collected $17.64 from pot
LWNS: doesn't show hand
*** SUMMARY ***
Total pot $18 | Rake $0.36
Board [Qd Ad 2s]
Seat 4: AzureCaper (button) (small blind) folded on the Flop
Seat 5: LWNS (big blind) collected ($17.64)


PokerStars Hand #156350210116:  Hold'em Limit ($3/$6 USD) - 2016/07/23 15:26:44 ET
Table 'Luyten' 6-max Seat #5 is the button
Seat 4: AzureCaper ($72 in chips)
Seat 5: LWNS ($110.14 in chips)
LWNS: posts small blind $1
AzureCaper: posts big blind $3
*** HOLE CARDS ***
LWNS: folds
Uncalled bet ($2) returned to AzureCaper
AzureCaper collected $2 from pot
AzureCaper: doesn't show hand
*** SUMMARY ***
Total pot $2 | Rake $0
Seat 4: AzureCaper (big blind) collected ($2)
Seat 5: LWNS (button) (small blind) folded before Flop


PokerStars Hand #156350197591:  Hold'em Limit ($3/$6 USD) - 2016/07/23 15:26:27 ET
Table 'Luyten' 6-max Seat #4 is the button
Seat 4: AzureCaper ($72 in chips)
Seat 5: LWNS ($101.50 in chips)
AzureCaper: posts small blind $1
LWNS: posts big blind $3
*** HOLE CARDS ***
AzureCaper: raises $3 to $6
LWNS: calls $3
*** FLOP *** [3s Qc 9c]
LWNS: checks
AzureCaper: bets $3
LWNS: calls $3
*** TURN *** [3s Qc 9c] [As]
LWNS: checks
AzureCaper: checks
*** RIVER *** [3s Qc 9c As] [5s]
LWNS: checks
AzureCaper: checks
*** SHOW DOWN ***
LWNS: shows [Js Th] (high card Ace)
AzureCaper: mucks hand
LWNS collected $17.64 from pot
*** SUMMARY ***
Total pot $18 | Rake $0.36
Board [3s Qc 9c As 5s]
Seat 4: AzureCaper (button) (small blind) mucked
Seat 5: LWNS (big blind) showed [Js Th] and won ($17.64) with high card Ace


PokerStars Hand #156350181163:  Hold'em Limit ($3/$6 USD) - 2016/07/23 15:26:06 ET
Table 'Luyten' 6-max Seat #5 is the button
Seat 4: AzureCaper ($72 in chips)
Seat 5: LWNS ($81 in chips)
LWNS: posts small blind $1
AzureCaper: posts big blind $3
*** HOLE CARDS ***
LWNS: raises $3 to $6
AzureCaper: calls $3
*** FLOP *** [4h As 6d]
AzureCaper: checks
LWNS: bets $3
AzureCaper: calls $3
*** TURN *** [4h As 6d] [Ah]
AzureCaper: checks
LWNS: bets $6
AzureCaper: calls $6
*** RIVER *** [4h As 6d Ah] [Th]
AzureCaper: checks
LWNS: bets $6
AzureCaper: calls $6
*** SHOW DOWN ***
LWNS: shows [7d Ts] (two pair, Aces and Tens)
AzureCaper: mucks hand
LWNS collected $41.50 from pot
*** SUMMARY ***
Total pot $42 | Rake $0.50
Board [4h As 6d Ah Th]
Seat 4: AzureCaper (big blind) mucked
Seat 5: LWNS (button) (small blind) showed [7d Ts] and won ($41.50) with two pair, Aces and Tens


PokerStars Hand #156350239407:  Hold'em Limit ($3/$6 USD) - 2016/07/23 15:27:23 ET
Table 'Luyten' 6-max Seat #5 is the button
Seat 4: AzureCaper ($75 in chips)
Seat 5: LWNS ($129.28 in chips)
LWNS: posts small blind $1
AzureCaper: posts big blind $3
*** HOLE CARDS ***
LWNS: calls $2
AzureCaper: checks
*** FLOP *** [2s Kh Kc]
AzureCaper: checks
LWNS: checks
*** TURN *** [2s Kh Kc] [4d]
AzureCaper: checks
LWNS: checks
*** RIVER *** [2s Kh Kc 4d] [5s]
AzureCaper: checks
LWNS: checks
*** SHOW DOWN ***
AzureCaper: shows [9h Jd] (a pair of Kings)
LWNS: mucks hand
AzureCaper collected $5.88 from pot
*** SUMMARY ***
Total pot $6 | Rake $0.12
Board [2s Kh Kc 4d 5s]
Seat 4: AzureCaper (big blind) showed [9h Jd] and won ($5.88) with a pair of Kings
Seat 5: LWNS (button) (small blind) mucked


PokerStars Hand #156350235406:  Hold'em Limit ($3/$6 USD) - 2016/07/23 15:27:18 ET
Table 'Luyten' 6-max Seat #4 is the button
Seat 4: AzureCaper ($72 in chips)
Seat 5: LWNS ($132.28 in chips)
AzureCaper: posts small blind $1
LWNS: posts big blind $3
*** HOLE CARDS ***
AzureCaper: raises $3 to $6
LWNS: folds
Uncalled bet ($3) returned to AzureCaper
AzureCaper collected $6 from pot
AzureCaper: doesn't show hand
*** SUMMARY ***
Total pot $6 | Rake $0
Seat 4: AzureCaper (button) (small blind) collected ($6)
Seat 5: LWNS (big blind) folded before Flop


PokerStars Hand #156350221850:  Hold'em Limit ($3/$6 USD) - 2016/07/23 15:27:00 ET
Table 'Luyten' 6-max Seat #5 is the button
Seat 4: AzureCaper ($72 in chips)
Seat 5: LWNS ($117.78 in chips)
LWNS: posts small blind $1
AzureCaper: posts big blind $3
*** HOLE CARDS ***
LWNS: raises $3 to $6
AzureCaper: calls $3
*** FLOP *** [As 2s 8h]
AzureCaper: checks
LWNS: bets $3
AzureCaper: calls $3
*** TURN *** [As 2s 8h] [7d]
AzureCaper: checks
LWNS: bets $6
AzureCaper: calls $6
*** RIVER *** [As 2s 8h 7d] [4d]
AzureCaper: checks
LWNS: checks
*** SHOW DOWN ***
AzureCaper: shows [Kd 9h] (high card Ace)
LWNS: shows [Ks Ts] (high card Ace - King+Ten kicker)
LWNS collected $29.50 from pot
*** SUMMARY ***
Total pot $30 | Rake $0.50
Board [As 2s 8h 7d 4d]
Seat 4: AzureCaper (big blind) showed [Kd 9h] and lost with high card Ace
Seat 5: LWNS (button) (small blind) showed [Ks Ts] and won ($29.50) with high card Ace


