PokerStars Hand #145273892003:  Hold'em Limit ($3/$6 USD) - 2015/12/13 8:41:57 ET
Table 'Luyten II' 6-max Seat #1 is the button
Seat 1: linkin0909 ($120 in chips)
Seat 2: BuzovaPro ($72 in chips)
linkin0909: posts small blind $1
LolDnkaments joins the table at seat #3
BuzovaPro: posts big blind $3
*** HOLE CARDS ***
linkin0909: raises $3 to $6
BuzovaPro: raises $3 to $9
linkin0909: calls $3
*** FLOP *** [Jd 7c Qh]
BuzovaPro: bets $3
linkin0909: calls $3
*** TURN *** [Jd 7c Qh] [8c]
BuzovaPro: bets $6
linkin0909: calls $6
*** RIVER *** [Jd 7c Qh 8c] [3d]
BuzovaPro: bets $6
linkin0909: calls $6
*** SHOW DOWN ***
BuzovaPro: shows [Jc Qc] (two pair, Queens and Jacks)
linkin0909: mucks hand
BuzovaPro collected $47.50 from pot
*** SUMMARY ***
Total pot $48 | Rake $0.50
Board [Jd 7c Qh 8c 3d]
Seat 1: linkin0909 (button) (small blind) mucked
Seat 2: BuzovaPro (big blind) showed [Jc Qc] and won ($47.50) with two pair, Queens and Jacks


PokerStars Hand #145276274286:  Hold'em Limit ($3/$6 USD) - 2015/12/13 9:39:21 ET
Table 'Luyten II' 6-max Seat #5 is the button
Seat 2: baur017017 ($35.10 in chips)
Seat 5: RockKillerTY ($97.87 in chips)
RockKillerTY: posts small blind $1
baur017017: posts big blind $3
*** HOLE CARDS ***
RockKillerTY: folds
Uncalled bet ($2) returned to baur017017
baur017017 collected $2 from pot
baur017017: doesn't show hand
*** SUMMARY ***
Total pot $2 | Rake $0
Seat 2: baur017017 (big blind) collected ($2)
Seat 5: RockKillerTY (button) (small blind) folded before Flop


PokerStars Hand #145276262356:  Hold'em Limit ($3/$6 USD) - 2015/12/13 9:39:05 ET
Table 'Luyten II' 6-max Seat #2 is the button
Seat 2: baur017017 ($29.34 in chips)
Seat 5: RockKillerTY ($103.87 in chips)
baur017017: posts small blind $1
RockKillerTY: posts big blind $3
*** HOLE CARDS ***
baur017017: raises $3 to $6
RockKillerTY: calls $3
*** FLOP *** [8s 5c Jd]
RockKillerTY: checks
baur017017: bets $3
RockKillerTY: folds
Uncalled bet ($3) returned to baur017017
baur017017 collected $11.76 from pot
baur017017: doesn't show hand
*** SUMMARY ***
Total pot $12 | Rake $0.24
Board [8s 5c Jd]
Seat 2: baur017017 (button) (small blind) collected ($11.76)
Seat 5: RockKillerTY (big blind) folded on the Flop


PokerStars Hand #145276277988:  Hold'em Limit ($3/$6 USD) - 2015/12/13 9:39:26 ET
Table 'Luyten II' 6-max Seat #2 is the button
Seat 2: baur017017 ($36.10 in chips)
Seat 5: RockKillerTY ($96.87 in chips)
baur017017: posts small blind $1
RockKillerTY: posts big blind $3
*** HOLE CARDS ***
baur017017: folds
Uncalled bet ($2) returned to RockKillerTY
RockKillerTY collected $2 from pot
RockKillerTY: doesn't show hand
*** SUMMARY ***
Total pot $2 | Rake $0
Seat 2: baur017017 (button) (small blind) folded before Flop
Seat 5: RockKillerTY (big blind) collected ($2)


PokerStars Hand #145276227940:  Hold'em Limit ($3/$6 USD) - 2015/12/13 9:38:18 ET
Table 'Luyten II' 6-max Seat #5 is the button
Seat 1: LukaSteel ($181.38 in chips)
Seat 5: RockKillerTY ($95.23 in chips)
RockKillerTY: posts small blind $1
LukaSteel: posts big blind $3
*** HOLE CARDS ***
69bentley leaves the table
RockKillerTY: raises $3 to $6
LukaSteel: calls $3
*** FLOP *** [4d 9c Kc]
LukaSteel: checks
RockKillerTY: bets $3
LukaSteel: calls $3
*** TURN *** [4d 9c Kc] [Th]
LukaSteel: checks
RockKillerTY: bets $6
LukaSteel: folds
Uncalled bet ($6) returned to RockKillerTY
RockKillerTY collected $17.64 from pot
RockKillerTY: doesn't show hand
*** SUMMARY ***
Total pot $18 | Rake $0.36
Board [4d 9c Kc Th]
Seat 1: LukaSteel (big blind) folded on the Turn
Seat 5: RockKillerTY (button) (small blind) collected ($17.64)


PokerStars Hand #145276282407:  Hold'em Limit ($3/$6 USD) - 2015/12/13 9:39:32 ET
Table 'Luyten II' 6-max Seat #5 is the button
Seat 2: baur017017 ($35.10 in chips)
Seat 5: RockKillerTY ($97.87 in chips)
RockKillerTY: posts small blind $1
baur017017: posts big blind $3
*** HOLE CARDS ***
RockKillerTY: raises $3 to $6
baur017017: calls $3
*** FLOP *** [Jh 9c 8c]
baur017017: checks
RockKillerTY: bets $3
baur017017: calls $3
*** TURN *** [Jh 9c 8c] [7d]
baur017017: checks
RockKillerTY: bets $6
baur017017: raises $6 to $12
SLK500 joins the table at seat #3
RockKillerTY: calls $6
*** RIVER *** [Jh 9c 8c 7d] [4c]
baur017017: bets $6
RockKillerTY: calls $6
*** SHOW DOWN ***
baur017017: shows [5h Th] (a straight, Seven to Jack)
RockKillerTY: mucks hand
baur017017 collected $53.50 from pot
*** SUMMARY ***
Total pot $54 | Rake $0.50
Board [Jh 9c 8c 7d 4c]
Seat 2: baur017017 (big blind) showed [5h Th] and won ($53.50) with a straight, Seven to Jack
Seat 5: RockKillerTY (button) (small blind) mucked


PokerStars Hand #145276906793:  Hold'em Limit ($3/$6 USD) - 2015/12/13 9:53:39 ET
Table 'Luyten II' 6-max Seat #6 is the button
Seat 3: SLK500 ($56.63 in chips)
Seat 6: Puzanchik 11 ($92.73 in chips)
frons01 will be allowed to play after the button
Puzanchik 11: posts small blind $1
SLK500: posts big blind $3
*** HOLE CARDS ***
Puzanchik 11: folds
Uncalled bet ($2) returned to SLK500
bentinck113 joins the table at seat #1
SLK500 collected $2 from pot
SLK500: doesn't show hand
frons01 leaves the table
*** SUMMARY ***
Total pot $2 | Rake $0
Seat 3: SLK500 (big blind) collected ($2)
Seat 6: Puzanchik 11 (button) (small blind) folded before Flop


PokerStars Hand #145276910390:  Hold'em Limit ($3/$6 USD) - 2015/12/13 9:53:44 ET
Table 'Luyten II' 6-max Seat #3 is the button
Seat 3: SLK500 ($57.63 in chips)
Seat 6: Puzanchik 11 ($91.73 in chips)
SLK500: posts small blind $1
Puzanchik 11: posts big blind $3
*** HOLE CARDS ***
SLK500: raises $3 to $6
Puzanchik 11: calls $3
*** FLOP *** [Jc 5d Jh]
Puzanchik 11: checks
SLK500: bets $3
Puzanchik 11: calls $3
*** TURN *** [Jc 5d Jh] [Kc]
Puzanchik 11: checks
SLK500: checks
*** RIVER *** [Jc 5d Jh Kc] [7s]
Puzanchik 11: bets $6
SLK500: folds
Uncalled bet ($6) returned to Puzanchik 11
Puzanchik 11 collected $17.64 from pot
Puzanchik 11: doesn't show hand
*** SUMMARY ***
Total pot $18 | Rake $0.36
Board [Jc 5d Jh Kc 7s]
Seat 3: SLK500 (button) (small blind) folded on the River
Seat 6: Puzanchik 11 (big blind) collected ($17.64)


PokerStars Hand #145276972491:  Hold'em Limit ($3/$6 USD) - 2015/12/13 9:55:07 ET
Table 'Luyten II' 6-max Seat #6 is the button
Seat 3: SLK500 ($65.91 in chips)
Seat 6: Puzanchik 11 ($82.37 in chips)
Puzanchik 11: posts small blind $1
SLK500: posts big blind $3
*** HOLE CARDS ***
Puzanchik 11: raises $3 to $6
SLK500: calls $3
*** FLOP *** [Tc Qc 9h]
SLK500: bets $3
Puzanchik 11: calls $3
*** TURN *** [Tc Qc 9h] [3s]
SLK500: checks
Puzanchik 11: bets $6
SLK500: folds
Uncalled bet ($6) returned to Puzanchik 11
Puzanchik 11 collected $17.64 from pot
Puzanchik 11: doesn't show hand
*** SUMMARY ***
Total pot $18 | Rake $0.36
Board [Tc Qc 9h 3s]
Seat 3: SLK500 (big blind) folded on the Turn
Seat 6: Puzanchik 11 (button) (small blind) collected ($17.64)


PokerStars Hand #145276955942:  Hold'em Limit ($3/$6 USD) - 2015/12/13 9:54:44 ET
Table 'Luyten II' 6-max Seat #3 is the button
Seat 3: SLK500 ($60.15 in chips)
Seat 6: Puzanchik 11 ($88.37 in chips)
SLK500: posts small blind $1
Puzanchik 11: posts big blind $3
*** HOLE CARDS ***
SLK500: raises $3 to $6
Puzanchik 11: calls $3
*** FLOP *** [9h Qc 7d]
Puzanchik 11: checks
SLK500: bets $3
Puzanchik 11: folds
Uncalled bet ($3) returned to SLK500
SLK500 collected $11.76 from pot
SLK500: doesn't show hand
*** SUMMARY ***
Total pot $12 | Rake $0.24
Board [9h Qc 7d]
Seat 3: SLK500 (button) (small blind) collected ($11.76)
Seat 6: Puzanchik 11 (big blind) folded on the Flop


PokerStars Hand #145276984738:  Hold'em Limit ($3/$6 USD) - 2015/12/13 9:55:26 ET
Table 'Luyten II' 6-max Seat #3 is the button
Seat 3: SLK500 ($56.91 in chips)
Seat 6: Puzanchik 11 ($91.01 in chips)
SLK500: posts small blind $1
Puzanchik 11: posts big blind $3
*** HOLE CARDS ***
SLK500: raises $3 to $6
Puzanchik 11: calls $3
*** FLOP *** [9h Ah Ts]
Puzanchik 11: checks
SLK500: bets $3
Puzanchik 11: calls $3
*** TURN *** [9h Ah Ts] [Th]
Puzanchik 11: checks
SLK500: bets $6
Puzanchik 11: calls $6
*** RIVER *** [9h Ah Ts Th] [Kh]
Puzanchik 11: checks
SLK500: bets $6
Puzanchik 11: calls $6
*** SHOW DOWN ***
SLK500: shows [Jd Qd] (a straight, Ten to Ace)
Puzanchik 11: shows [Jh 9d] (a flush, Ace high)
Puzanchik 11 collected $41.50 from pot
*** SUMMARY ***
Total pot $42 | Rake $0.50
Board [9h Ah Ts Th Kh]
Seat 3: SLK500 (button) (small blind) showed [Jd Qd] and lost with a straight, Ten to Ace
Seat 6: Puzanchik 11 (big blind) showed [Jh 9d] and won ($41.50) with a flush, Ace high


PokerStars Hand #145277022704:  Hold'em Limit ($3/$6 USD) - 2015/12/13 9:56:30 ET
Table 'Luyten II' 6-max Seat #3 is the button
Seat 3: SLK500 ($13.91 in chips)
Seat 6: Puzanchik 11 ($133.01 in chips)
SLK500: posts small blind $1
Puzanchik 11: posts big blind $3
*** HOLE CARDS ***
SLK500: raises $3 to $6
Puzanchik 11: folds
Uncalled bet ($3) returned to SLK500
SLK500 collected $6 from pot
SLK500: doesn't show hand
*** SUMMARY ***
Total pot $6 | Rake $0
Seat 3: SLK500 (button) (small blind) collected ($6)
Seat 6: Puzanchik 11 (big blind) folded before Flop


PokerStars Hand #145277032830:  Hold'em Limit ($3/$6 USD) - 2015/12/13 9:56:46 ET
Table 'Luyten II' 6-max Seat #6 is the button
Seat 3: SLK500 ($20.91 in chips)
Seat 6: Puzanchik 11 ($126.01 in chips)
Puzanchik 11: posts small blind $1
SLK500: posts big blind $3
*** HOLE CARDS ***
Puzanchik 11: folds
Uncalled bet ($2) returned to SLK500
SLK500 collected $2 from pot
SLK500: doesn't show hand
*** SUMMARY ***
Total pot $2 | Rake $0
Seat 3: SLK500 (big blind) collected ($2)
Seat 6: Puzanchik 11 (button) (small blind) folded before Flop


PokerStars Hand #145277047603:  Hold'em Limit ($3/$6 USD) - 2015/12/13 9:57:10 ET
Table 'Luyten II' 6-max Seat #6 is the button
Seat 3: SLK500 ($30.55 in chips)
Seat 6: Puzanchik 11 ($116.01 in chips)
Puzanchik 11: posts small blind $1
SLK500: posts big blind $3
*** HOLE CARDS ***
Puzanchik 11: folds
Uncalled bet ($2) returned to SLK500
SLK500 collected $2 from pot
SLK500: doesn't show hand
*** SUMMARY ***
Total pot $2 | Rake $0
Seat 3: SLK500 (big blind) collected ($2)
Seat 6: Puzanchik 11 (button) (small blind) folded before Flop


PokerStars Hand #145277050760:  Hold'em Limit ($3/$6 USD) - 2015/12/13 9:57:15 ET
Table 'Luyten II' 6-max Seat #3 is the button
Seat 3: SLK500 ($31.55 in chips)
Seat 6: Puzanchik 11 ($115.01 in chips)
SLK500: posts small blind $1
Puzanchik 11: posts big blind $3
*** HOLE CARDS ***
SLK500: raises $3 to $6
Puzanchik 11: folds
Uncalled bet ($3) returned to SLK500
SLK500 collected $6 from pot
SLK500: doesn't show hand
*** SUMMARY ***
Total pot $6 | Rake $0
Seat 3: SLK500 (button) (small blind) collected ($6)
Seat 6: Puzanchik 11 (big blind) folded before Flop


PokerStars Hand #145277029007:  Hold'em Limit ($3/$6 USD) - 2015/12/13 9:56:40 ET
Table 'Luyten II' 6-max Seat #3 is the button
Seat 3: SLK500 ($17.91 in chips)
Seat 6: Puzanchik 11 ($129.01 in chips)
SLK500: posts small blind $1
Puzanchik 11: posts big blind $3
*** HOLE CARDS ***
SLK500: raises $3 to $6
Puzanchik 11: folds
Uncalled bet ($3) returned to SLK500
SLK500 collected $6 from pot
*** SUMMARY ***
Total pot $6 | Rake $0
Seat 3: SLK500 (button) (small blind) collected ($6)
Seat 6: Puzanchik 11 (big blind) folded before Flop


PokerStars Hand #145277026305:  Hold'em Limit ($3/$6 USD) - 2015/12/13 9:56:35 ET
Table 'Luyten II' 6-max Seat #6 is the button
Seat 3: SLK500 ($16.91 in chips)
Seat 6: Puzanchik 11 ($130.01 in chips)
Puzanchik 11: posts small blind $1
SLK500: posts big blind $3
*** HOLE CARDS ***
Puzanchik 11: folds
Uncalled bet ($2) returned to SLK500
SLK500 collected $2 from pot
SLK500: doesn't show hand
*** SUMMARY ***
Total pot $2 | Rake $0
Seat 3: SLK500 (big blind) collected ($2)
Seat 6: Puzanchik 11 (button) (small blind) folded before Flop


PokerStars Hand #145277054764:  Hold'em Limit ($3/$6 USD) - 2015/12/13 9:57:22 ET
Table 'Luyten II' 6-max Seat #6 is the button
Seat 3: SLK500 ($34.55 in chips)
Seat 6: Puzanchik 11 ($112.01 in chips)
Puzanchik 11: posts small blind $1
SLK500: posts big blind $3
*** HOLE CARDS ***
Puzanchik 11: raises $3 to $6
SLK500: raises $3 to $9
Puzanchik 11: calls $3
*** FLOP *** [Qc 8c Kd]
SLK500: bets $3
Puzanchik 11: calls $3
*** TURN *** [Qc 8c Kd] [6c]
SLK500: bets $6
Puzanchik 11: raises $6 to $12
SLK500: calls $6
*** RIVER *** [Qc 8c Kd 6c] [8d]
SLK500: checks
Puzanchik 11: bets $6
SLK500: folds
Uncalled bet ($6) returned to Puzanchik 11
Puzanchik 11 collected $47.50 from pot
Puzanchik 11: doesn't show hand
*** SUMMARY ***
Total pot $48 | Rake $0.50
Board [Qc 8c Kd 6c 8d]
Seat 3: SLK500 (big blind) folded on the River
Seat 6: Puzanchik 11 (button) (small blind) collected ($47.50)


PokerStars Hand #145279146091:  Hold'em Limit ($3/$6 USD) - 2015/12/13 10:41:28 ET
Table 'Luyten II' 6-max Seat #2 is the button
Seat 2: parnishka11 ($55.15 in chips)
Seat 6: scorpio04 ($72 in chips)
parnishka11: posts small blind $1
scorpio04: posts big blind $3
*** HOLE CARDS ***
parnishka11: raises $3 to $6
scorpio04: raises $3 to $9
parnishka11: calls $3
*** FLOP *** [7h Jh 2h]
A_Dyachenko joins the table at seat #3
Karpik09 joins the table at seat #4
ValeryRon joins the table at seat #5
Carl1891 joins the table at seat #1
scorpio04: checks
parnishka11: bets $3
scorpio04: folds
Uncalled bet ($3) returned to parnishka11
parnishka11 collected $17.64 from pot
parnishka11: doesn't show hand
*** SUMMARY ***
Total pot $18 | Rake $0.36
Board [7h Jh 2h]
Seat 2: parnishka11 (button) (small blind) collected ($17.64)
Seat 6: scorpio04 (big blind) folded on the Flop


PokerStars Hand #145280160621:  Hold'em Limit ($3/$6 USD) - 2015/12/13 11:02:49 ET
Table 'Luyten II' 6-max Seat #1 is the button
Seat 1: ledio782 ($112.70 in chips)
Seat 6: scorpio04 ($72 in chips)
ledio782: posts small blind $1
parnishka11: is sitting out
scorpio04: posts big blind $3
*** HOLE CARDS ***
ledio782: raises $3 to $6
parnishka11 leaves the table
scorpio04: calls $3
*** FLOP *** [As Js Tc]
scorpio04: checks
ledio782: bets $3
scorpio04: calls $3
*** TURN *** [As Js Tc] [6h]
scorpio04: checks
ledio782: bets $6
scorpio04: folds
Uncalled bet ($6) returned to ledio782
ledio782 collected $17.64 from pot
*** SUMMARY ***
Total pot $18 | Rake $0.36
Board [As Js Tc 6h]
Seat 1: ledio782 (button) (small blind) collected ($17.64)
Seat 6: scorpio04 (big blind) folded on the Turn


