PokerStars Hand #147269884922:  Hold'em Limit ($3/$6 USD) - 2016/01/18 15:07:41 ET
Table 'Luznice II' 6-max Seat #4 is the button
Seat 4: AzureCaper ($92.26 in chips)
Seat 5: olavike ($51 in chips)
AzureCaper: posts small blind $1
olavike: posts big blind $3
*** HOLE CARDS ***
AzureCaper: raises $3 to $6
olavike: calls $3
*** FLOP *** [4d 6d Ac]
olavike: checks
AzureCaper: bets $3
olavike: folds
Uncalled bet ($3) returned to AzureCaper
BuzovaPro joins the table at seat #6
AzureCaper collected $11.76 from pot
AzureCaper: doesn't show hand
*** SUMMARY ***
Total pot $12 | Rake $0.24
Board [4d 6d Ac]
Seat 4: AzureCaper (button) (small blind) collected ($11.76)
Seat 5: olavike (big blind) folded on the Flop


PokerStars Hand #147270701466:  Hold'em Limit ($3/$6 USD) - 2016/01/18 15:19:30 ET
Table 'Luznice II' 6-max Seat #1 is the button
Seat 1: Chessnok ($220.38 in chips)
Seat 2: bodo1444 ($93.64 in chips)
Chessnok: posts small blind $1
bodo1444: posts big blind $3
*** HOLE CARDS ***
Chessnok: calls $2
bodo1444: raises $3 to $6
Chessnok: calls $3
*** FLOP *** [Jd Ad 5c]
bodo1444: bets $3
Chessnok: folds
Uncalled bet ($3) returned to bodo1444
bodo1444 collected $11.76 from pot
bodo1444: doesn't show hand
*** SUMMARY ***
Total pot $12 | Rake $0.24
Board [Jd Ad 5c]
Seat 1: Chessnok (button) (small blind) folded on the Flop
Seat 2: bodo1444 (big blind) collected ($11.76)


PokerStars Hand #147270694576:  Hold'em Limit ($3/$6 USD) - 2016/01/18 15:19:24 ET
Table 'Luznice II' 6-max Seat #2 is the button
Seat 1: Chessnok ($219.38 in chips)
Seat 2: bodo1444 ($94.64 in chips)
bodo1444: posts small blind $1
Chessnok: posts big blind $3
*** HOLE CARDS ***
bodo1444: folds
Uncalled bet ($2) returned to Chessnok
Chessnok collected $2 from pot
Chessnok: doesn't show hand
*** SUMMARY ***
Total pot $2 | Rake $0
Seat 1: Chessnok (big blind) collected ($2)
Seat 2: bodo1444 (button) (small blind) folded before Flop


PokerStars Hand #147270689683:  Hold'em Limit ($3/$6 USD) - 2016/01/18 15:19:20 ET
Table 'Luznice II' 6-max Seat #1 is the button
Seat 1: Chessnok ($220.38 in chips)
Seat 2: bodo1444 ($93.64 in chips)
Chessnok: posts small blind $1
bodo1444: posts big blind $3
*** HOLE CARDS ***
Chessnok: folds
Uncalled bet ($2) returned to bodo1444
bodo1444 collected $2 from pot
bodo1444: doesn't show hand
*** SUMMARY ***
Total pot $2 | Rake $0
Seat 1: Chessnok (button) (small blind) folded before Flop
Seat 2: bodo1444 (big blind) collected ($2)


PokerStars Hand #147270679449:  Hold'em Limit ($3/$6 USD) - 2016/01/18 15:19:11 ET
Table 'Luznice II' 6-max Seat #2 is the button
Seat 1: Chessnok ($223.38 in chips)
Seat 2: bodo1444 ($90.64 in chips)
bodo1444: posts small blind $1
olavike: is sitting out
Chessnok: posts big blind $3
*** HOLE CARDS ***
bodo1444: raises $3 to $6
Chessnok: folds
Uncalled bet ($3) returned to bodo1444
bodo1444 collected $6 from pot
bodo1444: doesn't show hand
*** SUMMARY ***
Total pot $6 | Rake $0
Seat 1: Chessnok (big blind) folded before Flop
Seat 2: bodo1444 (button) (small blind) collected ($6)


