PokerStars Hand #171802037445:  Hold'em Limit ($3/$6 USD) - 2017/06/15 9:50:33 ET
Table 'Luznice II' 6-max Seat #4 is the button
Seat 4: igorkabmw ($72.78 in chips)
Seat 6: Ale4o ($86.78 in chips)
igorkabmw: posts small blind $1
Ale4o: posts big blind $3
*** HOLE CARDS ***
igorkabmw: folds
Uncalled bet ($2) returned to Ale4o
Ale4o collected $2 from pot
Ale4o: doesn't show hand
*** SUMMARY ***
Total pot $2 | Rake $0
Seat 4: igorkabmw (button) (small blind) folded before Flop
Seat 6: Ale4o (big blind) collected ($2)


PokerStars Hand #171802035030:  Hold'em Limit ($3/$6 USD) - 2017/06/15 9:50:28 ET
Table 'Luznice II' 6-max Seat #6 is the button
Seat 4: igorkabmw ($71.78 in chips)
Seat 6: Ale4o ($87.78 in chips)
Ale4o: posts small blind $1
igorkabmw: posts big blind $3
*** HOLE CARDS ***
Ale4o: folds
Uncalled bet ($2) returned to igorkabmw
igorkabmw collected $2 from pot
*** SUMMARY ***
Total pot $2 | Rake $0
Seat 4: igorkabmw (big blind) collected ($2)
Seat 6: Ale4o (button) (small blind) folded before Flop


PokerStars Hand #171802028158:  Hold'em Limit ($3/$6 USD) - 2017/06/15 9:50:17 ET
Table 'Luznice II' 6-max Seat #4 is the button
Seat 4: igorkabmw ($66.02 in chips)
Seat 6: Ale4o ($93.78 in chips)
igorkabmw: posts small blind $1
Ale4o: posts big blind $3
*** HOLE CARDS ***
igorkabmw: calls $2
Ale4o: checks
*** FLOP *** [Ad 9d Tc]
Ale4o: bets $3
igorkabmw: calls $3
*** TURN *** [Ad 9d Tc] [Ah]
Ale4o: checks
igorkabmw: checks
*** RIVER *** [Ad 9d Tc Ah] [Qh]
Ale4o: checks
igorkabmw: checks
*** SHOW DOWN ***
Ale4o: shows [2d Kd] (a pair of Aces)
igorkabmw: shows [Th 6s] (two pair, Aces and Tens)
igorkabmw collected $11.76 from pot
*** SUMMARY ***
Total pot $12 | Rake $0.24
Board [Ad 9d Tc Ah Qh]
Seat 4: igorkabmw (button) (small blind) showed [Th 6s] and won ($11.76) with two pair, Aces and Tens
Seat 6: Ale4o (big blind) showed [2d Kd] and lost with a pair of Aces


PokerStars Hand #171802025849:  Hold'em Limit ($3/$6 USD) - 2017/06/15 9:50:13 ET
Table 'Luznice II' 6-max Seat #6 is the button
Seat 4: igorkabmw ($65.02 in chips)
Seat 6: Ale4o ($94.78 in chips)
Ale4o: posts small blind $1
igorkabmw: posts big blind $3
*** HOLE CARDS ***
Ale4o: folds
Uncalled bet ($2) returned to igorkabmw
igorkabmw collected $2 from pot
*** SUMMARY ***
Total pot $2 | Rake $0
Seat 4: igorkabmw (big blind) collected ($2)
Seat 6: Ale4o (button) (small blind) folded before Flop


PokerStars Hand #171802023338:  Hold'em Limit ($3/$6 USD) - 2017/06/15 9:50:08 ET
Table 'Luznice II' 6-max Seat #4 is the button
Seat 4: igorkabmw ($66.02 in chips)
Seat 6: Ale4o ($93.78 in chips)
igorkabmw: posts small blind $1
Ale4o: posts big blind $3
*** HOLE CARDS ***
igorkabmw: folds
Uncalled bet ($2) returned to Ale4o
Ale4o collected $2 from pot
Ale4o: doesn't show hand
*** SUMMARY ***
Total pot $2 | Rake $0
Seat 4: igorkabmw (button) (small blind) folded before Flop
Seat 6: Ale4o (big blind) collected ($2)


PokerStars Hand #171802012538:  Hold'em Limit ($3/$6 USD) - 2017/06/15 9:49:50 ET
Table 'Luznice II' 6-max Seat #6 is the button
Seat 4: igorkabmw ($78.02 in chips)
Seat 6: Ale4o ($82.26 in chips)
Ale4o: posts small blind $1
igorkabmw: posts big blind $3
*** HOLE CARDS ***
Ale4o: calls $2
igorkabmw: checks
*** FLOP *** [Ac Jh 4h]
igorkabmw: checks
Ale4o: bets $3
igorkabmw: calls $3
*** TURN *** [Ac Jh 4h] [5s]
igorkabmw: checks
Ale4o: bets $6
igorkabmw: calls $6
*** RIVER *** [Ac Jh 4h 5s] [Qc]
igorkabmw: checks
Ale4o: bets $6
igorkabmw: folds
Uncalled bet ($6) returned to Ale4o
Ale4o collected $23.52 from pot
Ale4o: doesn't show hand
*** SUMMARY ***
Total pot $24 | Rake $0.48
Board [Ac Jh 4h 5s Qc]
Seat 4: igorkabmw (big blind) folded on the River
Seat 6: Ale4o (button) (small blind) collected ($23.52)


PokerStars Hand #171802071442:  Hold'em Limit ($3/$6 USD) - 2017/06/15 9:51:32 ET
Table 'Luznice II' 6-max Seat #4 is the button
Seat 4: igorkabmw ($78.18 in chips)
Seat 6: Ale4o ($80.42 in chips)
igorkabmw: posts small blind $1
Ale4o: posts big blind $3
*** HOLE CARDS ***
igorkabmw: raises $3 to $6
Ale4o: folds
Uncalled bet ($3) returned to igorkabmw
igorkabmw collected $6 from pot
*** SUMMARY ***
Total pot $6 | Rake $0
Seat 4: igorkabmw (button) (small blind) collected ($6)
Seat 6: Ale4o (big blind) folded before Flop


PokerStars Hand #171802063388:  Hold'em Limit ($3/$6 USD) - 2017/06/15 9:51:18 ET
Table 'Luznice II' 6-max Seat #6 is the button
Seat 4: igorkabmw ($87.18 in chips)
Seat 6: Ale4o ($71.78 in chips)
Ale4o: posts small blind $1
igorkabmw: posts big blind $3
*** HOLE CARDS ***
Ale4o: raises $3 to $6
igorkabmw: calls $3
*** FLOP *** [6h 7s Ad]
igorkabmw: checks
Ale4o: bets $3
igorkabmw: calls $3
*** TURN *** [6h 7s Ad] [5s]
igorkabmw: checks
Ale4o: bets $6
igorkabmw: folds
Uncalled bet ($6) returned to Ale4o
Ale4o collected $17.64 from pot
Ale4o: doesn't show hand
*** SUMMARY ***
Total pot $18 | Rake $0.36
Board [6h 7s Ad 5s]
Seat 4: igorkabmw (big blind) folded on the Turn
Seat 6: Ale4o (button) (small blind) collected ($17.64)


PokerStars Hand #171802056679:  Hold'em Limit ($3/$6 USD) - 2017/06/15 9:51:06 ET
Table 'Luznice II' 6-max Seat #4 is the button
Seat 4: igorkabmw ($78.54 in chips)
Seat 6: Ale4o ($80.78 in chips)
igorkabmw: posts small blind $1
Ale4o: posts big blind $3
*** HOLE CARDS ***
igorkabmw: calls $2
Ale4o: checks
*** FLOP *** [7s 8d Ad]
Ale4o: checks
igorkabmw: checks
*** TURN *** [7s 8d Ad] [3d]
Ale4o: checks
igorkabmw: checks
*** RIVER *** [7s 8d Ad 3d] [Kc]
Ale4o: bets $6
igorkabmw: calls $6
*** SHOW DOWN ***
Ale4o: shows [4c 9d] (high card Ace)
igorkabmw: shows [Th 7c] (a pair of Sevens)
igorkabmw collected $17.64 from pot
*** SUMMARY ***
Total pot $18 | Rake $0.36
Board [7s 8d Ad 3d Kc]
Seat 4: igorkabmw (button) (small blind) showed [Th 7c] and won ($17.64) with a pair of Sevens
Seat 6: Ale4o (big blind) showed [4c 9d] and lost with high card Ace


PokerStars Hand #171802049590:  Hold'em Limit ($3/$6 USD) - 2017/06/15 9:50:54 ET
Table 'Luznice II' 6-max Seat #6 is the button
Seat 4: igorkabmw ($75.66 in chips)
Seat 6: Ale4o ($83.78 in chips)
Ale4o: posts small blind $1
igorkabmw: posts big blind $3
*** HOLE CARDS ***
Ale4o: calls $2
igorkabmw: checks
*** FLOP *** [Jd 9s 4c]
igorkabmw: checks
Ale4o: checks
*** TURN *** [Jd 9s 4c] [Kh]
igorkabmw: checks
Ale4o: checks
*** RIVER *** [Jd 9s 4c Kh] [6s]
igorkabmw: bets $6
Ale4o: folds
Uncalled bet ($6) returned to igorkabmw
igorkabmw collected $5.88 from pot
*** SUMMARY ***
Total pot $6 | Rake $0.12
Board [Jd 9s 4c Kh 6s]
Seat 4: igorkabmw (big blind) collected ($5.88)
Seat 6: Ale4o (button) (small blind) folded on the River


PokerStars Hand #171802042518:  Hold'em Limit ($3/$6 USD) - 2017/06/15 9:50:41 ET
Table 'Luznice II' 6-max Seat #4 is the button
Seat 4: igorkabmw ($72.78 in chips)
Seat 6: Ale4o ($86.78 in chips)
igorkabmw: posts small blind $1
Ale4o: posts big blind $3
*** HOLE CARDS ***
igorkabmw: calls $2
Ale4o: checks
*** FLOP *** [Qd 3h 3s]
Ale4o: checks
igorkabmw: checks
*** TURN *** [Qd 3h 3s] [9h]
Ale4o: checks
igorkabmw: checks
*** RIVER *** [Qd 3h 3s 9h] [As]
Ale4o: checks
igorkabmw: bets $6
Ale4o: folds
Uncalled bet ($6) returned to igorkabmw
igorkabmw collected $5.88 from pot
*** SUMMARY ***
Total pot $6 | Rake $0.12
Board [Qd 3h 3s 9h As]
Seat 4: igorkabmw (button) (small blind) collected ($5.88)
Seat 6: Ale4o (big blind) folded on the River


PokerStars Hand #171802040117:  Hold'em Limit ($3/$6 USD) - 2017/06/15 9:50:37 ET
Table 'Luznice II' 6-max Seat #6 is the button
Seat 4: igorkabmw ($71.78 in chips)
Seat 6: Ale4o ($87.78 in chips)
Ale4o: posts small blind $1
igorkabmw: posts big blind $3
*** HOLE CARDS ***
Ale4o: folds
Uncalled bet ($2) returned to igorkabmw
igorkabmw collected $2 from pot
*** SUMMARY ***
Total pot $2 | Rake $0
Seat 4: igorkabmw (big blind) collected ($2)
Seat 6: Ale4o (button) (small blind) folded before Flop


PokerStars Hand #171802085622:  Hold'em Limit ($3/$6 USD) - 2017/06/15 9:51:56 ET
Table 'Luznice II' 6-max Seat #4 is the button
Seat 4: igorkabmw ($92.70 in chips)
Seat 6: Ale4o ($65.42 in chips)
igorkabmw: posts small blind $1
Ale4o: posts big blind $3
*** HOLE CARDS ***
igorkabmw: calls $2
Ale4o: raises $3 to $6
igorkabmw: calls $3
*** FLOP *** [7h 4d Qc]
Ale4o: bets $3
igorkabmw: calls $3
*** TURN *** [7h 4d Qc] [9h]
Ale4o: bets $6
Hannibal2211 joins the table at seat #2
igorkabmw: calls $6
*** RIVER *** [7h 4d Qc 9h] [Kd]
Ale4o: bets $6
igorkabmw: raises $6 to $12
Ale4o: calls $6
*** SHOW DOWN ***
igorkabmw: shows [7d 9c] (two pair, Nines and Sevens)
Ale4o: shows [9s Qs] (two pair, Queens and Nines)
Ale4o collected $53.50 from pot
*** SUMMARY ***
Total pot $54 | Rake $0.50
Board [7h 4d Qc 9h Kd]
Seat 4: igorkabmw (button) (small blind) showed [7d 9c] and lost with two pair, Nines and Sevens
Seat 6: Ale4o (big blind) showed [9s Qs] and won ($53.50) with two pair, Queens and Nines


PokerStars Hand #171802074594:  Hold'em Limit ($3/$6 USD) - 2017/06/15 9:51:37 ET
Table 'Luznice II' 6-max Seat #6 is the button
Seat 4: igorkabmw ($81.18 in chips)
Seat 6: Ale4o ($77.42 in chips)
Ale4o: posts small blind $1
igorkabmw: posts big blind $3
*** HOLE CARDS ***
Ale4o: calls $2
igorkabmw: checks
*** FLOP *** [7d 6c Ks]
igorkabmw: checks
Ale4o: bets $3
igorkabmw: calls $3
*** TURN *** [7d 6c Ks] [7c]
igorkabmw: checks
Ale4o: bets $6
igorkabmw: calls $6
*** RIVER *** [7d 6c Ks 7c] [2s]
igorkabmw: checks
Ale4o: checks
*** SHOW DOWN ***
igorkabmw: shows [5c 9s] (a pair of Sevens)
Ale4o: mucks hand
igorkabmw collected $23.52 from pot
*** SUMMARY ***
Total pot $24 | Rake $0.48
Board [7d 6c Ks 7c 2s]
Seat 4: igorkabmw (big blind) showed [5c 9s] and won ($23.52) with a pair of Sevens
Seat 6: Ale4o (button) (small blind) mucked


PokerStars Hand #171804729862:  Hold'em Limit ($3/$6 USD) - 2017/06/15 11:07:10 ET
Table 'Luznice II' 6-max Seat #5 is the button
Seat 2: Hannibal2211 ($122.45 in chips)
Seat 5: sippo83 ($57.61 in chips)
sippo83: posts small blind $1
masterblstr8: is sitting out
Hannibal2211: posts big blind $3
*** HOLE CARDS ***
masterblstr8 leaves the table
sippo83: raises $3 to $6
Hannibal2211: calls $3
*** FLOP *** [2s Ah Qd]
Hannibal2211: checks
sippo83: checks
*** TURN *** [2s Ah Qd] [8s]
Hannibal2211: checks
sippo83: bets $6
Hannibal2211: folds
Uncalled bet ($6) returned to sippo83
sippo83 collected $11.76 from pot
sippo83: doesn't show hand
*** SUMMARY ***
Total pot $12 | Rake $0.24
Board [2s Ah Qd 8s]
Seat 2: Hannibal2211 (big blind) folded on the Turn
Seat 5: sippo83 (button) (small blind) collected ($11.76)


