PokerStars Hand #163693844385:  Hold'em Limit ($3/$6 USD) - 2016/12/28 21:10:12 ET
Table 'Luznice' 6-max Seat #5 is the button
Seat 5: GoliafUa ($111 in chips)
Seat 6: Smyley12345 ($128.64 in chips)
GoliafUa: posts small blind $1
Smyley12345: posts big blind $3
*** HOLE CARDS ***
GoliafUa: raises $3 to $6
Smyley12345: raises $3 to $9
GoliafUa: raises $3 to $12
Betting is capped
Smyley12345: calls $3
*** FLOP *** [Ad 5s Qd]
Smyley12345: checks
GoliafUa: bets $3
Smyley12345: calls $3
*** TURN *** [Ad 5s Qd] [6c]
Smyley12345: checks
GoliafUa: bets $6
Smyley12345: calls $6
*** RIVER *** [Ad 5s Qd 6c] [2s]
Smyley12345: checks
GoliafUa: bets $6
Smyley12345: calls $6
*** SHOW DOWN ***
GoliafUa: shows [Qc As] (two pair, Aces and Queens)
Smyley12345: mucks hand
GoliafUa collected $53.50 from pot
*** SUMMARY ***
Total pot $54 | Rake $0.50
Board [Ad 5s Qd 6c 2s]
Seat 5: GoliafUa (button) (small blind) showed [Qc As] and won ($53.50) with two pair, Aces and Queens
Seat 6: Smyley12345 (big blind) mucked


PokerStars Hand #163693883800:  Hold'em Limit ($3/$6 USD) - 2016/12/28 21:11:23 ET
Table 'Luznice' 6-max Seat #6 is the button
Seat 5: GoliafUa ($124.25 in chips)
Seat 6: Smyley12345 ($114.03 in chips)
Smyley12345: posts small blind $1
GoliafUa: posts big blind $3
*** HOLE CARDS ***
Smyley12345: raises $3 to $6
zlatte joins the table at seat #4
GoliafUa: folds
Uncalled bet ($3) returned to Smyley12345
Smyley12345 collected $6 from pot
Smyley12345: doesn't show hand
*** SUMMARY ***
Total pot $6 | Rake $0
Seat 5: GoliafUa (big blind) folded before Flop
Seat 6: Smyley12345 (button) (small blind) collected ($6)


PokerStars Hand #163693881420:  Hold'em Limit ($3/$6 USD) - 2016/12/28 21:11:18 ET
Table 'Luznice' 6-max Seat #5 is the button
Seat 5: GoliafUa ($125.25 in chips)
Seat 6: Smyley12345 ($113.03 in chips)
GoliafUa: posts small blind $1
Smyley12345: posts big blind $3
*** HOLE CARDS ***
GoliafUa: folds
Uncalled bet ($2) returned to Smyley12345
Smyley12345 collected $2 from pot
Smyley12345: doesn't show hand
*** SUMMARY ***
Total pot $2 | Rake $0
Seat 5: GoliafUa (button) (small blind) folded before Flop
Seat 6: Smyley12345 (big blind) collected ($2)


PokerStars Hand #163693875359:  Hold'em Limit ($3/$6 USD) - 2016/12/28 21:11:06 ET
Table 'Luznice' 6-max Seat #6 is the button
Seat 5: GoliafUa ($134.25 in chips)
Seat 6: Smyley12345 ($104.39 in chips)
Smyley12345: posts small blind $1
GoliafUa: posts big blind $3
*** HOLE CARDS ***
Smyley12345: raises $3 to $6
GoliafUa: calls $3
*** FLOP *** [8d 7c Qd]
GoliafUa: checks
Smyley12345: bets $3
GoliafUa: calls $3
*** TURN *** [8d 7c Qd] [7h]
GoliafUa: checks
Smyley12345: bets $6
GoliafUa: folds
Uncalled bet ($6) returned to Smyley12345
Smyley12345 collected $17.64 from pot
Smyley12345: doesn't show hand
*** SUMMARY ***
Total pot $18 | Rake $0.36
Board [8d 7c Qd 7h]
Seat 5: GoliafUa (big blind) folded on the Turn
Seat 6: Smyley12345 (button) (small blind) collected ($17.64)


PokerStars Hand #163693872272:  Hold'em Limit ($3/$6 USD) - 2016/12/28 21:11:00 ET
Table 'Luznice' 6-max Seat #5 is the button
Seat 5: GoliafUa ($131.25 in chips)
Seat 6: Smyley12345 ($107.39 in chips)
GoliafUa: posts small blind $1
Smyley12345: posts big blind $3
*** HOLE CARDS ***
GoliafUa: raises $3 to $6
Smyley12345: folds
Uncalled bet ($3) returned to GoliafUa
GoliafUa collected $6 from pot
GoliafUa: doesn't show hand
*** SUMMARY ***
Total pot $6 | Rake $0
Seat 5: GoliafUa (button) (small blind) collected ($6)
Seat 6: Smyley12345 (big blind) folded before Flop


PokerStars Hand #163693869207:  Hold'em Limit ($3/$6 USD) - 2016/12/28 21:10:55 ET
Table 'Luznice' 6-max Seat #6 is the button
Seat 5: GoliafUa ($134.25 in chips)
Seat 6: Smyley12345 ($104.39 in chips)
Smyley12345: posts small blind $1
GoliafUa: posts big blind $3
*** HOLE CARDS ***
Smyley12345: raises $3 to $6
GoliafUa: folds
Uncalled bet ($3) returned to Smyley12345
Smyley12345 collected $6 from pot
Smyley12345: doesn't show hand
*** SUMMARY ***
Total pot $6 | Rake $0
Seat 5: GoliafUa (big blind) folded before Flop
Seat 6: Smyley12345 (button) (small blind) collected ($6)


PokerStars Hand #163693860684:  Hold'em Limit ($3/$6 USD) - 2016/12/28 21:10:38 ET
Table 'Luznice' 6-max Seat #5 is the button
Seat 5: GoliafUa ($134.50 in chips)
Seat 6: Smyley12345 ($104.64 in chips)
GoliafUa: posts small blind $1
Smyley12345: posts big blind $3
*** HOLE CARDS ***
GoliafUa: raises $3 to $6
Smyley12345: calls $3
*** FLOP *** [Qd Jc Ad]
Smyley12345: checks
GoliafUa: bets $3
Smyley12345: calls $3
*** TURN *** [Qd Jc Ad] [9s]
Smyley12345: checks
GoliafUa: bets $6
Smyley12345: calls $6
*** RIVER *** [Qd Jc Ad 9s] [Tc]
Smyley12345: checks
GoliafUa: checks
*** SHOW DOWN ***
Smyley12345: shows [Td 7c] (a pair of Tens)
GoliafUa: shows [Ts 7h] (a pair of Tens)
Smyley12345 collected $14.75 from pot
GoliafUa collected $14.75 from pot
*** SUMMARY ***
Total pot $30 | Rake $0.50
Board [Qd Jc Ad 9s Tc]
Seat 5: GoliafUa (button) (small blind) showed [Ts 7h] and won ($14.75) with a pair of Tens
Seat 6: Smyley12345 (big blind) showed [Td 7c] and won ($14.75) with a pair of Tens


PokerStars Hand #163693854791:  Hold'em Limit ($3/$6 USD) - 2016/12/28 21:10:32 ET
Table 'Luznice' 6-max Seat #6 is the button
Seat 5: GoliafUa ($137.50 in chips)
Seat 6: Smyley12345 ($101.64 in chips)
Smyley12345: posts small blind $1
GoliafUa: posts big blind $3
*** HOLE CARDS ***
Smyley12345: raises $3 to $6
GoliafUa: folds
Uncalled bet ($3) returned to Smyley12345
Smyley12345 collected $6 from pot
Smyley12345: doesn't show hand
*** SUMMARY ***
Total pot $6 | Rake $0
Seat 5: GoliafUa (big blind) folded before Flop
Seat 6: Smyley12345 (button) (small blind) collected ($6)


PokerStars Hand #163693886658:  Hold'em Limit ($3/$6 USD) - 2016/12/28 21:11:28 ET
Table 'Luznice' 6-max Seat #5 is the button
Seat 5: GoliafUa ($121.25 in chips)
Seat 6: Smyley12345 ($117.03 in chips)
GoliafUa: posts small blind $1
Smyley12345: posts big blind $3
*** HOLE CARDS ***
GoliafUa: raises $3 to $6
Smyley12345: raises $3 to $9
GoliafUa: calls $3
*** FLOP *** [Js 4s 2s]
Smyley12345: bets $3
GoliafUa: calls $3
*** TURN *** [Js 4s 2s] [8d]
Smyley12345: bets $6
GoliafUa: calls $6
*** RIVER *** [Js 4s 2s 8d] [As]
Smyley12345: bets $6
GoliafUa: calls $6
*** SHOW DOWN ***
Smyley12345: shows [Qs Kc] (a flush, Ace high)
GoliafUa: mucks hand
Smyley12345 collected $47.50 from pot
*** SUMMARY ***
Total pot $48 | Rake $0.50
Board [Js 4s 2s 8d As]
Seat 5: GoliafUa (button) (small blind) mucked
Seat 6: Smyley12345 (big blind) showed [Qs Kc] and won ($47.50) with a flush, Ace high


PokerStars Hand #163694062843:  Hold'em Limit ($3/$6 USD) - 2016/12/28 21:17:11 ET
Table 'Luznice' 6-max Seat #2 is the button
Seat 1: Great_Kang ($133.89 in chips)
Seat 2: ToDaFelt ($77.25 in chips)
ToDaFelt: posts small blind $1
Great_Kang: posts big blind $3
*** HOLE CARDS ***
GoliafUa leaves the table
ToDaFelt: raises $3 to $6
Great_Kang: calls $3
*** FLOP *** [6s Jd 4d]
Great_Kang: checks
ToDaFelt: bets $3
Great_Kang: folds
Uncalled bet ($3) returned to ToDaFelt
ToDaFelt collected $11.76 from pot
ToDaFelt: doesn't show hand
*** SUMMARY ***
Total pot $12 | Rake $0.24
Board [6s Jd 4d]
Seat 1: Great_Kang (big blind) folded on the Flop
Seat 2: ToDaFelt (button) (small blind) collected ($11.76)


