PokerStars Hand #167473845079:  Hold'em Limit ($3/$6 USD) - 2017/03/12 8:09:27 ET
Table 'Luznice' 6-max Seat #1 is the button
Seat 1: Agrotait ($72 in chips)
Seat 2: apx0surry9 ($84 in chips)
Agrotait: posts small blind $1
apx0surry9: posts big blind $3
*** HOLE CARDS ***
Agrotait: raises $3 to $6
apx0surry9: calls $3
*** FLOP *** [7s As Ts]
apx0surry9: checks
Agrotait: bets $3
apx0surry9: folds
Uncalled bet ($3) returned to Agrotait
Agrotait collected $11.76 from pot
Agrotait: doesn't show hand
*** SUMMARY ***
Total pot $12 | Rake $0.24
Board [7s As Ts]
Seat 1: Agrotait (button) (small blind) collected ($11.76)
Seat 2: apx0surry9 (big blind) folded on the Flop


PokerStars Hand #167473861692:  Hold'em Limit ($3/$6 USD) - 2017/03/12 8:09:58 ET
Table 'Luznice' 6-max Seat #2 is the button
Seat 1: Agrotait ($77.76 in chips)
Seat 2: apx0surry9 ($78 in chips)
apx0surry9: posts small blind $1
Agrotait: posts big blind $3
*** HOLE CARDS ***
apx0surry9: folds
Uncalled bet ($2) returned to Agrotait
Agrotait collected $2 from pot
Agrotait: doesn't show hand
*** SUMMARY ***
Total pot $2 | Rake $0
Seat 1: Agrotait (big blind) collected ($2)
Seat 2: apx0surry9 (button) (small blind) folded before Flop


PokerStars Hand #167473876965:  Hold'em Limit ($3/$6 USD) - 2017/03/12 8:10:27 ET
Table 'Luznice' 6-max Seat #2 is the button
Seat 1: Agrotait ($72.76 in chips)
Seat 2: apx0surry9 ($82.76 in chips)
apx0surry9: posts small blind $1
Agrotait: posts big blind $3
*** HOLE CARDS ***
apx0surry9: folds
Uncalled bet ($2) returned to Agrotait
Agrotait collected $2 from pot
Agrotait: doesn't show hand
*** SUMMARY ***
Total pot $2 | Rake $0
Seat 1: Agrotait (big blind) collected ($2)
Seat 2: apx0surry9 (button) (small blind) folded before Flop


PokerStars Hand #167473865629:  Hold'em Limit ($3/$6 USD) - 2017/03/12 8:10:06 ET
Table 'Luznice' 6-max Seat #1 is the button
Seat 1: Agrotait ($78.76 in chips)
Seat 2: apx0surry9 ($77 in chips)
Agrotait: posts small blind $1
apx0surry9: posts big blind $3
*** HOLE CARDS ***
Agrotait: raises $3 to $6
apx0surry9: calls $3
*** FLOP *** [As 8d Qd]
apx0surry9: bets $3
Agrotait: folds
Uncalled bet ($3) returned to apx0surry9
apx0surry9 collected $11.76 from pot
apx0surry9: doesn't show hand
*** SUMMARY ***
Total pot $12 | Rake $0.24
Board [As 8d Qd]
Seat 1: Agrotait (button) (small blind) folded on the Flop
Seat 2: apx0surry9 (big blind) collected ($11.76)


PokerStars Hand #167473880876:  Hold'em Limit ($3/$6 USD) - 2017/03/12 8:10:34 ET
Table 'Luznice' 6-max Seat #1 is the button
Seat 1: Agrotait ($73.76 in chips)
Seat 2: apx0surry9 ($81.76 in chips)
Agrotait: posts small blind $1
apx0surry9: posts big blind $3
*** HOLE CARDS ***
Agrotait: raises $3 to $6
apx0surry9: calls $3
*** FLOP *** [6h 3h 6d]
apx0surry9: checks
Agrotait: bets $3
apx0surry9: calls $3
*** TURN *** [6h 3h 6d] [9h]
apx0surry9: checks
Agrotait: bets $6
apx0surry9: calls $6
*** RIVER *** [6h 3h 6d 9h] [6s]
apx0surry9: checks
Agrotait: bets $6
apx0surry9: folds
Uncalled bet ($6) returned to Agrotait
Agrotait collected $29.50 from pot
Agrotait: doesn't show hand
*** SUMMARY ***
Total pot $30 | Rake $0.50
Board [6h 3h 6d 9h 6s]
Seat 1: Agrotait (button) (small blind) collected ($29.50)
Seat 2: apx0surry9 (big blind) folded on the River


PokerStars Hand #167473922226:  Hold'em Limit ($3/$6 USD) - 2017/03/12 8:11:52 ET
Table 'Luznice' 6-max Seat #2 is the button
Seat 1: Agrotait ($88.26 in chips)
Seat 2: apx0surry9 ($66.76 in chips)
apx0surry9: posts small blind $1
Agrotait: posts big blind $3
*** HOLE CARDS ***
apx0surry9: raises $3 to $6
Agrotait: calls $3
*** FLOP *** [7d Ks 4c]
apx0surry9 said, "faster"
Agrotait: checks
apx0surry9: bets $3
Agrotait: calls $3
*** TURN *** [7d Ks 4c] [Kd]
Agrotait: checks
apx0surry9: bets $6
Agrotait: calls $6
*** RIVER *** [7d Ks 4c Kd] [3c]
Agrotait: checks
apx0surry9: bets $6
Agrotait: calls $6
*** SHOW DOWN ***
apx0surry9: shows [Jd 7h] (two pair, Kings and Sevens)
Agrotait: mucks hand
apx0surry9 collected $41.50 from pot
*** SUMMARY ***
Total pot $42 | Rake $0.50
Board [7d Ks 4c Kd 3c]
Seat 1: Agrotait (big blind) mucked
Seat 2: apx0surry9 (button) (small blind) showed [Jd 7h] and won ($41.50) with two pair, Kings and Sevens


PokerStars Hand #167473972607:  Hold'em Limit ($3/$6 USD) - 2017/03/12 8:13:26 ET
Table 'Luznice' 6-max Seat #1 is the button
Seat 1: Agrotait ($67.26 in chips)
Seat 2: apx0surry9 ($87.26 in chips)
Agrotait: posts small blind $1
apx0surry9: posts big blind $3
*** HOLE CARDS ***
Agrotait: raises $3 to $6
apx0surry9: raises $3 to $9
Agrotait: calls $3
*** FLOP *** [9s Jh Th]
apx0surry9: bets $3
Agrotait: folds
Uncalled bet ($3) returned to apx0surry9
apx0surry9 collected $17.64 from pot
apx0surry9: doesn't show hand
*** SUMMARY ***
Total pot $18 | Rake $0.36
Board [9s Jh Th]
Seat 1: Agrotait (button) (small blind) folded on the Flop
Seat 2: apx0surry9 (big blind) collected ($17.64)


PokerStars Hand #167474002795:  Hold'em Limit ($3/$6 USD) - 2017/03/12 8:14:22 ET
Table 'Luznice' 6-max Seat #2 is the button
Seat 1: Agrotait ($72 in chips)
Seat 2: apx0surry9 ($95.90 in chips)
apx0surry9: posts small blind $1
Agrotait: posts big blind $3
*** HOLE CARDS ***
apx0surry9: folds
Uncalled bet ($2) returned to Agrotait
Agrotait collected $2 from pot
Agrotait: doesn't show hand
*** SUMMARY ***
Total pot $2 | Rake $0
Seat 1: Agrotait (big blind) collected ($2)
Seat 2: apx0surry9 (button) (small blind) folded before Flop


PokerStars Hand #167474013057:  Hold'em Limit ($3/$6 USD) - 2017/03/12 8:14:42 ET
Table 'Luznice' 6-max Seat #1 is the button
Seat 1: Agrotait ($73 in chips)
Seat 2: apx0surry9 ($94.90 in chips)
Agrotait: posts small blind $1
apx0surry9: posts big blind $3
*** HOLE CARDS ***
Agrotait: raises $3 to $6
apx0surry9: calls $3
*** FLOP *** [8d 4h Jc]
apx0surry9: checks
Agrotait: bets $3
apx0surry9: calls $3
*** TURN *** [8d 4h Jc] [9c]
emiwarg joins the table at seat #3
apx0surry9: checks
Agrotait: bets $6
apx0surry9: calls $6
*** RIVER *** [8d 4h Jc 9c] [8h]
apx0surry9: checks
Agrotait: bets $6
apx0surry9: calls $6
*** SHOW DOWN ***
Agrotait: shows [Qh Qd] (two pair, Queens and Eights)
apx0surry9: mucks hand
Agrotait collected $41.50 from pot
*** SUMMARY ***
Total pot $42 | Rake $0.50
Board [8d 4h Jc 9c 8h]
Seat 1: Agrotait (button) (small blind) showed [Qh Qd] and won ($41.50) with two pair, Queens and Eights
Seat 2: apx0surry9 (big blind) mucked


PokerStars Hand #167474347219:  Hold'em Limit ($3/$6 USD) - 2017/03/12 8:25:03 ET
Table 'Luznice' 6-max Seat #5 is the button
Seat 3: emiwarg ($86.50 in chips)
Seat 5: Rus29APX ($116.57 in chips)
Rus29APX: posts small blind $1
emiwarg: posts big blind $3
*** HOLE CARDS ***
Rus29APX: raises $3 to $6
emiwarg: calls $3
*** FLOP *** [5s 2s 7h]
emiwarg: checks
Rus29APX: bets $3
emiwarg: raises $3 to $6
Rus29APX: calls $3
*** TURN *** [5s 2s 7h] [Ks]
emiwarg: bets $6
Rus29APX: calls $6
*** RIVER *** [5s 2s 7h Ks] [Js]
emiwarg: checks
Rus29APX: checks
*** SHOW DOWN ***
emiwarg: shows [5d Kd] (two pair, Kings and Fives)
Rus29APX: mucks hand
emiwarg collected $35.50 from pot
*** SUMMARY ***
Total pot $36 | Rake $0.50
Board [5s 2s 7h Ks Js]
Seat 3: emiwarg (big blind) showed [5d Kd] and won ($35.50) with two pair, Kings and Fives
Seat 5: Rus29APX (button) (small blind) mucked


PokerStars Hand #167474322669:  Hold'em Limit ($3/$6 USD) - 2017/03/12 8:24:18 ET
Table 'Luznice' 6-max Seat #5 is the button
Seat 3: emiwarg ($72 in chips)
Seat 5: Rus29APX ($131.81 in chips)
Rus29APX: posts small blind $1
emiwarg: posts big blind $3
*** HOLE CARDS ***
Rus29APX: raises $3 to $6
emiwarg: calls $3
*** FLOP *** [5c 3c 8c]
emiwarg: checks
Rus29APX: bets $3
emiwarg: calls $3
*** TURN *** [5c 3c 8c] [6s]
emiwarg: checks
Rus29APX: bets $6
emiwarg: raises $6 to $12
Rus29APX: calls $6
*** RIVER *** [5c 3c 8c 6s] [Ks]
emiwarg: checks
Rus29APX: checks
*** SHOW DOWN ***
emiwarg: shows [Jh 8h] (a pair of Eights)
Rus29APX: mucks hand
emiwarg collected $41.50 from pot
*** SUMMARY ***
Total pot $42 | Rake $0.50
Board [5c 3c 8c 6s Ks]
Seat 3: emiwarg (big blind) showed [Jh 8h] and won ($41.50) with a pair of Eights
Seat 5: Rus29APX (button) (small blind) mucked


PokerStars Hand #167474337570:  Hold'em Limit ($3/$6 USD) - 2017/03/12 8:24:46 ET
Table 'Luznice' 6-max Seat #3 is the button
Seat 3: emiwarg ($92.50 in chips)
Seat 5: Rus29APX ($110.81 in chips)
emiwarg: posts small blind $1
Rus29APX: posts big blind $3
*** HOLE CARDS ***
emiwarg: raises $3 to $6
Rus29APX: calls $3
*** FLOP *** [Kd Th 7s]
Rus29APX: checks
emiwarg: checks
*** TURN *** [Kd Th 7s] [Qs]
Rus29APX: bets $6
emiwarg: folds
Uncalled bet ($6) returned to Rus29APX
Rus29APX collected $11.76 from pot
Rus29APX: doesn't show hand
*** SUMMARY ***
Total pot $12 | Rake $0.24
Board [Kd Th 7s Qs]
Seat 3: emiwarg (button) (small blind) folded on the Turn
Seat 5: Rus29APX (big blind) collected ($11.76)


PokerStars Hand #167478113077:  Hold'em Limit ($3/$6 USD) - 2017/03/12 10:10:48 ET
Table 'Luznice' 6-max Seat #3 is the button
Seat 3: emiwarg ($68.13 in chips)
Seat 5: Fabulous108 ($145.72 in chips)
emiwarg: posts small blind $1
Fabulous108: posts big blind $3
*** HOLE CARDS ***
emiwarg: raises $3 to $6
Fabulous108: folds
Uncalled bet ($3) returned to emiwarg
emiwarg collected $6 from pot
*** SUMMARY ***
Total pot $6 | Rake $0
Seat 3: emiwarg (button) (small blind) collected ($6)
Seat 5: Fabulous108 (big blind) folded before Flop


PokerStars Hand #167478109790:  Hold'em Limit ($3/$6 USD) - 2017/03/12 10:10:43 ET
Table 'Luznice' 6-max Seat #5 is the button
Seat 3: emiwarg ($67.13 in chips)
Seat 5: Fabulous108 ($146.72 in chips)
Fabulous108: posts small blind $1
emiwarg: posts big blind $3
*** HOLE CARDS ***
Fabulous108: folds
Uncalled bet ($2) returned to emiwarg
emiwarg collected $2 from pot
*** SUMMARY ***
Total pot $2 | Rake $0
Seat 3: emiwarg (big blind) collected ($2)
Seat 5: Fabulous108 (button) (small blind) folded before Flop


