PokerStars Hand #170587478306:  Hold'em Limit ($3/$6 USD) - 2017/05/18 13:02:32 ET
Table 'Lyalya' 10-max Seat #4 is the button
Seat 4: largopass ($284.60 in chips)
Seat 5: vestimokrec ($111 in chips)
largopass: posts small blind $1
vestimokrec: posts big blind $3
*** HOLE CARDS ***
largopass: folds
Uncalled bet ($2) returned to vestimokrec
vestimokrec collected $2 from pot
vestimokrec: doesn't show hand
*** SUMMARY ***
Total pot $2 | Rake $0
Seat 4: largopass (button) (small blind) folded before Flop
Seat 5: vestimokrec (big blind) collected ($2)


PokerStars Hand #170587459773:  Hold'em Limit ($3/$6 USD) - 2017/05/18 13:02:05 ET
Table 'Lyalya' 10-max Seat #5 is the button
Seat 4: largopass ($275.96 in chips)
Seat 5: vestimokrec ($120 in chips)
vestimokrec: posts small blind $1
Agrotait: is sitting out
largopass: posts big blind $3
*** HOLE CARDS ***
vestimokrec: raises $3 to $6
largopass: calls $3
*** FLOP *** [Js 7c 5c]
largopass: bets $3
vestimokrec: calls $3
*** TURN *** [Js 7c 5c] [8d]
largopass: bets $6
vestimokrec: folds
Uncalled bet ($6) returned to largopass
largopass collected $17.64 from pot
largopass: doesn't show hand
*** SUMMARY ***
Total pot $18 | Rake $0.36
Board [Js 7c 5c 8d]
Seat 4: largopass (big blind) collected ($17.64)
Seat 5: vestimokrec (button) (small blind) folded on the Turn


PokerStars Hand #170587508328:  Hold'em Limit ($3/$6 USD) - 2017/05/18 13:03:12 ET
Table 'Lyalya' 10-max Seat #4 is the button
Seat 4: largopass ($271.60 in chips)
Seat 5: vestimokrec ($123.52 in chips)
largopass: posts small blind $1
vestimokrec: posts big blind $3
*** HOLE CARDS ***
largopass: raises $3 to $6
vestimokrec: calls $3
*** FLOP *** [Th 7d Qh]
vestimokrec: checks
largopass: bets $3
vestimokrec: calls $3
*** TURN *** [Th 7d Qh] [4c]
vestimokrec: checks
largopass: checks
*** RIVER *** [Th 7d Qh 4c] [3c]
vestimokrec: bets $6
largopass: calls $6
*** SHOW DOWN ***
vestimokrec: shows [2h 2d] (a pair of Deuces)
largopass: shows [2c 2s] (a pair of Deuces)
vestimokrec collected $14.75 from pot
largopass collected $14.75 from pot
*** SUMMARY ***
Total pot $30 | Rake $0.50
Board [Th 7d Qh 4c 3c]
Seat 4: largopass (button) (small blind) showed [2c 2s] and won ($14.75) with a pair of Deuces
Seat 5: vestimokrec (big blind) showed [2h 2d] and won ($14.75) with a pair of Deuces


PokerStars Hand #170587481800:  Hold'em Limit ($3/$6 USD) - 2017/05/18 13:02:37 ET
Table 'Lyalya' 10-max Seat #5 is the button
Seat 4: largopass ($283.60 in chips)
Seat 5: vestimokrec ($112 in chips)
vestimokrec: posts small blind $1
Agrotait leaves the table
largopass: posts big blind $3
*** HOLE CARDS ***
vestimokrec: raises $3 to $6
largopass: calls $3
*** FLOP *** [Qh 4h Js]
largopass: checks
vestimokrec: checks
*** TURN *** [Qh 4h Js] [9d]
largopass: checks
vestimokrec: checks
*** RIVER *** [Qh 4h Js 9d] [3d]
largopass: bets $6
vestimokrec: calls $6
*** SHOW DOWN ***
largopass: shows [Kc 2d] (high card King)
vestimokrec: shows [6h 6c] (a pair of Sixes)
vestimokrec collected $23.52 from pot
*** SUMMARY ***
Total pot $24 | Rake $0.48
Board [Qh 4h Js 9d 3d]
Seat 4: largopass (big blind) showed [Kc 2d] and lost with high card King
Seat 5: vestimokrec (button) (small blind) showed [6h 6c] and won ($23.52) with a pair of Sixes


PokerStars Hand #170587551012:  Hold'em Limit ($3/$6 USD) - 2017/05/18 13:04:11 ET
Table 'Lyalya' 10-max Seat #4 is the button
Seat 4: largopass ($282.87 in chips)
Seat 5: vestimokrec ($111.27 in chips)
largopass: posts small blind $1
vestimokrec: posts big blind $3
*** HOLE CARDS ***
largopass: folds
Uncalled bet ($2) returned to vestimokrec
vestimokrec collected $2 from pot
vestimokrec: doesn't show hand
*** SUMMARY ***
Total pot $2 | Rake $0
Seat 4: largopass (button) (small blind) folded before Flop
Seat 5: vestimokrec (big blind) collected ($2)


PokerStars Hand #170587554880:  Hold'em Limit ($3/$6 USD) - 2017/05/18 13:04:16 ET
Table 'Lyalya' 10-max Seat #5 is the button
Seat 4: largopass ($281.87 in chips)
Seat 5: vestimokrec ($112.27 in chips)
vestimokrec: posts small blind $1
largopass: posts big blind $3
*** HOLE CARDS ***
vestimokrec: raises $3 to $6
largopass: calls $3
*** FLOP *** [9s 7s Ks]
largopass: bets $3
vestimokrec: calls $3
*** TURN *** [9s 7s Ks] [Js]
largopass: checks
vestimokrec: bets $6
largopass: calls $6
*** RIVER *** [9s 7s Ks Js] [Qd]
largopass: checks
vestimokrec: bets $6
largopass: calls $6
*** SHOW DOWN ***
vestimokrec: shows [Ts 6h] (a flush, King high)
largopass: mucks hand
vestimokrec collected $41.50 from pot
*** SUMMARY ***
Total pot $42 | Rake $0.50
Board [9s 7s Ks Js Qd]
Seat 4: largopass (big blind) mucked
Seat 5: vestimokrec (button) (small blind) showed [Ts 6h] and won ($41.50) with a flush, King high


PokerStars Hand #170587527332:  Hold'em Limit ($3/$6 USD) - 2017/05/18 13:03:38 ET
Table 'Lyalya' 10-max Seat #5 is the button
Seat 4: largopass ($271.35 in chips)
Seat 5: vestimokrec ($123.27 in chips)
vestimokrec: posts small blind $1
largopass: posts big blind $3
*** HOLE CARDS ***
vestimokrec: raises $3 to $6
largopass: raises $3 to $9
vestimokrec: calls $3
*** FLOP *** [6h 5d 4d]
largopass: bets $3
vestimokrec: calls $3
*** TURN *** [6h 5d 4d] [Kh]
largopass: checks
vestimokrec: checks
*** RIVER *** [6h 5d 4d Kh] [Ac]
largopass: bets $6
vestimokrec: folds
Uncalled bet ($6) returned to largopass
largopass collected $23.52 from pot
largopass: doesn't show hand
*** SUMMARY ***
Total pot $24 | Rake $0.48
Board [6h 5d 4d Kh Ac]
Seat 4: largopass (big blind) collected ($23.52)
Seat 5: vestimokrec (button) (small blind) folded on the River


PokerStars Hand #170587574425:  Hold'em Limit ($3/$6 USD) - 2017/05/18 13:04:43 ET
Table 'Lyalya' 10-max Seat #4 is the button
Seat 4: largopass ($260.87 in chips)
Seat 5: vestimokrec ($132.77 in chips)
largopass: posts small blind $1
vestimokrec: posts big blind $3
*** HOLE CARDS ***
largopass: calls $2
vestimokrec: checks
*** FLOP *** [5s 3d Th]
vestimokrec: checks
largopass: checks
*** TURN *** [5s 3d Th] [7c]
vestimokrec: checks
largopass: bets $6
vestimokrec: calls $6
*** RIVER *** [5s 3d Th 7c] [Tc]
vestimokrec: checks
largopass: bets $6
vestimokrec: calls $6
*** SHOW DOWN ***
largopass: shows [Ac 7s] (two pair, Tens and Sevens)
vestimokrec: mucks hand
largopass collected $29.50 from pot
*** SUMMARY ***
Total pot $30 | Rake $0.50
Board [5s 3d Th 7c Tc]
Seat 4: largopass (button) (small blind) showed [Ac 7s] and won ($29.50) with two pair, Tens and Sevens
Seat 5: vestimokrec (big blind) mucked


PokerStars Hand #170587653269:  Hold'em Limit ($3/$6 USD) - 2017/05/18 13:06:26 ET
Table 'Lyalya' 10-max Seat #4 is the button
Seat 4: largopass ($299.87 in chips)
Seat 5: vestimokrec ($92.77 in chips)
largopass: posts small blind $1
vestimokrec: posts big blind $3
*** HOLE CARDS ***
largopass: calls $2
vestimokrec: checks
*** FLOP *** [As 3h Th]
vestimokrec: checks
largopass: bets $3
vestimokrec: folds
Uncalled bet ($3) returned to largopass
largopass collected $5.88 from pot
largopass: doesn't show hand
*** SUMMARY ***
Total pot $6 | Rake $0.12
Board [As 3h Th]
Seat 4: largopass (button) (small blind) collected ($5.88)
Seat 5: vestimokrec (big blind) folded on the Flop


PokerStars Hand #170587631541:  Hold'em Limit ($3/$6 USD) - 2017/05/18 13:05:58 ET
Table 'Lyalya' 10-max Seat #5 is the button
Seat 4: largopass ($279.37 in chips)
Seat 5: vestimokrec ($113.77 in chips)
vestimokrec: posts small blind $1
largopass: posts big blind $3
*** HOLE CARDS ***
vestimokrec: raises $3 to $6
largopass: calls $3
*** FLOP *** [2c 8c Kc]
largopass: bets $3
vestimokrec: calls $3
*** TURN *** [2c 8c Kc] [6d]
largopass: bets $6
vestimokrec: calls $6
*** RIVER *** [2c 8c Kc 6d] [9d]
largopass: bets $6
vestimokrec: calls $6
*** SHOW DOWN ***
largopass: shows [4s Ks] (a pair of Kings)
vestimokrec: mucks hand
largopass collected $41.50 from pot
*** SUMMARY ***
Total pot $42 | Rake $0.50
Board [2c 8c Kc 6d 9d]
Seat 4: largopass (big blind) showed [4s Ks] and won ($41.50) with a pair of Kings
Seat 5: vestimokrec (button) (small blind) mucked


PokerStars Hand #170587625760:  Hold'em Limit ($3/$6 USD) - 2017/05/18 13:05:50 ET
Table 'Lyalya' 10-max Seat #4 is the button
Seat 4: largopass ($276.37 in chips)
Seat 5: vestimokrec ($116.77 in chips)
largopass: posts small blind $1
vestimokrec: posts big blind $3
*** HOLE CARDS ***
largopass: raises $3 to $6
vestimokrec: folds
Uncalled bet ($3) returned to largopass
largopass collected $6 from pot
largopass: doesn't show hand
*** SUMMARY ***
Total pot $6 | Rake $0
Seat 4: largopass (button) (small blind) collected ($6)
Seat 5: vestimokrec (big blind) folded before Flop


PokerStars Hand #170587618128:  Hold'em Limit ($3/$6 USD) - 2017/05/18 13:05:40 ET
Table 'Lyalya' 10-max Seat #5 is the button
Seat 4: largopass ($275.37 in chips)
Seat 5: vestimokrec ($117.77 in chips)
vestimokrec: posts small blind $1
largopass: posts big blind $3
*** HOLE CARDS ***
vestimokrec: folds
Uncalled bet ($2) returned to largopass
largopass collected $2 from pot
largopass: doesn't show hand
*** SUMMARY ***
Total pot $2 | Rake $0
Seat 4: largopass (big blind) collected ($2)
Seat 5: vestimokrec (button) (small blind) folded before Flop


PokerStars Hand #170587698998:  Hold'em Limit ($3/$6 USD) - 2017/05/18 13:07:26 ET
Table 'Lyalya' 10-max Seat #4 is the button
Seat 4: largopass ($281.75 in chips)
Seat 5: vestimokrec ($110.05 in chips)
largopass: posts small blind $1
vestimokrec: posts big blind $3
*** HOLE CARDS ***
largopass: raises $3 to $6
vestimokrec: folds
Uncalled bet ($3) returned to largopass
largopass collected $6 from pot
largopass: doesn't show hand
*** SUMMARY ***
Total pot $6 | Rake $0
Seat 4: largopass (button) (small blind) collected ($6)
Seat 5: vestimokrec (big blind) folded before Flop


PokerStars Hand #170587693990:  Hold'em Limit ($3/$6 USD) - 2017/05/18 13:07:19 ET
Table 'Lyalya' 10-max Seat #5 is the button
Seat 4: largopass ($284.75 in chips)
Seat 5: vestimokrec ($107.05 in chips)
vestimokrec: posts small blind $1
largopass: posts big blind $3
*** HOLE CARDS ***
vestimokrec: raises $3 to $6
largopass: folds
Uncalled bet ($3) returned to vestimokrec
vestimokrec collected $6 from pot
vestimokrec: doesn't show hand
*** SUMMARY ***
Total pot $6 | Rake $0
Seat 4: largopass (big blind) folded before Flop
Seat 5: vestimokrec (button) (small blind) collected ($6)


PokerStars Hand #170587677281:  Hold'em Limit ($3/$6 USD) - 2017/05/18 13:06:58 ET
Table 'Lyalya' 10-max Seat #4 is the button
Seat 4: largopass ($296.75 in chips)
Seat 5: vestimokrec ($95.53 in chips)
largopass: posts small blind $1
vestimokrec: posts big blind $3
*** HOLE CARDS ***
largopass: raises $3 to $6
vestimokrec: calls $3
*** FLOP *** [6d 7c 4h]
vestimokrec: checks
largopass: checks
*** TURN *** [6d 7c 4h] [7s]
vestimokrec: bets $6
largopass: calls $6
*** RIVER *** [6d 7c 4h 7s] [8c]
vestimokrec: bets $6
largopass: folds
Uncalled bet ($6) returned to vestimokrec
vestimokrec collected $23.52 from pot
vestimokrec: doesn't show hand
*** SUMMARY ***
Total pot $24 | Rake $0.48
Board [6d 7c 4h 7s 8c]
Seat 4: largopass (button) (small blind) folded on the River
Seat 5: vestimokrec (big blind) collected ($23.52)


PokerStars Hand #170587664542:  Hold'em Limit ($3/$6 USD) - 2017/05/18 13:06:41 ET
Table 'Lyalya' 10-max Seat #5 is the button
Seat 4: largopass ($302.75 in chips)
Seat 5: vestimokrec ($89.77 in chips)
vestimokrec: posts small blind $1
largopass: posts big blind $3
*** HOLE CARDS ***
vestimokrec: raises $3 to $6
largopass: calls $3
*** FLOP *** [Ac 3d 4s]
largopass: checks
vestimokrec: bets $3
largopass: folds
Uncalled bet ($3) returned to vestimokrec
vestimokrec collected $11.76 from pot
vestimokrec: doesn't show hand
*** SUMMARY ***
Total pot $12 | Rake $0.24
Board [Ac 3d 4s]
Seat 4: largopass (big blind) folded on the Flop
Seat 5: vestimokrec (button) (small blind) collected ($11.76)


PokerStars Hand #170587731682:  Hold'em Limit ($3/$6 USD) - 2017/05/18 13:08:08 ET
Table 'Lyalya' 10-max Seat #4 is the button
Seat 4: largopass ($311.25 in chips)
Seat 5: vestimokrec ($80.05 in chips)
largopass: posts small blind $1
vestimokrec: posts big blind $3
*** HOLE CARDS ***
largopass: calls $2
vestimokrec: checks
*** FLOP *** [9c Ah Kd]
vestimokrec: checks
largopass: checks
*** TURN *** [9c Ah Kd] [9h]
vestimokrec: checks
largopass: checks
*** RIVER *** [9c Ah Kd 9h] [7s]
vestimokrec: checks
largopass: checks
*** SHOW DOWN ***
vestimokrec: shows [Tc 7c] (two pair, Nines and Sevens)
largopass: mucks hand
vestimokrec collected $5.88 from pot
*** SUMMARY ***
Total pot $6 | Rake $0.12
Board [9c Ah Kd 9h 7s]
Seat 4: largopass (button) (small blind) mucked
Seat 5: vestimokrec (big blind) showed [Tc 7c] and won ($5.88) with two pair, Nines and Sevens


PokerStars Hand #170587707035:  Hold'em Limit ($3/$6 USD) - 2017/05/18 13:07:36 ET
Table 'Lyalya' 10-max Seat #5 is the button
Seat 4: largopass ($284.75 in chips)
Seat 5: vestimokrec ($107.05 in chips)
vestimokrec: posts small blind $1
largopass: posts big blind $3
*** HOLE CARDS ***
vestimokrec: raises $3 to $6
largopass: calls $3
*** FLOP *** [3s 7c 6d]
largopass: bets $3
vestimokrec: calls $3
*** TURN *** [3s 7c 6d] [6s]
largopass: bets $6
vestimokrec: calls $6
*** RIVER *** [3s 7c 6d 6s] [Kc]
largopass: bets $6
vestimokrec: raises $6 to $12
largopass: raises $6 to $18
vestimokrec: folds
Uncalled bet ($6) returned to largopass
largopass collected $53.50 from pot
largopass: doesn't show hand
*** SUMMARY ***
Total pot $54 | Rake $0.50
Board [3s 7c 6d 6s Kc]
Seat 4: largopass (big blind) collected ($53.50)
Seat 5: vestimokrec (button) (small blind) folded on the River


PokerStars Hand #170587787293:  Hold'em Limit ($3/$6 USD) - 2017/05/18 13:09:20 ET
Table 'Lyalya' 10-max Seat #5 is the button
Seat 4: largopass ($322.75 in chips)
Seat 5: vestimokrec ($67.93 in chips)
vestimokrec: posts small blind $1
largopass: posts big blind $3
*** HOLE CARDS ***
vestimokrec: raises $3 to $6
largopass: calls $3
*** FLOP *** [8c 3c Ah]
largopass: checks
vestimokrec: bets $3
largopass: folds
Uncalled bet ($3) returned to vestimokrec
vestimokrec collected $11.76 from pot
vestimokrec: doesn't show hand
*** SUMMARY ***
Total pot $12 | Rake $0.24
Board [8c 3c Ah]
Seat 4: largopass (big blind) folded on the Flop
Seat 5: vestimokrec (button) (small blind) collected ($11.76)


PokerStars Hand #170587762908:  Hold'em Limit ($3/$6 USD) - 2017/05/18 13:08:49 ET
Table 'Lyalya' 10-max Seat #4 is the button
Seat 4: largopass ($305.25 in chips)
Seat 5: vestimokrec ($85.93 in chips)
largopass: posts small blind $1
vestimokrec: posts big blind $3
*** HOLE CARDS ***
largopass: raises $3 to $6
vestimokrec: calls $3
*** FLOP *** [6s Kh 5s]
vestimokrec: checks
largopass: checks
*** TURN *** [6s Kh 5s] [Jd]
vestimokrec: bets $6
largopass: calls $6
*** RIVER *** [6s Kh 5s Jd] [2h]
vestimokrec: bets $6
largopass: calls $6
*** SHOW DOWN ***
vestimokrec: shows [Ts 5h] (a pair of Fives)
largopass: shows [Jc 8c] (a pair of Jacks)
largopass collected $35.50 from pot
*** SUMMARY ***
Total pot $36 | Rake $0.50
Board [6s Kh 5s Jd 2h]
Seat 4: largopass (button) (small blind) showed [Jc 8c] and won ($35.50) with a pair of Jacks
Seat 5: vestimokrec (big blind) showed [Ts 5h] and lost with a pair of Fives


PokerStars Hand #170587758308:  Hold'em Limit ($3/$6 USD) - 2017/05/18 13:08:43 ET
Table 'Lyalya' 10-max Seat #5 is the button
Seat 4: largopass ($308.25 in chips)
Seat 5: vestimokrec ($82.93 in chips)
vestimokrec: posts small blind $1
largopass: posts big blind $3
*** HOLE CARDS ***
vestimokrec: raises $3 to $6
largopass: folds
Uncalled bet ($3) returned to vestimokrec
vestimokrec collected $6 from pot
vestimokrec: doesn't show hand
*** SUMMARY ***
Total pot $6 | Rake $0
Seat 4: largopass (big blind) folded before Flop
Seat 5: vestimokrec (button) (small blind) collected ($6)


PokerStars Hand #170587805444:  Hold'em Limit ($3/$6 USD) - 2017/05/18 13:09:44 ET
Table 'Lyalya' 10-max Seat #4 is the button
Seat 4: largopass ($316.75 in chips)
Seat 5: vestimokrec ($73.69 in chips)
largopass: posts small blind $1
vestimokrec: posts big blind $3
*** HOLE CARDS ***
largopass: raises $3 to $6
vestimokrec: calls $3
*** FLOP *** [Ks Ad 4h]
vestimokrec: checks
largopass: bets $3
vestimokrec: raises $3 to $6
largopass: calls $3
*** TURN *** [Ks Ad 4h] [8d]
vestimokrec: checks
largopass: bets $6
vestimokrec: folds
Uncalled bet ($6) returned to largopass
largopass collected $23.52 from pot
largopass: doesn't show hand
*** SUMMARY ***
Total pot $24 | Rake $0.48
Board [Ks Ad 4h 8d]
Seat 4: largopass (button) (small blind) collected ($23.52)
Seat 5: vestimokrec (big blind) folded on the Turn


PokerStars Hand #170587879787:  Hold'em Limit ($3/$6 USD) - 2017/05/18 13:11:21 ET
Table 'Lyalya' 10-max Seat #5 is the button
Seat 4: largopass ($315.27 in chips)
Seat 5: vestimokrec ($74.21 in chips)
vestimokrec: posts small blind $1
largopass: posts big blind $3
*** HOLE CARDS ***
vestimokrec: raises $3 to $6
largopass: calls $3
*** FLOP *** [2h 6s 2s]
largopass: checks
vestimokrec: bets $3
largopass: folds
Uncalled bet ($3) returned to vestimokrec
vestimokrec collected $11.76 from pot
vestimokrec: doesn't show hand
*** SUMMARY ***
Total pot $12 | Rake $0.24
Board [2h 6s 2s]
Seat 4: largopass (big blind) folded on the Flop
Seat 5: vestimokrec (button) (small blind) collected ($11.76)


PokerStars Hand #170587875415:  Hold'em Limit ($3/$6 USD) - 2017/05/18 13:11:16 ET
Table 'Lyalya' 10-max Seat #4 is the button
Seat 4: largopass ($316.27 in chips)
Seat 5: vestimokrec ($73.21 in chips)
largopass: posts small blind $1
vestimokrec: posts big blind $3
*** HOLE CARDS ***
largopass: folds
Uncalled bet ($2) returned to vestimokrec
vestimokrec collected $2 from pot
vestimokrec: doesn't show hand
*** SUMMARY ***
Total pot $2 | Rake $0
Seat 4: largopass (button) (small blind) folded before Flop
Seat 5: vestimokrec (big blind) collected ($2)


PokerStars Hand #170587848253:  Hold'em Limit ($3/$6 USD) - 2017/05/18 13:10:40 ET
Table 'Lyalya' 10-max Seat #5 is the button
Seat 4: largopass ($328.27 in chips)
Seat 5: vestimokrec ($61.69 in chips)
vestimokrec: posts small blind $1
largopass: posts big blind $3
*** HOLE CARDS ***
vestimokrec: raises $3 to $6
largopass: calls $3
*** FLOP *** [9d Th 3s]
largopass: checks
vestimokrec: checks
*** TURN *** [9d Th 3s] [6s]
largopass: checks
vestimokrec: bets $6
largopass: calls $6
*** RIVER *** [9d Th 3s 6s] [3d]
largopass: checks
vestimokrec: checks
*** SHOW DOWN ***
largopass: shows [5s Qs] (a pair of Threes)
vestimokrec: shows [7d Ah] (a pair of Threes - Ace kicker)
vestimokrec collected $23.52 from pot
*** SUMMARY ***
Total pot $24 | Rake $0.48
Board [9d Th 3s 6s 3d]
Seat 4: largopass (big blind) showed [5s Qs] and lost with a pair of Threes
Seat 5: vestimokrec (button) (small blind) showed [7d Ah] and won ($23.52) with a pair of Threes


PokerStars Hand #170587940009:  Hold'em Limit ($3/$6 USD) - 2017/05/18 13:12:39 ET
Table 'Lyalya' 10-max Seat #4 is the button
Seat 4: largopass ($341.53 in chips)
Seat 5: vestimokrec ($120 in chips)
largopass: posts small blind $1
vestimokrec: posts big blind $3
*** HOLE CARDS ***
largopass: folds
Uncalled bet ($2) returned to vestimokrec
vestimokrec collected $2 from pot
vestimokrec: doesn't show hand
*** SUMMARY ***
Total pot $2 | Rake $0
Seat 4: largopass (button) (small blind) folded before Flop
Seat 5: vestimokrec (big blind) collected ($2)


PokerStars Hand #170587909826:  Hold'em Limit ($3/$6 USD) - 2017/05/18 13:12:00 ET
Table 'Lyalya' 10-max Seat #5 is the button
Seat 4: largopass ($315.03 in chips)
Seat 5: vestimokrec ($73.97 in chips)
vestimokrec: posts small blind $1
largopass: posts big blind $3
*** HOLE CARDS ***
vestimokrec: raises $3 to $6
largopass: calls $3
*** FLOP *** [4d 9d 2h]
largopass: checks
vestimokrec: bets $3
largopass: calls $3
*** TURN *** [4d 9d 2h] [Qd]
largopass: checks
vestimokrec: bets $6
largopass: raises $6 to $12
vestimokrec: calls $6
*** RIVER *** [4d 9d 2h Qd] [3h]
largopass: bets $6
vestimokrec: calls $6
*** SHOW DOWN ***
largopass: shows [Ks Qh] (a pair of Queens)
vestimokrec: mucks hand
largopass collected $53.50 from pot
*** SUMMARY ***
Total pot $54 | Rake $0.50
Board [4d 9d 2h Qd 3h]
Seat 4: largopass (big blind) showed [Ks Qh] and won ($53.50) with a pair of Queens
Seat 5: vestimokrec (button) (small blind) mucked


PokerStars Hand #170587896130:  Hold'em Limit ($3/$6 USD) - 2017/05/18 13:11:43 ET
Table 'Lyalya' 10-max Seat #4 is the button
Seat 4: largopass ($309.27 in chips)
Seat 5: vestimokrec ($79.97 in chips)
largopass: posts small blind $1
vestimokrec: posts big blind $3
*** HOLE CARDS ***
largopass: raises $3 to $6
vestimokrec: calls $3
*** FLOP *** [2s Qc 3s]
vestimokrec: checks
largopass: bets $3
vestimokrec: folds
Uncalled bet ($3) returned to largopass
largopass collected $11.76 from pot
largopass: doesn't show hand
*** SUMMARY ***
Total pot $12 | Rake $0.24
Board [2s Qc 3s]
Seat 4: largopass (button) (small blind) collected ($11.76)
Seat 5: vestimokrec (big blind) folded on the Flop


PokerStars Hand #170587952601:  Hold'em Limit ($3/$6 USD) - 2017/05/18 13:12:56 ET
Table 'Lyalya' 10-max Seat #4 is the button
Seat 4: largopass ($341.53 in chips)
Seat 5: vestimokrec ($120 in chips)
largopass: posts small blind $1
vestimokrec: posts big blind $3
*** HOLE CARDS ***
largopass: calls $2
vestimokrec: raises $3 to $6
largopass: calls $3
*** FLOP *** [3c 8s 6h]
vestimokrec: bets $3
largopass: calls $3
*** TURN *** [3c 8s 6h] [2s]
vestimokrec: bets $6
largopass: calls $6
*** RIVER *** [3c 8s 6h 2s] [2c]
vestimokrec: checks
largopass: checks
*** SHOW DOWN ***
vestimokrec: shows [Td As] (a pair of Deuces)
largopass: mucks hand
vestimokrec collected $29.50 from pot
*** SUMMARY ***
Total pot $30 | Rake $0.50
Board [3c 8s 6h 2s 2c]
Seat 4: largopass (button) (small blind) mucked
Seat 5: vestimokrec (big blind) showed [Td As] and won ($29.50) with a pair of Deuces


PokerStars Hand #170587944155:  Hold'em Limit ($3/$6 USD) - 2017/05/18 13:12:45 ET
Table 'Lyalya' 10-max Seat #5 is the button
Seat 4: largopass ($340.53 in chips)
Seat 5: vestimokrec ($121 in chips)
vestimokrec: posts small blind $1
largopass: posts big blind $3
*** HOLE CARDS ***
vestimokrec: folds
Uncalled bet ($2) returned to largopass
largopass collected $2 from pot
largopass: doesn't show hand
*** SUMMARY ***
Total pot $2 | Rake $0
Seat 4: largopass (big blind) collected ($2)
Seat 5: vestimokrec (button) (small blind) folded before Flop


PokerStars Hand #170588001723:  Hold'em Limit ($3/$6 USD) - 2017/05/18 13:13:59 ET
Table 'Lyalya' 10-max Seat #5 is the button
Seat 4: largopass ($316.53 in chips)
Seat 5: vestimokrec ($144.14 in chips)
vestimokrec: posts small blind $1
largopass: posts big blind $3
*** HOLE CARDS ***
vestimokrec: raises $3 to $6
largopass: calls $3
*** FLOP *** [Jc 5d 4c]
largopass: bets $3
vestimokrec: calls $3
*** TURN *** [Jc 5d 4c] [5c]
largopass: bets $6
vestimokrec: calls $6
*** RIVER *** [Jc 5d 4c 5c] [Th]
largopass: bets $6
vestimokrec: calls $6
*** SHOW DOWN ***
largopass: shows [5s 7c] (three of a kind, Fives)
vestimokrec: mucks hand
largopass collected $41.50 from pot
*** SUMMARY ***
Total pot $42 | Rake $0.50
Board [Jc 5d 4c 5c Th]
Seat 4: largopass (big blind) showed [5s 7c] and won ($41.50) with three of a kind, Fives
Seat 5: vestimokrec (button) (small blind) mucked


PokerStars Hand #170587997586:  Hold'em Limit ($3/$6 USD) - 2017/05/18 13:13:54 ET
Table 'Lyalya' 10-max Seat #4 is the button
Seat 4: largopass ($317.53 in chips)
Seat 5: vestimokrec ($143.14 in chips)
largopass: posts small blind $1
vestimokrec: posts big blind $3
*** HOLE CARDS ***
largopass: folds
Uncalled bet ($2) returned to vestimokrec
vestimokrec collected $2 from pot
vestimokrec: doesn't show hand
*** SUMMARY ***
Total pot $2 | Rake $0
Seat 4: largopass (button) (small blind) folded before Flop
Seat 5: vestimokrec (big blind) collected ($2)


PokerStars Hand #170587970996:  Hold'em Limit ($3/$6 USD) - 2017/05/18 13:13:20 ET
Table 'Lyalya' 10-max Seat #5 is the button
Seat 4: largopass ($326.53 in chips)
Seat 5: vestimokrec ($134.50 in chips)
vestimokrec: posts small blind $1
largopass: posts big blind $3
*** HOLE CARDS ***
vestimokrec: raises $3 to $6
largopass: calls $3
*** FLOP *** [Ks 4h 4s]
largopass: checks
vestimokrec: bets $3
largopass: calls $3
*** TURN *** [Ks 4h 4s] [Kh]
largopass: checks
vestimokrec: checks
*** RIVER *** [Ks 4h 4s Kh] [4d]
largopass: checks
vestimokrec: bets $6
largopass: folds
Uncalled bet ($6) returned to vestimokrec
vestimokrec collected $17.64 from pot
vestimokrec: doesn't show hand
*** SUMMARY ***
Total pot $18 | Rake $0.36
Board [Ks 4h 4s Kh 4d]
Seat 4: largopass (big blind) folded on the River
Seat 5: vestimokrec (button) (small blind) collected ($17.64)


PokerStars Hand #170588044415:  Hold'em Limit ($3/$6 USD) - 2017/05/18 13:14:55 ET
Table 'Lyalya' 10-max Seat #4 is the button
Seat 4: largopass ($333.78 in chips)
Seat 5: vestimokrec ($125.89 in chips)
largopass: posts small blind $1
vestimokrec: posts big blind $3
*** HOLE CARDS ***
largopass: raises $3 to $6
vestimokrec: calls $3
*** FLOP *** [2c 5s 7d]
vestimokrec: checks
largopass: bets $3
vestimokrec: raises $3 to $6
largopass: calls $3
*** TURN *** [2c 5s 7d] [Ts]
vestimokrec: bets $6
largopass: calls $6
*** RIVER *** [2c 5s 7d Ts] [Th]
vestimokrec: bets $6
largopass: calls $6
*** SHOW DOWN ***
vestimokrec: shows [Js 7h] (two pair, Tens and Sevens)
largopass: mucks hand
vestimokrec collected $47.50 from pot
*** SUMMARY ***
Total pot $48 | Rake $0.50
Board [2c 5s 7d Ts Th]
Seat 4: largopass (button) (small blind) mucked
Seat 5: vestimokrec (big blind) showed [Js 7h] and won ($47.50) with two pair, Tens and Sevens


PokerStars Hand #170588040213:  Hold'em Limit ($3/$6 USD) - 2017/05/18 13:14:50 ET
Table 'Lyalya' 10-max Seat #5 is the button
Seat 4: largopass ($336.78 in chips)
Seat 5: vestimokrec ($122.89 in chips)
vestimokrec: posts small blind $1
largopass: posts big blind $3
*** HOLE CARDS ***
vestimokrec: raises $3 to $6
largopass: folds
Uncalled bet ($3) returned to vestimokrec
vestimokrec collected $6 from pot
vestimokrec: doesn't show hand
*** SUMMARY ***
Total pot $6 | Rake $0
Seat 4: largopass (big blind) folded before Flop
Seat 5: vestimokrec (button) (small blind) collected ($6)


PokerStars Hand #170588019076:  Hold'em Limit ($3/$6 USD) - 2017/05/18 13:14:22 ET
Table 'Lyalya' 10-max Seat #4 is the button
Seat 4: largopass ($337.03 in chips)
Seat 5: vestimokrec ($123.14 in chips)
largopass: posts small blind $1
vestimokrec: posts big blind $3
*** HOLE CARDS ***
largopass: raises $3 to $6
vestimokrec: calls $3
*** FLOP *** [Ah 6c 9s]
vestimokrec: checks
largopass: bets $3
vestimokrec: calls $3
*** TURN *** [Ah 6c 9s] [Js]
vestimokrec: checks
largopass: checks
*** RIVER *** [Ah 6c 9s Js] [Jd]
vestimokrec: checks
largopass: bets $6
vestimokrec: calls $6
*** SHOW DOWN ***
largopass: shows [9c Th] (two pair, Jacks and Nines)
vestimokrec: shows [2h 9h] (two pair, Jacks and Nines)
vestimokrec collected $14.75 from pot
largopass collected $14.75 from pot
*** SUMMARY ***
Total pot $30 | Rake $0.50
Board [Ah 6c 9s Js Jd]
Seat 4: largopass (button) (small blind) showed [9c Th] and won ($14.75) with two pair, Jacks and Nines
Seat 5: vestimokrec (big blind) showed [2h 9h] and won ($14.75) with two pair, Jacks and Nines


PokerStars Hand #170588061226:  Hold'em Limit ($3/$6 USD) - 2017/05/18 13:15:16 ET
Table 'Lyalya' 10-max Seat #5 is the button
Seat 4: largopass ($309.78 in chips)
Seat 5: vestimokrec ($149.39 in chips)
vestimokrec: posts small blind $1
largopass: posts big blind $3
*** HOLE CARDS ***
vestimokrec: raises $3 to $6
largopass: calls $3
*** FLOP *** [5c 4s Kd]
largopass: checks
vestimokrec: checks
*** TURN *** [5c 4s Kd] [8s]
largopass: checks
vestimokrec: bets $6
largopass: raises $6 to $12
vestimokrec: calls $6
*** RIVER *** [5c 4s Kd 8s] [2s]
largopass: checks
vestimokrec: checks
*** SHOW DOWN ***
largopass: shows [Js 9h] (high card King)
vestimokrec: shows [9d 9c] (a pair of Nines)
vestimokrec collected $35.50 from pot
*** SUMMARY ***
Total pot $36 | Rake $0.50
Board [5c 4s Kd 8s 2s]
Seat 4: largopass (big blind) showed [Js 9h] and lost with high card King
Seat 5: vestimokrec (button) (small blind) showed [9d 9c] and won ($35.50) with a pair of Nines


PokerStars Hand #170588098326:  Hold'em Limit ($3/$6 USD) - 2017/05/18 13:16:05 ET
Table 'Lyalya' 10-max Seat #4 is the button
Seat 4: largopass ($291.78 in chips)
Seat 5: vestimokrec ($166.89 in chips)
largopass: posts small blind $1
vestimokrec: posts big blind $3
*** HOLE CARDS ***
largopass: folds
Uncalled bet ($2) returned to vestimokrec
vestimokrec collected $2 from pot
vestimokrec: doesn't show hand
*** SUMMARY ***
Total pot $2 | Rake $0
Seat 4: largopass (button) (small blind) folded before Flop
Seat 5: vestimokrec (big blind) collected ($2)


PokerStars Hand #170588102707:  Hold'em Limit ($3/$6 USD) - 2017/05/18 13:16:11 ET
Table 'Lyalya' 10-max Seat #5 is the button
Seat 4: largopass ($290.78 in chips)
Seat 5: vestimokrec ($167.89 in chips)
vestimokrec: posts small blind $1
largopass: posts big blind $3
*** HOLE CARDS ***
vestimokrec: raises $3 to $6
largopass: folds
Uncalled bet ($3) returned to vestimokrec
largopass leaves the table
vestimokrec collected $6 from pot
vestimokrec: doesn't show hand
*** SUMMARY ***
Total pot $6 | Rake $0
Seat 4: largopass (big blind) folded before Flop
Seat 5: vestimokrec (button) (small blind) collected ($6)


