PokerStars Hand #148799032670:  Hold'em Limit ($3/$6 USD) - 2016/02/14 13:38:17 ET
Table 'Lycomedes' 6-max Seat #3 is the button
Seat 3: chipsdigme86 ($85.93 in chips)
Seat 4: Great_Kang ($123 in chips)
chipsdigme86: posts small blind $1
Great_Kang: posts big blind $3
*** HOLE CARDS ***
chipsdigme86: raises $3 to $6
Great_Kang: calls $3
*** FLOP *** [3h 6c 6h]
Great_Kang: checks
chipsdigme86: checks
*** TURN *** [3h 6c 6h] [8s]
Great_Kang: checks
chipsdigme86: bets $6
Great_Kang: calls $6
*** RIVER *** [3h 6c 6h 8s] [Ad]
Great_Kang: checks
chipsdigme86: checks
*** SHOW DOWN ***
Great_Kang: shows [Qh 5d] (a pair of Sixes)
chipsdigme86: shows [8h Th] (two pair, Eights and Sixes)
chipsdigme86 collected $23.52 from pot
*** SUMMARY ***
Total pot $24 | Rake $0.48
Board [3h 6c 6h 8s Ad]
Seat 3: chipsdigme86 (button) (small blind) showed [8h Th] and won ($23.52) with two pair, Eights and Sixes
Seat 4: Great_Kang (big blind) showed [Qh 5d] and lost with a pair of Sixes


PokerStars Hand #148799024928:  Hold'em Limit ($3/$6 USD) - 2016/02/14 13:38:10 ET
Table 'Lycomedes' 6-max Seat #4 is the button
Seat 3: chipsdigme86 ($88.93 in chips)
Seat 4: Great_Kang ($120 in chips)
Great_Kang: posts small blind $1
chipsdigme86: posts big blind $3
*** HOLE CARDS ***
Telepuzt joins the table at seat #2
Great_Kang: raises $3 to $6
chipsdigme86: folds
Uncalled bet ($3) returned to Great_Kang
Great_Kang collected $6 from pot
Great_Kang: doesn't show hand
*** SUMMARY ***
Total pot $6 | Rake $0
Seat 3: chipsdigme86 (big blind) folded before Flop
Seat 4: Great_Kang (button) (small blind) collected ($6)


PokerStars Hand #148799002394:  Hold'em Limit ($3/$6 USD) - 2016/02/14 13:37:50 ET
Table 'Lycomedes' 6-max Seat #3 is the button
Seat 3: chipsdigme86 ($77.41 in chips)
Seat 4: Great_Kang ($123 in chips)
chipsdigme86: posts small blind $1
Great_Kang: posts big blind $3
*** HOLE CARDS ***
chipsdigme86: raises $3 to $6
Great_Kang: raises $3 to $9
chipsdigme86: raises $3 to $12
Betting is capped
Great_Kang: calls $3
*** FLOP *** [5c 5s Ac]
Great_Kang: checks
chipsdigme86: checks
*** TURN *** [5c 5s Ac] [4d]
Great_Kang: checks
chipsdigme86: bets $6
Great_Kang: folds
Uncalled bet ($6) returned to chipsdigme86
chipsdigme86 collected $23.52 from pot
*** SUMMARY ***
Total pot $24 | Rake $0.48
Board [5c 5s Ac 4d]
Seat 3: chipsdigme86 (button) (small blind) collected ($23.52)
Seat 4: Great_Kang (big blind) folded on the Turn


PokerStars Hand #148799331880:  Hold'em Limit ($3/$6 USD) - 2016/02/14 13:42:42 ET
Table 'Lycomedes' 6-max Seat #4 is the button
Seat 3: chipsdigme86 ($54.02 in chips)
Seat 4: Great_Kang ($147.55 in chips)
Great_Kang: posts small blind $1
chipsdigme86: posts big blind $3
*** HOLE CARDS ***
Great_Kang: folds
Uncalled bet ($2) returned to chipsdigme86
chipsdigme86 collected $2 from pot
*** SUMMARY ***
Total pot $2 | Rake $0
Seat 3: chipsdigme86 (big blind) collected ($2)
Seat 4: Great_Kang (button) (small blind) folded before Flop


PokerStars Hand #148799311580:  Hold'em Limit ($3/$6 USD) - 2016/02/14 13:42:24 ET
Table 'Lycomedes' 6-max Seat #3 is the button
Seat 3: chipsdigme86 ($36.52 in chips)
Seat 4: Great_Kang ($165.55 in chips)
chipsdigme86: posts small blind $1
Great_Kang: posts big blind $3
*** HOLE CARDS ***
chipsdigme86: raises $3 to $6
Great_Kang: calls $3
*** FLOP *** [6c Jc 7c]
Great_Kang: checks
chipsdigme86: bets $3
Great_Kang: raises $3 to $6
chipsdigme86: calls $3
*** TURN *** [6c Jc 7c] [7d]
Great_Kang: bets $6
chipsdigme86: calls $6
*** RIVER *** [6c Jc 7c 7d] [6s]
Great_Kang: checks
chipsdigme86: checks
*** SHOW DOWN ***
Great_Kang: shows [Qc 8s] (two pair, Sevens and Sixes)
chipsdigme86: shows [Ac 5d] (two pair, Sevens and Sixes - Ace kicker)
chipsdigme86 collected $35.50 from pot
*** SUMMARY ***
Total pot $36 | Rake $0.50
Board [6c Jc 7c 7d 6s]
Seat 3: chipsdigme86 (button) (small blind) showed [Ac 5d] and won ($35.50) with two pair, Sevens and Sixes
Seat 4: Great_Kang (big blind) showed [Qc 8s] and lost with two pair, Sevens and Sixes


PokerStars Hand #148799305537:  Hold'em Limit ($3/$6 USD) - 2016/02/14 13:42:18 ET
Table 'Lycomedes' 6-max Seat #4 is the button
Seat 3: chipsdigme86 ($35.52 in chips)
Seat 4: Great_Kang ($166.55 in chips)
Great_Kang: posts small blind $1
chipsdigme86: posts big blind $3
*** HOLE CARDS ***
Great_Kang: folds
Uncalled bet ($2) returned to chipsdigme86
chipsdigme86 collected $2 from pot
*** SUMMARY ***
Total pot $2 | Rake $0
Seat 3: chipsdigme86 (big blind) collected ($2)
Seat 4: Great_Kang (button) (small blind) folded before Flop


PokerStars Hand #148799292040:  Hold'em Limit ($3/$6 USD) - 2016/02/14 13:42:06 ET
Table 'Lycomedes' 6-max Seat #3 is the button
Seat 3: chipsdigme86 ($44.52 in chips)
Seat 4: Great_Kang ($157.91 in chips)
chipsdigme86: posts small blind $1
Great_Kang: posts big blind $3
*** HOLE CARDS ***
chipsdigme86: raises $3 to $6
Great_Kang: raises $3 to $9
chipsdigme86: calls $3
*** FLOP *** [As 2s 3h]
Great_Kang: bets $3
chipsdigme86: folds
Uncalled bet ($3) returned to Great_Kang
Great_Kang collected $17.64 from pot
Great_Kang: doesn't show hand
*** SUMMARY ***
Total pot $18 | Rake $0.36
Board [As 2s 3h]
Seat 3: chipsdigme86 (button) (small blind) folded on the Flop
Seat 4: Great_Kang (big blind) collected ($17.64)


PokerStars Hand #148799264189:  Hold'em Limit ($3/$6 USD) - 2016/02/14 13:41:42 ET
Table 'Lycomedes' 6-max Seat #4 is the button
Seat 3: chipsdigme86 ($53.52 in chips)
Seat 4: Great_Kang ($149.27 in chips)
Great_Kang: posts small blind $1
chipsdigme86: posts big blind $3
*** HOLE CARDS ***
Great_Kang: raises $3 to $6
chipsdigme86: calls $3
*** FLOP *** [2c 5h 4c]
chipsdigme86: checks
Great_Kang: bets $3
chipsdigme86: calls $3
*** TURN *** [2c 5h 4c] [Qc]
chipsdigme86: checks
Great_Kang: checks
*** RIVER *** [2c 5h 4c Qc] [4s]
chipsdigme86: checks
Great_Kang: checks
*** SHOW DOWN ***
chipsdigme86: shows [7s 8s] (a pair of Fours)
Great_Kang: shows [Kd 3d] (a pair of Fours - King kicker)
Great_Kang collected $17.64 from pot
*** SUMMARY ***
Total pot $18 | Rake $0.36
Board [2c 5h 4c Qc 4s]
Seat 3: chipsdigme86 (big blind) showed [7s 8s] and lost with a pair of Fours
Seat 4: Great_Kang (button) (small blind) showed [Kd 3d] and won ($17.64) with a pair of Fours


PokerStars Hand #148799393710:  Hold'em Limit ($3/$6 USD) - 2016/02/14 13:43:37 ET
Table 'Lycomedes' 6-max Seat #4 is the button
Seat 3: chipsdigme86 ($63.54 in chips)
Seat 4: Great_Kang ($137.55 in chips)
Great_Kang: posts small blind $1
chipsdigme86: posts big blind $3
*** HOLE CARDS ***
Great_Kang: raises $3 to $6
chipsdigme86: calls $3
*** FLOP *** [3d Kd 6c]
chipsdigme86: checks
Great_Kang: bets $3
chipsdigme86: folds
Uncalled bet ($3) returned to Great_Kang
Great_Kang collected $11.76 from pot
Great_Kang: doesn't show hand
*** SUMMARY ***
Total pot $12 | Rake $0.24
Board [3d Kd 6c]
Seat 3: chipsdigme86 (big blind) folded on the Flop
Seat 4: Great_Kang (button) (small blind) collected ($11.76)


PokerStars Hand #148799372596:  Hold'em Limit ($3/$6 USD) - 2016/02/14 13:43:18 ET
Table 'Lycomedes' 6-max Seat #3 is the button
Seat 3: chipsdigme86 ($57.78 in chips)
Seat 4: Great_Kang ($143.55 in chips)
chipsdigme86: posts small blind $1
Great_Kang: posts big blind $3
*** HOLE CARDS ***
chipsdigme86: raises $3 to $6
Great_Kang: calls $3
*** FLOP *** [6s 4s 6h]
Great_Kang: checks
chipsdigme86: bets $3
Great_Kang: folds
Uncalled bet ($3) returned to chipsdigme86
chipsdigme86 collected $11.76 from pot
*** SUMMARY ***
Total pot $12 | Rake $0.24
Board [6s 4s 6h]
Seat 3: chipsdigme86 (button) (small blind) collected ($11.76)
Seat 4: Great_Kang (big blind) folded on the Flop


PokerStars Hand #148799364615:  Hold'em Limit ($3/$6 USD) - 2016/02/14 13:43:11 ET
Table 'Lycomedes' 6-max Seat #4 is the button
Seat 3: chipsdigme86 ($60.78 in chips)
Seat 4: Great_Kang ($140.55 in chips)
Great_Kang: posts small blind $1
chipsdigme86: posts big blind $3
*** HOLE CARDS ***
Great_Kang: raises $3 to $6
chipsdigme86: folds
Uncalled bet ($3) returned to Great_Kang
Great_Kang collected $6 from pot
Great_Kang: doesn't show hand
*** SUMMARY ***
Total pot $6 | Rake $0
Seat 3: chipsdigme86 (big blind) folded before Flop
Seat 4: Great_Kang (button) (small blind) collected ($6)


PokerStars Hand #148799338219:  Hold'em Limit ($3/$6 USD) - 2016/02/14 13:42:47 ET
Table 'Lycomedes' 6-max Seat #3 is the button
Seat 3: chipsdigme86 ($55.02 in chips)
Seat 4: Great_Kang ($146.55 in chips)
chipsdigme86: posts small blind $1
Great_Kang: posts big blind $3
*** HOLE CARDS ***
chipsdigme86: raises $3 to $6
Great_Kang: calls $3
*** FLOP *** [7d As 2d]
Great_Kang: checks
chipsdigme86: bets $3
Great_Kang: folds
Uncalled bet ($3) returned to chipsdigme86
chipsdigme86 collected $11.76 from pot
*** SUMMARY ***
Total pot $12 | Rake $0.24
Board [7d As 2d]
Seat 3: chipsdigme86 (button) (small blind) collected ($11.76)
Seat 4: Great_Kang (big blind) folded on the Flop


PokerStars Hand #148799482350:  Hold'em Limit ($3/$6 USD) - 2016/02/14 13:44:55 ET
Table 'Lycomedes' 6-max Seat #3 is the button
Seat 3: chipsdigme86 ($63.04 in chips)
Seat 4: Great_Kang ($136.81 in chips)
chipsdigme86: posts small blind $1
Great_Kang: posts big blind $3
*** HOLE CARDS ***
chipsdigme86: folds
Uncalled bet ($2) returned to Great_Kang
Great_Kang collected $2 from pot
Great_Kang: doesn't show hand
*** SUMMARY ***
Total pot $2 | Rake $0
Seat 3: chipsdigme86 (button) (small blind) folded before Flop
Seat 4: Great_Kang (big blind) collected ($2)


PokerStars Hand #148799432320:  Hold'em Limit ($3/$6 USD) - 2016/02/14 13:44:11 ET
Table 'Lycomedes' 6-max Seat #4 is the button
Seat 3: chipsdigme86 ($39.54 in chips)
Seat 4: Great_Kang ($160.81 in chips)
Great_Kang: posts small blind $1
chipsdigme86: posts big blind $3
*** HOLE CARDS ***
Great_Kang: raises $3 to $6
chipsdigme86: raises $3 to $9
Great_Kang: raises $3 to $12
Betting is capped
chipsdigme86: calls $3
*** FLOP *** [6d 8c 5h]
chipsdigme86: checks
Great_Kang: checks
*** TURN *** [6d 8c 5h] [8s]
chipsdigme86: bets $6
Great_Kang: calls $6
*** RIVER *** [6d 8c 5h 8s] [9d]
chipsdigme86: bets $6
Great_Kang: calls $6
*** SHOW DOWN ***
chipsdigme86: shows [9s 8h] (a full house, Eights full of Nines)
Great_Kang: mucks hand
chipsdigme86 collected $47.50 from pot
*** SUMMARY ***
Total pot $48 | Rake $0.50
Board [6d 8c 5h 8s 9d]
Seat 3: chipsdigme86 (big blind) showed [9s 8h] and won ($47.50) with a full house, Eights full of Nines
Seat 4: Great_Kang (button) (small blind) mucked


PokerStars Hand #148799404630:  Hold'em Limit ($3/$6 USD) - 2016/02/14 13:43:47 ET
Table 'Lycomedes' 6-max Seat #3 is the button
Seat 3: chipsdigme86 ($57.54 in chips)
Seat 4: Great_Kang ($143.31 in chips)
chipsdigme86: posts small blind $1
Great_Kang: posts big blind $3
*** HOLE CARDS ***
chipsdigme86: raises $3 to $6
Great_Kang: calls $3
*** FLOP *** [3s 2d Qs]
Great_Kang: checks
chipsdigme86: bets $3
Great_Kang: raises $3 to $6
chipsdigme86: calls $3
*** TURN *** [3s 2d Qs] [Jd]
Great_Kang: bets $6
chipsdigme86: calls $6
*** RIVER *** [3s 2d Qs Jd] [Jh]
Great_Kang: bets $6
chipsdigme86: folds
Uncalled bet ($6) returned to Great_Kang
Great_Kang collected $35.50 from pot
Great_Kang: doesn't show hand
*** SUMMARY ***
Total pot $36 | Rake $0.50
Board [3s 2d Qs Jd Jh]
Seat 3: chipsdigme86 (button) (small blind) folded on the River
Seat 4: Great_Kang (big blind) collected ($35.50)


PokerStars Hand #148799510949:  Hold'em Limit ($3/$6 USD) - 2016/02/14 13:45:21 ET
Table 'Lycomedes' 6-max Seat #3 is the button
Seat 3: chipsdigme86 ($56.04 in chips)
Seat 4: Great_Kang ($143.57 in chips)
chipsdigme86: posts small blind $1
Great_Kang: posts big blind $3
*** HOLE CARDS ***
chipsdigme86: raises $3 to $6
Great_Kang: calls $3
*** FLOP *** [Jh Ts 4s]
Great_Kang: checks
chipsdigme86: checks
*** TURN *** [Jh Ts 4s] [Kh]
Great_Kang: checks
chipsdigme86: bets $6
Great_Kang: folds
Uncalled bet ($6) returned to chipsdigme86
chipsdigme86 collected $11.76 from pot
*** SUMMARY ***
Total pot $12 | Rake $0.24
Board [Jh Ts 4s Kh]
Seat 3: chipsdigme86 (button) (small blind) collected ($11.76)
Seat 4: Great_Kang (big blind) folded on the Turn


PokerStars Hand #148799489079:  Hold'em Limit ($3/$6 USD) - 2016/02/14 13:45:01 ET
Table 'Lycomedes' 6-max Seat #4 is the button
Seat 3: chipsdigme86 ($62.04 in chips)
Seat 4: Great_Kang ($137.81 in chips)
Great_Kang: posts small blind $1
chipsdigme86: posts big blind $3
*** HOLE CARDS ***
Great_Kang: raises $3 to $6
chipsdigme86: calls $3
*** FLOP *** [Th 2c Kd]
chipsdigme86: checks
Great_Kang: bets $3
chipsdigme86: folds
Uncalled bet ($3) returned to Great_Kang
Great_Kang collected $11.76 from pot
Great_Kang: doesn't show hand
*** SUMMARY ***
Total pot $12 | Rake $0.24
Board [Th 2c Kd]
Seat 3: chipsdigme86 (big blind) folded on the Flop
Seat 4: Great_Kang (button) (small blind) collected ($11.76)


PokerStars Hand #148799581171:  Hold'em Limit ($3/$6 USD) - 2016/02/14 13:46:22 ET
Table 'Lycomedes' 6-max Seat #4 is the button
Seat 3: chipsdigme86 ($28.80 in chips)
Seat 4: Great_Kang ($169.71 in chips)
Great_Kang: posts small blind $1
chipsdigme86: posts big blind $3
*** HOLE CARDS ***
Great_Kang: folds
Uncalled bet ($2) returned to chipsdigme86
chipsdigme86 collected $2 from pot
*** SUMMARY ***
Total pot $2 | Rake $0
Seat 3: chipsdigme86 (big blind) collected ($2)
Seat 4: Great_Kang (button) (small blind) folded before Flop


PokerStars Hand #148799566318:  Hold'em Limit ($3/$6 USD) - 2016/02/14 13:46:09 ET
Table 'Lycomedes' 6-max Seat #3 is the button
Seat 3: chipsdigme86 ($37.80 in chips)
Seat 4: Great_Kang ($161.07 in chips)
chipsdigme86: posts small blind $1
Great_Kang: posts big blind $3
*** HOLE CARDS ***
chipsdigme86: raises $3 to $6
Great_Kang: raises $3 to $9
chipsdigme86: calls $3
*** FLOP *** [6d 6s Js]
Great_Kang: bets $3
chipsdigme86: folds
Uncalled bet ($3) returned to Great_Kang
Great_Kang collected $17.64 from pot
Great_Kang: doesn't show hand
*** SUMMARY ***
Total pot $18 | Rake $0.36
Board [6d 6s Js]
Seat 3: chipsdigme86 (button) (small blind) folded on the Flop
Seat 4: Great_Kang (big blind) collected ($17.64)


PokerStars Hand #148799540895:  Hold'em Limit ($3/$6 USD) - 2016/02/14 13:45:47 ET
Table 'Lycomedes' 6-max Seat #4 is the button
Seat 3: chipsdigme86 ($61.80 in chips)
Seat 4: Great_Kang ($137.57 in chips)
Great_Kang: posts small blind $1
chipsdigme86: posts big blind $3
*** HOLE CARDS ***
Great_Kang: raises $3 to $6
chipsdigme86: raises $3 to $9
Great_Kang: calls $3
*** FLOP *** [Jc 7d 3s]
chipsdigme86: bets $3
Great_Kang: calls $3
*** TURN *** [Jc 7d 3s] [5d]
chipsdigme86: checks
Great_Kang: bets $6
chipsdigme86: calls $6
*** RIVER *** [Jc 7d 3s 5d] [Jh]
chipsdigme86: checks
Great_Kang: bets $6
chipsdigme86: calls $6
*** SHOW DOWN ***
Great_Kang: shows [5h Js] (a full house, Jacks full of Fives)
chipsdigme86: mucks hand
Great_Kang collected $47.50 from pot
*** SUMMARY ***
Total pot $48 | Rake $0.50
Board [Jc 7d 3s 5d Jh]
Seat 3: chipsdigme86 (big blind) mucked
Seat 4: Great_Kang (button) (small blind) showed [5h Js] and won ($47.50) with a full house, Jacks full of Fives


PokerStars Hand #148799666845:  Hold'em Limit ($3/$6 USD) - 2016/02/14 13:47:38 ET
Table 'Lycomedes' 6-max Seat #4 is the button
Seat 3: chipsdigme86 ($53.30 in chips)
Seat 4: Great_Kang ($144.71 in chips)
Great_Kang: posts small blind $1
chipsdigme86: posts big blind $3
*** HOLE CARDS ***
Great_Kang: raises $3 to $6
chipsdigme86: folds
Uncalled bet ($3) returned to Great_Kang
Great_Kang collected $6 from pot
Great_Kang: doesn't show hand
*** SUMMARY ***
Total pot $6 | Rake $0
Seat 3: chipsdigme86 (big blind) folded before Flop
Seat 4: Great_Kang (button) (small blind) collected ($6)


PokerStars Hand #148799596902:  Hold'em Limit ($3/$6 USD) - 2016/02/14 13:46:36 ET
Table 'Lycomedes' 6-max Seat #3 is the button
Seat 3: chipsdigme86 ($29.80 in chips)
Seat 4: Great_Kang ($168.71 in chips)
chipsdigme86: posts small blind $1
Great_Kang: posts big blind $3
*** HOLE CARDS ***
chipsdigme86: raises $3 to $6
Great_Kang: calls $3
*** FLOP *** [4c 9d 2h]
Great_Kang: checks
chipsdigme86: bets $3
Great_Kang: raises $3 to $6
chipsdigme86: calls $3
*** TURN *** [4c 9d 2h] [Ts]
Great_Kang: bets $6
chipsdigme86: raises $6 to $12
Great_Kang: calls $6
*** RIVER *** [4c 9d 2h Ts] [Kd]
Great_Kang: checks
chipsdigme86: bets $5.80 and is all-in
Great_Kang: folds
Uncalled bet ($5.80) returned to chipsdigme86
chipsdigme86 collected $47.50 from pot
*** SUMMARY ***
Total pot $48 | Rake $0.50
Board [4c 9d 2h Ts Kd]
Seat 3: chipsdigme86 (button) (small blind) collected ($47.50)
Seat 4: Great_Kang (big blind) folded on the River


PokerStars Hand #148799714511:  Hold'em Limit ($3/$6 USD) - 2016/02/14 13:48:20 ET
Table 'Lycomedes' 6-max Seat #3 is the button
Seat 3: chipsdigme86 ($62.82 in chips)
Seat 4: Great_Kang ($134.71 in chips)
chipsdigme86: posts small blind $1
Great_Kang: posts big blind $3
*** HOLE CARDS ***
chipsdigme86: raises $3 to $6
Great_Kang: raises $3 to $9
chipsdigme86: calls $3
*** FLOP *** [2d 7h 4h]
Great_Kang: bets $3
chipsdigme86: calls $3
*** TURN *** [2d 7h 4h] [Jc]
Great_Kang: checks
chipsdigme86: bets $6
Great_Kang: calls $6
*** RIVER *** [2d 7h 4h Jc] [2c]
Great_Kang: checks
chipsdigme86: checks
*** SHOW DOWN ***
Great_Kang: shows [9c Ah] (a pair of Deuces)
chipsdigme86: mucks hand
Great_Kang collected $35.50 from pot
*** SUMMARY ***
Total pot $36 | Rake $0.50
Board [2d 7h 4h Jc 2c]
Seat 3: chipsdigme86 (button) (small blind) mucked
Seat 4: Great_Kang (big blind) showed [9c Ah] and won ($35.50) with a pair of Deuces


PokerStars Hand #148799704018:  Hold'em Limit ($3/$6 USD) - 2016/02/14 13:48:11 ET
Table 'Lycomedes' 6-max Seat #4 is the button
Seat 3: chipsdigme86 ($61.82 in chips)
Seat 4: Great_Kang ($135.71 in chips)
Great_Kang: posts small blind $1
chipsdigme86: posts big blind $3
*** HOLE CARDS ***
Great_Kang: folds
Uncalled bet ($2) returned to chipsdigme86
chipsdigme86 collected $2 from pot
*** SUMMARY ***
Total pot $2 | Rake $0
Seat 3: chipsdigme86 (big blind) collected ($2)
Seat 4: Great_Kang (button) (small blind) folded before Flop


PokerStars Hand #148799675894:  Hold'em Limit ($3/$6 USD) - 2016/02/14 13:47:46 ET
Table 'Lycomedes' 6-max Seat #3 is the button
Seat 3: chipsdigme86 ($50.30 in chips)
Seat 4: Great_Kang ($147.71 in chips)
chipsdigme86: posts small blind $1
Great_Kang: posts big blind $3
*** HOLE CARDS ***
chipsdigme86: raises $3 to $6
Great_Kang: raises $3 to $9
chipsdigme86: calls $3
*** FLOP *** [8c Ad 3d]
Great_Kang: bets $3
chipsdigme86: calls $3
*** TURN *** [8c Ad 3d] [Ks]
Great_Kang: checks
chipsdigme86: bets $6
Great_Kang: folds
Uncalled bet ($6) returned to chipsdigme86
chipsdigme86 collected $23.52 from pot
*** SUMMARY ***
Total pot $24 | Rake $0.48
Board [8c Ad 3d Ks]
Seat 3: chipsdigme86 (button) (small blind) collected ($23.52)
Seat 4: Great_Kang (big blind) folded on the Turn


PokerStars Hand #148799815758:  Hold'em Limit ($3/$6 USD) - 2016/02/14 13:49:50 ET
Table 'Lycomedes' 6-max Seat #3 is the button
Seat 3: chipsdigme86 ($57.32 in chips)
Seat 4: Great_Kang ($139.21 in chips)
chipsdigme86: posts small blind $1
Great_Kang: posts big blind $3
*** HOLE CARDS ***
chipsdigme86: raises $3 to $6
Great_Kang: raises $3 to $9
chipsdigme86: calls $3
*** FLOP *** [Ah 8c 7d]
Great_Kang: bets $3
chipsdigme86: calls $3
*** TURN *** [Ah 8c 7d] [2s]
Great_Kang: bets $6
chipsdigme86: calls $6
*** RIVER *** [Ah 8c 7d 2s] [6d]
Great_Kang: bets $6
chipsdigme86: calls $6
*** SHOW DOWN ***
Great_Kang: shows [Kh Ks] (a pair of Kings)
chipsdigme86: mucks hand
Great_Kang collected $47.50 from pot
*** SUMMARY ***
Total pot $48 | Rake $0.50
Board [Ah 8c 7d 2s 6d]
Seat 3: chipsdigme86 (button) (small blind) mucked
Seat 4: Great_Kang (big blind) showed [Kh Ks] and won ($47.50) with a pair of Kings


PokerStars Hand #148799809626:  Hold'em Limit ($3/$6 USD) - 2016/02/14 13:49:45 ET
Table 'Lycomedes' 6-max Seat #4 is the button
Seat 3: chipsdigme86 ($56.32 in chips)
Seat 4: Great_Kang ($140.21 in chips)
Great_Kang: posts small blind $1
chipsdigme86: posts big blind $3
*** HOLE CARDS ***
Great_Kang: folds
Uncalled bet ($2) returned to chipsdigme86
chipsdigme86 collected $2 from pot
*** SUMMARY ***
Total pot $2 | Rake $0
Seat 3: chipsdigme86 (big blind) collected ($2)
Seat 4: Great_Kang (button) (small blind) folded before Flop


PokerStars Hand #148799783348:  Hold'em Limit ($3/$6 USD) - 2016/02/14 13:49:21 ET
Table 'Lycomedes' 6-max Seat #3 is the button
Seat 3: chipsdigme86 ($41.82 in chips)
Seat 4: Great_Kang ($155.21 in chips)
chipsdigme86: posts small blind $1
Great_Kang: posts big blind $3
*** HOLE CARDS ***
chipsdigme86: raises $3 to $6
Great_Kang: raises $3 to $9
chipsdigme86: raises $3 to $12
Betting is capped
Great_Kang: calls $3
*** FLOP *** [As Ac 2s]
Great_Kang: checks
chipsdigme86: bets $3
Great_Kang: calls $3
*** TURN *** [As Ac 2s] [Jc]
Great_Kang: checks
chipsdigme86: checks
*** RIVER *** [As Ac 2s Jc] [Qh]
Great_Kang: checks
chipsdigme86: checks
*** SHOW DOWN ***
Great_Kang: shows [5c 5h] (two pair, Aces and Fives)
chipsdigme86: shows [Jh Ks] (two pair, Aces and Jacks)
chipsdigme86 collected $29.50 from pot
*** SUMMARY ***
Total pot $30 | Rake $0.50
Board [As Ac 2s Jc Qh]
Seat 3: chipsdigme86 (button) (small blind) showed [Jh Ks] and won ($29.50) with two pair, Aces and Jacks
Seat 4: Great_Kang (big blind) showed [5c 5h] and lost with two pair, Aces and Fives


PokerStars Hand #148799754736:  Hold'em Limit ($3/$6 USD) - 2016/02/14 13:48:56 ET
Table 'Lycomedes' 6-max Seat #4 is the button
Seat 3: chipsdigme86 ($44.82 in chips)
Seat 4: Great_Kang ($152.21 in chips)
Great_Kang: posts small blind $1
chipsdigme86: posts big blind $3
*** HOLE CARDS ***
Great_Kang: raises $3 to $6
chipsdigme86: folds
Uncalled bet ($3) returned to Great_Kang
Great_Kang collected $6 from pot
Great_Kang: doesn't show hand
*** SUMMARY ***
Total pot $6 | Rake $0
Seat 3: chipsdigme86 (big blind) folded before Flop
Seat 4: Great_Kang (button) (small blind) collected ($6)


PokerStars Hand #148799830274:  Hold'em Limit ($3/$6 USD) - 2016/02/14 13:50:03 ET
Table 'Lycomedes' 6-max Seat #4 is the button
Seat 3: chipsdigme86 ($33.32 in chips)
Seat 4: Great_Kang ($162.71 in chips)
Great_Kang: posts small blind $1
chipsdigme86: posts big blind $3
*** HOLE CARDS ***
Great_Kang: raises $3 to $6
chipsdigme86: folds
Uncalled bet ($3) returned to Great_Kang
Great_Kang collected $6 from pot
Great_Kang: doesn't show hand
*** SUMMARY ***
Total pot $6 | Rake $0
Seat 3: chipsdigme86 (big blind) folded before Flop
Seat 4: Great_Kang (button) (small blind) collected ($6)


