PokerStars Hand #159734555183:  Hold'em Limit ($3/$6 USD) - 2016/10/10 9:18:58 ET
Table 'Lycomedes' 10-max Seat #4 is the button
Seat 4: TinaTurner72 ($120 in chips)
Seat 5: ahshouta ($120 in chips)
TinaTurner72: posts small blind $1
ahshouta: posts big blind $3
*** HOLE CARDS ***
TinaTurner72: raises $3 to $6
ahshouta: folds
Uncalled bet ($3) returned to TinaTurner72
TinaTurner72 collected $6 from pot
TinaTurner72: doesn't show hand
*** SUMMARY ***
Total pot $6 | Rake $0
Seat 4: TinaTurner72 (button) (small blind) collected ($6)
Seat 5: ahshouta (big blind) folded before Flop


PokerStars Hand #159734570833:  Hold'em Limit ($3/$6 USD) - 2016/10/10 9:19:26 ET
Table 'Lycomedes' 10-max Seat #5 is the button
Seat 4: TinaTurner72 ($123 in chips)
Seat 5: ahshouta ($117 in chips)
ahshouta: posts small blind $1
TinaTurner72: posts big blind $3
*** HOLE CARDS ***
ahshouta: raises $3 to $6
TinaTurner72: folds
Uncalled bet ($3) returned to ahshouta
ahshouta collected $6 from pot
ahshouta: doesn't show hand
*** SUMMARY ***
Total pot $6 | Rake $0
Seat 4: TinaTurner72 (big blind) folded before Flop
Seat 5: ahshouta (button) (small blind) collected ($6)


PokerStars Hand #159734575635:  Hold'em Limit ($3/$6 USD) - 2016/10/10 9:19:34 ET
Table 'Lycomedes' 10-max Seat #4 is the button
Seat 4: TinaTurner72 ($120 in chips)
Seat 5: ahshouta ($120 in chips)
TinaTurner72: posts small blind $1
ahshouta: posts big blind $3
*** HOLE CARDS ***
TinaTurner72: raises $3 to $6
ahshouta: raises $3 to $9
TinaTurner72: calls $3
*** FLOP *** [9h Ts 9c]
ahshouta: bets $3
TinaTurner72: calls $3
*** TURN *** [9h Ts 9c] [Jh]
ahshouta: checks
TinaTurner72: bets $6
ahshouta: calls $6
*** RIVER *** [9h Ts 9c Jh] [Kd]
ahshouta: bets $6
TinaTurner72: calls $6
BuzovaPro joins the table at seat #6
*** SHOW DOWN ***
ahshouta: shows [Ks As] (two pair, Kings and Nines)
TinaTurner72: mucks hand
ahshouta collected $47.50 from pot
*** SUMMARY ***
Total pot $48 | Rake $0.50
Board [9h Ts 9c Jh Kd]
Seat 4: TinaTurner72 (button) (small blind) mucked
Seat 5: ahshouta (big blind) showed [Ks As] and won ($47.50) with two pair, Kings and Nines


PokerStars Hand #159734598159:  Hold'em Limit ($3/$6 USD) - 2016/10/10 9:20:14 ET
Table 'Lycomedes' 10-max Seat #6 is the button
Seat 5: ahshouta ($142.50 in chips)
Seat 6: BuzovaPro ($72 in chips)
BuzovaPro: posts small blind $1
TinaTurner72: is sitting out
ahshouta: posts big blind $3
*** HOLE CARDS ***
BuzovaPro: raises $3 to $6
ahshouta: calls $3
*** FLOP *** [Th 6h 4h]
ahshouta: checks
TinaTurner72 leaves the table
BuzovaPro: bets $3
ahshouta: calls $3
*** TURN *** [Th 6h 4h] [Js]
ahshouta: bets $6
BuzovaPro: calls $6
*** RIVER *** [Th 6h 4h Js] [Ac]
ahshouta: checks
BuzovaPro: checks
*** SHOW DOWN ***
ahshouta: shows [3h Kd] (high card Ace)
BuzovaPro: shows [2c 2d] (a pair of Deuces)
BuzovaPro collected $29.50 from pot
*** SUMMARY ***
Total pot $30 | Rake $0.50
Board [Th 6h 4h Js Ac]
Seat 5: ahshouta (big blind) showed [3h Kd] and lost with high card Ace
Seat 6: BuzovaPro (button) (small blind) showed [2c 2d] and won ($29.50) with a pair of Deuces


PokerStars Hand #159734618599:  Hold'em Limit ($3/$6 USD) - 2016/10/10 9:20:50 ET
Table 'Lycomedes' 10-max Seat #6 is the button
Seat 5: ahshouta ($133.26 in chips)
Seat 6: BuzovaPro ($80.50 in chips)
BuzovaPro: posts small blind $1
ahshouta: posts big blind $3
*** HOLE CARDS ***
BuzovaPro: folds
Uncalled bet ($2) returned to ahshouta
ahshouta collected $2 from pot
ahshouta: doesn't show hand
*** SUMMARY ***
Total pot $2 | Rake $0
Seat 5: ahshouta (big blind) collected ($2)
Seat 6: BuzovaPro (button) (small blind) folded before Flop


PokerStars Hand #159734610412:  Hold'em Limit ($3/$6 USD) - 2016/10/10 9:20:36 ET
Table 'Lycomedes' 10-max Seat #5 is the button
Seat 5: ahshouta ($127.50 in chips)
Seat 6: BuzovaPro ($86.50 in chips)
ahshouta: posts small blind $1
BuzovaPro: posts big blind $3
*** HOLE CARDS ***
ahshouta: raises $3 to $6
BuzovaPro: calls $3
*** FLOP *** [2c Qs Jd]
BuzovaPro: checks
ahshouta: bets $3
BuzovaPro: folds
Uncalled bet ($3) returned to ahshouta
ahshouta collected $11.76 from pot
ahshouta: doesn't show hand
*** SUMMARY ***
Total pot $12 | Rake $0.24
Board [2c Qs Jd]
Seat 5: ahshouta (button) (small blind) collected ($11.76)
Seat 6: BuzovaPro (big blind) folded on the Flop


PokerStars Hand #159734622058:  Hold'em Limit ($3/$6 USD) - 2016/10/10 9:20:56 ET
Table 'Lycomedes' 10-max Seat #5 is the button
Seat 5: ahshouta ($134.26 in chips)
Seat 6: BuzovaPro ($79.50 in chips)
ahshouta: posts small blind $1
BuzovaPro: posts big blind $3
*** HOLE CARDS ***
ahshouta: folds
Uncalled bet ($2) returned to BuzovaPro
BuzovaPro collected $2 from pot
BuzovaPro: doesn't show hand
*** SUMMARY ***
Total pot $2 | Rake $0
Seat 5: ahshouta (button) (small blind) folded before Flop
Seat 6: BuzovaPro (big blind) collected ($2)


PokerStars Hand #159734624944:  Hold'em Limit ($3/$6 USD) - 2016/10/10 9:21:01 ET
Table 'Lycomedes' 10-max Seat #6 is the button
Seat 5: ahshouta ($133.26 in chips)
Seat 6: BuzovaPro ($80.50 in chips)
BuzovaPro: posts small blind $1
ahshouta: posts big blind $3
*** HOLE CARDS ***
BuzovaPro: raises $3 to $6
ahshouta: raises $3 to $9
BuzovaPro: calls $3
*** FLOP *** [8h 9h 2d]
ahshouta: bets $3
BuzovaPro: raises $3 to $6
ahshouta: calls $3
*** TURN *** [8h 9h 2d] [Ad]
ahshouta: checks
BuzovaPro: checks
*** RIVER *** [8h 9h 2d Ad] [6h]
ahshouta: checks
BuzovaPro: checks
*** SHOW DOWN ***
ahshouta: shows [Jd 6s] (a pair of Sixes)
BuzovaPro: shows [Jc 9d] (a pair of Nines)
BuzovaPro collected $29.50 from pot
*** SUMMARY ***
Total pot $30 | Rake $0.50
Board [8h 9h 2d Ad 6h]
Seat 5: ahshouta (big blind) showed [Jd 6s] and lost with a pair of Sixes
Seat 6: BuzovaPro (button) (small blind) showed [Jc 9d] and won ($29.50) with a pair of Nines


PokerStars Hand #159734647572:  Hold'em Limit ($3/$6 USD) - 2016/10/10 9:21:41 ET
Table 'Lycomedes' 10-max Seat #6 is the button
Seat 5: ahshouta ($94.26 in chips)
Seat 6: BuzovaPro ($118.50 in chips)
BuzovaPro: posts small blind $1
ahshouta: posts big blind $3
*** HOLE CARDS ***
BuzovaPro: raises $3 to $6
ahshouta: folds
Uncalled bet ($3) returned to BuzovaPro
BuzovaPro collected $6 from pot
BuzovaPro: doesn't show hand
*** SUMMARY ***
Total pot $6 | Rake $0
Seat 5: ahshouta (big blind) folded before Flop
Seat 6: BuzovaPro (button) (small blind) collected ($6)


PokerStars Hand #159734638647:  Hold'em Limit ($3/$6 USD) - 2016/10/10 9:21:25 ET
Table 'Lycomedes' 10-max Seat #5 is the button
Seat 5: ahshouta ($118.26 in chips)
Seat 6: BuzovaPro ($95 in chips)
ahshouta: posts small blind $1
BuzovaPro: posts big blind $3
*** HOLE CARDS ***
ahshouta: raises $3 to $6
BuzovaPro: raises $3 to $9
ahshouta: calls $3
*** FLOP *** [Kc Js Qh]
BuzovaPro: bets $3
ahshouta: calls $3
*** TURN *** [Kc Js Qh] [5d]
BuzovaPro: bets $6
ahshouta: calls $6
*** RIVER *** [Kc Js Qh 5d] [7h]
BuzovaPro: bets $6
ahshouta: calls $6
*** SHOW DOWN ***
BuzovaPro: shows [Ah Ks] (a pair of Kings)
ahshouta: mucks hand
BuzovaPro collected $47.50 from pot
*** SUMMARY ***
Total pot $48 | Rake $0.50
Board [Kc Js Qh 5d 7h]
Seat 5: ahshouta (button) (small blind) mucked
Seat 6: BuzovaPro (big blind) showed [Ah Ks] and won ($47.50) with a pair of Kings


PokerStars Hand #159734651220:  Hold'em Limit ($3/$6 USD) - 2016/10/10 9:21:47 ET
Table 'Lycomedes' 10-max Seat #5 is the button
Seat 5: ahshouta ($91.26 in chips)
Seat 6: BuzovaPro ($121.50 in chips)
ahshouta: posts small blind $1
BuzovaPro: posts big blind $3
*** HOLE CARDS ***
ahshouta: folds
Uncalled bet ($2) returned to BuzovaPro
ahshouta leaves the table
BuzovaPro collected $2 from pot
BuzovaPro: doesn't show hand
*** SUMMARY ***
Total pot $2 | Rake $0
Seat 5: ahshouta (button) (small blind) folded before Flop
Seat 6: BuzovaPro (big blind) collected ($2)


PokerStars Hand #159736309046:  Hold'em Limit ($3/$6 USD) - 2016/10/10 10:09:19 ET
Table 'Lycomedes' 10-max Seat #6 is the button
Seat 5: ahshouta ($124.76 in chips)
Seat 6: BuzovaPro ($117.50 in chips)
BuzovaPro: posts small blind $1
ahshouta: posts big blind $3
*** HOLE CARDS ***
BuzovaPro: raises $3 to $6
ahshouta: raises $3 to $9
BuzovaPro: calls $3
*** FLOP *** [Tc 3s 3d]
ahshouta: bets $3
BuzovaPro: calls $3
*** TURN *** [Tc 3s 3d] [Ts]
ahshouta: bets $6
BuzovaPro: raises $6 to $12
ahshouta: calls $6
*** RIVER *** [Tc 3s 3d Ts] [5h]
ahshouta: checks
BuzovaPro: bets $6
ahshouta: calls $6
*** SHOW DOWN ***
BuzovaPro: shows [6d Td] (a full house, Tens full of Threes)
ahshouta: mucks hand
BuzovaPro collected $59.50 from pot
*** SUMMARY ***
Total pot $60 | Rake $0.50
Board [Tc 3s 3d Ts 5h]
Seat 5: ahshouta (big blind) mucked
Seat 6: BuzovaPro (button) (small blind) showed [6d Td] and won ($59.50) with a full house, Tens full of Threes


PokerStars Hand #159736290971:  Hold'em Limit ($3/$6 USD) - 2016/10/10 10:08:49 ET
Table 'Lycomedes' 10-max Seat #6 is the button
Seat 5: ahshouta ($120 in chips)
Seat 6: BuzovaPro ($122.50 in chips)
BuzovaPro: posts small blind $1
ahshouta: posts big blind $3
*** HOLE CARDS ***
BuzovaPro: raises $3 to $6
ahshouta: calls $3
*** FLOP *** [Jh 8h 7s]
ahshouta: checks
BuzovaPro: checks
*** TURN *** [Jh 8h 7s] [Qc]
ahshouta: bets $6
BuzovaPro: folds
Uncalled bet ($6) returned to ahshouta
ahshouta collected $11.76 from pot
ahshouta: doesn't show hand
*** SUMMARY ***
Total pot $12 | Rake $0.24
Board [Jh 8h 7s Qc]
Seat 5: ahshouta (big blind) collected ($11.76)
Seat 6: BuzovaPro (button) (small blind) folded on the Turn


PokerStars Hand #159736305163:  Hold'em Limit ($3/$6 USD) - 2016/10/10 10:09:13 ET
Table 'Lycomedes' 10-max Seat #5 is the button
Seat 5: ahshouta ($125.76 in chips)
Seat 6: BuzovaPro ($116.50 in chips)
ahshouta: posts small blind $1
BuzovaPro: posts big blind $3
*** HOLE CARDS ***
ahshouta: folds
Uncalled bet ($2) returned to BuzovaPro
BuzovaPro collected $2 from pot
BuzovaPro: doesn't show hand
*** SUMMARY ***
Total pot $2 | Rake $0
Seat 5: ahshouta (button) (small blind) folded before Flop
Seat 6: BuzovaPro (big blind) collected ($2)


PokerStars Hand #159736332676:  Hold'em Limit ($3/$6 USD) - 2016/10/10 10:09:59 ET
Table 'Lycomedes' 10-max Seat #6 is the button
Seat 5: ahshouta ($82.76 in chips)
Seat 6: BuzovaPro ($158.52 in chips)
BuzovaPro: posts small blind $1
ahshouta: posts big blind $3
*** HOLE CARDS ***
BuzovaPro: folds
Uncalled bet ($2) returned to ahshouta
ahshouta collected $2 from pot
ahshouta: doesn't show hand
*** SUMMARY ***
Total pot $2 | Rake $0
Seat 5: ahshouta (big blind) collected ($2)
Seat 6: BuzovaPro (button) (small blind) folded before Flop


PokerStars Hand #159736321382:  Hold'em Limit ($3/$6 USD) - 2016/10/10 10:09:40 ET
Table 'Lycomedes' 10-max Seat #5 is the button
Seat 5: ahshouta ($94.76 in chips)
Seat 6: BuzovaPro ($147 in chips)
ahshouta: posts small blind $1
BuzovaPro: posts big blind $3
*** HOLE CARDS ***
ahshouta: raises $3 to $6
BuzovaPro: calls $3
*** FLOP *** [2d 4d 2h]
BuzovaPro: checks
ahshouta: checks
*** TURN *** [2d 4d 2h] [5d]
BuzovaPro: checks
ahshouta: bets $6
BuzovaPro: calls $6
*** RIVER *** [2d 4d 2h 5d] [Jc]
BuzovaPro: checks
ahshouta: checks
*** SHOW DOWN ***
BuzovaPro: shows [Tc Kd] (a pair of Deuces)
ahshouta: mucks hand
BuzovaPro collected $23.52 from pot
*** SUMMARY ***
Total pot $24 | Rake $0.48
Board [2d 4d 2h 5d Jc]
Seat 5: ahshouta (button) (small blind) mucked
Seat 6: BuzovaPro (big blind) showed [Tc Kd] and won ($23.52) with a pair of Deuces


PokerStars Hand #159736336115:  Hold'em Limit ($3/$6 USD) - 2016/10/10 10:10:04 ET
Table 'Lycomedes' 10-max Seat #5 is the button
Seat 5: ahshouta ($83.76 in chips)
Seat 6: BuzovaPro ($157.52 in chips)
ahshouta: posts small blind $1
BuzovaPro: posts big blind $3
*** HOLE CARDS ***
ahshouta: folds
Uncalled bet ($2) returned to BuzovaPro
ahshouta leaves the table
BuzovaPro collected $2 from pot
BuzovaPro: doesn't show hand
*** SUMMARY ***
Total pot $2 | Rake $0
Seat 5: ahshouta (button) (small blind) folded before Flop
Seat 6: BuzovaPro (big blind) collected ($2)


