PokerStars Hand #169667248226:  Hold'em Limit ($3/$6 USD) - 2017/04/28 8:51:29 ET
Table 'Lycomedes' 6-max Seat #4 is the button
Seat 3: AKJpokerkid ($123 in chips)
Seat 4: Agrotait ($69 in chips)
Agrotait: posts small blind $1
AKJpokerkid: posts big blind $3
*** HOLE CARDS ***
Agrotait: raises $3 to $6
AKJpokerkid: raises $3 to $9
Agrotait: calls $3
*** FLOP *** [7d 2s 9s]
AKJpokerkid: checks
Agrotait: bets $3
AKJpokerkid: calls $3
*** TURN *** [7d 2s 9s] [Jc]
AKJpokerkid: bets $6
Agrotait: calls $6
*** RIVER *** [7d 2s 9s Jc] [9c]
AKJpokerkid: bets $6
Agrotait: folds
Uncalled bet ($6) returned to AKJpokerkid
AKJpokerkid collected $35.50 from pot
*** SUMMARY ***
Total pot $36 | Rake $0.50
Board [7d 2s 9s Jc 9c]
Seat 3: AKJpokerkid (big blind) collected ($35.50)
Seat 4: Agrotait (button) (small blind) folded on the River


PokerStars Hand #169667292453:  Hold'em Limit ($3/$6 USD) - 2017/04/28 8:52:56 ET
Table 'Lycomedes' 6-max Seat #4 is the button
Seat 3: AKJpokerkid ($128.50 in chips)
Seat 4: Agrotait ($83.52 in chips)
Agrotait: posts small blind $1
AKJpokerkid: posts big blind $3
*** HOLE CARDS ***
Agrotait: raises $3 to $6
AKJpokerkid: calls $3
*** FLOP *** [5d Kc Qc]
B_loJkl joins the table at seat #5
AKJpokerkid: checks
Agrotait: bets $3
AKJpokerkid: folds
Uncalled bet ($3) returned to Agrotait
Agrotait collected $11.76 from pot
Agrotait: doesn't show hand
*** SUMMARY ***
Total pot $12 | Rake $0.24
Board [5d Kc Qc]
Seat 3: AKJpokerkid (big blind) folded on the Flop
Seat 4: Agrotait (button) (small blind) collected ($11.76)


PokerStars Hand #169667270014:  Hold'em Limit ($3/$6 USD) - 2017/04/28 8:52:12 ET
Table 'Lycomedes' 6-max Seat #3 is the button
Seat 3: AKJpokerkid ($140.50 in chips)
Seat 4: Agrotait ($72 in chips)
AKJpokerkid: posts small blind $1
Agrotait: posts big blind $3
*** HOLE CARDS ***
AKJpokerkid: raises $3 to $6
Agrotait: calls $3
*** FLOP *** [9h Ts 5c]
Agrotait: checks
AKJpokerkid: checks
*** TURN *** [9h Ts 5c] [2c]
Agrotait: bets $6
AKJpokerkid: calls $6
*** RIVER *** [9h Ts 5c 2c] [6d]
Agrotait: bets $6
AKJpokerkid: folds
Uncalled bet ($6) returned to Agrotait
Agrotait collected $23.52 from pot
Agrotait: doesn't show hand
*** SUMMARY ***
Total pot $24 | Rake $0.48
Board [9h Ts 5c 2c 6d]
Seat 3: AKJpokerkid (button) (small blind) folded on the River
Seat 4: Agrotait (big blind) collected ($23.52)


PokerStars Hand #169667470156:  Hold'em Limit ($3/$6 USD) - 2017/04/28 8:59:09 ET
Table 'Lycomedes' 6-max Seat #3 is the button
Seat 3: AKJpokerkid ($195.57 in chips)
Seat 5: B_loJkl ($164.03 in chips)
AKJpokerkid: posts small blind $1
Agrotait: is sitting out
B_loJkl: posts big blind $3
*** HOLE CARDS ***
AKJpokerkid said, "Haha"
AKJpokerkid: calls $2
B_loJkl: checks
*** FLOP *** [As Ad Qh]
AKJpokerkid said, "worht it"
B_loJkl: checks
AKJpokerkid: checks
*** TURN *** [As Ad Qh] [9d]
B_loJkl: checks
Agrotait leaves the table
AKJpokerkid: checks
*** RIVER *** [As Ad Qh 9d] [Jd]
B_loJkl: checks
AKJpokerkid: bets $6
B_loJkl: folds
Uncalled bet ($6) returned to AKJpokerkid
AKJpokerkid collected $5.88 from pot
AKJpokerkid: doesn't show hand
*** SUMMARY ***
Total pot $6 | Rake $0.12
Board [As Ad Qh 9d Jd]
Seat 3: AKJpokerkid (button) (small blind) collected ($5.88)
Seat 5: B_loJkl (big blind) folded on the River


PokerStars Hand #169667491519:  Hold'em Limit ($3/$6 USD) - 2017/04/28 8:59:55 ET
Table 'Lycomedes' 6-max Seat #5 is the button
Seat 3: AKJpokerkid ($205.21 in chips)
Seat 5: B_loJkl ($154.03 in chips)
B_loJkl: posts small blind $1
AKJpokerkid: posts big blind $3
*** HOLE CARDS ***
B_loJkl: raises $3 to $6
AKJpokerkid: calls $3
*** FLOP *** [8d Tc 4c]
AKJpokerkid: checks
B_loJkl: checks
*** TURN *** [8d Tc 4c] [3d]
AKJpokerkid: checks
B_loJkl: bets $6
AKJpokerkid: calls $6
*** RIVER *** [8d Tc 4c 3d] [Ah]
AKJpokerkid: checks
B_loJkl: checks
*** SHOW DOWN ***
AKJpokerkid: shows [6h 5s] (high card Ace)
B_loJkl: shows [7c 8h] (a pair of Eights)
B_loJkl collected $23.52 from pot
*** SUMMARY ***
Total pot $24 | Rake $0.48
Board [8d Tc 4c 3d Ah]
Seat 3: AKJpokerkid (big blind) showed [6h 5s] and lost with high card Ace
Seat 5: B_loJkl (button) (small blind) showed [7c 8h] and won ($23.52) with a pair of Eights


PokerStars Hand #169667481756:  Hold'em Limit ($3/$6 USD) - 2017/04/28 8:59:34 ET
Table 'Lycomedes' 6-max Seat #5 is the button
Seat 3: AKJpokerkid ($198.45 in chips)
Seat 5: B_loJkl ($161.03 in chips)
B_loJkl: posts small blind $1
AKJpokerkid: posts big blind $3
*** HOLE CARDS ***
B_loJkl: folds
Uncalled bet ($2) returned to AKJpokerkid
AKJpokerkid collected $2 from pot
*** SUMMARY ***
Total pot $2 | Rake $0
Seat 3: AKJpokerkid (big blind) collected ($2)
Seat 5: B_loJkl (button) (small blind) folded before Flop


PokerStars Hand #169667485382:  Hold'em Limit ($3/$6 USD) - 2017/04/28 8:59:42 ET
Table 'Lycomedes' 6-max Seat #3 is the button
Seat 3: AKJpokerkid ($199.45 in chips)
Seat 5: B_loJkl ($160.03 in chips)
AKJpokerkid: posts small blind $1
B_loJkl: posts big blind $3
*** HOLE CARDS ***
AKJpokerkid: raises $3 to $6
B_loJkl: calls $3
*** FLOP *** [Kh 9s 2h]
B_loJkl: checks
AKJpokerkid: bets $3
B_loJkl: folds
Uncalled bet ($3) returned to AKJpokerkid
AKJpokerkid collected $11.76 from pot
AKJpokerkid: doesn't show hand
*** SUMMARY ***
Total pot $12 | Rake $0.24
Board [Kh 9s 2h]
Seat 3: AKJpokerkid (button) (small blind) collected ($11.76)
Seat 5: B_loJkl (big blind) folded on the Flop


PokerStars Hand #169667513203:  Hold'em Limit ($3/$6 USD) - 2017/04/28 9:00:42 ET
Table 'Lycomedes' 6-max Seat #3 is the button
Seat 3: AKJpokerkid ($193.21 in chips)
Seat 4: B_loJkl ($150 in chips)
AKJpokerkid: posts small blind $1
B_loJkl: posts big blind $3
*** HOLE CARDS ***
AKJpokerkid: raises $3 to $6
B_loJkl: calls $3
*** FLOP *** [3s 9c 9h]
B_loJkl: checks
AKJpokerkid: bets $3
AKJpokerkid said, "wronge table"
B_loJkl: calls $3
*** TURN *** [3s 9c 9h] [2d]
B_loJkl: checks
AKJpokerkid: checks
*** RIVER *** [3s 9c 9h 2d] [7c]
B_loJkl: checks
AKJpokerkid: checks
*** SHOW DOWN ***
B_loJkl: shows [6d Kc] (a pair of Nines)
AKJpokerkid: mucks hand
B_loJkl collected $17.64 from pot
*** SUMMARY ***
Total pot $18 | Rake $0.36
Board [3s 9c 9h 2d 7c]
Seat 3: AKJpokerkid (button) (small blind) mucked
Seat 4: B_loJkl (big blind) showed [6d Kc] and won ($17.64) with a pair of Nines


PokerStars Hand #169667536165:  Hold'em Limit ($3/$6 USD) - 2017/04/28 9:01:29 ET
Table 'Lycomedes' 6-max Seat #4 is the button
Seat 3: AKJpokerkid ($184.21 in chips)
Seat 4: B_loJkl ($158.64 in chips)
B_loJkl: posts small blind $1
AKJpokerkid: posts big blind $3
*** HOLE CARDS ***
B_loJkl: raises $3 to $6
AKJpokerkid: raises $3 to $9
B_loJkl: calls $3
*** FLOP *** [3h 2s 9s]
AKJpokerkid: bets $3
B_loJkl: calls $3
*** TURN *** [3h 2s 9s] [Kh]
AKJpokerkid: bets $6
B_loJkl: calls $6
*** RIVER *** [3h 2s 9s Kh] [4s]
AKJpokerkid: bets $6
B_loJkl: folds
Uncalled bet ($6) returned to AKJpokerkid
AKJpokerkid collected $35.50 from pot
AKJpokerkid: doesn't show hand
*** SUMMARY ***
Total pot $36 | Rake $0.50
Board [3h 2s 9s Kh 4s]
Seat 3: AKJpokerkid (big blind) collected ($35.50)
Seat 4: B_loJkl (button) (small blind) folded on the River


PokerStars Hand #169667587923:  Hold'em Limit ($3/$6 USD) - 2017/04/28 9:03:11 ET
Table 'Lycomedes' 6-max Seat #4 is the button
Seat 3: AKJpokerkid ($222.21 in chips)
Seat 4: B_loJkl ($119.64 in chips)
B_loJkl: posts small blind $1
AKJpokerkid: posts big blind $3
*** HOLE CARDS ***
B_loJkl: raises $3 to $6
AKJpokerkid: calls $3
*** FLOP *** [Ts 4s Jh]
AKJpokerkid: checks
B_loJkl: checks
*** TURN *** [Ts 4s Jh] [4c]
AKJpokerkid: bets $6
B_loJkl: folds
Uncalled bet ($6) returned to AKJpokerkid
AKJpokerkid collected $11.76 from pot
*** SUMMARY ***
Total pot $12 | Rake $0.24
Board [Ts 4s Jh 4c]
Seat 3: AKJpokerkid (big blind) collected ($11.76)
Seat 4: B_loJkl (button) (small blind) folded on the Turn


PokerStars Hand #169667557587:  Hold'em Limit ($3/$6 USD) - 2017/04/28 9:02:12 ET
Table 'Lycomedes' 6-max Seat #3 is the button
Seat 3: AKJpokerkid ($201.71 in chips)
Seat 4: B_loJkl ($140.64 in chips)
AKJpokerkid: posts small blind $1
B_loJkl: posts big blind $3
*** HOLE CARDS ***
AKJpokerkid: raises $3 to $6
B_loJkl: calls $3
*** FLOP *** [2s 7c 9s]
B_loJkl: checks
AKJpokerkid: bets $3
B_loJkl: calls $3
*** TURN *** [2s 7c 9s] [3s]
B_loJkl: checks
AKJpokerkid: bets $6
B_loJkl: calls $6
*** RIVER *** [2s 7c 9s 3s] [2c]
B_loJkl: checks
AKJpokerkid: bets $6
B_loJkl: calls $6
*** SHOW DOWN ***
AKJpokerkid: shows [3h 3d] (a full house, Threes full of Deuces)
B_loJkl: mucks hand
AKJpokerkid collected $41.50 from pot
*** SUMMARY ***
Total pot $42 | Rake $0.50
Board [2s 7c 9s 3s 2c]
Seat 3: AKJpokerkid (button) (small blind) showed [3h 3d] and won ($41.50) with a full house, Threes full of Deuces
Seat 4: B_loJkl (big blind) mucked


PokerStars Hand #169667598946:  Hold'em Limit ($3/$6 USD) - 2017/04/28 9:03:33 ET
Table 'Lycomedes' 6-max Seat #3 is the button
Seat 3: AKJpokerkid ($227.97 in chips)
Seat 4: B_loJkl ($113.64 in chips)
AKJpokerkid: posts small blind $1
B_loJkl: posts big blind $3
*** HOLE CARDS ***
AKJpokerkid: raises $3 to $6
B_loJkl: calls $3
*** FLOP *** [Jh 6d Ad]
B_loJkl: checks
AKJpokerkid: checks
*** TURN *** [Jh 6d Ad] [5h]
B_loJkl: checks
AKJpokerkid: bets $6
B_loJkl: calls $6
*** RIVER *** [Jh 6d Ad 5h] [5s]
B_loJkl: checks
AKJpokerkid: checks
*** SHOW DOWN ***
B_loJkl: shows [6h 8c] (two pair, Sixes and Fives)
AKJpokerkid: shows [9s 9h] (two pair, Nines and Fives)
AKJpokerkid collected $23.52 from pot
*** SUMMARY ***
Total pot $24 | Rake $0.48
Board [Jh 6d Ad 5h 5s]
Seat 3: AKJpokerkid (button) (small blind) showed [9s 9h] and won ($23.52) with two pair, Nines and Fives
Seat 4: B_loJkl (big blind) showed [6h 8c] and lost with two pair, Sixes and Fives


PokerStars Hand #169667622279:  Hold'em Limit ($3/$6 USD) - 2017/04/28 9:04:18 ET
Table 'Lycomedes' 6-max Seat #3 is the button
Seat 3: AKJpokerkid ($256.99 in chips)
Seat 4: B_loJkl ($83.64 in chips)
AKJpokerkid: posts small blind $1
B_loJkl: posts big blind $3
*** HOLE CARDS ***
AKJpokerkid: calls $2
B_loJkl: raises $3 to $6
AKJpokerkid: calls $3
*** FLOP *** [2c 9h 3d]
B_loJkl: bets $3
AKJpokerkid: folds
Uncalled bet ($3) returned to B_loJkl
B_loJkl collected $11.76 from pot
B_loJkl: doesn't show hand
*** SUMMARY ***
Total pot $12 | Rake $0.24
Board [2c 9h 3d]
Seat 3: AKJpokerkid (button) (small blind) folded on the Flop
Seat 4: B_loJkl (big blind) collected ($11.76)


PokerStars Hand #169667610219:  Hold'em Limit ($3/$6 USD) - 2017/04/28 9:03:55 ET
Table 'Lycomedes' 6-max Seat #4 is the button
Seat 3: AKJpokerkid ($239.49 in chips)
Seat 4: B_loJkl ($101.64 in chips)
B_loJkl: posts small blind $1
AKJpokerkid: posts big blind $3
*** HOLE CARDS ***
B_loJkl: raises $3 to $6
AKJpokerkid: calls $3
*** FLOP *** [7c 8d 9c]
AKJpokerkid: checks
B_loJkl: bets $3
AKJpokerkid: raises $3 to $6
B_loJkl: calls $3
*** TURN *** [7c 8d 9c] [2s]
AKJpokerkid: checks
B_loJkl: checks
*** RIVER *** [7c 8d 9c 2s] [4h]
AKJpokerkid: bets $6
B_loJkl: calls $6
*** SHOW DOWN ***
AKJpokerkid: shows [7s Jd] (a pair of Sevens)
B_loJkl: mucks hand
AKJpokerkid collected $35.50 from pot
*** SUMMARY ***
Total pot $36 | Rake $0.50
Board [7c 8d 9c 2s 4h]
Seat 3: AKJpokerkid (big blind) showed [7s Jd] and won ($35.50) with a pair of Sevens
Seat 4: B_loJkl (button) (small blind) mucked


