PokerStars Hand #161788293229:  Hold'em Limit ($3/$6 USD) - 2016/11/22 9:29:45 ET
Table 'Lycomedes' 6-max Seat #3 is the button
Seat 3: old_col ($114.91 in chips)
Seat 4: MTails ($120 in chips)
old_col: posts small blind $1
MTails: posts big blind $3
*** HOLE CARDS ***
old_col: calls $2
MTails: raises $3 to $6
old_col: calls $3
*** FLOP *** [2d 5h Th]
MTails: bets $3
old_col: calls $3
*** TURN *** [2d 5h Th] [3d]
MTails: bets $6
old_col: calls $6
*** RIVER *** [2d 5h Th 3d] [7c]
MTails: checks
old_col: bets $6
MTails: folds
Uncalled bet ($6) returned to old_col
old_col collected $29.50 from pot
*** SUMMARY ***
Total pot $30 | Rake $0.50
Board [2d 5h Th 3d 7c]
Seat 3: old_col (button) (small blind) collected ($29.50)
Seat 4: MTails (big blind) folded on the River


PokerStars Hand #161788317590:  Hold'em Limit ($3/$6 USD) - 2016/11/22 9:30:24 ET
Table 'Lycomedes' 6-max Seat #4 is the button
Seat 3: old_col ($129.41 in chips)
Seat 4: MTails ($105 in chips)
MTails: posts small blind $1
old_col: posts big blind $3
*** HOLE CARDS ***
MTails: raises $3 to $6
old_col: raises $3 to $9
MTails: calls $3
*** FLOP *** [Ks Ts Qs]
old_col: bets $3
MTails: calls $3
*** TURN *** [Ks Ts Qs] [3h]
old_col: checks
MTails: bets $6
old_col: folds
Uncalled bet ($6) returned to MTails
MTails collected $23.52 from pot
*** SUMMARY ***
Total pot $24 | Rake $0.48
Board [Ks Ts Qs 3h]
Seat 3: old_col (big blind) folded on the Turn
Seat 4: MTails (button) (small blind) collected ($23.52)


PokerStars Hand #161788329691:  Hold'em Limit ($3/$6 USD) - 2016/11/22 9:30:44 ET
Table 'Lycomedes' 6-max Seat #3 is the button
Seat 3: old_col ($117.41 in chips)
Seat 4: MTails ($116.52 in chips)
old_col: posts small blind $1
MTails: posts big blind $3
*** HOLE CARDS ***
old_col: calls $2
MTails: raises $3 to $6
old_col: calls $3
*** FLOP *** [9s 6s Ad]
MTails: bets $3
old_col: calls $3
*** TURN *** [9s 6s Ad] [Jc]
MTails: checks
old_col: checks
*** RIVER *** [9s 6s Ad Jc] [2h]
MTails: bets $6
old_col: folds
Uncalled bet ($6) returned to MTails
MTails collected $17.64 from pot
*** SUMMARY ***
Total pot $18 | Rake $0.36
Board [9s 6s Ad Jc 2h]
Seat 3: old_col (button) (small blind) folded on the River
Seat 4: MTails (big blind) collected ($17.64)


PokerStars Hand #161788346345:  Hold'em Limit ($3/$6 USD) - 2016/11/22 9:31:10 ET
Table 'Lycomedes' 6-max Seat #4 is the button
Seat 3: old_col ($108.41 in chips)
Seat 4: MTails ($125.16 in chips)
MTails: posts small blind $1
old_col: posts big blind $3
*** HOLE CARDS ***
MTails: raises $3 to $6
old_col: calls $3
*** FLOP *** [5h 3d Tc]
old_col: bets $3
MTails: raises $3 to $6
old_col: calls $3
*** TURN *** [5h 3d Tc] [Qd]
old_col: checks
MTails: checks
*** RIVER *** [5h 3d Tc Qd] [8s]
old_col: bets $6
MTails: calls $6
*** SHOW DOWN ***
old_col: shows [3s 4c] (a pair of Threes)
MTails: shows [5s Js] (a pair of Fives)
MTails collected $35.50 from pot
*** SUMMARY ***
Total pot $36 | Rake $0.50
Board [5h 3d Tc Qd 8s]
Seat 3: old_col (big blind) showed [3s 4c] and lost with a pair of Threes
Seat 4: MTails (button) (small blind) showed [5s Js] and won ($35.50) with a pair of Fives


PokerStars Hand #161788361963:  Hold'em Limit ($3/$6 USD) - 2016/11/22 9:31:35 ET
Table 'Lycomedes' 6-max Seat #3 is the button
Seat 3: old_col ($90.41 in chips)
Seat 4: MTails ($142.66 in chips)
old_col: posts small blind $1
MTails: posts big blind $3
*** HOLE CARDS ***
old_col: raises $3 to $6
MTails: calls $3
*** FLOP *** [3h 6c 9h]
MTails: checks
old_col: bets $3
MTails: raises $3 to $6
old_col: calls $3
*** TURN *** [3h 6c 9h] [5s]
MTails: bets $6
old_col: calls $6
*** RIVER *** [3h 6c 9h 5s] [Jc]
MTails: bets $6
old_col: calls $6
*** SHOW DOWN ***
MTails: shows [9d Ah] (a pair of Nines)
old_col: mucks hand
MTails collected $47.50 from pot
*** SUMMARY ***
Total pot $48 | Rake $0.50
Board [3h 6c 9h 5s Jc]
Seat 3: old_col (button) (small blind) mucked
Seat 4: MTails (big blind) showed [9d Ah] and won ($47.50) with a pair of Nines


PokerStars Hand #161788381596:  Hold'em Limit ($3/$6 USD) - 2016/11/22 9:32:06 ET
Table 'Lycomedes' 6-max Seat #4 is the button
Seat 3: old_col ($66.41 in chips)
Seat 4: MTails ($166.16 in chips)
MTails: posts small blind $1
HAL9QQQ joins the table at seat #1
old_col: posts big blind $3
*** HOLE CARDS ***
MTails: raises $3 to $6
old_col: calls $3
*** FLOP *** [7h 2s 3c]
old_col: checks
MTails: bets $3
old_col: raises $3 to $6
MTails: raises $3 to $9
old_col: calls $3
*** TURN *** [7h 2s 3c] [4d]
old_col: checks
MTails: checks
*** RIVER *** [7h 2s 3c 4d] [5c]
old_col: checks
MTails: bets $6
old_col: calls $6
*** SHOW DOWN ***
MTails: shows [Ac 8h] (a straight, Ace to Five)
old_col: mucks hand
MTails collected $41.50 from pot
*** SUMMARY ***
Total pot $42 | Rake $0.50
Board [7h 2s 3c 4d 5c]
Seat 3: old_col (big blind) mucked
Seat 4: MTails (button) (small blind) showed [Ac 8h] and won ($41.50) with a straight, Ace to Five


PokerStars Hand #161788404541:  Hold'em Limit ($3/$6 USD) - 2016/11/22 9:32:43 ET
Table 'Lycomedes' 6-max Seat #3 is the button
Seat 3: old_col ($45.41 in chips)
Seat 4: MTails ($186.66 in chips)
old_col: posts small blind $1
MTails: posts big blind $3
*** HOLE CARDS ***
old_col: calls $2
MTails: raises $3 to $6
old_col: calls $3
*** FLOP *** [6s Kc 2d]
MTails: bets $3
old_col: folds
Uncalled bet ($3) returned to MTails
MTails collected $11.76 from pot
*** SUMMARY ***
Total pot $12 | Rake $0.24
Board [6s Kc 2d]
Seat 3: old_col (button) (small blind) folded on the Flop
Seat 4: MTails (big blind) collected ($11.76)


