PokerStars Hand #153529692348:  Hold'em Limit ($3/$6 USD) - 2016/05/19 5:52:43 ET
Table 'Lydia II' 6-max Seat #3 is the button
Seat 3: liza3008 ($89.76 in chips)
Seat 4: Agrotait ($71.76 in chips)
liza3008: posts small blind $1
Agrotait: posts big blind $3
*** HOLE CARDS ***
liza3008: folds
Uncalled bet ($2) returned to Agrotait
Agrotait collected $2 from pot
Agrotait: doesn't show hand
*** SUMMARY ***
Total pot $2 | Rake $0
Seat 3: liza3008 (button) (small blind) folded before Flop
Seat 4: Agrotait (big blind) collected ($2)


PokerStars Hand #153529688384:  Hold'em Limit ($3/$6 USD) - 2016/05/19 5:52:32 ET
Table 'Lydia II' 6-max Seat #4 is the button
Seat 3: liza3008 ($95.76 in chips)
Seat 4: Agrotait ($66 in chips)
Agrotait: posts small blind $1
liza3008: posts big blind $3
*** HOLE CARDS ***
Agrotait: raises $3 to $6
liza3008: calls $3
*** FLOP *** [Jh 4d 4s]
liza3008: checks
Agrotait: bets $3
liza3008: folds
Uncalled bet ($3) returned to Agrotait
Agrotait collected $11.76 from pot
Agrotait: doesn't show hand
*** SUMMARY ***
Total pot $12 | Rake $0.24
Board [Jh 4d 4s]
Seat 3: liza3008 (big blind) folded on the Flop
Seat 4: Agrotait (button) (small blind) collected ($11.76)


PokerStars Hand #153529677131:  Hold'em Limit ($3/$6 USD) - 2016/05/19 5:52:04 ET
Table 'Lydia II' 6-max Seat #3 is the button
Seat 3: liza3008 ($90 in chips)
Seat 4: Agrotait ($72 in chips)
liza3008: posts small blind $1
Agrotait: posts big blind $3
*** HOLE CARDS ***
liza3008: raises $3 to $6
Agrotait: calls $3
*** FLOP *** [8d 9d Ad]
Agrotait: checks
liza3008: bets $3
Agrotait: folds
Uncalled bet ($3) returned to liza3008
liza3008 collected $11.76 from pot
liza3008: doesn't show hand
*** SUMMARY ***
Total pot $12 | Rake $0.24
Board [8d 9d Ad]
Seat 3: liza3008 (button) (small blind) collected ($11.76)
Seat 4: Agrotait (big blind) folded on the Flop


PokerStars Hand #153529704044:  Hold'em Limit ($3/$6 USD) - 2016/05/19 5:53:13 ET
Table 'Lydia II' 6-max Seat #3 is the button
Seat 3: liza3008 ($97.40 in chips)
Seat 4: Agrotait ($63.76 in chips)
liza3008: posts small blind $1
Agrotait: posts big blind $3
*** HOLE CARDS ***
liza3008: raises $3 to $6
Agrotait: calls $3
*** FLOP *** [2d 5s 7s]
Agrotait: checks
liza3008: checks
*** TURN *** [2d 5s 7s] [Qs]
Agrotait: bets $6
liza3008: calls $6
*** RIVER *** [2d 5s 7s Qs] [4s]
Agrotait: checks
liza3008: bets $6
Agrotait: folds
Uncalled bet ($6) returned to liza3008
liza3008 collected $23.52 from pot
liza3008: doesn't show hand
*** SUMMARY ***
Total pot $24 | Rake $0.48
Board [2d 5s 7s Qs 4s]
Seat 3: liza3008 (button) (small blind) collected ($23.52)
Seat 4: Agrotait (big blind) folded on the River


PokerStars Hand #153529694176:  Hold'em Limit ($3/$6 USD) - 2016/05/19 5:52:47 ET
Table 'Lydia II' 6-max Seat #4 is the button
Seat 3: liza3008 ($88.76 in chips)
Seat 4: Agrotait ($72.76 in chips)
Agrotait: posts small blind $1
liza3008: posts big blind $3
*** HOLE CARDS ***
Agrotait: raises $3 to $6
liza3008: calls $3
*** FLOP *** [2s Jc 2h]
liza3008: checks
Agrotait: bets $3
liza3008: calls $3
*** TURN *** [2s Jc 2h] [Qh]
liza3008: checks
Agrotait: checks
*** RIVER *** [2s Jc 2h Qh] [4c]
liza3008: bets $6
Agrotait: folds
Uncalled bet ($6) returned to liza3008
liza3008 collected $17.64 from pot
liza3008: doesn't show hand
*** SUMMARY ***
Total pot $18 | Rake $0.36
Board [2s Jc 2h Qh 4c]
Seat 3: liza3008 (big blind) collected ($17.64)
Seat 4: Agrotait (button) (small blind) folded on the River


PokerStars Hand #153529721128:  Hold'em Limit ($3/$6 USD) - 2016/05/19 5:53:56 ET
Table 'Lydia II' 6-max Seat #3 is the button
Seat 3: liza3008 ($102.92 in chips)
Seat 4: Agrotait ($77.76 in chips)
liza3008: posts small blind $1
Agrotait: posts big blind $3
*** HOLE CARDS ***
liza3008: raises $3 to $6
Agrotait: calls $3
*** FLOP *** [Kh Qh Ad]
Agrotait: checks
liza3008: checks
*** TURN *** [Kh Qh Ad] [3d]
B_loJkl joins the table at seat #5
Agrotait: bets $6
liza3008: calls $6
*** RIVER *** [Kh Qh Ad 3d] [8s]
Agrotait: checks
liza3008: bets $6
Agrotait: calls $6
*** SHOW DOWN ***
liza3008: shows [Qs 6c] (a pair of Queens)
Agrotait: mucks hand
liza3008 collected $35.50 from pot
*** SUMMARY ***
Total pot $36 | Rake $0.50
Board [Kh Qh Ad 3d 8s]
Seat 3: liza3008 (button) (small blind) showed [Qs 6c] and won ($35.50) with a pair of Queens
Seat 4: Agrotait (big blind) mucked


PokerStars Hand #153529716450:  Hold'em Limit ($3/$6 USD) - 2016/05/19 5:53:44 ET
Table 'Lydia II' 6-max Seat #4 is the button
Seat 3: liza3008 ($108.92 in chips)
Seat 4: Agrotait ($72 in chips)
Agrotait: posts small blind $1
liza3008: posts big blind $3
*** HOLE CARDS ***
Agrotait: raises $3 to $6
liza3008: calls $3
*** FLOP *** [4s Kc 2d]
liza3008: checks
Agrotait: bets $3
liza3008: folds
Uncalled bet ($3) returned to Agrotait
Agrotait collected $11.76 from pot
Agrotait: doesn't show hand
*** SUMMARY ***
Total pot $12 | Rake $0.24
Board [4s Kc 2d]
Seat 3: liza3008 (big blind) folded on the Flop
Seat 4: Agrotait (button) (small blind) collected ($11.76)


PokerStars Hand #153543681030:  Hold'em Limit ($3/$6 USD) - 2016/05/19 12:52:42 ET
Table 'Lydia II' 6-max Seat #5 is the button
Seat 3: kurt183 ($79.20 in chips)
Seat 5: Bonkman05 ($168.35 in chips)
Bonkman05: posts small blind $1
pepponni: is sitting out
kurt183: posts big blind $3
*** HOLE CARDS ***
pepponni leaves the table
Bonkman05: raises $3 to $6
kurt183: calls $3
*** FLOP *** [Kd 5d 7s]
kurt183: checks
Bonkman05: bets $3
kurt183: calls $3
*** TURN *** [Kd 5d 7s] [4d]
kurt183: checks
Bonkman05: bets $6
kurt183: calls $6
*** RIVER *** [Kd 5d 7s 4d] [6s]
kurt183: checks
Bonkman05: bets $6
kurt183: calls $6
*** SHOW DOWN ***
Bonkman05: shows [8s 6h] (a straight, Four to Eight)
kurt183: mucks hand
Bonkman05 collected $41.50 from pot
*** SUMMARY ***
Total pot $42 | Rake $0.50
Board [Kd 5d 7s 4d 6s]
Seat 3: kurt183 (big blind) mucked
Seat 5: Bonkman05 (button) (small blind) showed [8s 6h] and won ($41.50) with a straight, Four to Eight


