PokerStars Hand #157428683363:  Hold'em Limit ($3/$6 USD) - 2016/08/18 9:39:22 ET
Table 'Lydia' 6-max Seat #4 is the button
Seat 1: RJF1943 ($68.04 in chips)
Seat 4: Actionni13 ($151 in chips)
Actionni13: posts small blind $1
RJF1943: posts big blind $3
*** HOLE CARDS ***
Actionni13: raises $3 to $6
RJF1943: raises $3 to $9
Actionni13: calls $3
*** FLOP *** [Ad Qc 6s]
RJF1943: checks
Actionni13: checks
*** TURN *** [Ad Qc 6s] [Js]
RJF1943: bets $6
Actionni13: calls $6
*** RIVER *** [Ad Qc 6s Js] [6h]
RJF1943: bets $6
Actionni13: folds
Uncalled bet ($6) returned to RJF1943
RJF1943 collected $29.50 from pot
RJF1943: doesn't show hand
*** SUMMARY ***
Total pot $30 | Rake $0.50
Board [Ad Qc 6s Js 6h]
Seat 1: RJF1943 (big blind) collected ($29.50)
Seat 4: Actionni13 (button) (small blind) folded on the River


PokerStars Hand #157428698910:  Hold'em Limit ($3/$6 USD) - 2016/08/18 9:39:52 ET
Table 'Lydia' 6-max Seat #4 is the button
Seat 1: RJF1943 ($85.54 in chips)
Seat 4: Actionni13 ($150 in chips)
Actionni13: posts small blind $1
RJF1943: posts big blind $3
*** HOLE CARDS ***
Actionni13: raises $3 to $6
RJF1943: raises $3 to $9
Actionni13: calls $3
*** FLOP *** [5d 2s Td]
RJF1943: bets $3
Actionni13: calls $3
*** TURN *** [5d 2s Td] [Jh]
RJF1943: bets $6
Actionni13: folds
Uncalled bet ($6) returned to RJF1943
RJF1943 collected $23.52 from pot
RJF1943: doesn't show hand
*** SUMMARY ***
Total pot $24 | Rake $0.48
Board [5d 2s Td Jh]
Seat 1: RJF1943 (big blind) collected ($23.52)
Seat 4: Actionni13 (button) (small blind) folded on the Turn


PokerStars Hand #157428694529:  Hold'em Limit ($3/$6 USD) - 2016/08/18 9:39:44 ET
Table 'Lydia' 6-max Seat #1 is the button
Seat 1: RJF1943 ($82.54 in chips)
Seat 4: Actionni13 ($150 in chips)
RJF1943: posts small blind $1
Actionni13: posts big blind $3
*** HOLE CARDS ***
RJF1943: raises $3 to $6
Actionni13: folds
Uncalled bet ($3) returned to RJF1943
RJF1943 collected $6 from pot
RJF1943: doesn't show hand
*** SUMMARY ***
Total pot $6 | Rake $0
Seat 1: RJF1943 (button) (small blind) collected ($6)
Seat 4: Actionni13 (big blind) folded before Flop


PokerStars Hand #157428732303:  Hold'em Limit ($3/$6 USD) - 2016/08/18 9:40:56 ET
Table 'Lydia' 6-max Seat #1 is the button
Seat 1: RJF1943 ($82.06 in chips)
Seat 4: Actionni13 ($164.28 in chips)
RJF1943: posts small blind $1
Actionni13: posts big blind $3
*** HOLE CARDS ***
RJF1943: raises $3 to $6
Actionni13: folds
Uncalled bet ($3) returned to RJF1943
RJF1943 collected $6 from pot
RJF1943: doesn't show hand
*** SUMMARY ***
Total pot $6 | Rake $0
Seat 1: RJF1943 (button) (small blind) collected ($6)
Seat 4: Actionni13 (big blind) folded before Flop


PokerStars Hand #157428722622:  Hold'em Limit ($3/$6 USD) - 2016/08/18 9:40:37 ET
Table 'Lydia' 6-max Seat #1 is the button
Seat 1: RJF1943 ($85.06 in chips)
Seat 4: Actionni13 ($161.52 in chips)
RJF1943: posts small blind $1
Actionni13: posts big blind $3
*** HOLE CARDS ***
RJF1943: raises $3 to $6
Actionni13: folds
Uncalled bet ($3) returned to RJF1943
RJF1943 collected $6 from pot
RJF1943: doesn't show hand
*** SUMMARY ***
Total pot $6 | Rake $0
Seat 1: RJF1943 (button) (small blind) collected ($6)
Seat 4: Actionni13 (big blind) folded before Flop


PokerStars Hand #157428716003:  Hold'em Limit ($3/$6 USD) - 2016/08/18 9:40:24 ET
Table 'Lydia' 6-max Seat #4 is the button
Seat 1: RJF1943 ($91.06 in chips)
Seat 4: Actionni13 ($155.76 in chips)
Actionni13: posts small blind $1
RJF1943: posts big blind $3
*** HOLE CARDS ***
Actionni13: raises $3 to $6
RJF1943: calls $3
*** FLOP *** [4s Qh 8s]
RJF1943: checks
Actionni13: bets $3
RJF1943: folds
Uncalled bet ($3) returned to Actionni13
Actionni13 collected $11.76 from pot
Actionni13: doesn't show hand
*** SUMMARY ***
Total pot $12 | Rake $0.24
Board [4s Qh 8s]
Seat 1: RJF1943 (big blind) folded on the Flop
Seat 4: Actionni13 (button) (small blind) collected ($11.76)


PokerStars Hand #157428706761:  Hold'em Limit ($3/$6 USD) - 2016/08/18 9:40:07 ET
Table 'Lydia' 6-max Seat #1 is the button
Seat 1: RJF1943 ($97.06 in chips)
Seat 4: Actionni13 ($150 in chips)
RJF1943: posts small blind $1
Actionni13: posts big blind $3
*** HOLE CARDS ***
RJF1943: raises $3 to $6
Actionni13: calls $3
*** FLOP *** [Qh 6h Kh]
Actionni13: checks
RJF1943: checks
*** TURN *** [Qh 6h Kh] [4h]
Actionni13: checks
RJF1943: checks
*** RIVER *** [Qh 6h Kh 4h] [5d]
Actionni13: bets $6
RJF1943: folds
Uncalled bet ($6) returned to Actionni13
Actionni13 collected $11.76 from pot
Actionni13: doesn't show hand
*** SUMMARY ***
Total pot $12 | Rake $0.24
Board [Qh 6h Kh 4h 5d]
Seat 1: RJF1943 (button) (small blind) folded on the River
Seat 4: Actionni13 (big blind) collected ($11.76)


PokerStars Hand #157428725839:  Hold'em Limit ($3/$6 USD) - 2016/08/18 9:40:43 ET
Table 'Lydia' 6-max Seat #4 is the button
Seat 1: RJF1943 ($88.06 in chips)
Seat 4: Actionni13 ($158.52 in chips)
Actionni13: posts small blind $1
RJF1943: posts big blind $3
*** HOLE CARDS ***
Actionni13: raises $3 to $6
RJF1943: calls $3
*** FLOP *** [Ah 6c Ad]
RJF1943: checks
Actionni13: bets $3
RJF1943: folds
Uncalled bet ($3) returned to Actionni13
Actionni13 collected $11.76 from pot
Actionni13: doesn't show hand
*** SUMMARY ***
Total pot $12 | Rake $0.24
Board [Ah 6c Ad]
Seat 1: RJF1943 (big blind) folded on the Flop
Seat 4: Actionni13 (button) (small blind) collected ($11.76)


PokerStars Hand #157428747065:  Hold'em Limit ($3/$6 USD) - 2016/08/18 9:41:24 ET
Table 'Lydia' 6-max Seat #1 is the button
Seat 1: RJF1943 ($93.70 in chips)
Seat 4: Actionni13 ($152.28 in chips)
RJF1943: posts small blind $1
Actionni13: posts big blind $3
*** HOLE CARDS ***
RJF1943: folds
Uncalled bet ($2) returned to Actionni13
Actionni13 collected $2 from pot
Actionni13: doesn't show hand
*** SUMMARY ***
Total pot $2 | Rake $0
Seat 1: RJF1943 (button) (small blind) folded before Flop
Seat 4: Actionni13 (big blind) collected ($2)


PokerStars Hand #157428753378:  Hold'em Limit ($3/$6 USD) - 2016/08/18 9:41:36 ET
Table 'Lydia' 6-max Seat #1 is the button
Seat 1: RJF1943 ($93.70 in chips)
Seat 4: Actionni13 ($152.28 in chips)
RJF1943: posts small blind $1
Actionni13: posts big blind $3
*** HOLE CARDS ***
RJF1943: raises $3 to $6
Actionni13: raises $3 to $9
RJF1943: calls $3
*** FLOP *** [7s Ac Ts]
Actionni13: bets $3
RJF1943: calls $3
*** TURN *** [7s Ac Ts] [2d]
Actionni13: bets $6
RJF1943: calls $6
*** RIVER *** [7s Ac Ts 2d] [5d]
Actionni13: bets $6
RJF1943: calls $6
*** SHOW DOWN ***
Actionni13: shows [Td As] (two pair, Aces and Tens)
RJF1943: mucks hand
Actionni13 collected $47.50 from pot
*** SUMMARY ***
Total pot $48 | Rake $0.50
Board [7s Ac Ts 2d 5d]
Seat 1: RJF1943 (button) (small blind) mucked
Seat 4: Actionni13 (big blind) showed [Td As] and won ($47.50) with two pair, Aces and Tens


PokerStars Hand #157428736952:  Hold'em Limit ($3/$6 USD) - 2016/08/18 9:41:05 ET
Table 'Lydia' 6-max Seat #4 is the button
Seat 1: RJF1943 ($85.06 in chips)
Seat 4: Actionni13 ($161.28 in chips)
Actionni13: posts small blind $1
RJF1943: posts big blind $3
*** HOLE CARDS ***
Actionni13: raises $3 to $6
RJF1943: calls $3
*** FLOP *** [6h 6d Th]
RJF1943: bets $3
Actionni13: calls $3
*** TURN *** [6h 6d Th] [8d]
RJF1943: bets $6
Actionni13: folds
Uncalled bet ($6) returned to RJF1943
RJF1943 collected $17.64 from pot
RJF1943: doesn't show hand
*** SUMMARY ***
Total pot $18 | Rake $0.36
Board [6h 6d Th 8d]
Seat 1: RJF1943 (big blind) collected ($17.64)
Seat 4: Actionni13 (button) (small blind) folded on the Turn


PokerStars Hand #157428765137:  Hold'em Limit ($3/$6 USD) - 2016/08/18 9:41:59 ET
Table 'Lydia' 6-max Seat #4 is the button
Seat 1: RJF1943 ($69.70 in chips)
Seat 4: Actionni13 ($175.78 in chips)
Actionni13: posts small blind $1
RJF1943: posts big blind $3
*** HOLE CARDS ***
Actionni13: raises $3 to $6
RJF1943: calls $3
*** FLOP *** [7s 2h Th]
RJF1943: bets $3
Actionni13: calls $3
*** TURN *** [7s 2h Th] [Ah]
Chessnok joins the table at seat #2
RJF1943: bets $6
Actionni13: raises $6 to $12
RJF1943: calls $6
*** RIVER *** [7s 2h Th Ah] [Ks]
RJF1943: checks
Actionni13: bets $6
RJF1943: calls $6
*** SHOW DOWN ***
Actionni13: shows [3h 7h] (a flush, Ace high)
RJF1943: mucks hand
Actionni13 collected $53.50 from pot
*** SUMMARY ***
Total pot $54 | Rake $0.50
Board [7s 2h Th Ah Ks]
Seat 1: RJF1943 (big blind) mucked
Seat 4: Actionni13 (button) (small blind) showed [3h 7h] and won ($53.50) with a flush, Ace high


