PokerStars Hand #155503527588:  Hold'em Limit ($3/$6 USD) - 2016/07/03 8:50:36 ET
Table 'Lydina' 6-max Seat #4 is the button
Seat 3: Timo_SVD ($29 in chips)
Seat 4: VolkovDmitri ($121 in chips)
VolkovDmitri: posts small blind $1
Timo_SVD: posts big blind $3
*** HOLE CARDS ***
awelli joins the table at seat #6
VolkovDmitri: raises $3 to $6
Timo_SVD: folds
Uncalled bet ($3) returned to VolkovDmitri
VolkovDmitri collected $6 from pot
VolkovDmitri: doesn't show hand
*** SUMMARY ***
Total pot $6 | Rake $0
Seat 3: Timo_SVD (big blind) folded before Flop
Seat 4: VolkovDmitri (button) (small blind) collected ($6)


PokerStars Hand #155503539213:  Hold'em Limit ($3/$6 USD) - 2016/07/03 8:50:58 ET
Table 'Lydina' 6-max Seat #3 is the button
Seat 3: Timo_SVD ($26 in chips)
Seat 4: VolkovDmitri ($124 in chips)
Timo_SVD: posts small blind $1
VolkovDmitri: posts big blind $3
*** HOLE CARDS ***
Timo_SVD: raises $3 to $6
VolkovDmitri: raises $3 to $9
Timo_SVD: calls $3
*** FLOP *** [6s 7s 4c]
VolkovDmitri: bets $3
Timo_SVD: calls $3
*** TURN *** [6s 7s 4c] [Jd]
VolkovDmitri: bets $6
Timo_SVD: raises $6 to $12
RJF1943 joins the table at seat #1
VolkovDmitri: calls $6
*** RIVER *** [6s 7s 4c Jd] [5h]
VolkovDmitri: bets $6
Timo_SVD: calls $2 and is all-in
Uncalled bet ($4) returned to VolkovDmitri
*** SHOW DOWN ***
VolkovDmitri: shows [8s 8d] (a straight, Four to Eight)
Timo_SVD: shows [Kc Jh] (a pair of Jacks)
VolkovDmitri collected $51.50 from pot
*** SUMMARY ***
Total pot $52 | Rake $0.50
Board [6s 7s 4c Jd 5h]
Seat 3: Timo_SVD (button) (small blind) showed [Kc Jh] and lost with a pair of Jacks
Seat 4: VolkovDmitri (big blind) showed [8s 8d] and won ($51.50) with a straight, Four to Eight


PokerStars Hand #155503571851:  Hold'em Limit ($3/$6 USD) - 2016/07/03 8:51:58 ET
Table 'Lydina' 6-max Seat #4 is the button
Seat 1: RJF1943 ($65.22 in chips)
Seat 4: VolkovDmitri ($149.50 in chips)
VolkovDmitri: posts small blind $1
RJF1943: posts big blind $3
*** HOLE CARDS ***
awelli joins the table at seat #6
VolkovDmitri: raises $3 to $6
RJF1943: calls $3
*** FLOP *** [6h 6s Td]
RJF1943: bets $3
VolkovDmitri: folds
Uncalled bet ($3) returned to RJF1943
RJF1943 collected $11.76 from pot
RJF1943: doesn't show hand
*** SUMMARY ***
Total pot $12 | Rake $0.24
Board [6h 6s Td]
Seat 1: RJF1943 (big blind) collected ($11.76)
Seat 4: VolkovDmitri (button) (small blind) folded on the Flop


PokerStars Hand #155503592845:  Hold'em Limit ($3/$6 USD) - 2016/07/03 8:52:37 ET
Table 'Lydina' 6-max Seat #6 is the button
Seat 4: VolkovDmitri ($143.50 in chips)
Seat 6: awelli ($120 in chips)
awelli: posts small blind $1
VolkovDmitri: posts big blind $3
*** HOLE CARDS ***
awelli: raises $3 to $6
VolkovDmitri: calls $3
*** FLOP *** [Ah Qc 7c]
VolkovDmitri: checks
awelli: bets $3
VolkovDmitri: folds
Uncalled bet ($3) returned to awelli
awelli collected $11.76 from pot
awelli: doesn't show hand
*** SUMMARY ***
Total pot $12 | Rake $0.24
Board [Ah Qc 7c]
Seat 4: VolkovDmitri (big blind) folded on the Flop
Seat 6: awelli (button) (small blind) collected ($11.76)


PokerStars Hand #155503602875:  Hold'em Limit ($3/$6 USD) - 2016/07/03 8:52:56 ET
Table 'Lydina' 6-max Seat #4 is the button
Seat 4: VolkovDmitri ($137.50 in chips)
Seat 6: awelli ($125.76 in chips)
VolkovDmitri: posts small blind $1
awelli: posts big blind $3
*** HOLE CARDS ***
krossguard joins the table at seat #1
VolkovDmitri: raises $3 to $6
awelli: raises $3 to $9
VolkovDmitri: calls $3
*** FLOP *** [Tc Jh Th]
awelli: bets $3
VolkovDmitri: calls $3
*** TURN *** [Tc Jh Th] [As]
awelli: bets $6
VolkovDmitri: raises $6 to $12
awelli: calls $6
*** RIVER *** [Tc Jh Th As] [7c]
awelli: checks
VolkovDmitri: bets $6
awelli: calls $6
*** SHOW DOWN ***
VolkovDmitri: shows [Td 8d] (three of a kind, Tens)
awelli: mucks hand
VolkovDmitri collected $59.50 from pot
*** SUMMARY ***
Total pot $60 | Rake $0.50
Board [Tc Jh Th As 7c]
Seat 4: VolkovDmitri (button) (small blind) showed [Td 8d] and won ($59.50) with three of a kind, Tens
Seat 6: awelli (big blind) mucked


PokerStars Hand #155503620369:  Hold'em Limit ($3/$6 USD) - 2016/07/03 8:53:28 ET
Table 'Lydina' 6-max Seat #6 is the button
Seat 1: krossguard ($120 in chips)
Seat 6: awelli ($95.76 in chips)
awelli: posts small blind $1
krossguard: posts big blind $3
*** HOLE CARDS ***
awelli: calls $2
krossguard: checks
*** FLOP *** [6h 5s 7s]
VolkovDmitri leaves the table
krossguard: checks
awelli: checks
*** TURN *** [6h 5s 7s] [7d]
krossguard: checks
awelli: bets $6
jørgen smith joins the table at seat #3
krossguard: folds
Uncalled bet ($6) returned to awelli
awelli collected $5.88 from pot
awelli: doesn't show hand
*** SUMMARY ***
Total pot $6 | Rake $0.12
Board [6h 5s 7s 7d]
Seat 1: krossguard (big blind) folded on the Turn
Seat 6: awelli (button) (small blind) collected ($5.88)


PokerStars Hand #155507445078:  Hold'em Limit ($3/$6 USD) - 2016/07/03 10:40:40 ET
Table 'Lydina' 6-max Seat #5 is the button
Seat 5: GRAILKO ($155.75 in chips)
Seat 6: krossguard ($127.85 in chips)
HAL9QQQ will be allowed to play after the button
RJF1943 will be allowed to play after the button
GRAILKO: posts small blind $1
krossguard: posts big blind $3
*** HOLE CARDS ***
GRAILKO: raises $3 to $6
krossguard: raises $3 to $9
GRAILKO: calls $3
*** FLOP *** [6d As 5d]
krossguard: bets $3
GRAILKO: calls $3
*** TURN *** [6d As 5d] [6c]
krossguard: bets $6
GRAILKO: raises $6 to $12
krossguard: folds
Uncalled bet ($6) returned to GRAILKO
GRAILKO collected $35.50 from pot
GRAILKO: doesn't show hand
*** SUMMARY ***
Total pot $36 | Rake $0.50
Board [6d As 5d 6c]
Seat 5: GRAILKO (button) (small blind) collected ($35.50)
Seat 6: krossguard (big blind) folded on the Turn


PokerStars Hand #155508252038:  Hold'em Limit ($3/$6 USD) - 2016/07/03 11:01:56 ET
Table 'Lydina' 6-max Seat #1 is the button
Seat 1: Makomar ($104.94 in chips)
Seat 2: 7superpoker ($135.42 in chips)
Makomar: posts small blind $1
7superpoker: posts big blind $3
*** HOLE CARDS ***
Makomar: raises $3 to $6
7superpoker: raises $3 to $9
Makomar: calls $3
*** FLOP *** [4d 8c 7c]
7superpoker: bets $3
Makomar: calls $3
*** TURN *** [4d 8c 7c] [9d]
7superpoker: bets $6
Makomar: calls $6
*** RIVER *** [4d 8c 7c 9d] [Jh]
7superpoker: bets $6
Makomar: folds
Uncalled bet ($6) returned to 7superpoker
7superpoker collected $35.50 from pot
*** SUMMARY ***
Total pot $36 | Rake $0.50
Board [4d 8c 7c 9d Jh]
Seat 1: Makomar (button) (small blind) folded on the River
Seat 2: 7superpoker (big blind) collected ($35.50)


PokerStars Hand #155508241276:  Hold'em Limit ($3/$6 USD) - 2016/07/03 11:01:39 ET
Table 'Lydina' 6-max Seat #2 is the button
Seat 1: Makomar ($107.94 in chips)
Seat 2: 7superpoker ($132.42 in chips)
7superpoker: posts small blind $1
HAL9QQQ: is sitting out
GRAILKO: is sitting out
Makomar: posts big blind $3
*** HOLE CARDS ***
7superpoker: raises $3 to $6
HAL9QQQ leaves the table
Makomar: folds
Uncalled bet ($3) returned to 7superpoker
GRAILKO leaves the table
7superpoker collected $6 from pot
*** SUMMARY ***
Total pot $6 | Rake $0
Seat 1: Makomar (big blind) folded before Flop
Seat 2: 7superpoker (button) (small blind) collected ($6)


PokerStars Hand #155508288274:  Hold'em Limit ($3/$6 USD) - 2016/07/03 11:02:51 ET
Table 'Lydina' 6-max Seat #2 is the button
Seat 1: Makomar ($139.50 in chips)
Seat 2: 7superpoker ($132.92 in chips)
7superpoker: posts small blind $1
Makomar: posts big blind $3
*** HOLE CARDS ***
7superpoker: raises $3 to $6
Makomar: calls $3
*** FLOP *** [8d 7s Ah]
Makomar: checks
7superpoker: bets $3
Makomar: folds
Uncalled bet ($3) returned to 7superpoker
7superpoker collected $11.76 from pot
*** SUMMARY ***
Total pot $12 | Rake $0.24
Board [8d 7s Ah]
Seat 1: Makomar (big blind) folded on the Flop
Seat 2: 7superpoker (button) (small blind) collected ($11.76)


PokerStars Hand #155508284514:  Hold'em Limit ($3/$6 USD) - 2016/07/03 11:02:45 ET
Table 'Lydina' 6-max Seat #1 is the button
Seat 1: Makomar ($140.50 in chips)
Seat 2: 7superpoker ($131.92 in chips)
Makomar: posts small blind $1
7superpoker: posts big blind $3
*** HOLE CARDS ***
Makomar: folds
Uncalled bet ($2) returned to 7superpoker
7superpoker collected $2 from pot
*** SUMMARY ***
Total pot $2 | Rake $0
Seat 1: Makomar (button) (small blind) folded before Flop
Seat 2: 7superpoker (big blind) collected ($2)


PokerStars Hand #155508267326:  Hold'em Limit ($3/$6 USD) - 2016/07/03 11:02:19 ET
Table 'Lydina' 6-max Seat #2 is the button
Seat 1: Makomar ($120 in chips)
Seat 2: 7superpoker ($152.92 in chips)
7superpoker: posts small blind $1
Makomar: posts big blind $3
*** HOLE CARDS ***
7superpoker: raises $3 to $6
Makomar: calls $3
*** FLOP *** [4s 2c Tc]
Makomar: checks
7superpoker: bets $3
Makomar: raises $3 to $6
7superpoker: raises $3 to $9
Makomar: calls $3
*** TURN *** [4s 2c Tc] [6s]
Makomar: checks
7superpoker: bets $6
Makomar: calls $6
*** RIVER *** [4s 2c Tc 6s] [2d]
Makomar: checks
7superpoker: checks
*** SHOW DOWN ***
Makomar: shows [2s Ah] (three of a kind, Deuces)
7superpoker: mucks hand
Makomar collected $41.50 from pot
*** SUMMARY ***
Total pot $42 | Rake $0.50
Board [4s 2c Tc 6s 2d]
Seat 1: Makomar (big blind) showed [2s Ah] and won ($41.50) with three of a kind, Deuces
Seat 2: 7superpoker (button) (small blind) mucked


