PokerStars Hand #155067819887:  Hold'em Limit ($3/$6 USD) - 2016/06/22 14:29:50 ET
Table 'Lydina' 10-max Seat #1 is the button
Seat 1: tamerlan459 ($44.78 in chips)
Seat 8: Pandakey ($120 in chips)
tamerlan459: posts small blind $1
Pandakey: posts big blind $3
*** HOLE CARDS ***
tamerlan459: calls $2
RockKillerTY joins the table at seat #2
Chessnok joins the table at seat #3
Pandakey has timed out
Pandakey: checks
*** FLOP *** [Ad 3s 5c]
Pandakey has timed out
Pandakey: checks
tamerlan459: checks
*** TURN *** [Ad 3s 5c] [3c]
Pandakey has timed out
Pandakey: checks
tamerlan459: bets $6
Pandakey has timed out
Pandakey: folds
Uncalled bet ($6) returned to tamerlan459
tamerlan459 collected $5.88 from pot
tamerlan459: doesn't show hand
*** SUMMARY ***
Total pot $6 | Rake $0.12
Board [Ad 3s 5c 3c]
Seat 1: tamerlan459 (button) (small blind) collected ($5.88)
Seat 8: Pandakey (big blind) folded on the Turn


PokerStars Hand #155069637934:  Hold'em Limit ($3/$6 USD) - 2016/06/22 15:13:13 ET
Table 'Lydina' 10-max Seat #4 is the button
Seat 3: Chessnok ($262.20 in chips)
Seat 4: tranduc ($97.23 in chips)
tranduc: posts small blind $1
RockKillerTY: is sitting out
Chessnok: posts big blind $3
*** HOLE CARDS ***
tranduc: raises $3 to $6
MikeMcD leaves the table
Chessnok: calls $3
*** FLOP *** [Td 2h Tc]
RockKillerTY leaves the table
Chessnok: checks
tranduc: checks
*** TURN *** [Td 2h Tc] [2d]
Chessnok: bets $6
tranduc: calls $6
*** RIVER *** [Td 2h Tc 2d] [3s]
Chessnok: checks
tranduc: checks
*** SHOW DOWN ***
Chessnok: shows [Kc 9h] (two pair, Tens and Deuces)
tranduc: shows [Kh 9c] (two pair, Tens and Deuces)
Chessnok collected $11.76 from pot
tranduc collected $11.76 from pot
*** SUMMARY ***
Total pot $24 | Rake $0.48
Board [Td 2h Tc 2d 3s]
Seat 3: Chessnok (big blind) showed [Kc 9h] and won ($11.76) with two pair, Tens and Deuces
Seat 4: tranduc (button) (small blind) showed [Kh 9c] and won ($11.76) with two pair, Tens and Deuces


