PokerStars Hand #156672057832:  Hold'em Limit ($3/$6 USD) - 2016/07/31 7:51:45 ET
Table 'Lydia' 6-max Seat #2 is the button
Seat 1: Headgtboy ($120 in chips)
Seat 2: Mordnilap ($72 in chips)
Mordnilap: posts small blind $1
VolkovDmitri has timed out
VolkovDmitri: is sitting out
Headgtboy: posts big blind $3
*** HOLE CARDS ***
Mordnilap: raises $3 to $6
Headgtboy: calls $3
*** FLOP *** [Qd 2s 2c]
Headgtboy: checks
Mordnilap: bets $3
Headgtboy: folds
Uncalled bet ($3) returned to Mordnilap
Mordnilap collected $11.76 from pot
Mordnilap: doesn't show hand
*** SUMMARY ***
Total pot $12 | Rake $0.24
Board [Qd 2s 2c]
Seat 1: Headgtboy (big blind) folded on the Flop
Seat 2: Mordnilap (button) (small blind) collected ($11.76)


PokerStars Hand #156672074255:  Hold'em Limit ($3/$6 USD) - 2016/07/31 7:52:18 ET
Table 'Lydia' 6-max Seat #1 is the button
Seat 1: Headgtboy ($114 in chips)
Seat 2: Mordnilap ($77.76 in chips)
Headgtboy: posts small blind $1
Mordnilap: posts big blind $3
*** HOLE CARDS ***
Headgtboy: raises $3 to $6
Mordnilap: calls $3
*** FLOP *** [7c Td 8d]
Mordnilap: checks
Headgtboy: bets $3
Mordnilap: raises $3 to $6
Headgtboy: calls $3
*** TURN *** [7c Td 8d] [Js]
Mordnilap: bets $6
Headgtboy: folds
Uncalled bet ($6) returned to Mordnilap
Mordnilap collected $23.52 from pot
Mordnilap: doesn't show hand
*** SUMMARY ***
Total pot $24 | Rake $0.48
Board [7c Td 8d Js]
Seat 1: Headgtboy (button) (small blind) folded on the Turn
Seat 2: Mordnilap (big blind) collected ($23.52)


PokerStars Hand #156672082874:  Hold'em Limit ($3/$6 USD) - 2016/07/31 7:52:35 ET
Table 'Lydia' 6-max Seat #2 is the button
Seat 1: Headgtboy ($102 in chips)
Seat 2: Mordnilap ($89.28 in chips)
Mordnilap: posts small blind $1
Headgtboy: posts big blind $3
*** HOLE CARDS ***
Mordnilap: raises $3 to $6
Headgtboy: calls $3
*** FLOP *** [3c Jc 9c]
somexi joins the table at seat #3
Headgtboy: checks
Mordnilap: checks
*** TURN *** [3c Jc 9c] [2c]
Headgtboy: checks
Mordnilap: checks
*** RIVER *** [3c Jc 9c 2c] [5d]
Headgtboy: bets $6
Jigorek1989 joins the table at seat #5
bigfish710 joins the table at seat #6
Mordnilap: folds
Uncalled bet ($6) returned to Headgtboy
Headgtboy collected $11.76 from pot
Headgtboy: doesn't show hand
*** SUMMARY ***
Total pot $12 | Rake $0.24
Board [3c Jc 9c 2c 5d]
Seat 1: Headgtboy (big blind) collected ($11.76)
Seat 2: Mordnilap (button) (small blind) folded on the River


PokerStars Hand #156672101816:  Hold'em Limit ($3/$6 USD) - 2016/07/31 7:53:13 ET
Table 'Lydia' 6-max Seat #1 is the button
Seat 1: Headgtboy ($107.76 in chips)
Seat 2: Mordnilap ($83.28 in chips)
Headgtboy: posts small blind $1
Mordnilap: posts big blind $3
*** HOLE CARDS ***
Headgtboy: folds
Uncalled bet ($2) returned to Mordnilap
Mordnilap collected $2 from pot
Mordnilap: doesn't show hand
*** SUMMARY ***
Total pot $2 | Rake $0
Seat 1: Headgtboy (button) (small blind) folded before Flop
Seat 2: Mordnilap (big blind) collected ($2)


PokerStars Hand #156674410292:  Hold'em Limit ($3/$6 USD) - 2016/07/31 9:06:41 ET
Table 'Lydia' 6-max Seat #2 is the button
Seat 2: Skoda9378 ($20.54 in chips)
Seat 5: boony444 ($159.23 in chips)
bigfish710 will be allowed to play after the button
kolaz03 will be allowed to play after the button
Skoda9378: posts small blind $1
boony444: posts big blind $3
*** HOLE CARDS ***
Skoda9378: calls $2
boony444: checks
*** FLOP *** [Td Qc As]
boony444: checks
Skoda9378: bets $3
boony444: folds
Uncalled bet ($3) returned to Skoda9378
Skoda9378 collected $5.88 from pot
Skoda9378: doesn't show hand
*** SUMMARY ***
Total pot $6 | Rake $0.12
Board [Td Qc As]
Seat 2: Skoda9378 (button) (small blind) collected ($5.88)
Seat 5: boony444 (big blind) folded on the Flop


