PokerStars Hand #155435198242:  Hold'em Limit ($3/$6 USD) - 2016/07/01 14:50:24 ET
Table 'Lydina' 6-max Seat #5 is the button
Seat 5: Icecold ($65.46 in chips)
Seat 6: Murrrr_@T ($85 in chips)
Icecold: posts small blind $1
Murrrr_@T: posts big blind $3
*** HOLE CARDS ***
Icecold: raises $3 to $6
Murrrr_@T: calls $3
*** FLOP *** [8h 5d Ac]
Murrrr_@T: checks
Icecold: bets $3
Murrrr_@T: folds
Uncalled bet ($3) returned to Icecold
Icecold collected $11.76 from pot
*** SUMMARY ***
Total pot $12 | Rake $0.24
Board [8h 5d Ac]
Seat 5: Icecold (button) (small blind) collected ($11.76)
Seat 6: Murrrr_@T (big blind) folded on the Flop


PokerStars Hand #155435183055:  Hold'em Limit ($3/$6 USD) - 2016/07/01 14:50:02 ET
Table 'Lydina' 6-max Seat #6 is the button
Seat 5: Icecold ($50.96 in chips)
Seat 6: Murrrr_@T ($100 in chips)
Murrrr_@T: posts small blind $1
Icecold: posts big blind $3
*** HOLE CARDS ***
Murrrr_@T: raises $3 to $6
Icecold: calls $3
*** FLOP *** [8d Jd 2h]
Icecold: checks
Murrrr_@T: bets $3
Icecold: calls $3
*** TURN *** [8d Jd 2h] [6d]
Icecold: checks
Murrrr_@T: bets $6
Icecold: raises $6 to $12
Murrrr_@T: folds
Uncalled bet ($6) returned to Icecold
Icecold collected $29.50 from pot
Jiminybob joins the table at seat #4
*** SUMMARY ***
Total pot $30 | Rake $0.50
Board [8d Jd 2h 6d]
Seat 5: Icecold (big blind) collected ($29.50)
Seat 6: Murrrr_@T (button) (small blind) folded on the Turn


PokerStars Hand #155435397323:  Hold'em Limit ($3/$6 USD) - 2016/07/01 14:55:10 ET
Table 'Lydina' 6-max Seat #4 is the button
Seat 4: Jiminybob ($86.46 in chips)
Seat 6: Murrrr_@T ($79.39 in chips)
Jiminybob: posts small blind $1
Murrrr_@T: posts big blind $3
*** HOLE CARDS ***
Jiminybob: raises $3 to $6
Murrrr_@T: calls $3
*** FLOP *** [Kc 2c Ac]
Murrrr_@T: checks
Jiminybob: bets $3
Murrrr_@T: folds
Uncalled bet ($3) returned to Jiminybob
Jiminybob collected $11.76 from pot
*** SUMMARY ***
Total pot $12 | Rake $0.24
Board [Kc 2c Ac]
Seat 4: Jiminybob (button) (small blind) collected ($11.76)
Seat 6: Murrrr_@T (big blind) folded on the Flop


PokerStars Hand #155435375698:  Hold'em Limit ($3/$6 USD) - 2016/07/01 14:54:37 ET
Table 'Lydina' 6-max Seat #6 is the button
Seat 4: Jiminybob ($101.46 in chips)
Seat 6: Murrrr_@T ($64.89 in chips)
Murrrr_@T: posts small blind $1
happyyak: is sitting out
Jiminybob: posts big blind $3
*** HOLE CARDS ***
Murrrr_@T: raises $3 to $6
happyyak leaves the table
Jiminybob: calls $3
*** FLOP *** [9h 7h Kd]
Jiminybob: checks
Murrrr_@T: bets $3
Jiminybob: calls $3
*** TURN *** [9h 7h Kd] [8d]
Jiminybob: checks
Murrrr_@T: bets $6
Jiminybob: calls $6
*** RIVER *** [9h 7h Kd 8d] [Jh]
Jiminybob: checks
Murrrr_@T: checks
*** SHOW DOWN ***
Jiminybob: shows [Qs Jd] (a pair of Jacks)
Murrrr_@T: shows [8c 9s] (two pair, Nines and Eights)
Murrrr_@T collected $29.50 from pot
*** SUMMARY ***
Total pot $30 | Rake $0.50
Board [9h 7h Kd 8d Jh]
Seat 4: Jiminybob (big blind) showed [Qs Jd] and lost with a pair of Jacks
Seat 6: Murrrr_@T (button) (small blind) showed [8c 9s] and won ($29.50) with two pair, Nines and Eights


PokerStars Hand #155435434537:  Hold'em Limit ($3/$6 USD) - 2016/07/01 14:56:20 ET
Table 'Lydina' 6-max Seat #4 is the button
Seat 4: Jiminybob ($83.22 in chips)
Seat 6: Murrrr_@T ($82.03 in chips)
Jiminybob: posts small blind $1
Murrrr_@T: posts big blind $3
*** HOLE CARDS ***
Jiminybob: raises $3 to $6
Murrrr_@T: calls $3
*** FLOP *** [6s 5d Ac]
Murrrr_@T: checks
Jiminybob: bets $3
Murrrr_@T: calls $3
*** TURN *** [6s 5d Ac] [4s]
Murrrr_@T: checks
Jiminybob: checks
*** RIVER *** [6s 5d Ac 4s] [Ah]
Murrrr_@T: bets $6
Jiminybob: folds
Uncalled bet ($6) returned to Murrrr_@T
Murrrr_@T collected $17.64 from pot
Murrrr_@T: doesn't show hand
*** SUMMARY ***
Total pot $18 | Rake $0.36
Board [6s 5d Ac 4s Ah]
Seat 4: Jiminybob (button) (small blind) folded on the River
Seat 6: Murrrr_@T (big blind) collected ($17.64)


PokerStars Hand #155435419826:  Hold'em Limit ($3/$6 USD) - 2016/07/01 14:55:51 ET
Table 'Lydina' 6-max Seat #6 is the button
Seat 4: Jiminybob ($92.22 in chips)
Seat 6: Murrrr_@T ($73.39 in chips)
Murrrr_@T: posts small blind $1
Jiminybob: posts big blind $3
*** HOLE CARDS ***
Murrrr_@T: raises $3 to $6
Jiminybob: calls $3
*** FLOP *** [6c Qc 9d]
Jiminybob: checks
Murrrr_@T: bets $3
Jiminybob: calls $3
*** TURN *** [6c Qc 9d] [Ac]
Jiminybob: checks
Murrrr_@T: bets $6
Jiminybob: folds
Uncalled bet ($6) returned to Murrrr_@T
Murrrr_@T collected $17.64 from pot
Murrrr_@T: doesn't show hand
*** SUMMARY ***
Total pot $18 | Rake $0.36
Board [6c Qc 9d Ac]
Seat 4: Jiminybob (big blind) folded on the Turn
Seat 6: Murrrr_@T (button) (small blind) collected ($17.64)


PokerStars Hand #155435458391:  Hold'em Limit ($3/$6 USD) - 2016/07/01 14:57:05 ET
Table 'Lydina' 6-max Seat #4 is the button
Seat 4: Jiminybob ($82.86 in chips)
Seat 6: Murrrr_@T ($81.67 in chips)
Jiminybob: posts small blind $1
Murrrr_@T: posts big blind $3
*** HOLE CARDS ***
Jiminybob: raises $3 to $6
Murrrr_@T: raises $3 to $9
Jiminybob: calls $3
*** FLOP *** [5s As 6d]
Murrrr_@T: bets $3
Jiminybob: calls $3
*** TURN *** [5s As 6d] [2c]
Murrrr_@T: checks
Jiminybob: checks
*** RIVER *** [5s As 6d 2c] [Ks]
Murrrr_@T: checks
Jiminybob: bets $6
Murrrr_@T: folds
Uncalled bet ($6) returned to Jiminybob
Jiminybob collected $23.52 from pot
*** SUMMARY ***
Total pot $24 | Rake $0.48
Board [5s As 6d 2c Ks]
Seat 4: Jiminybob (button) (small blind) collected ($23.52)
Seat 6: Murrrr_@T (big blind) folded on the River


PokerStars Hand #155435446709:  Hold'em Limit ($3/$6 USD) - 2016/07/01 14:56:43 ET
Table 'Lydina' 6-max Seat #6 is the button
Seat 4: Jiminybob ($74.22 in chips)
Seat 6: Murrrr_@T ($90.67 in chips)
Murrrr_@T: posts small blind $1
Jiminybob: posts big blind $3
*** HOLE CARDS ***
Murrrr_@T: raises $3 to $6
Jiminybob: calls $3
*** FLOP *** [7h Ks Tc]
Jiminybob: checks
Murrrr_@T: bets $3
Jiminybob: calls $3
*** TURN *** [7h Ks Tc] [2h]
Jiminybob: checks
Murrrr_@T: checks
*** RIVER *** [7h Ks Tc 2h] [2s]
Jiminybob: bets $6
Murrrr_@T: folds
Uncalled bet ($6) returned to Jiminybob
Jiminybob collected $17.64 from pot
*** SUMMARY ***
Total pot $18 | Rake $0.36
Board [7h Ks Tc 2h 2s]
Seat 4: Jiminybob (big blind) collected ($17.64)
Seat 6: Murrrr_@T (button) (small blind) folded on the River


PokerStars Hand #155435496329:  Hold'em Limit ($3/$6 USD) - 2016/07/01 14:58:16 ET
Table 'Lydina' 6-max Seat #4 is the button
Seat 4: Jiminybob ($100.14 in chips)
Seat 6: Murrrr_@T ($63.67 in chips)
Jiminybob: posts small blind $1
Murrrr_@T: posts big blind $3
*** HOLE CARDS ***
Jiminybob: raises $3 to $6
Murrrr_@T: raises $3 to $9
Jiminybob: calls $3
*** FLOP *** [Ks Qd Jh]
Murrrr_@T: bets $3
Jiminybob: calls $3
*** TURN *** [Ks Qd Jh] [Th]
Murrrr_@T: checks
Jiminybob: bets $6
Murrrr_@T: calls $6
*** RIVER *** [Ks Qd Jh Th] [3c]
Murrrr_@T: checks
Jiminybob: bets $6
Murrrr_@T: calls $6
*** SHOW DOWN ***
Jiminybob: shows [9c Ah] (a straight, Ten to Ace)
Murrrr_@T: mucks hand
Jiminybob collected $47.50 from pot
*** SUMMARY ***
Total pot $48 | Rake $0.50
Board [Ks Qd Jh Th 3c]
Seat 4: Jiminybob (button) (small blind) showed [9c Ah] and won ($47.50) with a straight, Ten to Ace
Seat 6: Murrrr_@T (big blind) mucked


PokerStars Hand #155435473663:  Hold'em Limit ($3/$6 USD) - 2016/07/01 14:57:33 ET
Table 'Lydina' 6-max Seat #6 is the button
Seat 4: Jiminybob ($94.38 in chips)
Seat 6: Murrrr_@T ($69.67 in chips)
Murrrr_@T: posts small blind $1
Jiminybob: posts big blind $3
*** HOLE CARDS ***
Murrrr_@T: raises $3 to $6
Jiminybob: calls $3
*** FLOP *** [Th 8d 3h]
Jiminybob: checks
Murrrr_@T: checks
*** TURN *** [Th 8d 3h] [Td]
Jiminybob: bets $6
Murrrr_@T: folds
Uncalled bet ($6) returned to Jiminybob
Jiminybob collected $11.76 from pot
*** SUMMARY ***
Total pot $12 | Rake $0.24
Board [Th 8d 3h Td]
Seat 4: Jiminybob (big blind) collected ($11.76)
Seat 6: Murrrr_@T (button) (small blind) folded on the Turn


PokerStars Hand #155435512224:  Hold'em Limit ($3/$6 USD) - 2016/07/01 14:58:46 ET
Table 'Lydina' 6-max Seat #6 is the button
Seat 4: Jiminybob ($123.64 in chips)
Seat 6: Murrrr_@T ($39.67 in chips)
Murrrr_@T: posts small blind $1
Jiminybob: posts big blind $3
*** HOLE CARDS ***
Murrrr_@T: raises $3 to $6
Jiminybob: raises $3 to $9
Murrrr_@T: calls $3
*** FLOP *** [4d 7c 9c]
Jiminybob: bets $3
Murrrr_@T: calls $3
*** TURN *** [4d 7c 9c] [Qs]
Jiminybob: bets $6
Murrrr_@T: folds
Uncalled bet ($6) returned to Jiminybob
Jiminybob collected $23.52 from pot
*** SUMMARY ***
Total pot $24 | Rake $0.48
Board [4d 7c 9c Qs]
Seat 4: Jiminybob (big blind) collected ($23.52)
Seat 6: Murrrr_@T (button) (small blind) folded on the Turn


PokerStars Hand #155435522016:  Hold'em Limit ($3/$6 USD) - 2016/07/01 14:59:04 ET
Table 'Lydina' 6-max Seat #4 is the button
Seat 4: Jiminybob ($135.16 in chips)
Seat 6: Murrrr_@T ($90 in chips)
Jiminybob: posts small blind $1
Murrrr_@T: posts big blind $3
*** HOLE CARDS ***
Jiminybob: calls $2
Murrrr_@T: checks
*** FLOP *** [4d 4s Jh]
Murrrr_@T: checks
Jiminybob: checks
*** TURN *** [4d 4s Jh] [Js]
Murrrr_@T: checks
Jiminybob: bets $6
Murrrr_@T: calls $6
*** RIVER *** [4d 4s Jh Js] [5d]
Murrrr_@T: checks
Jiminybob: bets $6
Murrrr_@T: calls $6
*** SHOW DOWN ***
Jiminybob: shows [4c Tc] (a full house, Fours full of Jacks)
Murrrr_@T: shows [4h 2h] (a full house, Fours full of Jacks)
Murrrr_@T collected $14.75 from pot
Jiminybob collected $14.75 from pot
*** SUMMARY ***
Total pot $30 | Rake $0.50
Board [4d 4s Jh Js 5d]
Seat 4: Jiminybob (button) (small blind) showed [4c Tc] and won ($14.75) with a full house, Fours full of Jacks
Seat 6: Murrrr_@T (big blind) showed [4h 2h] and won ($14.75) with a full house, Fours full of Jacks


