PokerStars Hand #154320448726:  Hold'em Limit ($3/$6 USD) - 2016/06/05 9:30:30 ET
Table 'Lyka' 6-max Seat #1 is the button
Seat 1: SneakyMastr ($240.22 in chips)
Seat 4: Pti4ka_Tucan ($104.31 in chips)
SneakyMastr: posts small blind $1
Pti4ka_Tucan: posts big blind $3
*** HOLE CARDS ***
SneakyMastr: folds
Uncalled bet ($2) returned to Pti4ka_Tucan
Pti4ka_Tucan collected $2 from pot
Pti4ka_Tucan: doesn't show hand
*** SUMMARY ***
Total pot $2 | Rake $0
Seat 1: SneakyMastr (button) (small blind) folded before Flop
Seat 4: Pti4ka_Tucan (big blind) collected ($2)


PokerStars Hand #154320476170:  Hold'em Limit ($3/$6 USD) - 2016/06/05 9:31:13 ET
Table 'Lyka' 6-max Seat #1 is the button
Seat 1: SneakyMastr ($221.22 in chips)
Seat 4: Pti4ka_Tucan ($122.81 in chips)
SneakyMastr: posts small blind $1
Pti4ka_Tucan: posts big blind $3
*** HOLE CARDS ***
SneakyMastr: folds
Uncalled bet ($2) returned to Pti4ka_Tucan
Pti4ka_Tucan collected $2 from pot
Pti4ka_Tucan: doesn't show hand
*** SUMMARY ***
Total pot $2 | Rake $0
Seat 1: SneakyMastr (button) (small blind) folded before Flop
Seat 4: Pti4ka_Tucan (big blind) collected ($2)


PokerStars Hand #154320455695:  Hold'em Limit ($3/$6 USD) - 2016/06/05 9:30:41 ET
Table 'Lyka' 6-max Seat #4 is the button
Seat 1: SneakyMastr ($239.22 in chips)
Seat 4: Pti4ka_Tucan ($105.31 in chips)
Pti4ka_Tucan: posts small blind $1
SneakyMastr: posts big blind $3
*** HOLE CARDS ***
Pti4ka_Tucan: raises $3 to $6
SneakyMastr: raises $3 to $9
Pti4ka_Tucan: calls $3
*** FLOP *** [Ts 4c Th]
SneakyMastr: bets $3
Pti4ka_Tucan: calls $3
*** TURN *** [Ts 4c Th] [Kd]
SneakyMastr: checks
Pti4ka_Tucan: checks
*** RIVER *** [Ts 4c Th Kd] [7h]
SneakyMastr: bets $6
Pti4ka_Tucan: calls $6
*** SHOW DOWN ***
SneakyMastr: shows [Ad Js] (a pair of Tens)
Pti4ka_Tucan: shows [4d Ah] (two pair, Tens and Fours)
Pti4ka_Tucan collected $35.50 from pot
*** SUMMARY ***
Total pot $36 | Rake $0.50
Board [Ts 4c Th Kd 7h]
Seat 1: SneakyMastr (big blind) showed [Ad Js] and lost with a pair of Tens
Seat 4: Pti4ka_Tucan (button) (small blind) showed [4d Ah] and won ($35.50) with two pair, Tens and Fours


PokerStars Hand #154320479678:  Hold'em Limit ($3/$6 USD) - 2016/06/05 9:31:19 ET
Table 'Lyka' 6-max Seat #4 is the button
Seat 1: SneakyMastr ($220.22 in chips)
Seat 4: Pti4ka_Tucan ($123.81 in chips)
Pti4ka_Tucan: posts small blind $1
SneakyMastr: posts big blind $3
*** HOLE CARDS ***
Pti4ka_Tucan: raises $3 to $6
SneakyMastr: raises $3 to $9
Pti4ka_Tucan: calls $3
*** FLOP *** [Ah Js 5d]
SneakyMastr: bets $3
Pilowski joins the table at seat #2
Pti4ka_Tucan: calls $3
*** TURN *** [Ah Js 5d] [6d]
SneakyMastr: bets $6
YseRussia joins the table at seat #6
Pti4ka_Tucan: raises $6 to $12
SneakyMastr: raises $6 to $18
Pti4ka_Tucan: calls $6
*** RIVER *** [Ah Js 5d 6d] [8s]
SneakyMastr: bets $6
Pti4ka_Tucan: calls $6
*** SHOW DOWN ***
SneakyMastr: shows [Ac Qc] (a pair of Aces)
Pti4ka_Tucan: mucks hand
SneakyMastr collected $71.50 from pot
*** SUMMARY ***
Total pot $72 | Rake $0.50
Board [Ah Js 5d 6d 8s]
Seat 1: SneakyMastr (big blind) showed [Ac Qc] and won ($71.50) with a pair of Aces
Seat 4: Pti4ka_Tucan (button) (small blind) mucked


PokerStars Hand #154321918092:  Hold'em Limit ($3/$6 USD) - 2016/06/05 10:08:41 ET
Table 'Lyka' 6-max Seat #1 is the button
Seat 1: SneakyMastr ($263.53 in chips)
Seat 4: lanås ($181.02 in chips)
SneakyMastr said, "ZZZZZZZZZZZZZZZZZZZZZZZZZZZZZZZZZZZZZZZZZZZZZZZZ"
SneakyMastr: posts small blind $1
lanås: posts big blind $3
*** HOLE CARDS ***
tedros404 leaves the table
SneakyMastr: folds
Uncalled bet ($2) returned to lanås
lanås collected $2 from pot
lanås: doesn't show hand
*** SUMMARY ***
Total pot $2 | Rake $0
Seat 1: SneakyMastr (button) (small blind) folded before Flop
Seat 4: lanås (big blind) collected ($2)


