PokerStars Hand #147128138518:  Hold'em Limit ($3/$6 USD) - 2016/01/16 7:21:17 ET
Table 'Lykaon II' 2-max Seat #1 is the button
Seat 1: jl45259071 ($98.98 in chips)
Seat 2: -koen-2011 ($146.02 in chips)
jl45259071: posts small blind $1
-koen-2011: posts big blind $3
*** HOLE CARDS ***
jl45259071: calls $2
-koen-2011: checks
*** FLOP *** [Ts 6h Ad]
-koen-2011: checks
jl45259071: bets $3
-koen-2011: raises $3 to $6
jl45259071: folds
Uncalled bet ($3) returned to -koen-2011
-koen-2011 collected $11.76 from pot
-koen-2011: doesn't show hand
*** SUMMARY ***
Total pot $12 | Rake $0.24
Board [Ts 6h Ad]
Seat 1: jl45259071 (button) (small blind) folded on the Flop
Seat 2: -koen-2011 (big blind) collected ($11.76)


PokerStars Hand #147128132494:  Hold'em Limit ($3/$6 USD) - 2016/01/16 7:21:07 ET
Table 'Lykaon II' 2-max Seat #2 is the button
Seat 1: jl45259071 ($104.98 in chips)
Seat 2: -koen-2011 ($140.26 in chips)
-koen-2011: posts small blind $1
jl45259071: posts big blind $3
*** HOLE CARDS ***
-koen-2011: raises $3 to $6
jl45259071: calls $3
*** FLOP *** [Kc 5d 8c]
jl45259071: checks
-koen-2011: bets $3
jl45259071: folds
Uncalled bet ($3) returned to -koen-2011
-koen-2011 collected $11.76 from pot
-koen-2011: doesn't show hand
*** SUMMARY ***
Total pot $12 | Rake $0.24
Board [Kc 5d 8c]
Seat 1: jl45259071 (big blind) folded on the Flop
Seat 2: -koen-2011 (button) (small blind) collected ($11.76)


PokerStars Hand #147128121967:  Hold'em Limit ($3/$6 USD) - 2016/01/16 7:20:51 ET
Table 'Lykaon II' 2-max Seat #1 is the button
Seat 1: jl45259071 ($110.98 in chips)
Seat 2: -koen-2011 ($134.50 in chips)
jl45259071: posts small blind $1
-koen-2011: posts big blind $3
*** HOLE CARDS ***
jl45259071: calls $2
-koen-2011: checks
*** FLOP *** [4c 3d 2d]
-koen-2011: checks
jl45259071: bets $3
-koen-2011: calls $3
*** TURN *** [4c 3d 2d] [4s]
-koen-2011: checks
jl45259071: checks
*** RIVER *** [4c 3d 2d 4s] [Qs]
-koen-2011: checks
jl45259071: checks
*** SHOW DOWN ***
-koen-2011: shows [Qc Ts] (two pair, Queens and Fours)
jl45259071: mucks hand
-koen-2011 collected $11.76 from pot
*** SUMMARY ***
Total pot $12 | Rake $0.24
Board [4c 3d 2d 4s Qs]
Seat 1: jl45259071 (button) (small blind) mucked
Seat 2: -koen-2011 (big blind) showed [Qc Ts] and won ($11.76) with two pair, Queens and Fours


PokerStars Hand #147128092255:  Hold'em Limit ($3/$6 USD) - 2016/01/16 7:20:03 ET
Table 'Lykaon II' 2-max Seat #2 is the button
Seat 1: jl45259071 ($125.98 in chips)
Seat 2: -koen-2011 ($120 in chips)
-koen-2011: posts small blind $1
jl45259071 is disconnected
jl45259071 is connected
jl45259071: posts big blind $3
*** HOLE CARDS ***
-koen-2011: raises $3 to $6
jl45259071: calls $3
*** FLOP *** [Ks 4s Ad]
jl45259071: checks
-koen-2011: bets $3
jl45259071: calls $3
*** TURN *** [Ks 4s Ad] [7s]
jl45259071: checks
-koen-2011: bets $6
jl45259071: calls $6
*** RIVER *** [Ks 4s Ad 7s] [9d]
jl45259071: checks
-koen-2011: bets $6
jl45259071: folds
Uncalled bet ($6) returned to -koen-2011
-koen-2011 collected $29.50 from pot
-koen-2011: doesn't show hand
*** SUMMARY ***
Total pot $30 | Rake $0.50
Board [Ks 4s Ad 7s 9d]
Seat 1: jl45259071 (big blind) folded on the River
Seat 2: -koen-2011 (button) (small blind) collected ($29.50)


PokerStars Hand #147128171550:  Hold'em Limit ($3/$6 USD) - 2016/01/16 7:22:08 ET
Table 'Lykaon II' 2-max Seat #1 is the button
Seat 1: jl45259071 ($90.73 in chips)
Seat 2: -koen-2011 ($153.41 in chips)
jl45259071: posts small blind $1
-koen-2011: posts big blind $3
*** HOLE CARDS ***
jl45259071: calls $2
-koen-2011: checks
*** FLOP *** [3d 4c Qs]
-koen-2011: checks
jl45259071: checks
*** TURN *** [3d 4c Qs] [9s]
-koen-2011: checks
jl45259071: checks
*** RIVER *** [3d 4c Qs 9s] [5d]
-koen-2011: checks
jl45259071: checks
*** SHOW DOWN ***
-koen-2011: shows [4s Kd] (a pair of Fours)
jl45259071: shows [6h 5c] (a pair of Fives)
jl45259071 collected $5.88 from pot
*** SUMMARY ***
Total pot $6 | Rake $0.12
Board [3d 4c Qs 9s 5d]
Seat 1: jl45259071 (button) (small blind) showed [6h 5c] and won ($5.88) with a pair of Fives
Seat 2: -koen-2011 (big blind) showed [4s Kd] and lost with a pair of Fours


PokerStars Hand #147128167963:  Hold'em Limit ($3/$6 USD) - 2016/01/16 7:22:03 ET
Table 'Lykaon II' 2-max Seat #2 is the button
Seat 1: jl45259071 ($89.73 in chips)
Seat 2: -koen-2011 ($154.41 in chips)
-koen-2011: posts small blind $1
jl45259071: posts big blind $3
*** HOLE CARDS ***
-koen-2011: folds
Uncalled bet ($2) returned to jl45259071
jl45259071 collected $2 from pot
jl45259071: doesn't show hand
*** SUMMARY ***
Total pot $2 | Rake $0
Seat 1: jl45259071 (big blind) collected ($2)
Seat 2: -koen-2011 (button) (small blind) folded before Flop


PokerStars Hand #147128157725:  Hold'em Limit ($3/$6 USD) - 2016/01/16 7:21:47 ET
Table 'Lykaon II' 2-max Seat #1 is the button
Seat 1: jl45259071 ($92.73 in chips)
Seat 2: -koen-2011 ($151.53 in chips)
jl45259071: posts small blind $1
-koen-2011: posts big blind $3
*** HOLE CARDS ***
jl45259071: calls $2
-koen-2011: checks
*** FLOP *** [Th 9c 5d]
-koen-2011: checks
jl45259071: checks
*** TURN *** [Th 9c 5d] [7d]
-koen-2011: checks
jl45259071: checks
*** RIVER *** [Th 9c 5d 7d] [9s]
-koen-2011: bets $6
jl45259071: folds
Uncalled bet ($6) returned to -koen-2011
-koen-2011 collected $5.88 from pot
-koen-2011: doesn't show hand
*** SUMMARY ***
Total pot $6 | Rake $0.12
Board [Th 9c 5d 7d 9s]
Seat 1: jl45259071 (button) (small blind) folded on the River
Seat 2: -koen-2011 (big blind) collected ($5.88)


PokerStars Hand #147128146381:  Hold'em Limit ($3/$6 USD) - 2016/01/16 7:21:29 ET
Table 'Lykaon II' 2-max Seat #2 is the button
Seat 1: jl45259071 ($92.98 in chips)
Seat 2: -koen-2011 ($151.78 in chips)
-koen-2011: posts small blind $1
jl45259071: posts big blind $3
*** HOLE CARDS ***
-koen-2011: raises $3 to $6
jl45259071: raises $3 to $9
-koen-2011: calls $3
*** FLOP *** [4h 5c 3d]
jl45259071: bets $3
-koen-2011: raises $3 to $6
jl45259071: calls $3
*** TURN *** [4h 5c 3d] [2h]
jl45259071: checks
-koen-2011: bets $6
jl45259071: calls $6
*** RIVER *** [4h 5c 3d 2h] [6h]
jl45259071: checks
-koen-2011: checks
*** SHOW DOWN ***
jl45259071: shows [As Qs] (a straight, Deuce to Six)
-koen-2011: shows [2d Ad] (a straight, Deuce to Six)
jl45259071 collected $20.75 from pot
-koen-2011 collected $20.75 from pot
*** SUMMARY ***
Total pot $42 | Rake $0.50
Board [4h 5c 3d 2h 6h]
Seat 1: jl45259071 (big blind) showed [As Qs] and won ($20.75) with a straight, Deuce to Six
Seat 2: -koen-2011 (button) (small blind) showed [2d Ad] and won ($20.75) with a straight, Deuce to Six


PokerStars Hand #147128209374:  Hold'em Limit ($3/$6 USD) - 2016/01/16 7:23:08 ET
Table 'Lykaon II' 2-max Seat #1 is the button
Seat 1: jl45259071 ($90.13 in chips)
Seat 2: -koen-2011 ($152.91 in chips)
jl45259071: posts small blind $1
-koen-2011: posts big blind $3
*** HOLE CARDS ***
jl45259071: calls $2
-koen-2011: checks
*** FLOP *** [5s 2s 2d]
-koen-2011: checks
jl45259071: checks
*** TURN *** [5s 2s 2d] [Kd]
-koen-2011: checks
jl45259071: bets $6
-koen-2011: folds
Uncalled bet ($6) returned to jl45259071
jl45259071 collected $5.88 from pot
jl45259071: doesn't show hand
*** SUMMARY ***
Total pot $6 | Rake $0.12
Board [5s 2s 2d Kd]
Seat 1: jl45259071 (button) (small blind) collected ($5.88)
Seat 2: -koen-2011 (big blind) folded on the Turn


PokerStars Hand #147128196989:  Hold'em Limit ($3/$6 USD) - 2016/01/16 7:22:49 ET
Table 'Lykaon II' 2-max Seat #2 is the button
Seat 1: jl45259071 ($105.13 in chips)
Seat 2: -koen-2011 ($138.41 in chips)
-koen-2011: posts small blind $1
jl45259071: posts big blind $3
*** HOLE CARDS ***
-koen-2011: raises $3 to $6
jl45259071: calls $3
*** FLOP *** [Kh 4c Th]
jl45259071: checks
-koen-2011: bets $3
jl45259071: calls $3
*** TURN *** [Kh 4c Th] [7h]
jl45259071: checks
-koen-2011: bets $6
jl45259071: calls $6
*** RIVER *** [Kh 4c Th 7h] [Td]
jl45259071: checks
-koen-2011: bets $6
jl45259071: folds
Uncalled bet ($6) returned to -koen-2011
-koen-2011 collected $29.50 from pot
-koen-2011: doesn't show hand
*** SUMMARY ***
Total pot $30 | Rake $0.50
Board [Kh 4c Th 7h Td]
Seat 1: jl45259071 (big blind) folded on the River
Seat 2: -koen-2011 (button) (small blind) collected ($29.50)


PokerStars Hand #147128189493:  Hold'em Limit ($3/$6 USD) - 2016/01/16 7:22:37 ET
Table 'Lykaon II' 2-max Seat #1 is the button
Seat 1: jl45259071 ($102.25 in chips)
Seat 2: -koen-2011 ($141.41 in chips)
jl45259071: posts small blind $1
-koen-2011: posts big blind $3
*** HOLE CARDS ***
jl45259071: calls $2
-koen-2011: checks
*** FLOP *** [6c Jd Ac]
-koen-2011: checks
jl45259071: bets $3
-koen-2011: folds
Uncalled bet ($3) returned to jl45259071
jl45259071 collected $5.88 from pot
jl45259071: doesn't show hand
*** SUMMARY ***
Total pot $6 | Rake $0.12
Board [6c Jd Ac]
Seat 1: jl45259071 (button) (small blind) collected ($5.88)
Seat 2: -koen-2011 (big blind) folded on the Flop


PokerStars Hand #147128182663:  Hold'em Limit ($3/$6 USD) - 2016/01/16 7:22:26 ET
Table 'Lykaon II' 2-max Seat #2 is the button
Seat 1: jl45259071 ($93.61 in chips)
Seat 2: -koen-2011 ($150.41 in chips)
-koen-2011: posts small blind $1
jl45259071: posts big blind $3
*** HOLE CARDS ***
-koen-2011: raises $3 to $6
jl45259071: raises $3 to $9
-koen-2011: calls $3
*** FLOP *** [9s 8s 7c]
jl45259071: bets $3
-koen-2011: folds
Uncalled bet ($3) returned to jl45259071
jl45259071 collected $17.64 from pot
jl45259071: doesn't show hand
*** SUMMARY ***
Total pot $18 | Rake $0.36
Board [9s 8s 7c]
Seat 1: jl45259071 (big blind) collected ($17.64)
Seat 2: -koen-2011 (button) (small blind) folded on the Flop


PokerStars Hand #147128256135:  Hold'em Limit ($3/$6 USD) - 2016/01/16 7:24:22 ET
Table 'Lykaon II' 2-max Seat #1 is the button
Seat 1: jl45259071 ($130.51 in chips)
Seat 2: -koen-2011 ($120 in chips)
jl45259071: posts small blind $1
-koen-2011: posts big blind $3
*** HOLE CARDS ***
jl45259071: folds
Uncalled bet ($2) returned to -koen-2011
-koen-2011 collected $2 from pot
-koen-2011: doesn't show hand
*** SUMMARY ***
Total pot $2 | Rake $0
Seat 1: jl45259071 (button) (small blind) folded before Flop
Seat 2: -koen-2011 (big blind) collected ($2)


PokerStars Hand #147128253024:  Hold'em Limit ($3/$6 USD) - 2016/01/16 7:24:18 ET
Table 'Lykaon II' 2-max Seat #2 is the button
Seat 1: jl45259071 ($129.51 in chips)
Seat 2: -koen-2011 ($120 in chips)
-koen-2011: posts small blind $1
jl45259071: posts big blind $3
*** HOLE CARDS ***
-koen-2011: folds
Uncalled bet ($2) returned to jl45259071
jl45259071 collected $2 from pot
jl45259071: doesn't show hand
*** SUMMARY ***
Total pot $2 | Rake $0
Seat 1: jl45259071 (big blind) collected ($2)
Seat 2: -koen-2011 (button) (small blind) folded before Flop


PokerStars Hand #147128238634:  Hold'em Limit ($3/$6 USD) - 2016/01/16 7:23:55 ET
Table 'Lykaon II' 2-max Seat #1 is the button
Seat 1: jl45259071 ($91.01 in chips)
Seat 2: -koen-2011 ($151.67 in chips)
jl45259071: posts small blind $1
-koen-2011: posts big blind $3
*** HOLE CARDS ***
jl45259071: calls $2
-koen-2011: raises $3 to $6
jl45259071: calls $3
*** FLOP *** [2s 3h 5c]
-koen-2011: bets $3
jl45259071: calls $3
*** TURN *** [2s 3h 5c] [Kd]
-koen-2011: bets $6
jl45259071: raises $6 to $12
-koen-2011: raises $6 to $18
jl45259071: calls $6
*** RIVER *** [2s 3h 5c Kd] [Tc]
-koen-2011: bets $6
jl45259071: raises $6 to $12
-koen-2011: calls $6
*** SHOW DOWN ***
jl45259071: shows [2h 2d] (three of a kind, Deuces)
-koen-2011: mucks hand
jl45259071 collected $77.50 from pot
*** SUMMARY ***
Total pot $78 | Rake $0.50
Board [2s 3h 5c Kd Tc]
Seat 1: jl45259071 (button) (small blind) showed [2h 2d] and won ($77.50) with three of a kind, Deuces
Seat 2: -koen-2011 (big blind) mucked


PokerStars Hand #147128234821:  Hold'em Limit ($3/$6 USD) - 2016/01/16 7:23:49 ET
Table 'Lykaon II' 2-max Seat #2 is the button
Seat 1: jl45259071 ($90.01 in chips)
Seat 2: -koen-2011 ($152.67 in chips)
-koen-2011: posts small blind $1
jl45259071: posts big blind $3
*** HOLE CARDS ***
-koen-2011: folds
Uncalled bet ($2) returned to jl45259071
jl45259071 collected $2 from pot
jl45259071: doesn't show hand
*** SUMMARY ***
Total pot $2 | Rake $0
Seat 1: jl45259071 (big blind) collected ($2)
Seat 2: -koen-2011 (button) (small blind) folded before Flop


PokerStars Hand #147128229875:  Hold'em Limit ($3/$6 USD) - 2016/01/16 7:23:41 ET
Table 'Lykaon II' 2-max Seat #1 is the button
Seat 1: jl45259071 ($87.01 in chips)
Seat 2: -koen-2011 ($155.67 in chips)
jl45259071: posts small blind $1
-koen-2011: posts big blind $3
*** HOLE CARDS ***
jl45259071: raises $3 to $6
-koen-2011: folds
Uncalled bet ($3) returned to jl45259071
jl45259071 collected $6 from pot
*** SUMMARY ***
Total pot $6 | Rake $0
Seat 1: jl45259071 (button) (small blind) collected ($6)
Seat 2: -koen-2011 (big blind) folded before Flop


PokerStars Hand #147128220095:  Hold'em Limit ($3/$6 USD) - 2016/01/16 7:23:26 ET
Table 'Lykaon II' 2-max Seat #2 is the button
Seat 1: jl45259071 ($93.01 in chips)
Seat 2: -koen-2011 ($149.91 in chips)
-koen-2011: posts small blind $1
jl45259071: posts big blind $3
*** HOLE CARDS ***
-koen-2011: raises $3 to $6
jl45259071: calls $3
*** FLOP *** [Tc Jd 7h]
jl45259071: checks
-koen-2011: checks
*** TURN *** [Tc Jd 7h] [4h]
jl45259071: checks
-koen-2011: bets $6
jl45259071: folds
Uncalled bet ($6) returned to -koen-2011
-koen-2011 collected $11.76 from pot
-koen-2011: doesn't show hand
*** SUMMARY ***
Total pot $12 | Rake $0.24
Board [Tc Jd 7h 4h]
Seat 1: jl45259071 (big blind) folded on the Turn
Seat 2: -koen-2011 (button) (small blind) collected ($11.76)


PokerStars Hand #147128287774:  Hold'em Limit ($3/$6 USD) - 2016/01/16 7:25:12 ET
Table 'Lykaon II' 2-max Seat #2 is the button
Seat 1: jl45259071 ($124.39 in chips)
Seat 2: -koen-2011 ($125.64 in chips)
-koen-2011: posts small blind $1
jl45259071: posts big blind $3
*** HOLE CARDS ***
-koen-2011: raises $3 to $6
jl45259071: calls $3
*** FLOP *** [6s Kh 2c]
jl45259071: checks
-koen-2011: bets $3
jl45259071: folds
Uncalled bet ($3) returned to -koen-2011
-koen-2011 collected $11.76 from pot
-koen-2011: doesn't show hand
*** SUMMARY ***
Total pot $12 | Rake $0.24
Board [6s Kh 2c]
Seat 1: jl45259071 (big blind) folded on the Flop
Seat 2: -koen-2011 (button) (small blind) collected ($11.76)


PokerStars Hand #147128278901:  Hold'em Limit ($3/$6 USD) - 2016/01/16 7:24:58 ET
Table 'Lykaon II' 2-max Seat #1 is the button
Seat 1: jl45259071 ($127.39 in chips)
Seat 2: -koen-2011 ($122.76 in chips)
jl45259071: posts small blind $1
-koen-2011: posts big blind $3
*** HOLE CARDS ***
jl45259071: calls $2
-koen-2011: checks
*** FLOP *** [8c 6d Ts]
-koen-2011: checks
jl45259071: checks
*** TURN *** [8c 6d Ts] [4s]
-koen-2011: bets $6
jl45259071: folds
Uncalled bet ($6) returned to -koen-2011
-koen-2011 collected $5.88 from pot
-koen-2011: doesn't show hand
*** SUMMARY ***
Total pot $6 | Rake $0.12
Board [8c 6d Ts 4s]
Seat 1: jl45259071 (button) (small blind) folded on the Turn
Seat 2: -koen-2011 (big blind) collected ($5.88)


PokerStars Hand #147128275598:  Hold'em Limit ($3/$6 USD) - 2016/01/16 7:24:53 ET
Table 'Lykaon II' 2-max Seat #2 is the button
Seat 1: jl45259071 ($126.39 in chips)
Seat 2: -koen-2011 ($123.76 in chips)
-koen-2011: posts small blind $1
jl45259071: posts big blind $3
*** HOLE CARDS ***
-koen-2011: folds
Uncalled bet ($2) returned to jl45259071
jl45259071 collected $2 from pot
jl45259071: doesn't show hand
*** SUMMARY ***
Total pot $2 | Rake $0
Seat 1: jl45259071 (big blind) collected ($2)
Seat 2: -koen-2011 (button) (small blind) folded before Flop


PokerStars Hand #147128265963:  Hold'em Limit ($3/$6 USD) - 2016/01/16 7:24:38 ET
Table 'Lykaon II' 2-max Seat #1 is the button
Seat 1: jl45259071 ($123.51 in chips)
Seat 2: -koen-2011 ($126.76 in chips)
jl45259071: posts small blind $1
-koen-2011: posts big blind $3
*** HOLE CARDS ***
jl45259071: calls $2
-koen-2011: checks
*** FLOP *** [6c Ah Jc]
-koen-2011: checks
jl45259071: checks
*** TURN *** [6c Ah Jc] [6d]
-koen-2011: checks
jl45259071: checks
*** RIVER *** [6c Ah Jc 6d] [4d]
-koen-2011: checks
jl45259071: checks
*** SHOW DOWN ***
-koen-2011: shows [7c 3h] (a pair of Sixes)
jl45259071: shows [4c Ts] (two pair, Sixes and Fours)
jl45259071 collected $5.88 from pot
*** SUMMARY ***
Total pot $6 | Rake $0.12
Board [6c Ah Jc 6d 4d]
Seat 1: jl45259071 (button) (small blind) showed [4c Ts] and won ($5.88) with two pair, Sixes and Fours
Seat 2: -koen-2011 (big blind) showed [7c 3h] and lost with a pair of Sixes


PokerStars Hand #147128259314:  Hold'em Limit ($3/$6 USD) - 2016/01/16 7:24:27 ET
Table 'Lykaon II' 2-max Seat #2 is the button
Seat 1: jl45259071 ($129.51 in chips)
Seat 2: -koen-2011 ($121 in chips)
-koen-2011: posts small blind $1
jl45259071: posts big blind $3
*** HOLE CARDS ***
-koen-2011: raises $3 to $6
jl45259071: calls $3
*** FLOP *** [Jd Tc Kh]
jl45259071: checks
-koen-2011: bets $3
jl45259071: folds
Uncalled bet ($3) returned to -koen-2011
-koen-2011 collected $11.76 from pot
-koen-2011: doesn't show hand
*** SUMMARY ***
Total pot $12 | Rake $0.24
Board [Jd Tc Kh]
Seat 1: jl45259071 (big blind) folded on the Flop
Seat 2: -koen-2011 (button) (small blind) collected ($11.76)


PokerStars Hand #147128327618:  Hold'em Limit ($3/$6 USD) - 2016/01/16 7:26:14 ET
Table 'Lykaon II' 2-max Seat #2 is the button
Seat 1: jl45259071 ($126.67 in chips)
Seat 2: -koen-2011 ($122.04 in chips)
-koen-2011: posts small blind $1
jl45259071: posts big blind $3
*** HOLE CARDS ***
-koen-2011: raises $3 to $6
jl45259071: calls $3
*** FLOP *** [9c Jc 2c]
jl45259071: checks
-koen-2011: bets $3
jl45259071: calls $3
*** TURN *** [9c Jc 2c] [Qc]
jl45259071: checks
-koen-2011: checks
*** RIVER *** [9c Jc 2c Qc] [5d]
jl45259071: checks
-koen-2011: bets $6
jl45259071: calls $6
*** SHOW DOWN ***
-koen-2011: shows [Qd Kc] (a flush, King high)
jl45259071: mucks hand
-koen-2011 collected $29.50 from pot
*** SUMMARY ***
Total pot $30 | Rake $0.50
Board [9c Jc 2c Qc 5d]
Seat 1: jl45259071 (big blind) mucked
Seat 2: -koen-2011 (button) (small blind) showed [Qd Kc] and won ($29.50) with a flush, King high


PokerStars Hand #147128314018:  Hold'em Limit ($3/$6 USD) - 2016/01/16 7:25:53 ET
Table 'Lykaon II' 2-max Seat #1 is the button
Seat 1: jl45259071 ($118.03 in chips)
Seat 2: -koen-2011 ($131.04 in chips)
jl45259071: posts small blind $1
-koen-2011: posts big blind $3
*** HOLE CARDS ***
jl45259071: raises $3 to $6
-koen-2011: calls $3
*** FLOP *** [Ah 3c 9h]
-koen-2011: checks
jl45259071: bets $3
-koen-2011: calls $3
*** TURN *** [Ah 3c 9h] [4s]
-koen-2011: checks
jl45259071: bets $6
-koen-2011: folds
Uncalled bet ($6) returned to jl45259071
jl45259071 collected $17.64 from pot
jl45259071: doesn't show hand
*** SUMMARY ***
Total pot $18 | Rake $0.36
Board [Ah 3c 9h 4s]
Seat 1: jl45259071 (button) (small blind) collected ($17.64)
Seat 2: -koen-2011 (big blind) folded on the Turn


PokerStars Hand #147128305414:  Hold'em Limit ($3/$6 USD) - 2016/01/16 7:25:40 ET
Table 'Lykaon II' 2-max Seat #2 is the button
Seat 1: jl45259071 ($109.39 in chips)
Seat 2: -koen-2011 ($140.04 in chips)
-koen-2011: posts small blind $1
jl45259071: posts big blind $3
*** HOLE CARDS ***
-koen-2011: raises $3 to $6
jl45259071: raises $3 to $9
-koen-2011: calls $3
*** FLOP *** [Jc Qd Jd]
jl45259071: bets $3
-koen-2011: folds
Uncalled bet ($3) returned to jl45259071
jl45259071 collected $17.64 from pot
jl45259071: doesn't show hand
*** SUMMARY ***
Total pot $18 | Rake $0.36
Board [Jc Qd Jd]
Seat 1: jl45259071 (big blind) collected ($17.64)
Seat 2: -koen-2011 (button) (small blind) folded on the Flop


PokerStars Hand #147128293990:  Hold'em Limit ($3/$6 USD) - 2016/01/16 7:25:22 ET
Table 'Lykaon II' 2-max Seat #1 is the button
Seat 1: jl45259071 ($118.39 in chips)
Seat 2: -koen-2011 ($131.40 in chips)
jl45259071: posts small blind $1
-koen-2011: posts big blind $3
*** HOLE CARDS ***
jl45259071: calls $2
-koen-2011: checks
*** FLOP *** [7d Kd Jd]
-koen-2011: checks
jl45259071: checks
*** TURN *** [7d Kd Jd] [8d]
-koen-2011: checks
jl45259071: checks
*** RIVER *** [7d Kd Jd 8d] [6h]
-koen-2011: bets $6
jl45259071: calls $6
*** SHOW DOWN ***
-koen-2011: shows [Ah 6d] (a flush, King high)
jl45259071: mucks hand
-koen-2011 collected $17.64 from pot
*** SUMMARY ***
Total pot $18 | Rake $0.36
Board [7d Kd Jd 8d 6h]
Seat 1: jl45259071 (button) (small blind) mucked
Seat 2: -koen-2011 (big blind) showed [Ah 6d] and won ($17.64) with a flush, King high


PokerStars Hand #147128352823:  Hold'em Limit ($3/$6 USD) - 2016/01/16 7:26:54 ET
Table 'Lykaon II' 2-max Seat #1 is the button
Seat 1: jl45259071 ($109.67 in chips)
Seat 2: -koen-2011 ($138.42 in chips)
jl45259071: posts small blind $1
-koen-2011: posts big blind $3
*** HOLE CARDS ***
jl45259071: raises $3 to $6
-koen-2011: folds
Uncalled bet ($3) returned to jl45259071
jl45259071 collected $6 from pot
jl45259071: doesn't show hand
*** SUMMARY ***
Total pot $6 | Rake $0
Seat 1: jl45259071 (button) (small blind) collected ($6)
Seat 2: -koen-2011 (big blind) folded before Flop


PokerStars Hand #147128348738:  Hold'em Limit ($3/$6 USD) - 2016/01/16 7:26:47 ET
Table 'Lykaon II' 2-max Seat #2 is the button
Seat 1: jl45259071 ($108.67 in chips)
Seat 2: -koen-2011 ($139.42 in chips)
-koen-2011: posts small blind $1
jl45259071: posts big blind $3
*** HOLE CARDS ***
-koen-2011: folds
Uncalled bet ($2) returned to jl45259071
jl45259071 collected $2 from pot
jl45259071: doesn't show hand
*** SUMMARY ***
Total pot $2 | Rake $0
Seat 1: jl45259071 (big blind) collected ($2)
Seat 2: -koen-2011 (button) (small blind) folded before Flop


PokerStars Hand #147128338308:  Hold'em Limit ($3/$6 USD) - 2016/01/16 7:26:31 ET
Table 'Lykaon II' 2-max Seat #1 is the button
Seat 1: jl45259071 ($111.67 in chips)
Seat 2: -koen-2011 ($136.54 in chips)
jl45259071: posts small blind $1
-koen-2011: posts big blind $3
*** HOLE CARDS ***
jl45259071: calls $2
-koen-2011: checks
*** FLOP *** [5c 6d 3h]
-koen-2011: checks
jl45259071: checks
*** TURN *** [5c 6d 3h] [Ah]
-koen-2011: checks
jl45259071: checks
*** RIVER *** [5c 6d 3h Ah] [As]
-koen-2011: checks
jl45259071: checks
*** SHOW DOWN ***
-koen-2011: shows [4s Kh] (a pair of Aces)
jl45259071: mucks hand
-koen-2011 collected $5.88 from pot
*** SUMMARY ***
Total pot $6 | Rake $0.12
Board [5c 6d 3h Ah As]
Seat 1: jl45259071 (button) (small blind) mucked
Seat 2: -koen-2011 (big blind) showed [4s Kh] and won ($5.88) with a pair of Aces


PokerStars Hand #147128386645:  Hold'em Limit ($3/$6 USD) - 2016/01/16 7:27:47 ET
Table 'Lykaon II' 2-max Seat #2 is the button
Seat 1: jl45259071 ($127.17 in chips)
Seat 2: -koen-2011 ($140.50 in chips)
-koen-2011: posts small blind $1
jl45259071: posts big blind $3
*** HOLE CARDS ***
-koen-2011: raises $3 to $6
jl45259071: raises $3 to $9
-koen-2011: calls $3
*** FLOP *** [5s 8h 2s]
jl45259071: bets $3
-koen-2011: calls $3
*** TURN *** [5s 8h 2s] [Jd]
jl45259071: bets $6
-koen-2011: raises $6 to $12
jl45259071: calls $6
*** RIVER *** [5s 8h 2s Jd] [6h]
jl45259071: checks
-koen-2011: bets $6
jl45259071: calls $6
*** SHOW DOWN ***
-koen-2011: shows [Jh Tc] (a pair of Jacks)
jl45259071: mucks hand
-koen-2011 collected $59.50 from pot
*** SUMMARY ***
Total pot $60 | Rake $0.50
Board [5s 8h 2s Jd 6h]
Seat 1: jl45259071 (big blind) mucked
Seat 2: -koen-2011 (button) (small blind) showed [Jh Tc] and won ($59.50) with a pair of Jacks


PokerStars Hand #147128375048:  Hold'em Limit ($3/$6 USD) - 2016/01/16 7:27:29 ET
Table 'Lykaon II' 2-max Seat #1 is the button
Seat 1: jl45259071 ($148.17 in chips)
Seat 2: -koen-2011 ($120 in chips)
jl45259071: posts small blind $1
-koen-2011: posts big blind $3
*** HOLE CARDS ***
jl45259071: calls $2
-koen-2011: raises $3 to $6
jl45259071: calls $3
*** FLOP *** [3h Js 5c]
-koen-2011: bets $3
jl45259071: calls $3
*** TURN *** [3h Js 5c] [3c]
-koen-2011: bets $6
jl45259071: raises $6 to $12
-koen-2011: calls $6
*** RIVER *** [3h Js 5c 3c] [6h]
-koen-2011: checks
jl45259071: checks
*** SHOW DOWN ***
-koen-2011: shows [Kh Qs] (a pair of Threes)
jl45259071: mucks hand
-koen-2011 collected $41.50 from pot
*** SUMMARY ***
Total pot $42 | Rake $0.50
Board [3h Js 5c 3c 6h]
Seat 1: jl45259071 (button) (small blind) mucked
Seat 2: -koen-2011 (big blind) showed [Kh Qs] and won ($41.50) with a pair of Threes


PokerStars Hand #147128357625:  Hold'em Limit ($3/$6 USD) - 2016/01/16 7:27:01 ET
Table 'Lykaon II' 2-max Seat #2 is the button
Seat 1: jl45259071 ($112.67 in chips)
Seat 2: -koen-2011 ($135.42 in chips)
-koen-2011: posts small blind $1
jl45259071: posts big blind $3
*** HOLE CARDS ***
-koen-2011: raises $3 to $6
jl45259071: raises $3 to $9
-koen-2011: calls $3
*** FLOP *** [Td Kh Kc]
jl45259071: bets $3
-koen-2011: calls $3
*** TURN *** [Td Kh Kc] [8h]
jl45259071: checks
-koen-2011: bets $6
jl45259071: raises $6 to $12
-koen-2011: calls $6
*** RIVER *** [Td Kh Kc 8h] [3s]
jl45259071: bets $6
-koen-2011: raises $6 to $12
jl45259071: calls $6
*** SHOW DOWN ***
-koen-2011: shows [Js Ks] (three of a kind, Kings)
jl45259071: shows [As Kd] (three of a kind, Kings - Ace kicker)
jl45259071 collected $71.50 from pot
*** SUMMARY ***
Total pot $72 | Rake $0.50
Board [Td Kh Kc 8h 3s]
Seat 1: jl45259071 (big blind) showed [As Kd] and won ($71.50) with three of a kind, Kings
Seat 2: -koen-2011 (button) (small blind) showed [Js Ks] and lost with three of a kind, Kings


PokerStars Hand #147128433338:  Hold'em Limit ($3/$6 USD) - 2016/01/16 7:29:00 ET
Table 'Lykaon II' 2-max Seat #2 is the button
Seat 1: jl45259071 ($74.17 in chips)
Seat 2: -koen-2011 ($192.14 in chips)
-koen-2011: posts small blind $1
jl45259071: posts big blind $3
*** HOLE CARDS ***
-koen-2011: raises $3 to $6
jl45259071: calls $3
*** FLOP *** [5c Tc 9d]
jl45259071: checks
-koen-2011: bets $3
jl45259071: folds
Uncalled bet ($3) returned to -koen-2011
-koen-2011 collected $11.76 from pot
-koen-2011: doesn't show hand
*** SUMMARY ***
Total pot $12 | Rake $0.24
Board [5c Tc 9d]
Seat 1: jl45259071 (big blind) folded on the Flop
Seat 2: -koen-2011 (button) (small blind) collected ($11.76)


PokerStars Hand #147128421472:  Hold'em Limit ($3/$6 USD) - 2016/01/16 7:28:41 ET
Table 'Lykaon II' 2-max Seat #1 is the button
Seat 1: jl45259071 ($83.17 in chips)
Seat 2: -koen-2011 ($183.50 in chips)
jl45259071: posts small blind $1
-koen-2011: posts big blind $3
*** HOLE CARDS ***
jl45259071: calls $2
-koen-2011: checks
*** FLOP *** [Ah Tc 2s]
-koen-2011: checks
jl45259071: checks
*** TURN *** [Ah Tc 2s] [Td]
-koen-2011: bets $6
jl45259071: calls $6
*** RIVER *** [Ah Tc 2s Td] [9h]
-koen-2011: bets $6
jl45259071: folds
Uncalled bet ($6) returned to -koen-2011
-koen-2011 collected $17.64 from pot
-koen-2011: doesn't show hand
*** SUMMARY ***
Total pot $18 | Rake $0.36
Board [Ah Tc 2s Td 9h]
Seat 1: jl45259071 (button) (small blind) folded on the River
Seat 2: -koen-2011 (big blind) collected ($17.64)


PokerStars Hand #147128418116:  Hold'em Limit ($3/$6 USD) - 2016/01/16 7:28:36 ET
Table 'Lykaon II' 2-max Seat #2 is the button
Seat 1: jl45259071 ($82.17 in chips)
Seat 2: -koen-2011 ($184.50 in chips)
-koen-2011: posts small blind $1
jl45259071: posts big blind $3
*** HOLE CARDS ***
-koen-2011: folds
Uncalled bet ($2) returned to jl45259071
jl45259071 collected $2 from pot
jl45259071: doesn't show hand
*** SUMMARY ***
Total pot $2 | Rake $0
Seat 1: jl45259071 (big blind) collected ($2)
Seat 2: -koen-2011 (button) (small blind) folded before Flop


PokerStars Hand #147128401465:  Hold'em Limit ($3/$6 USD) - 2016/01/16 7:28:10 ET
Table 'Lykaon II' 2-max Seat #1 is the button
Seat 1: jl45259071 ($97.17 in chips)
Seat 2: -koen-2011 ($170 in chips)
jl45259071: posts small blind $1
-koen-2011: posts big blind $3
*** HOLE CARDS ***
jl45259071: calls $2
-koen-2011: raises $3 to $6
jl45259071: calls $3
*** FLOP *** [3s Ah Jd]
-koen-2011: bets $3
jl45259071: calls $3
*** TURN *** [3s Ah Jd] [4s]
-koen-2011: checks
jl45259071: checks
*** RIVER *** [3s Ah Jd 4s] [4c]
-koen-2011: bets $6
jl45259071: calls $6
*** SHOW DOWN ***
-koen-2011: shows [Qs As] (two pair, Aces and Fours)
jl45259071: mucks hand
-koen-2011 collected $29.50 from pot
*** SUMMARY ***
Total pot $30 | Rake $0.50
Board [3s Ah Jd 4s 4c]
Seat 1: jl45259071 (button) (small blind) mucked
Seat 2: -koen-2011 (big blind) showed [Qs As] and won ($29.50) with two pair, Aces and Fours


PokerStars Hand #147128440590:  Hold'em Limit ($3/$6 USD) - 2016/01/16 7:29:11 ET
Table 'Lykaon II' 2-max Seat #1 is the button
Seat 1: jl45259071 ($68.17 in chips)
Seat 2: -koen-2011 ($197.90 in chips)
jl45259071: posts small blind $1
-koen-2011: posts big blind $3
*** HOLE CARDS ***
jl45259071: folds
Uncalled bet ($2) returned to -koen-2011
-koen-2011 collected $2 from pot
-koen-2011: doesn't show hand
*** SUMMARY ***
Total pot $2 | Rake $0
Seat 1: jl45259071 (button) (small blind) folded before Flop
Seat 2: -koen-2011 (big blind) collected ($2)


PokerStars Hand #147128443945:  Hold'em Limit ($3/$6 USD) - 2016/01/16 7:29:16 ET
Table 'Lykaon II' 2-max Seat #2 is the button
Seat 1: jl45259071 ($67.17 in chips)
Seat 2: -koen-2011 ($198.90 in chips)
-koen-2011: posts small blind $1
jl45259071: posts big blind $3
*** HOLE CARDS ***
-koen-2011: raises $3 to $6
jl45259071: calls $3
*** FLOP *** [6h 4h 7h]
jl45259071: checks
-koen-2011: bets $3
jl45259071: raises $3 to $6
-koen-2011: calls $3
*** TURN *** [6h 4h 7h] [6s]
jl45259071: bets $6
-koen-2011: raises $6 to $12
jl45259071: raises $6 to $18
-koen-2011: raises $6 to $24
Betting is capped
jl45259071: calls $6
*** RIVER *** [6h 4h 7h 6s] [Jd]
jl45259071: bets $6
-koen-2011: raises $6 to $12
jl45259071: calls $6
*** SHOW DOWN ***
-koen-2011: shows [6c 4c] (a full house, Sixes full of Fours)
jl45259071: mucks hand
-koen-2011 collected $95.50 from pot
*** SUMMARY ***
Total pot $96 | Rake $0.50
Board [6h 4h 7h 6s Jd]
Seat 1: jl45259071 (big blind) mucked
Seat 2: -koen-2011 (button) (small blind) showed [6c 4c] and won ($95.50) with a full house, Sixes full of Fours


PokerStars Hand #147128461052:  Hold'em Limit ($3/$6 USD) - 2016/01/16 7:29:42 ET
Table 'Lykaon II' 2-max Seat #1 is the button
Seat 1: jl45259071 ($19.17 in chips)
Seat 2: -koen-2011 ($246.40 in chips)
jl45259071: posts small blind $1
-koen-2011: posts big blind $3
*** HOLE CARDS ***
jl45259071: raises $3 to $6
-koen-2011: calls $3
*** FLOP *** [Jc Jh Qd]
-koen-2011: checks
jl45259071: bets $3
-koen-2011: calls $3
*** TURN *** [Jc Jh Qd] [5d]
-koen-2011: checks
jl45259071: checks
*** RIVER *** [Jc Jh Qd 5d] [2s]
-koen-2011: bets $6
jl45259071: folds
Uncalled bet ($6) returned to -koen-2011
-koen-2011 collected $17.64 from pot
-koen-2011: doesn't show hand
*** SUMMARY ***
Total pot $18 | Rake $0.36
Board [Jc Jh Qd 5d 2s]
Seat 1: jl45259071 (button) (small blind) folded on the River
Seat 2: -koen-2011 (big blind) collected ($17.64)


PokerStars Hand #147128475712:  Hold'em Limit ($3/$6 USD) - 2016/01/16 7:30:05 ET
Table 'Lykaon II' 2-max Seat #2 is the button
Seat 1: jl45259071 ($10.17 in chips)
Seat 2: -koen-2011 ($255.04 in chips)
-koen-2011: posts small blind $1
jl45259071: posts big blind $3
*** HOLE CARDS ***
-koen-2011: raises $3 to $6
jl45259071: raises $3 to $9
-koen-2011: raises $3 to $12
Betting is capped
jl45259071: calls $1.17 and is all-in
Uncalled bet ($1.83) returned to -koen-2011
*** FLOP *** [3s 4c 3c]
*** TURN *** [3s 4c 3c] [2c]
*** RIVER *** [3s 4c 3c 2c] [7c]
*** SHOW DOWN ***
jl45259071: shows [9s Ah] (a pair of Threes)
-koen-2011: shows [Tc Jh] (a flush, Ten high)
-koen-2011 collected $19.93 from pot
*** SUMMARY ***
Total pot $20.34 | Rake $0.41
Board [3s 4c 3c 2c 7c]
Seat 1: jl45259071 (big blind) showed [9s Ah] and lost with a pair of Threes
Seat 2: -koen-2011 (button) (small blind) showed [Tc Jh] and won ($19.93) with a flush, Ten high


