PokerStars Hand #155872802464:  Hold'em Limit ($3/$6 USD) - 2016/07/12 8:15:17 ET
Table 'Lykaon II' 6-max Seat #3 is the button
Seat 3: partyalex92 ($45 in chips)
Seat 4: Agrotait ($72 in chips)
partyalex92: posts small blind $1
Agrotait: posts big blind $3
*** HOLE CARDS ***
partyalex92: raises $3 to $6
Agrotait: calls $3
*** FLOP *** [9c 2d 2c]
Agrotait: checks
partyalex92: bets $3
Agrotait: raises $3 to $6
partyalex92: calls $3
*** TURN *** [9c 2d 2c] [8d]
Agrotait: bets $6
partyalex92: calls $6
*** RIVER *** [9c 2d 2c 8d] [4s]
Agrotait: bets $6
partyalex92: calls $6
*** SHOW DOWN ***
Agrotait: shows [2h Ac] (three of a kind, Deuces)
B_loJkl joins the table at seat #5
partyalex92: mucks hand
Agrotait collected $47.50 from pot
*** SUMMARY ***
Total pot $48 | Rake $0.50
Board [9c 2d 2c 8d 4s]
Seat 3: partyalex92 (button) (small blind) mucked
Seat 4: Agrotait (big blind) showed [2h Ac] and won ($47.50) with three of a kind, Deuces


PokerStars Hand #155879120228:  Hold'em Limit ($3/$6 USD) - 2016/07/12 11:36:31 ET
Table 'Lykaon II' 6-max Seat #3 is the button
Seat 3: B_loJkl ($117 in chips)
Seat 4: chrismat ($100.24 in chips)
B_loJkl: posts small blind $1
chrismat: posts big blind $3
*** HOLE CARDS ***
B_loJkl: raises $3 to $6
Macan leaves the table
chrismat: folds
Uncalled bet ($3) returned to B_loJkl
B_loJkl collected $6 from pot
B_loJkl: doesn't show hand
*** SUMMARY ***
Total pot $6 | Rake $0
Seat 3: B_loJkl (button) (small blind) collected ($6)
Seat 4: chrismat (big blind) folded before Flop


PokerStars Hand #155879116522:  Hold'em Limit ($3/$6 USD) - 2016/07/12 11:36:25 ET
Table 'Lykaon II' 6-max Seat #4 is the button
Seat 3: B_loJkl ($116 in chips)
Seat 4: chrismat ($101.24 in chips)
chrismat: posts small blind $1
B_loJkl: posts big blind $3
*** HOLE CARDS ***
chrismat: folds
Uncalled bet ($2) returned to B_loJkl
B_loJkl collected $2 from pot
B_loJkl: doesn't show hand
*** SUMMARY ***
Total pot $2 | Rake $0
Seat 3: B_loJkl (big blind) collected ($2)
Seat 4: chrismat (button) (small blind) folded before Flop


PokerStars Hand #155879159034:  Hold'em Limit ($3/$6 USD) - 2016/07/12 11:37:36 ET
Table 'Lykaon II' 6-max Seat #3 is the button
Seat 3: B_loJkl ($138.50 in chips)
Seat 4: chrismat ($78.24 in chips)
B_loJkl: posts small blind $1
chrismat: posts big blind $3
*** HOLE CARDS ***
B_loJkl: raises $3 to $6
chrismat: folds
Uncalled bet ($3) returned to B_loJkl
B_loJkl collected $6 from pot
B_loJkl: doesn't show hand
*** SUMMARY ***
Total pot $6 | Rake $0
Seat 3: B_loJkl (button) (small blind) collected ($6)
Seat 4: chrismat (big blind) folded before Flop


PokerStars Hand #155879125751:  Hold'em Limit ($3/$6 USD) - 2016/07/12 11:36:40 ET
Table 'Lykaon II' 6-max Seat #4 is the button
Seat 3: B_loJkl ($120 in chips)
Seat 4: chrismat ($97.24 in chips)
chrismat: posts small blind $1
B_loJkl: posts big blind $3
*** HOLE CARDS ***
chrismat: raises $3 to $6
B_loJkl: calls $3
*** FLOP *** [Jc 5c 5d]
B_loJkl: checks
chrismat: bets $3
B_loJkl: calls $3
*** TURN *** [Jc 5c 5d] [2h]
B_loJkl: checks
chrismat: bets $6
B_loJkl: calls $6
*** RIVER *** [Jc 5c 5d 2h] [3h]
B_loJkl: checks
chrismat: checks
*** SHOW DOWN ***
B_loJkl: shows [3c Kd] (two pair, Fives and Threes)
chrismat: mucks hand
B_loJkl collected $29.50 from pot
*** SUMMARY ***
Total pot $30 | Rake $0.50
Board [Jc 5c 5d 2h 3h]
Seat 3: B_loJkl (big blind) showed [3c Kd] and won ($29.50) with two pair, Fives and Threes
Seat 4: chrismat (button) (small blind) mucked


PokerStars Hand #155879150275:  Hold'em Limit ($3/$6 USD) - 2016/07/12 11:37:21 ET
Table 'Lykaon II' 6-max Seat #3 is the button
Seat 3: B_loJkl ($134.50 in chips)
Seat 4: chrismat ($82.24 in chips)
B_loJkl: posts small blind $1
chrismat: posts big blind $3
*** HOLE CARDS ***
B_loJkl: raises $3 to $6
chrismat: folds
Uncalled bet ($3) returned to B_loJkl
B_loJkl collected $6 from pot
B_loJkl: doesn't show hand
*** SUMMARY ***
Total pot $6 | Rake $0
Seat 3: B_loJkl (button) (small blind) collected ($6)
Seat 4: chrismat (big blind) folded before Flop


PokerStars Hand #155879155451:  Hold'em Limit ($3/$6 USD) - 2016/07/12 11:37:29 ET
Table 'Lykaon II' 6-max Seat #4 is the button
Seat 3: B_loJkl ($137.50 in chips)
Seat 4: chrismat ($79.24 in chips)
chrismat: posts small blind $1
B_loJkl: posts big blind $3
*** HOLE CARDS ***
chrismat: folds
Uncalled bet ($2) returned to B_loJkl
B_loJkl collected $2 from pot
B_loJkl: doesn't show hand
*** SUMMARY ***
Total pot $2 | Rake $0
Seat 3: B_loJkl (big blind) collected ($2)
Seat 4: chrismat (button) (small blind) folded before Flop


PokerStars Hand #155879184042:  Hold'em Limit ($3/$6 USD) - 2016/07/12 11:38:18 ET
Table 'Lykaon II' 6-max Seat #4 is the button
Seat 3: B_loJkl ($150.26 in chips)
Seat 4: chrismat ($66.24 in chips)
chrismat: posts small blind $1
B_loJkl: posts big blind $3
*** HOLE CARDS ***
chrismat: raises $3 to $6
B_loJkl: calls $3
*** FLOP *** [3s Kh Td]
B_loJkl: checks
chrismat: bets $3
B_loJkl: folds
Uncalled bet ($3) returned to chrismat
chrismat collected $11.76 from pot
*** SUMMARY ***
Total pot $12 | Rake $0.24
Board [3s Kh Td]
Seat 3: B_loJkl (big blind) folded on the Flop
Seat 4: chrismat (button) (small blind) collected ($11.76)


PokerStars Hand #155879179638:  Hold'em Limit ($3/$6 USD) - 2016/07/12 11:38:10 ET
Table 'Lykaon II' 6-max Seat #3 is the button
Seat 3: B_loJkl ($147.26 in chips)
Seat 4: chrismat ($69.24 in chips)
B_loJkl: posts small blind $1
chrismat: posts big blind $3
*** HOLE CARDS ***
B_loJkl: raises $3 to $6
chrismat: folds
Uncalled bet ($3) returned to B_loJkl
B_loJkl collected $6 from pot
B_loJkl: doesn't show hand
*** SUMMARY ***
Total pot $6 | Rake $0
Seat 3: B_loJkl (button) (small blind) collected ($6)
Seat 4: chrismat (big blind) folded before Flop


PokerStars Hand #155879165109:  Hold'em Limit ($3/$6 USD) - 2016/07/12 11:37:46 ET
Table 'Lykaon II' 6-max Seat #4 is the button
Seat 3: B_loJkl ($141.50 in chips)
Seat 4: chrismat ($75.24 in chips)
chrismat: posts small blind $1
B_loJkl: posts big blind $3
*** HOLE CARDS ***
chrismat: raises $3 to $6
B_loJkl: calls $3
*** FLOP *** [6s 2s 3s]
HARTMAM123 leaves the table
B_loJkl: checks
chrismat: checks
*** TURN *** [6s 2s 3s] [4c]
B_loJkl: bets $6
chrismat: folds
Uncalled bet ($6) returned to B_loJkl
B_loJkl collected $11.76 from pot
B_loJkl: doesn't show hand
*** SUMMARY ***
Total pot $12 | Rake $0.24
Board [6s 2s 3s 4c]
Seat 3: B_loJkl (big blind) collected ($11.76)
Seat 4: chrismat (button) (small blind) folded on the Turn


PokerStars Hand #155879200953:  Hold'em Limit ($3/$6 USD) - 2016/07/12 11:38:46 ET
Table 'Lykaon II' 6-max Seat #3 is the button
Seat 3: B_loJkl ($144.26 in chips)
Seat 4: chrismat ($72 in chips)
B_loJkl: posts small blind $1
chrismat: posts big blind $3
*** HOLE CARDS ***
B_loJkl: raises $3 to $6
chrismat: calls $3
*** FLOP *** [5c 9s 7h]
chrismat: checks
B_loJkl: bets $3
chrismat: calls $3
*** TURN *** [5c 9s 7h] [9h]
chrismat: checks
B_loJkl: checks
*** RIVER *** [5c 9s 7h 9h] [Ac]
chrismat: checks
B_loJkl: bets $6
chrismat: folds
Uncalled bet ($6) returned to B_loJkl
B_loJkl collected $17.64 from pot
B_loJkl: doesn't show hand
*** SUMMARY ***
Total pot $18 | Rake $0.36
Board [5c 9s 7h 9h Ac]
Seat 3: B_loJkl (button) (small blind) collected ($17.64)
Seat 4: chrismat (big blind) folded on the River


PokerStars Hand #155879226050:  Hold'em Limit ($3/$6 USD) - 2016/07/12 11:39:28 ET
Table 'Lykaon II' 6-max Seat #4 is the button
Seat 3: B_loJkl ($152.90 in chips)
Seat 4: chrismat ($63 in chips)
chrismat: posts small blind $1
B_loJkl: posts big blind $3
*** HOLE CARDS ***
chrismat: raises $3 to $6
B_loJkl: calls $3
*** FLOP *** [4c Ts Qc]
B_loJkl: checks
chrismat: bets $3
B_loJkl: calls $3
*** TURN *** [4c Ts Qc] [7h]
B_loJkl: checks
chrismat: checks
*** RIVER *** [4c Ts Qc 7h] [Ac]
B_loJkl: checks
chrismat: bets $6
B_loJkl: calls $6
*** SHOW DOWN ***
chrismat: shows [As 9c] (a pair of Aces)
B_loJkl: mucks hand
chrismat collected $29.50 from pot
*** SUMMARY ***
Total pot $30 | Rake $0.50
Board [4c Ts Qc 7h Ac]
Seat 3: B_loJkl (big blind) mucked
Seat 4: chrismat (button) (small blind) showed [As 9c] and won ($29.50) with a pair of Aces


PokerStars Hand #155879296268:  Hold'em Limit ($3/$6 USD) - 2016/07/12 11:41:12 ET
Table 'Lykaon II' 6-max Seat #4 is the button
Seat 3: B_loJkl ($152.40 in chips)
Seat 4: chrismat ($62.50 in chips)
chrismat: posts small blind $1
B_loJkl: posts big blind $3
*** HOLE CARDS ***
chrismat: folds
Uncalled bet ($2) returned to B_loJkl
B_loJkl collected $2 from pot
B_loJkl: doesn't show hand
*** SUMMARY ***
Total pot $2 | Rake $0
Seat 3: B_loJkl (big blind) collected ($2)
Seat 4: chrismat (button) (small blind) folded before Flop


PokerStars Hand #155879299459:  Hold'em Limit ($3/$6 USD) - 2016/07/12 11:41:17 ET
Table 'Lykaon II' 6-max Seat #3 is the button
Seat 3: B_loJkl ($153.40 in chips)
Seat 4: chrismat ($61.50 in chips)
B_loJkl: posts small blind $1
chrismat: posts big blind $3
*** HOLE CARDS ***
B_loJkl: raises $3 to $6
Macan joins the table at seat #5
chrismat: calls $3
*** FLOP *** [9h 3h 5h]
chrismat: checks
B_loJkl: bets $3
chrismat: raises $3 to $6
B_loJkl: calls $3
*** TURN *** [9h 3h 5h] [8h]
chrismat: checks
B_loJkl: bets $6
chrismat: folds
Uncalled bet ($6) returned to B_loJkl
B_loJkl collected $23.52 from pot
B_loJkl: doesn't show hand
*** SUMMARY ***
Total pot $24 | Rake $0.48
Board [9h 3h 5h 8h]
Seat 3: B_loJkl (button) (small blind) collected ($23.52)
Seat 4: chrismat (big blind) folded on the Turn


PokerStars Hand #155879264068:  Hold'em Limit ($3/$6 USD) - 2016/07/12 11:40:18 ET
Table 'Lykaon II' 6-max Seat #3 is the button
Seat 3: B_loJkl ($137.90 in chips)
Seat 4: chrismat ($77.50 in chips)
B_loJkl: posts small blind $1
chrismat: posts big blind $3
*** HOLE CARDS ***
B_loJkl: raises $3 to $6
chrismat: raises $3 to $9
B_loJkl: calls $3
*** FLOP *** [3d 8s 5h]
chrismat: bets $3
B_loJkl: raises $3 to $6
chrismat: calls $3
*** TURN *** [3d 8s 5h] [4s]
chrismat: checks
B_loJkl: checks
*** RIVER *** [3d 8s 5h 4s] [6h]
chrismat: checks
B_loJkl: bets $6
chrismat: folds
Uncalled bet ($6) returned to B_loJkl
B_loJkl collected $29.50 from pot
B_loJkl: doesn't show hand
*** SUMMARY ***
Total pot $30 | Rake $0.50
Board [3d 8s 5h 4s 6h]
Seat 3: B_loJkl (button) (small blind) collected ($29.50)
Seat 4: chrismat (big blind) folded on the River


PokerStars Hand #155879324412:  Hold'em Limit ($3/$6 USD) - 2016/07/12 11:41:58 ET
Table 'Lykaon II' 6-max Seat #4 is the button
Seat 4: chrismat ($49.50 in chips)
Seat 5: Macan ($30 in chips)
chrismat: posts small blind $1
Macan: posts big blind $3
*** HOLE CARDS ***
chrismat: folds
Uncalled bet ($2) returned to Macan
Macan collected $2 from pot
Macan: doesn't show hand
*** SUMMARY ***
Total pot $2 | Rake $0
Seat 4: chrismat (button) (small blind) folded before Flop
Seat 5: Macan (big blind) collected ($2)


PokerStars Hand #155879320891:  Hold'em Limit ($3/$6 USD) - 2016/07/12 11:41:52 ET
Table 'Lykaon II' 6-max Seat #5 is the button
Seat 4: chrismat ($48.50 in chips)
Seat 5: Macan ($31 in chips)
Macan: posts small blind $1
chrismat: posts big blind $3
*** HOLE CARDS ***
Macan: folds
Uncalled bet ($2) returned to chrismat
B_loJkl joins the table at seat #6
chrismat collected $2 from pot
*** SUMMARY ***
Total pot $2 | Rake $0
Seat 4: chrismat (big blind) collected ($2)
Seat 5: Macan (button) (small blind) folded before Flop


PokerStars Hand #155879437791:  Hold'em Limit ($3/$6 USD) - 2016/07/12 11:45:06 ET
Table 'Lykaon II' 6-max Seat #4 is the button
Seat 4: chrismat ($87.22 in chips)
Seat 6: B_loJkl ($138.70 in chips)
chrismat: posts small blind $1
B_loJkl: posts big blind $3
*** HOLE CARDS ***
chrismat: folds
Uncalled bet ($2) returned to B_loJkl
B_loJkl collected $2 from pot
B_loJkl: doesn't show hand
*** SUMMARY ***
Total pot $2 | Rake $0
Seat 4: chrismat (button) (small blind) folded before Flop
Seat 6: B_loJkl (big blind) collected ($2)


PokerStars Hand #155879467610:  Hold'em Limit ($3/$6 USD) - 2016/07/12 11:45:56 ET
Table 'Lykaon II' 6-max Seat #4 is the button
Seat 4: chrismat ($100.72 in chips)
Seat 6: B_loJkl ($124.70 in chips)
chrismat: posts small blind $1
B_loJkl: posts big blind $3
*** HOLE CARDS ***
chrismat: folds
Uncalled bet ($2) returned to B_loJkl
B_loJkl collected $2 from pot
B_loJkl: doesn't show hand
*** SUMMARY ***
Total pot $2 | Rake $0
Seat 4: chrismat (button) (small blind) folded before Flop
Seat 6: B_loJkl (big blind) collected ($2)


PokerStars Hand #155879441479:  Hold'em Limit ($3/$6 USD) - 2016/07/12 11:45:13 ET
Table 'Lykaon II' 6-max Seat #6 is the button
Seat 4: chrismat ($86.22 in chips)
Seat 6: B_loJkl ($139.70 in chips)
B_loJkl: posts small blind $1
chrismat: posts big blind $3
*** HOLE CARDS ***
Macan leaves the table
B_loJkl: raises $3 to $6
chrismat: raises $3 to $9
B_loJkl: calls $3
*** FLOP *** [9h 6h Kc]
chrismat: checks
B_loJkl: checks
*** TURN *** [9h 6h Kc] [3h]
chrismat: bets $6
B_loJkl: calls $6
*** RIVER *** [9h 6h Kc 3h] [Qs]
chrismat: bets $6
B_loJkl: folds
Uncalled bet ($6) returned to chrismat
chrismat collected $29.50 from pot
*** SUMMARY ***
Total pot $30 | Rake $0.50
Board [9h 6h Kc 3h Qs]
Seat 4: chrismat (big blind) collected ($29.50)
Seat 6: B_loJkl (button) (small blind) folded on the River


PokerStars Hand #155879477808:  Hold'em Limit ($3/$6 USD) - 2016/07/12 11:46:13 ET
Table 'Lykaon II' 6-max Seat #4 is the button
Seat 4: chrismat ($96.72 in chips)
Seat 6: B_loJkl ($128.70 in chips)
chrismat: posts small blind $1
B_loJkl: posts big blind $3
*** HOLE CARDS ***
chrismat: raises $3 to $6
B_loJkl: calls $3
*** FLOP *** [5c Ks 7c]
B_loJkl: checks
chrismat: bets $3
B_loJkl: calls $3
*** TURN *** [5c Ks 7c] [3s]
B_loJkl: checks
chrismat: bets $6
B_loJkl: folds
Uncalled bet ($6) returned to chrismat
chrismat collected $17.64 from pot
*** SUMMARY ***
Total pot $18 | Rake $0.36
Board [5c Ks 7c 3s]
Seat 4: chrismat (button) (small blind) collected ($17.64)
Seat 6: B_loJkl (big blind) folded on the Turn


PokerStars Hand #155879471119:  Hold'em Limit ($3/$6 USD) - 2016/07/12 11:46:02 ET
Table 'Lykaon II' 6-max Seat #6 is the button
Seat 4: chrismat ($99.72 in chips)
Seat 6: B_loJkl ($125.70 in chips)
B_loJkl: posts small blind $1
chrismat: posts big blind $3
*** HOLE CARDS ***
B_loJkl: raises $3 to $6
chrismat: folds
Uncalled bet ($3) returned to B_loJkl
B_loJkl collected $6 from pot
B_loJkl: doesn't show hand
*** SUMMARY ***
Total pot $6 | Rake $0
Seat 4: chrismat (big blind) folded before Flop
Seat 6: B_loJkl (button) (small blind) collected ($6)


PokerStars Hand #155879511494:  Hold'em Limit ($3/$6 USD) - 2016/07/12 11:47:08 ET
Table 'Lykaon II' 6-max Seat #4 is the button
Seat 4: chrismat ($99.36 in chips)
Seat 6: B_loJkl ($125.46 in chips)
chrismat: posts small blind $1
B_loJkl: posts big blind $3
*** HOLE CARDS ***
chrismat: raises $3 to $6
B_loJkl: calls $3
*** FLOP *** [Ac 9s 4s]
B_loJkl: checks
chrismat: bets $3
B_loJkl: calls $3
*** TURN *** [Ac 9s 4s] [Kc]
B_loJkl: checks
chrismat: bets $6
B_loJkl: folds
Uncalled bet ($6) returned to chrismat
chrismat collected $17.64 from pot
*** SUMMARY ***
Total pot $18 | Rake $0.36
Board [Ac 9s 4s Kc]
Seat 4: chrismat (button) (small blind) collected ($17.64)
Seat 6: B_loJkl (big blind) folded on the Turn


PokerStars Hand #155879493810:  Hold'em Limit ($3/$6 USD) - 2016/07/12 11:46:39 ET
Table 'Lykaon II' 6-max Seat #6 is the button
Seat 4: chrismat ($105.36 in chips)
Seat 6: B_loJkl ($119.70 in chips)
B_loJkl: posts small blind $1
chrismat: posts big blind $3
*** HOLE CARDS ***
B_loJkl: raises $3 to $6
chrismat: calls $3
*** FLOP *** [5h Qc Ts]
chrismat: checks
B_loJkl: bets $3
chrismat: folds
Uncalled bet ($3) returned to B_loJkl
B_loJkl collected $11.76 from pot
B_loJkl: doesn't show hand
*** SUMMARY ***
Total pot $12 | Rake $0.24
Board [5h Qc Ts]
Seat 4: chrismat (big blind) folded on the Flop
Seat 6: B_loJkl (button) (small blind) collected ($11.76)


PokerStars Hand #155879545243:  Hold'em Limit ($3/$6 USD) - 2016/07/12 11:48:04 ET
Table 'Lykaon II' 6-max Seat #6 is the button
Seat 4: chrismat ($121.50 in chips)
Seat 6: B_loJkl ($102.46 in chips)
B_loJkl: posts small blind $1
chrismat: posts big blind $3
*** HOLE CARDS ***
Fabulous108 joins the table at seat #2
B_loJkl: raises $3 to $6
chrismat: raises $3 to $9
B_loJkl: calls $3
*** FLOP *** [7h 9h 8h]
chrismat: bets $3
B_loJkl: calls $3
*** TURN *** [7h 9h 8h] [3d]
chrismat: checks
B_loJkl: bets $6
chrismat: calls $6
*** RIVER *** [7h 9h 8h 3d] [4s]
chrismat: checks
B_loJkl: checks
*** SHOW DOWN ***
chrismat: shows [Ac Ks] (high card Ace)
B_loJkl: shows [2s 2c] (a pair of Deuces)
B_loJkl collected $35.50 from pot
*** SUMMARY ***
Total pot $36 | Rake $0.50
Board [7h 9h 8h 3d 4s]
Seat 4: chrismat (big blind) showed [Ac Ks] and lost with high card Ace
Seat 6: B_loJkl (button) (small blind) showed [2s 2c] and won ($35.50) with a pair of Deuces


PokerStars Hand #155879540582:  Hold'em Limit ($3/$6 USD) - 2016/07/12 11:47:56 ET
Table 'Lykaon II' 6-max Seat #4 is the button
Seat 4: chrismat ($122.50 in chips)
Seat 6: B_loJkl ($101.46 in chips)
chrismat: posts small blind $1
B_loJkl: posts big blind $3
*** HOLE CARDS ***
chrismat: folds
Uncalled bet ($2) returned to B_loJkl
B_loJkl collected $2 from pot
B_loJkl: doesn't show hand
*** SUMMARY ***
Total pot $2 | Rake $0
Seat 4: chrismat (button) (small blind) folded before Flop
Seat 6: B_loJkl (big blind) collected ($2)


PokerStars Hand #155879523491:  Hold'em Limit ($3/$6 USD) - 2016/07/12 11:47:28 ET
Table 'Lykaon II' 6-max Seat #6 is the button
Seat 4: chrismat ($108 in chips)
Seat 6: B_loJkl ($116.46 in chips)
B_loJkl: posts small blind $1
chrismat: posts big blind $3
*** HOLE CARDS ***
B_loJkl: raises $3 to $6
chrismat: calls $3
*** FLOP *** [5h 9d 7s]
chrismat: checks
B_loJkl: bets $3
chrismat: calls $3
*** TURN *** [5h 9d 7s] [2h]
chrismat: checks
B_loJkl: bets $6
chrismat: calls $6
*** RIVER *** [5h 9d 7s 2h] [Qs]
chrismat: checks
B_loJkl: checks
*** SHOW DOWN ***
chrismat: shows [6s 7d] (a pair of Sevens)
B_loJkl: mucks hand
chrismat collected $29.50 from pot
*** SUMMARY ***
Total pot $30 | Rake $0.50
Board [5h 9d 7s 2h Qs]
Seat 4: chrismat (big blind) showed [6s 7d] and won ($29.50) with a pair of Sevens
Seat 6: B_loJkl (button) (small blind) mucked


