PokerStars Hand #162135221494:  Hold'em Limit ($3/$6 USD) - 2016/11/29 8:22:34 ET
Table 'Lykaon' 6-max Seat #3 is the button
Seat 3: pöci9 ($120 in chips)
Seat 4: VolkovDmitri ($120 in chips)
pöci9: posts small blind $1
VolkovDmitri: posts big blind $3
*** HOLE CARDS ***
pöci9: calls $2
VolkovDmitri: raises $3 to $6
pöci9: calls $3
*** FLOP *** [Td 3c 4d]
VolkovDmitri: bets $3
pöci9: calls $3
*** TURN *** [Td 3c 4d] [2c]
VolkovDmitri: bets $6
pöci9: folds
Uncalled bet ($6) returned to VolkovDmitri
VolkovDmitri collected $17.64 from pot
VolkovDmitri: doesn't show hand
*** SUMMARY ***
Total pot $18 | Rake $0.36
Board [Td 3c 4d 2c]
Seat 3: pöci9 (button) (small blind) folded on the Turn
Seat 4: VolkovDmitri (big blind) collected ($17.64)


PokerStars Hand #162135239378:  Hold'em Limit ($3/$6 USD) - 2016/11/29 8:23:06 ET
Table 'Lykaon' 6-max Seat #3 is the button
Seat 3: pöci9 ($108 in chips)
Seat 4: VolkovDmitri ($131.64 in chips)
pöci9: posts small blind $1
VolkovDmitri: posts big blind $3
*** HOLE CARDS ***
pöci9: folds
Uncalled bet ($2) returned to VolkovDmitri
VolkovDmitri collected $2 from pot
VolkovDmitri: doesn't show hand
*** SUMMARY ***
Total pot $2 | Rake $0
Seat 3: pöci9 (button) (small blind) folded before Flop
Seat 4: VolkovDmitri (big blind) collected ($2)


PokerStars Hand #162135233757:  Hold'em Limit ($3/$6 USD) - 2016/11/29 8:22:56 ET
Table 'Lykaon' 6-max Seat #4 is the button
Seat 3: pöci9 ($111 in chips)
Seat 4: VolkovDmitri ($128.64 in chips)
VolkovDmitri: posts small blind $1
pöci9: posts big blind $3
*** HOLE CARDS ***
B_loJkl joins the table at seat #5
VolkovDmitri: raises $3 to $6
pöci9: folds
Uncalled bet ($3) returned to VolkovDmitri
VolkovDmitri collected $6 from pot
VolkovDmitri: doesn't show hand
*** SUMMARY ***
Total pot $6 | Rake $0
Seat 3: pöci9 (big blind) folded before Flop
Seat 4: VolkovDmitri (button) (small blind) collected ($6)


PokerStars Hand #162141384068:  Hold'em Limit ($3/$6 USD) - 2016/11/29 11:07:22 ET
Table 'Lykaon' 6-max Seat #3 is the button
Seat 3: MATEKATA2 ($422.58 in chips)
Seat 6: KIT426 ($36.52 in chips)
MATEKATA2: posts small blind $1
vestimokrec: is sitting out
KIT426: posts big blind $3
*** HOLE CARDS ***
MATEKATA2: calls $2
vestimokrec leaves the table
KIT426: checks
*** FLOP *** [Ts 4h 5h]
KIT426: checks
MATEKATA2: checks
*** TURN *** [Ts 4h 5h] [8c]
KIT426: checks
MATEKATA2: bets $6
KIT426: folds
Uncalled bet ($6) returned to MATEKATA2
MATEKATA2 collected $5.88 from pot
*** SUMMARY ***
Total pot $6 | Rake $0.12
Board [Ts 4h 5h 8c]
Seat 3: MATEKATA2 (button) (small blind) collected ($5.88)
Seat 6: KIT426 (big blind) folded on the Turn


PokerStars Hand #162141893212:  Hold'em Limit ($3/$6 USD) - 2016/11/29 11:19:13 ET
Table 'Lykaon' 6-max Seat #2 is the button
Seat 2: assitoni ($73 in chips)
Seat 4: pöci9 ($150 in chips)
assitoni: posts small blind $1
pöci9: posts big blind $3
*** HOLE CARDS ***
assitoni: raises $3 to $6
pöci9: calls $3
*** FLOP *** [7s 7h 3h]
pöci9: checks
assitoni: bets $3
pöci9: calls $3
*** TURN *** [7s 7h 3h] [Ac]
pöci9: checks
assitoni: checks
*** RIVER *** [7s 7h 3h Ac] [9h]
pöci9: checks
assitoni: checks
*** SHOW DOWN ***
pöci9: shows [Jc 8d] (a pair of Sevens)
assitoni: shows [Ks 5c] (a pair of Sevens - Ace+King kicker)
bandita747 joins the table at seat #1
assitoni collected $17.64 from pot
*** SUMMARY ***
Total pot $18 | Rake $0.36
Board [7s 7h 3h Ac 9h]
Seat 2: assitoni (button) (small blind) showed [Ks 5c] and won ($17.64) with a pair of Sevens
Seat 4: pöci9 (big blind) showed [Jc 8d] and lost with a pair of Sevens


PokerStars Hand #162141854086:  Hold'em Limit ($3/$6 USD) - 2016/11/29 11:18:19 ET
Table 'Lykaon' 6-max Seat #6 is the button
Seat 2: assitoni ($72 in chips)
Seat 6: chrispy12345 ($45.32 in chips)
chrispy12345: posts small blind $1
assitoni: posts big blind $3
*** HOLE CARDS ***
pöci9 joins the table at seat #4
chrispy12345 has timed out
chrispy12345: folds
Uncalled bet ($2) returned to assitoni
assitoni collected $2 from pot
assitoni: doesn't show hand
*** SUMMARY ***
Total pot $2 | Rake $0
Seat 2: assitoni (big blind) collected ($2)
Seat 6: chrispy12345 (button) (small blind) folded before Flop


PokerStars Hand #162141916140:  Hold'em Limit ($3/$6 USD) - 2016/11/29 11:19:45 ET
Table 'Lykaon' 6-max Seat #1 is the button
Seat 1: bandita747 ($114 in chips)
Seat 4: pöci9 ($146.64 in chips)
vestimokrec will be allowed to play after the button
chrispy12345 will be allowed to play after the button
bandita747: posts small blind $1
assitoni: is sitting out
pöci9: posts big blind $3
*** HOLE CARDS ***
bandita747: raises $3 to $6
pöci9: folds
Uncalled bet ($3) returned to bandita747
bandita747 collected $6 from pot
*** SUMMARY ***
Total pot $6 | Rake $0
Seat 1: bandita747 (button) (small blind) collected ($6)
Seat 4: pöci9 (big blind) folded before Flop


PokerStars Hand #162142478394:  Hold'em Limit ($3/$6 USD) - 2016/11/29 11:32:27 ET
Table 'Lykaon' 6-max Seat #5 is the button
Seat 4: pöci9 ($142.16 in chips)
Seat 5: Great_Kang ($136.54 in chips)
Great_Kang: posts small blind $1
pöci9: posts big blind $3
*** HOLE CARDS ***
Great_Kang: folds
Uncalled bet ($2) returned to pöci9
pöci9 collected $2 from pot
pöci9: doesn't show hand
*** SUMMARY ***
Total pot $2 | Rake $0
Seat 4: pöci9 (big blind) collected ($2)
Seat 5: Great_Kang (button) (small blind) folded before Flop


PokerStars Hand #162142486292:  Hold'em Limit ($3/$6 USD) - 2016/11/29 11:32:37 ET
Table 'Lykaon' 6-max Seat #4 is the button
Seat 4: pöci9 ($143.16 in chips)
Seat 5: Great_Kang ($135.54 in chips)
pöci9: posts small blind $1
Great_Kang: posts big blind $3
*** HOLE CARDS ***
pöci9: raises $3 to $6
Great_Kang: calls $3
*** FLOP *** [5h 2c 3c]
Great_Kang: bets $3
pöci9: raises $3 to $6
Great_Kang: calls $3
*** TURN *** [5h 2c 3c] [7h]
Great_Kang: checks
pöci9: bets $6
Great_Kang: calls $6
*** RIVER *** [5h 2c 3c 7h] [3h]
Great_Kang: checks
pöci9: bets $6
Great_Kang: calls $6
*** SHOW DOWN ***
pöci9: shows [Jc Qc] (a pair of Threes)
Great_Kang: shows [5d Tc] (two pair, Fives and Threes)
Great_Kang collected $47.50 from pot
*** SUMMARY ***
Total pot $48 | Rake $0.50
Board [5h 2c 3c 7h 3h]
Seat 4: pöci9 (button) (small blind) showed [Jc Qc] and lost with a pair of Threes
Seat 5: Great_Kang (big blind) showed [5d Tc] and won ($47.50) with two pair, Fives and Threes


PokerStars Hand #162142520192:  Hold'em Limit ($3/$6 USD) - 2016/11/29 11:33:23 ET
Table 'Lykaon' 6-max Seat #5 is the button
Seat 4: pöci9 ($119.16 in chips)
Seat 5: Great_Kang ($159.04 in chips)
Great_Kang: posts small blind $1
pöci9: posts big blind $3
*** HOLE CARDS ***
Great_Kang: folds
Uncalled bet ($2) returned to pöci9
pöci9 collected $2 from pot
pöci9: doesn't show hand
*** SUMMARY ***
Total pot $2 | Rake $0
Seat 4: pöci9 (big blind) collected ($2)
Seat 5: Great_Kang (button) (small blind) folded before Flop


PokerStars Hand #162142523929:  Hold'em Limit ($3/$6 USD) - 2016/11/29 11:33:29 ET
Table 'Lykaon' 6-max Seat #4 is the button
Seat 4: pöci9 ($120.16 in chips)
Seat 5: Great_Kang ($158.04 in chips)
pöci9: posts small blind $1
Great_Kang: posts big blind $3
*** HOLE CARDS ***
pöci9: raises $3 to $6
Great_Kang: calls $3
*** FLOP *** [5s Ac 9d]
Great_Kang: checks
pöci9: checks
*** TURN *** [5s Ac 9d] [Js]
Great_Kang: checks
pöci9: bets $6
Great_Kang: folds
Uncalled bet ($6) returned to pöci9
pöci9 collected $11.76 from pot
pöci9: doesn't show hand
*** SUMMARY ***
Total pot $12 | Rake $0.24
Board [5s Ac 9d Js]
Seat 4: pöci9 (button) (small blind) collected ($11.76)
Seat 5: Great_Kang (big blind) folded on the Turn


PokerStars Hand #162142553092:  Hold'em Limit ($3/$6 USD) - 2016/11/29 11:34:08 ET
Table 'Lykaon' 6-max Seat #4 is the button
Seat 4: pöci9 ($122.92 in chips)
Seat 5: Great_Kang ($155.04 in chips)
pöci9: posts small blind $1
Great_Kang: posts big blind $3
*** HOLE CARDS ***
pöci9: folds
Uncalled bet ($2) returned to Great_Kang
Great_Kang collected $2 from pot
Great_Kang: doesn't show hand
*** SUMMARY ***
Total pot $2 | Rake $0
Seat 4: pöci9 (button) (small blind) folded before Flop
Seat 5: Great_Kang (big blind) collected ($2)


PokerStars Hand #162142545932:  Hold'em Limit ($3/$6 USD) - 2016/11/29 11:33:58 ET
Table 'Lykaon' 6-max Seat #5 is the button
Seat 4: pöci9 ($125.92 in chips)
Seat 5: Great_Kang ($152.04 in chips)
Great_Kang: posts small blind $1
pöci9: posts big blind $3
*** HOLE CARDS ***
Great_Kang: raises $3 to $6
pöci9: folds
Uncalled bet ($3) returned to Great_Kang
Great_Kang collected $6 from pot
Great_Kang: doesn't show hand
*** SUMMARY ***
Total pot $6 | Rake $0
Seat 4: pöci9 (big blind) folded before Flop
Seat 5: Great_Kang (button) (small blind) collected ($6)


PokerStars Hand #162142556559:  Hold'em Limit ($3/$6 USD) - 2016/11/29 11:34:13 ET
Table 'Lykaon' 6-max Seat #5 is the button
Seat 4: pöci9 ($121.92 in chips)
Seat 5: Great_Kang ($156.04 in chips)
Great_Kang: posts small blind $1
pöci9: posts big blind $3
*** HOLE CARDS ***
Great_Kang: raises $3 to $6
pöci9: calls $3
*** FLOP *** [7h 5h Ks]
pöci9: checks
Great_Kang: bets $3
pöci9: calls $3
*** TURN *** [7h 5h Ks] [4c]
pöci9: checks
Great_Kang: bets $6
pöci9: calls $6
*** RIVER *** [7h 5h Ks 4c] [9h]
pöci9: bets $6
Great_Kang: calls $6
*** SHOW DOWN ***
pöci9: shows [Ad 9s] (a pair of Nines)
Great_Kang: shows [4s 7c] (two pair, Sevens and Fours)
Great_Kang collected $41.50 from pot
*** SUMMARY ***
Total pot $42 | Rake $0.50
Board [7h 5h Ks 4c 9h]
Seat 4: pöci9 (big blind) showed [Ad 9s] and lost with a pair of Nines
Seat 5: Great_Kang (button) (small blind) showed [4s 7c] and won ($41.50) with two pair, Sevens and Fours


PokerStars Hand #162142610616:  Hold'em Limit ($3/$6 USD) - 2016/11/29 11:35:26 ET
Table 'Lykaon' 6-max Seat #5 is the button
Seat 4: pöci9 ($97.92 in chips)
Seat 5: Great_Kang ($179.42 in chips)
Great_Kang: posts small blind $1
pöci9: posts big blind $3
*** HOLE CARDS ***
Great_Kang: raises $3 to $6
pöci9: folds
Uncalled bet ($3) returned to Great_Kang
Great_Kang collected $6 from pot
Great_Kang: doesn't show hand
*** SUMMARY ***
Total pot $6 | Rake $0
Seat 4: pöci9 (big blind) folded before Flop
Seat 5: Great_Kang (button) (small blind) collected ($6)


PokerStars Hand #162142592967:  Hold'em Limit ($3/$6 USD) - 2016/11/29 11:35:02 ET
Table 'Lykaon' 6-max Seat #4 is the button
Seat 4: pöci9 ($100.92 in chips)
Seat 5: Great_Kang ($176.54 in chips)
pöci9: posts small blind $1
Great_Kang: posts big blind $3
*** HOLE CARDS ***
pöci9: calls $2
Great_Kang: checks
*** FLOP *** [Tc 9h Ts]
Great_Kang: checks
pöci9: checks
*** TURN *** [Tc 9h Ts] [3h]
Great_Kang: checks
pöci9: checks
*** RIVER *** [Tc 9h Ts 3h] [2d]
Great_Kang: bets $6
pöci9: folds
Uncalled bet ($6) returned to Great_Kang
Great_Kang collected $5.88 from pot
Great_Kang: doesn't show hand
*** SUMMARY ***
Total pot $6 | Rake $0.12
Board [Tc 9h Ts 3h 2d]
Seat 4: pöci9 (button) (small blind) folded on the River
Seat 5: Great_Kang (big blind) collected ($5.88)


PokerStars Hand #162142614542:  Hold'em Limit ($3/$6 USD) - 2016/11/29 11:35:31 ET
Table 'Lykaon' 6-max Seat #4 is the button
Seat 4: pöci9 ($94.92 in chips)
Seat 5: Great_Kang ($182.42 in chips)
pöci9: posts small blind $1
Great_Kang: posts big blind $3
*** HOLE CARDS ***
pöci9: raises $3 to $6
Great_Kang: calls $3
*** FLOP *** [3c 2h 2c]
Great_Kang: checks
pöci9: bets $3
Great_Kang: raises $3 to $6
pöci9: calls $3
*** TURN *** [3c 2h 2c] [7d]
Great_Kang: bets $6
pöci9: calls $6
*** RIVER *** [3c 2h 2c 7d] [7s]
Great_Kang: checks
pöci9: checks
*** SHOW DOWN ***
Great_Kang: shows [Qc 9c] (two pair, Sevens and Deuces)
pöci9: shows [Kh 3h] (two pair, Sevens and Threes)
pöci9 collected $35.50 from pot
*** SUMMARY ***
Total pot $36 | Rake $0.50
Board [3c 2h 2c 7d 7s]
Seat 4: pöci9 (button) (small blind) showed [Kh 3h] and won ($35.50) with two pair, Sevens and Threes
Seat 5: Great_Kang (big blind) showed [Qc 9c] and lost with two pair, Sevens and Deuces


PokerStars Hand #162142642601:  Hold'em Limit ($3/$6 USD) - 2016/11/29 11:36:09 ET
Table 'Lykaon' 6-max Seat #5 is the button
Seat 4: pöci9 ($112.42 in chips)
Seat 5: Great_Kang ($164.42 in chips)
Great_Kang: posts small blind $1
pöci9: posts big blind $3
*** HOLE CARDS ***
Great_Kang: raises $3 to $6
pöci9: calls $3
*** FLOP *** [7h 8s Ks]
pöci9: checks
Great_Kang: bets $3
pöci9: calls $3
*** TURN *** [7h 8s Ks] [Kh]
pöci9: checks
Great_Kang: checks
*** RIVER *** [7h 8s Ks Kh] [Ad]
pöci9: bets $6
Great_Kang: folds
Uncalled bet ($6) returned to pöci9
pöci9 collected $17.64 from pot
pöci9: doesn't show hand
*** SUMMARY ***
Total pot $18 | Rake $0.36
Board [7h 8s Ks Kh Ad]
Seat 4: pöci9 (big blind) collected ($17.64)
Seat 5: Great_Kang (button) (small blind) folded on the River


PokerStars Hand #162142664240:  Hold'em Limit ($3/$6 USD) - 2016/11/29 11:36:37 ET
Table 'Lykaon' 6-max Seat #4 is the button
Seat 4: pöci9 ($121.06 in chips)
Seat 5: Great_Kang ($155.42 in chips)
pöci9: posts small blind $1
Great_Kang: posts big blind $3
*** HOLE CARDS ***
pöci9: calls $2
Great_Kang: checks
*** FLOP *** [Jh Jd 3h]
Great_Kang: checks
MATEKATA2 is disconnected
pöci9: bets $3
Great_Kang: folds
Uncalled bet ($3) returned to pöci9
pöci9 collected $5.88 from pot
pöci9: doesn't show hand
*** SUMMARY ***
Total pot $6 | Rake $0.12
Board [Jh Jd 3h]
Seat 4: pöci9 (button) (small blind) collected ($5.88)
Seat 5: Great_Kang (big blind) folded on the Flop


PokerStars Hand #162142676414:  Hold'em Limit ($3/$6 USD) - 2016/11/29 11:36:54 ET
Table 'Lykaon' 6-max Seat #5 is the button
Seat 4: pöci9 ($123.94 in chips)
Seat 5: Great_Kang ($152.42 in chips)
Great_Kang: posts small blind $1
pöci9: posts big blind $3
*** HOLE CARDS ***
Great_Kang: raises $3 to $6
pöci9: calls $3
*** FLOP *** [Tc 2s 5h]
pöci9: checks
Great_Kang: bets $3
pöci9: calls $3
*** TURN *** [Tc 2s 5h] [Kc]
pöci9: checks
Great_Kang: bets $6
pöci9: calls $6
*** RIVER *** [Tc 2s 5h Kc] [4d]
pöci9: checks
Great_Kang: bets $6
pöci9: calls $6
*** SHOW DOWN ***
Great_Kang: shows [Ks 6h] (a pair of Kings)
pöci9: mucks hand
Great_Kang collected $41.50 from pot
*** SUMMARY ***
Total pot $42 | Rake $0.50
Board [Tc 2s 5h Kc 4d]
Seat 4: pöci9 (big blind) mucked
Seat 5: Great_Kang (button) (small blind) showed [Ks 6h] and won ($41.50) with a pair of Kings


PokerStars Hand #162142732439:  Hold'em Limit ($3/$6 USD) - 2016/11/29 11:38:09 ET
Table 'Lykaon' 6-max Seat #5 is the button
Seat 4: pöci9 ($126.44 in chips)
Seat 5: Great_Kang ($148.92 in chips)
Great_Kang: posts small blind $1
pöci9: posts big blind $3
*** HOLE CARDS ***
Great_Kang: folds
Uncalled bet ($2) returned to pöci9
pöci9 collected $2 from pot
pöci9: doesn't show hand
*** SUMMARY ***
Total pot $2 | Rake $0
Seat 4: pöci9 (big blind) collected ($2)
Seat 5: Great_Kang (button) (small blind) folded before Flop


PokerStars Hand #162142710007:  Hold'em Limit ($3/$6 USD) - 2016/11/29 11:37:39 ET
Table 'Lykaon' 6-max Seat #4 is the button
Seat 4: pöci9 ($102.94 in chips)
Seat 5: Great_Kang ($172.92 in chips)
pöci9: posts small blind $1
Great_Kang: posts big blind $3
*** HOLE CARDS ***
pöci9: raises $3 to $6
Great_Kang: calls $3
*** FLOP *** [4s 9c 8d]
Great_Kang: checks
pöci9: bets $3
Great_Kang: raises $3 to $6
pöci9: calls $3
*** TURN *** [4s 9c 8d] [As]
Great_Kang: checks
pöci9: bets $6
Great_Kang: calls $6
*** RIVER *** [4s 9c 8d As] [8s]
Great_Kang: checks
pöci9: bets $6
Great_Kang: calls $6
*** SHOW DOWN ***
pöci9: shows [Qs Ks] (a flush, Ace high)
Great_Kang: mucks hand
pöci9 collected $47.50 from pot
*** SUMMARY ***
Total pot $48 | Rake $0.50
Board [4s 9c 8d As 8s]
Seat 4: pöci9 (button) (small blind) showed [Qs Ks] and won ($47.50) with a flush, Ace high
Seat 5: Great_Kang (big blind) mucked


PokerStars Hand #162142735971:  Hold'em Limit ($3/$6 USD) - 2016/11/29 11:38:13 ET
Table 'Lykaon' 6-max Seat #4 is the button
Seat 4: pöci9 ($127.44 in chips)
Seat 5: Great_Kang ($147.92 in chips)
pöci9: posts small blind $1
Great_Kang: posts big blind $3
*** HOLE CARDS ***
pöci9: calls $2
Great_Kang: raises $3 to $6
pöci9: calls $3
*** FLOP *** [6d 8s 4c]
MATEKATA2 is disconnected
Great_Kang: bets $3
pöci9: calls $3
*** TURN *** [6d 8s 4c] [Ks]
Great_Kang: bets $6
pöci9: folds
Uncalled bet ($6) returned to Great_Kang
Great_Kang collected $17.64 from pot
Great_Kang: doesn't show hand
*** SUMMARY ***
Total pot $18 | Rake $0.36
Board [6d 8s 4c Ks]
Seat 4: pöci9 (button) (small blind) folded on the Turn
Seat 5: Great_Kang (big blind) collected ($17.64)


PokerStars Hand #162142749708:  Hold'em Limit ($3/$6 USD) - 2016/11/29 11:38:32 ET
Table 'Lykaon' 6-max Seat #5 is the button
Seat 4: pöci9 ($118.44 in chips)
Seat 5: Great_Kang ($156.56 in chips)
Great_Kang: posts small blind $1
pöci9: posts big blind $3
*** HOLE CARDS ***
Great_Kang: raises $3 to $6
pöci9: folds
Uncalled bet ($3) returned to Great_Kang
Great_Kang collected $6 from pot
Great_Kang: doesn't show hand
*** SUMMARY ***
Total pot $6 | Rake $0
Seat 4: pöci9 (big blind) folded before Flop
Seat 5: Great_Kang (button) (small blind) collected ($6)


PokerStars Hand #162142754264:  Hold'em Limit ($3/$6 USD) - 2016/11/29 11:38:38 ET
Table 'Lykaon' 6-max Seat #4 is the button
Seat 4: pöci9 ($115.44 in chips)
Seat 5: Great_Kang ($159.56 in chips)
pöci9: posts small blind $1
Great_Kang: posts big blind $3
*** HOLE CARDS ***
pöci9: raises $3 to $6
Great_Kang: calls $3
*** FLOP *** [4d Jc Jh]
Great_Kang: checks
pöci9: checks
*** TURN *** [4d Jc Jh] [4h]
Great_Kang: checks
pöci9: checks
*** RIVER *** [4d Jc Jh 4h] [5s]
Great_Kang: checks
pöci9: checks
*** SHOW DOWN ***
Great_Kang: shows [Tc 9s] (two pair, Jacks and Fours)
pöci9: shows [8h Ks] (two pair, Jacks and Fours - King kicker)
pöci9 collected $11.76 from pot
*** SUMMARY ***
Total pot $12 | Rake $0.24
Board [4d Jc Jh 4h 5s]
Seat 4: pöci9 (button) (small blind) showed [8h Ks] and won ($11.76) with two pair, Jacks and Fours
Seat 5: Great_Kang (big blind) showed [Tc 9s] and lost with two pair, Jacks and Fours


PokerStars Hand #162142778389:  Hold'em Limit ($3/$6 USD) - 2016/11/29 11:39:10 ET
Table 'Lykaon' 6-max Seat #4 is the button
Seat 4: pöci9 ($118.20 in chips)
Seat 5: Great_Kang ($156.56 in chips)
pöci9: posts small blind $1
Great_Kang: posts big blind $3
*** HOLE CARDS ***
pöci9: raises $3 to $6
Great_Kang: calls $3
*** FLOP *** [9s 5d Qd]
Great_Kang: checks
pöci9: checks
*** TURN *** [9s 5d Qd] [7h]
Great_Kang: checks
pöci9: bets $6
Great_Kang: folds
Uncalled bet ($6) returned to pöci9
pöci9 collected $11.76 from pot
pöci9: doesn't show hand
*** SUMMARY ***
Total pot $12 | Rake $0.24
Board [9s 5d Qd 7h]
Seat 4: pöci9 (button) (small blind) collected ($11.76)
Seat 5: Great_Kang (big blind) folded on the Turn


PokerStars Hand #162142793793:  Hold'em Limit ($3/$6 USD) - 2016/11/29 11:39:31 ET
Table 'Lykaon' 6-max Seat #4 is the button
Seat 4: pöci9 ($120.96 in chips)
Seat 5: Great_Kang ($153.56 in chips)
pöci9: posts small blind $1
Great_Kang: posts big blind $3
*** HOLE CARDS ***
pöci9: folds
Uncalled bet ($2) returned to Great_Kang
Great_Kang collected $2 from pot
Great_Kang: doesn't show hand
*** SUMMARY ***
Total pot $2 | Rake $0
Seat 4: pöci9 (button) (small blind) folded before Flop
Seat 5: Great_Kang (big blind) collected ($2)


PokerStars Hand #162142804930:  Hold'em Limit ($3/$6 USD) - 2016/11/29 11:39:46 ET
Table 'Lykaon' 6-max Seat #4 is the button
Seat 4: pöci9 ($113.96 in chips)
Seat 5: Great_Kang ($160.32 in chips)
pöci9: posts small blind $1
Great_Kang: posts big blind $3
*** HOLE CARDS ***
pöci9: raises $3 to $6
Great_Kang: folds
Uncalled bet ($3) returned to pöci9
pöci9 collected $6 from pot
pöci9: doesn't show hand
*** SUMMARY ***
Total pot $6 | Rake $0
Seat 4: pöci9 (button) (small blind) collected ($6)
Seat 5: Great_Kang (big blind) folded before Flop


PokerStars Hand #162142797449:  Hold'em Limit ($3/$6 USD) - 2016/11/29 11:39:36 ET
Table 'Lykaon' 6-max Seat #5 is the button
Seat 4: pöci9 ($119.96 in chips)
Seat 5: Great_Kang ($154.56 in chips)
Great_Kang: posts small blind $1
pöci9: posts big blind $3
*** HOLE CARDS ***
Great_Kang: raises $3 to $6
pöci9: calls $3
*** FLOP *** [2d 9d 3s]
pöci9: checks
Great_Kang: bets $3
pöci9: folds
Uncalled bet ($3) returned to Great_Kang
Great_Kang collected $11.76 from pot
Great_Kang: doesn't show hand
*** SUMMARY ***
Total pot $12 | Rake $0.24
Board [2d 9d 3s]
Seat 4: pöci9 (big blind) folded on the Flop
Seat 5: Great_Kang (button) (small blind) collected ($11.76)


PokerStars Hand #162142820931:  Hold'em Limit ($3/$6 USD) - 2016/11/29 11:40:07 ET
Table 'Lykaon' 6-max Seat #4 is the button
Seat 4: pöci9 ($125.60 in chips)
Seat 5: Great_Kang ($148.32 in chips)
pöci9: posts small blind $1
Great_Kang: posts big blind $3
*** HOLE CARDS ***
pöci9: folds
Uncalled bet ($2) returned to Great_Kang
Great_Kang collected $2 from pot
Great_Kang: doesn't show hand
*** SUMMARY ***
Total pot $2 | Rake $0
Seat 4: pöci9 (button) (small blind) folded before Flop
Seat 5: Great_Kang (big blind) collected ($2)


PokerStars Hand #162142809227:  Hold'em Limit ($3/$6 USD) - 2016/11/29 11:39:51 ET
Table 'Lykaon' 6-max Seat #5 is the button
Seat 4: pöci9 ($116.96 in chips)
Seat 5: Great_Kang ($157.32 in chips)
Great_Kang: posts small blind $1
pöci9: posts big blind $3
*** HOLE CARDS ***
Great_Kang: raises $3 to $6
pöci9: raises $3 to $9
Great_Kang: calls $3
*** FLOP *** [4d 9c As]
pöci9: bets $3
Great_Kang: folds
Uncalled bet ($3) returned to pöci9
pöci9 collected $17.64 from pot
pöci9: doesn't show hand
*** SUMMARY ***
Total pot $18 | Rake $0.36
Board [4d 9c As]
Seat 4: pöci9 (big blind) collected ($17.64)
Seat 5: Great_Kang (button) (small blind) folded on the Flop


PokerStars Hand #162142824544:  Hold'em Limit ($3/$6 USD) - 2016/11/29 11:40:12 ET
Table 'Lykaon' 6-max Seat #5 is the button
Seat 4: pöci9 ($124.60 in chips)
Seat 5: Great_Kang ($149.32 in chips)
Great_Kang: posts small blind $1
pöci9: posts big blind $3
*** HOLE CARDS ***
Great_Kang: raises $3 to $6
chrispy12345 was removed from the table for failing to post
pöci9: folds
Uncalled bet ($3) returned to Great_Kang
Great_Kang collected $6 from pot
Great_Kang: doesn't show hand
*** SUMMARY ***
Total pot $6 | Rake $0
Seat 4: pöci9 (big blind) folded before Flop
Seat 5: Great_Kang (button) (small blind) collected ($6)


PokerStars Hand #162142828600:  Hold'em Limit ($3/$6 USD) - 2016/11/29 11:40:18 ET
Table 'Lykaon' 6-max Seat #4 is the button
Seat 4: pöci9 ($121.60 in chips)
Seat 5: Great_Kang ($152.32 in chips)
pöci9: posts small blind $1
Great_Kang: posts big blind $3
*** HOLE CARDS ***
pöci9: calls $2
Great_Kang: checks
*** FLOP *** [5s Qd 6c]
Great_Kang: checks
pöci9: checks
*** TURN *** [5s Qd 6c] [Js]
Great_Kang: checks
pöci9: checks
*** RIVER *** [5s Qd 6c Js] [4c]
Great_Kang: checks
pöci9: bets $6
Great_Kang: folds
Uncalled bet ($6) returned to pöci9
pöci9 collected $5.88 from pot
pöci9: doesn't show hand
*** SUMMARY ***
Total pot $6 | Rake $0.12
Board [5s Qd 6c Js 4c]
Seat 4: pöci9 (button) (small blind) collected ($5.88)
Seat 5: Great_Kang (big blind) folded on the River


PokerStars Hand #162142859054:  Hold'em Limit ($3/$6 USD) - 2016/11/29 11:40:59 ET
Table 'Lykaon' 6-max Seat #5 is the button
Seat 4: pöci9 ($124.48 in chips)
Seat 5: Great_Kang ($149.32 in chips)
Great_Kang: posts small blind $1
pöci9: posts big blind $3
*** HOLE CARDS ***
Great_Kang: raises $3 to $6
pöci9: calls $3
*** FLOP *** [3s 7h 2s]
pöci9: bets $3
Great_Kang: calls $3
*** TURN *** [3s 7h 2s] [Ts]
pöci9: bets $6
Great_Kang: folds
Uncalled bet ($6) returned to pöci9
pöci9 collected $17.64 from pot
pöci9: doesn't show hand
*** SUMMARY ***
Total pot $18 | Rake $0.36
Board [3s 7h 2s Ts]
Seat 4: pöci9 (big blind) collected ($17.64)
Seat 5: Great_Kang (button) (small blind) folded on the Turn


PokerStars Hand #162142883283:  Hold'em Limit ($3/$6 USD) - 2016/11/29 11:41:31 ET
Table 'Lykaon' 6-max Seat #4 is the button
Seat 4: pöci9 ($133.12 in chips)
Seat 5: Great_Kang ($140.32 in chips)
pöci9: posts small blind $1
Great_Kang: posts big blind $3
*** HOLE CARDS ***
pöci9: raises $3 to $6
Great_Kang: raises $3 to $9
pöci9: calls $3
*** FLOP *** [Js 9c 6s]
Great_Kang: bets $3
pöci9: calls $3
*** TURN *** [Js 9c 6s] [Ah]
Great_Kang: bets $6
pöci9: calls $6
*** RIVER *** [Js 9c 6s Ah] [Kc]
Great_Kang: bets $6
pöci9: calls $6
*** SHOW DOWN ***
Great_Kang: shows [8s As] (a pair of Aces)
pöci9: mucks hand
Great_Kang collected $47.50 from pot
*** SUMMARY ***
Total pot $48 | Rake $0.50
Board [Js 9c 6s Ah Kc]
Seat 4: pöci9 (button) (small blind) mucked
Seat 5: Great_Kang (big blind) showed [8s As] and won ($47.50) with a pair of Aces


PokerStars Hand #162142906158:  Hold'em Limit ($3/$6 USD) - 2016/11/29 11:42:02 ET
Table 'Lykaon' 6-max Seat #5 is the button
Seat 4: pöci9 ($109.12 in chips)
Seat 5: Great_Kang ($163.82 in chips)
Great_Kang: posts small blind $1
pöci9: posts big blind $3
*** HOLE CARDS ***
Great_Kang: raises $3 to $6
pöci9: folds
Uncalled bet ($3) returned to Great_Kang
Great_Kang collected $6 from pot
Great_Kang: doesn't show hand
*** SUMMARY ***
Total pot $6 | Rake $0
Seat 4: pöci9 (big blind) folded before Flop
Seat 5: Great_Kang (button) (small blind) collected ($6)


PokerStars Hand #162142910996:  Hold'em Limit ($3/$6 USD) - 2016/11/29 11:42:08 ET
Table 'Lykaon' 6-max Seat #4 is the button
Seat 4: pöci9 ($106.12 in chips)
Seat 5: Great_Kang ($166.82 in chips)
pöci9: posts small blind $1
Great_Kang: posts big blind $3
*** HOLE CARDS ***
pöci9: raises $3 to $6
Great_Kang: raises $3 to $9
pöci9: calls $3
*** FLOP *** [5s 4d 9h]
Great_Kang: bets $3
pöci9: calls $3
*** TURN *** [5s 4d 9h] [Kd]
Great_Kang: bets $6
pöci9: raises $6 to $12
Great_Kang: calls $6
*** RIVER *** [5s 4d 9h Kd] [4s]
Great_Kang: checks
pöci9: bets $6
Great_Kang: folds
Uncalled bet ($6) returned to pöci9
pöci9 collected $47.50 from pot
pöci9: doesn't show hand
*** SUMMARY ***
Total pot $48 | Rake $0.50
Board [5s 4d 9h Kd 4s]
Seat 4: pöci9 (button) (small blind) collected ($47.50)
Seat 5: Great_Kang (big blind) folded on the River


PokerStars Hand #162142942717:  Hold'em Limit ($3/$6 USD) - 2016/11/29 11:42:50 ET
Table 'Lykaon' 6-max Seat #4 is the button
Seat 4: pöci9 ($130.62 in chips)
Seat 5: Great_Kang ($141.82 in chips)
pöci9: posts small blind $1
Great_Kang: posts big blind $3
*** HOLE CARDS ***
pöci9: folds
Uncalled bet ($2) returned to Great_Kang
Great_Kang collected $2 from pot
Great_Kang: doesn't show hand
*** SUMMARY ***
Total pot $2 | Rake $0
Seat 4: pöci9 (button) (small blind) folded before Flop
Seat 5: Great_Kang (big blind) collected ($2)


PokerStars Hand #162142936534:  Hold'em Limit ($3/$6 USD) - 2016/11/29 11:42:42 ET
Table 'Lykaon' 6-max Seat #5 is the button
Seat 4: pöci9 ($129.62 in chips)
Seat 5: Great_Kang ($142.82 in chips)
Great_Kang: posts small blind $1
pöci9: posts big blind $3
*** HOLE CARDS ***
Great_Kang: folds
Uncalled bet ($2) returned to pöci9
pöci9 collected $2 from pot
pöci9: doesn't show hand
*** SUMMARY ***
Total pot $2 | Rake $0
Seat 4: pöci9 (big blind) collected ($2)
Seat 5: Great_Kang (button) (small blind) folded before Flop


PokerStars Hand #162142946385:  Hold'em Limit ($3/$6 USD) - 2016/11/29 11:42:55 ET
Table 'Lykaon' 6-max Seat #5 is the button
Seat 4: pöci9 ($129.62 in chips)
Seat 5: Great_Kang ($142.82 in chips)
Great_Kang: posts small blind $1
pöci9: posts big blind $3
*** HOLE CARDS ***
Great_Kang: raises $3 to $6
pöci9: calls $3
*** FLOP *** [4h 3s 8s]
pöci9: checks
Great_Kang: bets $3
pöci9: calls $3
*** TURN *** [4h 3s 8s] [8c]
pöci9: checks
Great_Kang: bets $6
pöci9: folds
Uncalled bet ($6) returned to Great_Kang
Great_Kang collected $17.64 from pot
Great_Kang: doesn't show hand
*** SUMMARY ***
Total pot $18 | Rake $0.36
Board [4h 3s 8s 8c]
Seat 4: pöci9 (big blind) folded on the Turn
Seat 5: Great_Kang (button) (small blind) collected ($17.64)


PokerStars Hand #162142958384:  Hold'em Limit ($3/$6 USD) - 2016/11/29 11:43:11 ET
Table 'Lykaon' 6-max Seat #4 is the button
Seat 4: pöci9 ($120.62 in chips)
Seat 5: Great_Kang ($151.46 in chips)
pöci9: posts small blind $1
Great_Kang: posts big blind $3
*** HOLE CARDS ***
pöci9: raises $3 to $6
Great_Kang: calls $3
*** FLOP *** [Th Jc 8d]
chrispy12345 joins the table at seat #3
Great_Kang: checks
pöci9: bets $3
Great_Kang: raises $3 to $6
pöci9: calls $3
*** TURN *** [Th Jc 8d] [Kc]
Great_Kang: checks
pöci9: checks
*** RIVER *** [Th Jc 8d Kc] [6d]
Great_Kang: bets $6
pöci9: calls $6
*** SHOW DOWN ***
Great_Kang: shows [Js Qh] (a pair of Jacks)
pöci9: mucks hand
Great_Kang collected $35.50 from pot
*** SUMMARY ***
Total pot $36 | Rake $0.50
Board [Th Jc 8d Kc 6d]
Seat 4: pöci9 (button) (small blind) mucked
Seat 5: Great_Kang (big blind) showed [Js Qh] and won ($35.50) with a pair of Jacks


PokerStars Hand #162143316428:  Hold'em Limit ($3/$6 USD) - 2016/11/29 11:51:04 ET
Table 'Lykaon' 6-max Seat #2 is the button
Seat 1: Teddy_TTL ($153.94 in chips)
Seat 2: xcgxcg2005 ($59.79 in chips)
xcgxcg2005: posts small blind $1
Teddy_TTL: posts big blind $3
*** HOLE CARDS ***
xcgxcg2005: folds
Uncalled bet ($2) returned to Teddy_TTL
Teddy_TTL collected $2 from pot
Teddy_TTL: doesn't show hand
*** SUMMARY ***
Total pot $2 | Rake $0
Seat 1: Teddy_TTL (big blind) collected ($2)
Seat 2: xcgxcg2005 (button) (small blind) folded before Flop


PokerStars Hand #162143312473:  Hold'em Limit ($3/$6 USD) - 2016/11/29 11:50:58 ET
Table 'Lykaon' 6-max Seat #1 is the button
Seat 1: Teddy_TTL ($154.94 in chips)
Seat 2: xcgxcg2005 ($58.79 in chips)
Teddy_TTL: posts small blind $1
xcgxcg2005: posts big blind $3
*** HOLE CARDS ***
Teddy_TTL: folds
Uncalled bet ($2) returned to xcgxcg2005
xcgxcg2005 collected $2 from pot
xcgxcg2005: doesn't show hand
*** SUMMARY ***
Total pot $2 | Rake $0
Seat 1: Teddy_TTL (button) (small blind) folded before Flop
Seat 2: xcgxcg2005 (big blind) collected ($2)


PokerStars Hand #162143294153:  Hold'em Limit ($3/$6 USD) - 2016/11/29 11:50:34 ET
Table 'Lykaon' 6-max Seat #2 is the button
Seat 1: Teddy_TTL ($140.44 in chips)
Seat 2: xcgxcg2005 ($73.79 in chips)
xcgxcg2005: posts small blind $1
kolaz03: is sitting out
Teddy_TTL: posts big blind $3
*** HOLE CARDS ***
xcgxcg2005: raises $3 to $6
Teddy_TTL: calls $3
*** FLOP *** [Kd Ac 6h]
Teddy_TTL: checks
xcgxcg2005: bets $3
Teddy_TTL: calls $3
*** TURN *** [Kd Ac 6h] [Jh]
Teddy_TTL: checks
xcgxcg2005: checks
*** RIVER *** [Kd Ac 6h Jh] [3s]
Teddy_TTL: bets $6
xcgxcg2005: calls $6
*** SHOW DOWN ***
Teddy_TTL: shows [8s Ks] (a pair of Kings)
xcgxcg2005: mucks hand
Teddy_TTL collected $29.50 from pot
*** SUMMARY ***
Total pot $30 | Rake $0.50
Board [Kd Ac 6h Jh 3s]
Seat 1: Teddy_TTL (big blind) showed [8s Ks] and won ($29.50) with a pair of Kings
Seat 2: xcgxcg2005 (button) (small blind) mucked


PokerStars Hand #162143366025:  Hold'em Limit ($3/$6 USD) - 2016/11/29 11:52:08 ET
Table 'Lykaon' 6-max Seat #1 is the button
Seat 1: Teddy_TTL ($173.44 in chips)
Seat 2: xcgxcg2005 ($39.79 in chips)
Teddy_TTL: posts small blind $1
xcgxcg2005: posts big blind $3
*** HOLE CARDS ***
Teddy_TTL: raises $3 to $6
xcgxcg2005: calls $3
*** FLOP *** [3d 3h 7h]
xcgxcg2005: checks
Teddy_TTL: bets $3
xcgxcg2005: calls $3
*** TURN *** [3d 3h 7h] [3s]
xcgxcg2005: checks
Teddy_TTL: checks
*** RIVER *** [3d 3h 7h 3s] [Tc]
xcgxcg2005: bets $6
Teddy_TTL: calls $6
*** SHOW DOWN ***
xcgxcg2005: shows [Td 6d] (a full house, Threes full of Tens)
Teddy_TTL: mucks hand
xcgxcg2005 collected $29.50 from pot
*** SUMMARY ***
Total pot $30 | Rake $0.50
Board [3d 3h 7h 3s Tc]
Seat 1: Teddy_TTL (button) (small blind) mucked
Seat 2: xcgxcg2005 (big blind) showed [Td 6d] and won ($29.50) with a full house, Threes full of Tens


PokerStars Hand #162143360253:  Hold'em Limit ($3/$6 USD) - 2016/11/29 11:52:01 ET
Table 'Lykaon' 6-max Seat #2 is the button
Seat 1: Teddy_TTL ($176.44 in chips)
Seat 2: xcgxcg2005 ($36.79 in chips)
xcgxcg2005: posts small blind $1
Teddy_TTL: posts big blind $3
*** HOLE CARDS ***
xcgxcg2005: raises $3 to $6
Teddy_TTL: folds
Uncalled bet ($3) returned to xcgxcg2005
xcgxcg2005 collected $6 from pot
xcgxcg2005: doesn't show hand
*** SUMMARY ***
Total pot $6 | Rake $0
Seat 1: Teddy_TTL (big blind) folded before Flop
Seat 2: xcgxcg2005 (button) (small blind) collected ($6)


PokerStars Hand #162143356285:  Hold'em Limit ($3/$6 USD) - 2016/11/29 11:51:56 ET
Table 'Lykaon' 6-max Seat #1 is the button
Seat 1: Teddy_TTL ($177.44 in chips)
Seat 2: xcgxcg2005 ($35.79 in chips)
Teddy_TTL: posts small blind $1
xcgxcg2005: posts big blind $3
*** HOLE CARDS ***
Teddy_TTL: folds
Uncalled bet ($2) returned to xcgxcg2005
xcgxcg2005 collected $2 from pot
xcgxcg2005: doesn't show hand
*** SUMMARY ***
Total pot $2 | Rake $0
Seat 1: Teddy_TTL (button) (small blind) folded before Flop
Seat 2: xcgxcg2005 (big blind) collected ($2)


PokerStars Hand #162143352539:  Hold'em Limit ($3/$6 USD) - 2016/11/29 11:51:51 ET
Table 'Lykaon' 6-max Seat #2 is the button
Seat 1: Teddy_TTL ($176.44 in chips)
Seat 2: xcgxcg2005 ($36.79 in chips)
xcgxcg2005: posts small blind $1
Teddy_TTL: posts big blind $3
*** HOLE CARDS ***
xcgxcg2005: folds
Uncalled bet ($2) returned to Teddy_TTL
Teddy_TTL collected $2 from pot
Teddy_TTL: doesn't show hand
*** SUMMARY ***
Total pot $2 | Rake $0
Seat 1: Teddy_TTL (big blind) collected ($2)
Seat 2: xcgxcg2005 (button) (small blind) folded before Flop


PokerStars Hand #162143347311:  Hold'em Limit ($3/$6 USD) - 2016/11/29 11:51:44 ET
Table 'Lykaon' 6-max Seat #1 is the button
Seat 1: Teddy_TTL ($173.44 in chips)
Seat 2: xcgxcg2005 ($39.79 in chips)
Teddy_TTL: posts small blind $1
xcgxcg2005: posts big blind $3
*** HOLE CARDS ***
Teddy_TTL: raises $3 to $6
xcgxcg2005: folds
Uncalled bet ($3) returned to Teddy_TTL
Teddy_TTL collected $6 from pot
Teddy_TTL: doesn't show hand
*** SUMMARY ***
Total pot $6 | Rake $0
Seat 1: Teddy_TTL (button) (small blind) collected ($6)
Seat 2: xcgxcg2005 (big blind) folded before Flop


PokerStars Hand #162143343802:  Hold'em Limit ($3/$6 USD) - 2016/11/29 11:51:39 ET
Table 'Lykaon' 6-max Seat #2 is the button
Seat 1: Teddy_TTL ($172.44 in chips)
Seat 2: xcgxcg2005 ($40.79 in chips)
xcgxcg2005: posts small blind $1
Teddy_TTL: posts big blind $3
*** HOLE CARDS ***
xcgxcg2005: folds
Uncalled bet ($2) returned to Teddy_TTL
Teddy_TTL collected $2 from pot
Teddy_TTL: doesn't show hand
*** SUMMARY ***
Total pot $2 | Rake $0
Seat 1: Teddy_TTL (big blind) collected ($2)
Seat 2: xcgxcg2005 (button) (small blind) folded before Flop


PokerStars Hand #162143320441:  Hold'em Limit ($3/$6 USD) - 2016/11/29 11:51:09 ET
Table 'Lykaon' 6-max Seat #1 is the button
Seat 1: Teddy_TTL ($154.94 in chips)
Seat 2: xcgxcg2005 ($58.79 in chips)
Teddy_TTL: posts small blind $1
xcgxcg2005: posts big blind $3
*** HOLE CARDS ***
Teddy_TTL: raises $3 to $6
xcgxcg2005: calls $3
*** FLOP *** [3d 8h 6c]
xcgxcg2005: checks
Teddy_TTL: bets $3
xcgxcg2005: raises $3 to $6
Teddy_TTL: calls $3
*** TURN *** [3d 8h 6c] [4c]
xcgxcg2005: bets $6
kolaz03 leaves the table
Teddy_TTL: calls $6
*** RIVER *** [3d 8h 6c 4c] [7c]
xcgxcg2005: checks
Teddy_TTL: checks
*** SHOW DOWN ***
xcgxcg2005: shows [Qh 9s] (high card Queen)
Teddy_TTL: shows [6d Jd] (a pair of Sixes)
Teddy_TTL collected $35.50 from pot
*** SUMMARY ***
Total pot $36 | Rake $0.50
Board [3d 8h 6c 4c 7c]
Seat 1: Teddy_TTL (button) (small blind) showed [6d Jd] and won ($35.50) with a pair of Sixes
Seat 2: xcgxcg2005 (big blind) showed [Qh 9s] and lost with high card Queen


PokerStars Hand #162143428003:  Hold'em Limit ($3/$6 USD) - 2016/11/29 11:53:30 ET
Table 'Lykaon' 6-max Seat #2 is the button
Seat 1: Teddy_TTL ($166.96 in chips)
Seat 2: xcgxcg2005 ($45.29 in chips)
xcgxcg2005: posts small blind $1
Teddy_TTL: posts big blind $3
*** HOLE CARDS ***
xcgxcg2005: folds
Uncalled bet ($2) returned to Teddy_TTL
Teddy_TTL collected $2 from pot
Teddy_TTL: doesn't show hand
*** SUMMARY ***
Total pot $2 | Rake $0
Seat 1: Teddy_TTL (big blind) collected ($2)
Seat 2: xcgxcg2005 (button) (small blind) folded before Flop


PokerStars Hand #162143424102:  Hold'em Limit ($3/$6 USD) - 2016/11/29 11:53:24 ET
Table 'Lykaon' 6-max Seat #1 is the button
Seat 1: Teddy_TTL ($167.96 in chips)
Seat 2: xcgxcg2005 ($44.29 in chips)
Teddy_TTL: posts small blind $1
xcgxcg2005: posts big blind $3
*** HOLE CARDS ***
Teddy_TTL: folds
Uncalled bet ($2) returned to xcgxcg2005
xcgxcg2005 collected $2 from pot
xcgxcg2005: doesn't show hand
*** SUMMARY ***
Total pot $2 | Rake $0
Seat 1: Teddy_TTL (button) (small blind) folded before Flop
Seat 2: xcgxcg2005 (big blind) collected ($2)


PokerStars Hand #162143419301:  Hold'em Limit ($3/$6 USD) - 2016/11/29 11:53:18 ET
Table 'Lykaon' 6-max Seat #2 is the button
Seat 1: Teddy_TTL ($166.96 in chips)
Seat 2: xcgxcg2005 ($45.29 in chips)
xcgxcg2005: posts small blind $1
Teddy_TTL: posts big blind $3
*** HOLE CARDS ***
xcgxcg2005: folds
Uncalled bet ($2) returned to Teddy_TTL
Teddy_TTL collected $2 from pot
Teddy_TTL: doesn't show hand
*** SUMMARY ***
Total pot $2 | Rake $0
Seat 1: Teddy_TTL (big blind) collected ($2)
Seat 2: xcgxcg2005 (button) (small blind) folded before Flop


PokerStars Hand #162143398556:  Hold'em Limit ($3/$6 USD) - 2016/11/29 11:52:51 ET
Table 'Lykaon' 6-max Seat #1 is the button
Seat 1: Teddy_TTL ($155.44 in chips)
Seat 2: xcgxcg2005 ($57.29 in chips)
Teddy_TTL: posts small blind $1
xcgxcg2005: posts big blind $3
*** HOLE CARDS ***
Teddy_TTL: raises $3 to $6
xcgxcg2005: raises $3 to $9
Teddy_TTL: calls $3
*** FLOP *** [2c Tc 8c]
xcgxcg2005: bets $3
Teddy_TTL: calls $3
*** TURN *** [2c Tc 8c] [9h]
xcgxcg2005: checks
Teddy_TTL: checks
*** RIVER *** [2c Tc 8c 9h] [9c]
xcgxcg2005: checks
Teddy_TTL: checks
*** SHOW DOWN ***
xcgxcg2005: shows [3h 5d] (a pair of Nines)
Teddy_TTL: shows [Js Ad] (a pair of Nines - Ace kicker)
Teddy_TTL collected $23.52 from pot
*** SUMMARY ***
Total pot $24 | Rake $0.48
Board [2c Tc 8c 9h 9c]
Seat 1: Teddy_TTL (button) (small blind) showed [Js Ad] and won ($23.52) with a pair of Nines
Seat 2: xcgxcg2005 (big blind) showed [3h 5d] and lost with a pair of Nines


PokerStars Hand #162143394362:  Hold'em Limit ($3/$6 USD) - 2016/11/29 11:52:46 ET
Table 'Lykaon' 6-max Seat #2 is the button
Seat 1: Teddy_TTL ($154.44 in chips)
Seat 2: xcgxcg2005 ($58.29 in chips)
xcgxcg2005: posts small blind $1
Teddy_TTL: posts big blind $3
*** HOLE CARDS ***
xcgxcg2005: folds
Uncalled bet ($2) returned to Teddy_TTL
Teddy_TTL collected $2 from pot
Teddy_TTL: doesn't show hand
*** SUMMARY ***
Total pot $2 | Rake $0
Seat 1: Teddy_TTL (big blind) collected ($2)
Seat 2: xcgxcg2005 (button) (small blind) folded before Flop


PokerStars Hand #162143390724:  Hold'em Limit ($3/$6 USD) - 2016/11/29 11:52:41 ET
Table 'Lykaon' 6-max Seat #1 is the button
Seat 1: Teddy_TTL ($155.44 in chips)
Seat 2: xcgxcg2005 ($57.29 in chips)
Teddy_TTL: posts small blind $1
xcgxcg2005: posts big blind $3
*** HOLE CARDS ***
Teddy_TTL: folds
Uncalled bet ($2) returned to xcgxcg2005
xcgxcg2005 collected $2 from pot
xcgxcg2005: doesn't show hand
*** SUMMARY ***
Total pot $2 | Rake $0
Seat 1: Teddy_TTL (button) (small blind) folded before Flop
Seat 2: xcgxcg2005 (big blind) collected ($2)


PokerStars Hand #162143385635:  Hold'em Limit ($3/$6 USD) - 2016/11/29 11:52:34 ET
Table 'Lykaon' 6-max Seat #2 is the button
Seat 1: Teddy_TTL ($158.44 in chips)
Seat 2: xcgxcg2005 ($54.29 in chips)
xcgxcg2005: posts small blind $1
Teddy_TTL: posts big blind $3
*** HOLE CARDS ***
xcgxcg2005: raises $3 to $6
Teddy_TTL: folds
Uncalled bet ($3) returned to xcgxcg2005
xcgxcg2005 collected $6 from pot
xcgxcg2005: doesn't show hand
*** SUMMARY ***
Total pot $6 | Rake $0
Seat 1: Teddy_TTL (big blind) folded before Flop
Seat 2: xcgxcg2005 (button) (small blind) collected ($6)


PokerStars Hand #162143458854:  Hold'em Limit ($3/$6 USD) - 2016/11/29 11:54:10 ET
Table 'Lykaon' 6-max Seat #2 is the button
Seat 1: Teddy_TTL ($158.96 in chips)
Seat 2: xcgxcg2005 ($52.93 in chips)
xcgxcg2005: posts small blind $1
Teddy_TTL: posts big blind $3
*** HOLE CARDS ***
xcgxcg2005: raises $3 to $6
Teddy_TTL: calls $3
*** FLOP *** [4d Kd As]
Teddy_TTL: checks
xcgxcg2005: bets $3
Teddy_TTL: folds
Uncalled bet ($3) returned to xcgxcg2005
xcgxcg2005 collected $11.76 from pot
xcgxcg2005: doesn't show hand
*** SUMMARY ***
Total pot $12 | Rake $0.24
Board [4d Kd As]
Seat 1: Teddy_TTL (big blind) folded on the Flop
Seat 2: xcgxcg2005 (button) (small blind) collected ($11.76)


PokerStars Hand #162143454618:  Hold'em Limit ($3/$6 USD) - 2016/11/29 11:54:04 ET
Table 'Lykaon' 6-max Seat #1 is the button
Seat 1: Teddy_TTL ($159.96 in chips)
Seat 2: xcgxcg2005 ($51.93 in chips)
Teddy_TTL: posts small blind $1
xcgxcg2005: posts big blind $3
*** HOLE CARDS ***
Teddy_TTL: folds
Uncalled bet ($2) returned to xcgxcg2005
xcgxcg2005 collected $2 from pot
xcgxcg2005: doesn't show hand
*** SUMMARY ***
Total pot $2 | Rake $0
Seat 1: Teddy_TTL (button) (small blind) folded before Flop
Seat 2: xcgxcg2005 (big blind) collected ($2)


PokerStars Hand #162143449746:  Hold'em Limit ($3/$6 USD) - 2016/11/29 11:53:58 ET
Table 'Lykaon' 6-max Seat #2 is the button
Seat 1: Teddy_TTL ($158.96 in chips)
Seat 2: xcgxcg2005 ($52.93 in chips)
xcgxcg2005: posts small blind $1
Teddy_TTL: posts big blind $3
*** HOLE CARDS ***
xcgxcg2005: folds
Uncalled bet ($2) returned to Teddy_TTL
Teddy_TTL collected $2 from pot
Teddy_TTL: doesn't show hand
*** SUMMARY ***
Total pot $2 | Rake $0
Seat 1: Teddy_TTL (big blind) collected ($2)
Seat 2: xcgxcg2005 (button) (small blind) folded before Flop


PokerStars Hand #162143431852:  Hold'em Limit ($3/$6 USD) - 2016/11/29 11:53:35 ET
Table 'Lykaon' 6-max Seat #1 is the button
Seat 1: Teddy_TTL ($167.96 in chips)
Seat 2: xcgxcg2005 ($44.29 in chips)
Teddy_TTL: posts small blind $1
xcgxcg2005: posts big blind $3
*** HOLE CARDS ***
Teddy_TTL: raises $3 to $6
xcgxcg2005: calls $3
*** FLOP *** [7s Jh Th]
xcgxcg2005: checks
Teddy_TTL: bets $3
xcgxcg2005: calls $3
*** TURN *** [7s Jh Th] [9h]
xcgxcg2005: checks
Teddy_TTL: checks
*** RIVER *** [7s Jh Th 9h] [2c]
xcgxcg2005: checks
Teddy_TTL: checks
*** SHOW DOWN ***
xcgxcg2005: shows [9d 5d] (a pair of Nines)
Teddy_TTL: mucks hand
xcgxcg2005 collected $17.64 from pot
*** SUMMARY ***
Total pot $18 | Rake $0.36
Board [7s Jh Th 9h 2c]
Seat 1: Teddy_TTL (button) (small blind) mucked
Seat 2: xcgxcg2005 (big blind) showed [9d 5d] and won ($17.64) with a pair of Nines


PokerStars Hand #162143505944:  Hold'em Limit ($3/$6 USD) - 2016/11/29 11:55:11 ET
Table 'Lykaon' 6-max Seat #1 is the button
Seat 1: Teddy_TTL ($184.98 in chips)
Seat 2: xcgxcg2005 ($25.69 in chips)
Teddy_TTL: posts small blind $1
xcgxcg2005: posts big blind $3
*** HOLE CARDS ***
Teddy_TTL: raises $3 to $6
xcgxcg2005: calls $3
*** FLOP *** [4h 6d 3h]
xcgxcg2005: checks
Teddy_TTL: bets $3
xcgxcg2005: calls $3
*** TURN *** [4h 6d 3h] [Ts]
xcgxcg2005: checks
Teddy_TTL: checks
*** RIVER *** [4h 6d 3h Ts] [Ks]
xcgxcg2005: checks
Teddy_TTL: checks
*** SHOW DOWN ***
xcgxcg2005: shows [2s As] (high card Ace)
Teddy_TTL: shows [Qs 3s] (a pair of Threes)
Teddy_TTL collected $17.64 from pot
*** SUMMARY ***
Total pot $18 | Rake $0.36
Board [4h 6d 3h Ts Ks]
Seat 1: Teddy_TTL (button) (small blind) showed [Qs 3s] and won ($17.64) with a pair of Threes
Seat 2: xcgxcg2005 (big blind) showed [2s As] and lost with high card Ace


PokerStars Hand #162143487271:  Hold'em Limit ($3/$6 USD) - 2016/11/29 11:54:47 ET
Table 'Lykaon' 6-max Seat #2 is the button
Seat 1: Teddy_TTL ($173.46 in chips)
Seat 2: xcgxcg2005 ($37.69 in chips)
xcgxcg2005: posts small blind $1
Teddy_TTL: posts big blind $3
*** HOLE CARDS ***
xcgxcg2005: raises $3 to $6
Teddy_TTL: calls $3
*** FLOP *** [3s 4s 5c]
Teddy_TTL: checks
xcgxcg2005: checks
*** TURN *** [3s 4s 5c] [5h]
Teddy_TTL: checks
xcgxcg2005: bets $6
Teddy_TTL: calls $6
*** RIVER *** [3s 4s 5c 5h] [9h]
Teddy_TTL: checks
xcgxcg2005: checks
*** SHOW DOWN ***
Teddy_TTL: shows [9c 6c] (two pair, Nines and Fives)
xcgxcg2005: mucks hand
Teddy_TTL collected $23.52 from pot
*** SUMMARY ***
Total pot $24 | Rake $0.48
Board [3s 4s 5c 5h 9h]
Seat 1: Teddy_TTL (big blind) showed [9c 6c] and won ($23.52) with two pair, Nines and Fives
Seat 2: xcgxcg2005 (button) (small blind) mucked


PokerStars Hand #162143468348:  Hold'em Limit ($3/$6 USD) - 2016/11/29 11:54:22 ET
Table 'Lykaon' 6-max Seat #1 is the button
Seat 1: Teddy_TTL ($152.96 in chips)
Seat 2: xcgxcg2005 ($58.69 in chips)
Teddy_TTL: posts small blind $1
xcgxcg2005: posts big blind $3
*** HOLE CARDS ***
Teddy_TTL: raises $3 to $6
xcgxcg2005: calls $3
*** FLOP *** [6s Qc Kh]
xcgxcg2005: checks
Teddy_TTL: bets $3
xcgxcg2005: calls $3
*** TURN *** [6s Qc Kh] [8s]
xcgxcg2005: checks
Teddy_TTL: bets $6
xcgxcg2005: calls $6
*** RIVER *** [6s Qc Kh 8s] [3s]
xcgxcg2005: checks
Teddy_TTL: bets $6
xcgxcg2005: calls $6
*** SHOW DOWN ***
Teddy_TTL: shows [5s 7s] (a flush, Eight high)
xcgxcg2005: mucks hand
Teddy_TTL collected $41.50 from pot
*** SUMMARY ***
Total pot $42 | Rake $0.50
Board [6s Qc Kh 8s 3s]
Seat 1: Teddy_TTL (button) (small blind) showed [5s 7s] and won ($41.50) with a flush, Eight high
Seat 2: xcgxcg2005 (big blind) mucked


PokerStars Hand #162143552903:  Hold'em Limit ($3/$6 USD) - 2016/11/29 11:56:23 ET
Table 'Lykaon' 6-max Seat #2 is the button
Seat 1: Teddy_TTL ($209.64 in chips)
Seat 2: xcgxcg2005 ($89.24 in chips)
xcgxcg2005: posts small blind $1
Teddy_TTL: posts big blind $3
*** HOLE CARDS ***
xcgxcg2005: raises $3 to $6
Teddy_TTL: folds
Uncalled bet ($3) returned to xcgxcg2005
xcgxcg2005 collected $6 from pot
xcgxcg2005: doesn't show hand
*** SUMMARY ***
Total pot $6 | Rake $0
Seat 1: Teddy_TTL (big blind) folded before Flop
Seat 2: xcgxcg2005 (button) (small blind) collected ($6)


PokerStars Hand #162143543487:  Hold'em Limit ($3/$6 USD) - 2016/11/29 11:56:09 ET
Table 'Lykaon' 6-max Seat #1 is the button
Seat 1: Teddy_TTL ($202.26 in chips)
Seat 2: xcgxcg2005 ($7.69 in chips)
Teddy_TTL: posts small blind $1
xcgxcg2005: posts big blind $3
*** HOLE CARDS ***
Teddy_TTL: raises $3 to $6
xcgxcg2005: raises $1.69 to $7.69 and is all-in
Teddy_TTL: calls $1.69
*** FLOP *** [6d 6c 5d]
*** TURN *** [6d 6c 5d] [Ah]
*** RIVER *** [6d 6c 5d Ah] [Jd]
*** SHOW DOWN ***
xcgxcg2005: shows [Th 8h] (a pair of Sixes)
Teddy_TTL: shows [Ks 5h] (two pair, Sixes and Fives)
Teddy_TTL collected $15.07 from pot
*** SUMMARY ***
Total pot $15.38 | Rake $0.31
Board [6d 6c 5d Ah Jd]
Seat 1: Teddy_TTL (button) (small blind) showed [Ks 5h] and won ($15.07) with two pair, Sixes and Fives
Seat 2: xcgxcg2005 (big blind) showed [Th 8h] and lost with a pair of Sixes


PokerStars Hand #162143528173:  Hold'em Limit ($3/$6 USD) - 2016/11/29 11:55:45 ET
Table 'Lykaon' 6-max Seat #2 is the button
Seat 1: Teddy_TTL ($193.62 in chips)
Seat 2: xcgxcg2005 ($16.69 in chips)
xcgxcg2005: posts small blind $1
Teddy_TTL: posts big blind $3
*** HOLE CARDS ***
xcgxcg2005: raises $3 to $6
Teddy_TTL: calls $3
*** FLOP *** [As 5d 9h]
Teddy_TTL: checks
xcgxcg2005: bets $3
Teddy_TTL: calls $3
*** TURN *** [As 5d 9h] [Kc]
Teddy_TTL: checks
xcgxcg2005: checks
*** RIVER *** [As 5d 9h Kc] [8h]
Teddy_TTL: bets $6
xcgxcg2005: folds
Uncalled bet ($6) returned to Teddy_TTL
Teddy_TTL collected $17.64 from pot
Teddy_TTL: doesn't show hand
*** SUMMARY ***
Total pot $18 | Rake $0.36
Board [As 5d 9h Kc 8h]
Seat 1: Teddy_TTL (big blind) collected ($17.64)
Seat 2: xcgxcg2005 (button) (small blind) folded on the River


PokerStars Hand #162143524995:  Hold'em Limit ($3/$6 USD) - 2016/11/29 11:55:41 ET
Table 'Lykaon' 6-max Seat #1 is the button
Seat 1: Teddy_TTL ($194.62 in chips)
Seat 2: xcgxcg2005 ($15.69 in chips)
Teddy_TTL: posts small blind $1
xcgxcg2005: posts big blind $3
*** HOLE CARDS ***
Teddy_TTL: folds
Uncalled bet ($2) returned to xcgxcg2005
xcgxcg2005 collected $2 from pot
xcgxcg2005: doesn't show hand
*** SUMMARY ***
Total pot $2 | Rake $0
Seat 1: Teddy_TTL (button) (small blind) folded before Flop
Seat 2: xcgxcg2005 (big blind) collected ($2)


PokerStars Hand #162143521880:  Hold'em Limit ($3/$6 USD) - 2016/11/29 11:55:36 ET
Table 'Lykaon' 6-max Seat #2 is the button
Seat 1: Teddy_TTL ($193.62 in chips)
Seat 2: xcgxcg2005 ($16.69 in chips)
xcgxcg2005: posts small blind $1
Teddy_TTL: posts big blind $3
*** HOLE CARDS ***
xcgxcg2005: folds
Uncalled bet ($2) returned to Teddy_TTL
Teddy_TTL collected $2 from pot
Teddy_TTL: doesn't show hand
*** SUMMARY ***
Total pot $2 | Rake $0
Seat 1: Teddy_TTL (big blind) collected ($2)
Seat 2: xcgxcg2005 (button) (small blind) folded before Flop


PokerStars Hand #162143585600:  Hold'em Limit ($3/$6 USD) - 2016/11/29 11:57:12 ET
Table 'Lykaon' 6-max Seat #1 is the button
Seat 1: Teddy_TTL ($251.14 in chips)
Seat 2: xcgxcg2005 ($47.24 in chips)
Teddy_TTL: posts small blind $1
xcgxcg2005: posts big blind $3
*** HOLE CARDS ***
Teddy_TTL: folds
Uncalled bet ($2) returned to xcgxcg2005
xcgxcg2005 collected $2 from pot
xcgxcg2005: doesn't show hand
*** SUMMARY ***
Total pot $2 | Rake $0
Seat 1: Teddy_TTL (button) (small blind) folded before Flop
Seat 2: xcgxcg2005 (big blind) collected ($2)


PokerStars Hand #162143579042:  Hold'em Limit ($3/$6 USD) - 2016/11/29 11:57:02 ET
Table 'Lykaon' 6-max Seat #2 is the button
Seat 1: Teddy_TTL ($254.14 in chips)
Seat 2: xcgxcg2005 ($44.24 in chips)
xcgxcg2005: posts small blind $1
Teddy_TTL: posts big blind $3
*** HOLE CARDS ***
xcgxcg2005: raises $3 to $6
Teddy_TTL: folds
Uncalled bet ($3) returned to xcgxcg2005
xcgxcg2005 collected $6 from pot
xcgxcg2005: doesn't show hand
*** SUMMARY ***
Total pot $6 | Rake $0
Seat 1: Teddy_TTL (big blind) folded before Flop
Seat 2: xcgxcg2005 (button) (small blind) collected ($6)


PokerStars Hand #162143558661:  Hold'em Limit ($3/$6 USD) - 2016/11/29 11:56:32 ET
Table 'Lykaon' 6-max Seat #1 is the button
Seat 1: Teddy_TTL ($206.64 in chips)
Seat 2: xcgxcg2005 ($92.24 in chips)
Teddy_TTL: posts small blind $1
xcgxcg2005: posts big blind $3
*** HOLE CARDS ***
Teddy_TTL: raises $3 to $6
xcgxcg2005: raises $3 to $9
Teddy_TTL: calls $3
*** FLOP *** [Jc 3c 5d]
xcgxcg2005: bets $3
Teddy_TTL: calls $3
*** TURN *** [Jc 3c 5d] [Ah]
xcgxcg2005: bets $6
Teddy_TTL: raises $6 to $12
xcgxcg2005: raises $6 to $18
Teddy_TTL: raises $6 to $24
Betting is capped
xcgxcg2005: calls $6
*** RIVER *** [Jc 3c 5d Ah] [Qh]
xcgxcg2005: bets $6
Teddy_TTL: raises $6 to $12
xcgxcg2005: calls $6
*** SHOW DOWN ***
Teddy_TTL: shows [3d 3s] (three of a kind, Threes)
xcgxcg2005: mucks hand
Teddy_TTL collected $95.50 from pot
*** SUMMARY ***
Total pot $96 | Rake $0.50
Board [Jc 3c 5d Ah Qh]
Seat 1: Teddy_TTL (button) (small blind) showed [3d 3s] and won ($95.50) with three of a kind, Threes
Seat 2: xcgxcg2005 (big blind) mucked


PokerStars Hand #162143607667:  Hold'em Limit ($3/$6 USD) - 2016/11/29 11:57:45 ET
Table 'Lykaon' 6-max Seat #1 is the button
Seat 1: Teddy_TTL ($285.64 in chips)
Seat 2: xcgxcg2005 ($12.24 in chips)
Teddy_TTL: posts small blind $1
xcgxcg2005: posts big blind $3
*** HOLE CARDS ***
Teddy_TTL: raises $3 to $6
xcgxcg2005: raises $3 to $9
Teddy_TTL: calls $3
*** FLOP *** [6c 3s 2s]
xcgxcg2005: bets $3
Teddy_TTL: raises $3 to $6
xcgxcg2005: calls $0.24 and is all-in
Uncalled bet ($2.76) returned to Teddy_TTL
*** TURN *** [6c 3s 2s] [Qd]
*** RIVER *** [6c 3s 2s Qd] [As]
*** SHOW DOWN ***
xcgxcg2005: shows [Qs Ah] (two pair, Aces and Queens)
Teddy_TTL: shows [2h Kh] (a pair of Deuces)
xcgxcg2005 collected $23.99 from pot
*** SUMMARY ***
Total pot $24.48 | Rake $0.49
Board [6c 3s 2s Qd As]
Seat 1: Teddy_TTL (button) (small blind) showed [2h Kh] and lost with a pair of Deuces
Seat 2: xcgxcg2005 (big blind) showed [Qs Ah] and won ($23.99) with two pair, Aces and Queens


PokerStars Hand #162143588943:  Hold'em Limit ($3/$6 USD) - 2016/11/29 11:57:17 ET
Table 'Lykaon' 6-max Seat #2 is the button
Seat 1: Teddy_TTL ($250.14 in chips)
Seat 2: xcgxcg2005 ($48.24 in chips)
xcgxcg2005: posts small blind $1
Teddy_TTL: posts big blind $3
*** HOLE CARDS ***
xcgxcg2005: raises $3 to $6
Teddy_TTL: calls $3
*** FLOP *** [Jh 9d 7c]
Teddy_TTL: checks
xcgxcg2005: bets $3
Teddy_TTL: raises $3 to $6
xcgxcg2005: raises $3 to $9
Teddy_TTL: raises $3 to $12
Betting is capped
EpifDi joins the table at seat #3
xcgxcg2005: calls $3
*** TURN *** [Jh 9d 7c] [2c]
Teddy_TTL: bets $6
xcgxcg2005: raises $6 to $12
Teddy_TTL: raises $6 to $18
xcgxcg2005: calls $6
*** RIVER *** [Jh 9d 7c 2c] [Qd]
Teddy_TTL: bets $6
xcgxcg2005: folds
Uncalled bet ($6) returned to Teddy_TTL
Teddy_TTL collected $71.50 from pot
Teddy_TTL: doesn't show hand
*** SUMMARY ***
Total pot $72 | Rake $0.50
Board [Jh 9d 7c 2c Qd]
Seat 1: Teddy_TTL (big blind) collected ($71.50)
Seat 2: xcgxcg2005 (button) (small blind) folded on the River


PokerStars Hand #162143862418:  Hold'em Limit ($3/$6 USD) - 2016/11/29 12:03:38 ET
Table 'Lykaon' 6-max Seat #1 is the button
Seat 1: Teddy_TTL ($248.08 in chips)
Seat 5: Hannibal2211 ($138.99 in chips)
Teddy_TTL: posts small blind $1
Hannibal2211: posts big blind $3
*** HOLE CARDS ***
Teddy_TTL: raises $3 to $6
Hannibal2211: calls $3
*** FLOP *** [9h Ks 3h]
Hannibal2211: checks
Teddy_TTL: bets $3
Hannibal2211: folds
Uncalled bet ($3) returned to Teddy_TTL
EpifDi leaves the table
Teddy_TTL collected $11.76 from pot
Teddy_TTL: doesn't show hand
*** SUMMARY ***
Total pot $12 | Rake $0.24
Board [9h Ks 3h]
Seat 1: Teddy_TTL (button) (small blind) collected ($11.76)
Seat 5: Hannibal2211 (big blind) folded on the Flop


PokerStars Hand #162143870706:  Hold'em Limit ($3/$6 USD) - 2016/11/29 12:03:49 ET
Table 'Lykaon' 6-max Seat #5 is the button
Seat 1: Teddy_TTL ($253.84 in chips)
Seat 5: Hannibal2211 ($132.99 in chips)
Hannibal2211: posts small blind $1
Teddy_TTL: posts big blind $3
*** HOLE CARDS ***
Hannibal2211: raises $3 to $6
Teddy_TTL: calls $3
*** FLOP *** [2d 5c 3c]
Teddy_TTL: checks
Hannibal2211: bets $3
Teddy_TTL: folds
Uncalled bet ($3) returned to Hannibal2211
Hannibal2211 collected $11.76 from pot
Hannibal2211: doesn't show hand
*** SUMMARY ***
Total pot $12 | Rake $0.24
Board [2d 5c 3c]
Seat 1: Teddy_TTL (big blind) folded on the Flop
Seat 5: Hannibal2211 (button) (small blind) collected ($11.76)


