PokerStars Hand #171354416966:  Hold'em Limit ($3/$6 USD) - 2017/06/04 20:06:36 ET
Table 'Lyka' 6-max Seat #3 is the button
Seat 1: andyrr ($108.54 in chips)
Seat 3: soucykole ($108.90 in chips)
soucykole: posts small blind $1
andyrr: posts big blind $3
*** HOLE CARDS ***
soucykole: folds
Uncalled bet ($2) returned to andyrr
andyrr collected $2 from pot
*** SUMMARY ***
Total pot $2 | Rake $0
Seat 1: andyrr (big blind) collected ($2)
Seat 3: soucykole (button) (small blind) folded before Flop


PokerStars Hand #171363972119:  Hold'em Limit ($3/$6 USD) - 2017/06/05 4:54:11 ET
Table 'Lyka' 6-max Seat #4 is the button
Seat 3: fire852181 ($156.56 in chips)
Seat 4: kiwi/mike ($306.52 in chips)
kiwi/mike: posts small blind $1
Pelurile: is sitting out
fire852181: posts big blind $3
*** HOLE CARDS ***
kiwi/mike: folds
Uncalled bet ($2) returned to fire852181
fire852181 collected $2 from pot
fire852181: doesn't show hand
*** SUMMARY ***
Total pot $2 | Rake $0
Seat 3: fire852181 (big blind) collected ($2)
Seat 4: kiwi/mike (button) (small blind) folded before Flop


PokerStars Hand #171363974652:  Hold'em Limit ($3/$6 USD) - 2017/06/05 4:54:19 ET
Table 'Lyka' 6-max Seat #3 is the button
Seat 3: fire852181 ($157.56 in chips)
Seat 4: kiwi/mike ($305.52 in chips)
fire852181: posts small blind $1
kiwi/mike: posts big blind $3
*** HOLE CARDS ***
fire852181: raises $3 to $6
kiwi/mike: folds
Uncalled bet ($3) returned to fire852181
fire852181 collected $6 from pot
fire852181: doesn't show hand
*** SUMMARY ***
Total pot $6 | Rake $0
Seat 3: fire852181 (button) (small blind) collected ($6)
Seat 4: kiwi/mike (big blind) folded before Flop


PokerStars Hand #171363977964:  Hold'em Limit ($3/$6 USD) - 2017/06/05 4:54:28 ET
Table 'Lyka' 6-max Seat #4 is the button
Seat 3: fire852181 ($160.56 in chips)
Seat 4: kiwi/mike ($302.52 in chips)
kiwi/mike: posts small blind $1
VolkovDmitri was removed from the table for failing to post
fire852181: posts big blind $3
*** HOLE CARDS ***
kiwi/mike: raises $3 to $6
fire852181: calls $3
*** FLOP *** [Ah 2c 3s]
fire852181: checks
kiwi/mike: bets $3
fire852181: folds
Uncalled bet ($3) returned to kiwi/mike
kiwi/mike collected $11.76 from pot
kiwi/mike: doesn't show hand
*** SUMMARY ***
Total pot $12 | Rake $0.24
Board [Ah 2c 3s]
Seat 3: fire852181 (big blind) folded on the Flop
Seat 4: kiwi/mike (button) (small blind) collected ($11.76)


PokerStars Hand #171364010881:  Hold'em Limit ($3/$6 USD) - 2017/06/05 4:56:09 ET
Table 'Lyka' 6-max Seat #4 is the button
Seat 3: fire852181 ($149.56 in chips)
Seat 4: MissEKAmouse ($124.64 in chips)
MissEKAmouse: posts small blind $1
fire852181: posts big blind $3
*** HOLE CARDS ***
MissEKAmouse: raises $3 to $6
fire852181: folds
Uncalled bet ($3) returned to MissEKAmouse
MissEKAmouse collected $6 from pot
MissEKAmouse: doesn't show hand
*** SUMMARY ***
Total pot $6 | Rake $0
Seat 3: fire852181 (big blind) folded before Flop
Seat 4: MissEKAmouse (button) (small blind) collected ($6)


PokerStars Hand #171364005417:  Hold'em Limit ($3/$6 USD) - 2017/06/05 4:55:52 ET
Table 'Lyka' 6-max Seat #4 is the button
Seat 3: fire852181 ($145.56 in chips)
Seat 4: MissEKAmouse ($128.64 in chips)
MissEKAmouse: posts small blind $1
fire852181: posts big blind $3
*** HOLE CARDS ***
MissEKAmouse: folds
Uncalled bet ($2) returned to fire852181
fire852181 collected $2 from pot
fire852181: doesn't show hand
*** SUMMARY ***
Total pot $2 | Rake $0
Seat 3: fire852181 (big blind) collected ($2)
Seat 4: MissEKAmouse (button) (small blind) folded before Flop


PokerStars Hand #171363994046:  Hold'em Limit ($3/$6 USD) - 2017/06/05 4:55:15 ET
Table 'Lyka' 6-max Seat #3 is the button
Seat 3: fire852181 ($154.56 in chips)
Seat 4: MissEKAmouse ($120 in chips)
fire852181: posts small blind $1
MissEKAmouse: posts big blind $3
*** HOLE CARDS ***
fire852181: raises $3 to $6
MissEKAmouse: calls $3
*** FLOP *** [8d Tc 5c]
Pelurile is disconnected
MissEKAmouse: checks
fire852181: bets $3
MissEKAmouse: raises $3 to $6
fire852181: folds
Uncalled bet ($3) returned to MissEKAmouse
MissEKAmouse collected $17.64 from pot
MissEKAmouse: doesn't show hand
*** SUMMARY ***
Total pot $18 | Rake $0.36
Board [8d Tc 5c]
Seat 3: fire852181 (button) (small blind) folded on the Flop
Seat 4: MissEKAmouse (big blind) collected ($17.64)


PokerStars Hand #171364007633:  Hold'em Limit ($3/$6 USD) - 2017/06/05 4:55:59 ET
Table 'Lyka' 6-max Seat #3 is the button
Seat 3: fire852181 ($146.56 in chips)
Seat 4: MissEKAmouse ($127.64 in chips)
fire852181: posts small blind $1
MissEKAmouse: posts big blind $3
*** HOLE CARDS ***
fire852181: raises $3 to $6
MissEKAmouse: folds
Uncalled bet ($3) returned to fire852181
fire852181 collected $6 from pot
fire852181: doesn't show hand
*** SUMMARY ***
Total pot $6 | Rake $0
Seat 3: fire852181 (button) (small blind) collected ($6)
Seat 4: MissEKAmouse (big blind) folded before Flop


PokerStars Hand #171364013687:  Hold'em Limit ($3/$6 USD) - 2017/06/05 4:56:18 ET
Table 'Lyka' 6-max Seat #3 is the button
Seat 3: fire852181 ($146.56 in chips)
Seat 4: MissEKAmouse ($127.64 in chips)
fire852181: posts small blind $1
MissEKAmouse: posts big blind $3
*** HOLE CARDS ***
fire852181: folds
Uncalled bet ($2) returned to MissEKAmouse
MissEKAmouse collected $2 from pot
MissEKAmouse: doesn't show hand
*** SUMMARY ***
Total pot $2 | Rake $0
Seat 3: fire852181 (button) (small blind) folded before Flop
Seat 4: MissEKAmouse (big blind) collected ($2)


PokerStars Hand #171364019762:  Hold'em Limit ($3/$6 USD) - 2017/06/05 4:56:37 ET
Table 'Lyka' 6-max Seat #3 is the button
Seat 3: fire852181 ($146.56 in chips)
Seat 4: MissEKAmouse ($127.64 in chips)
fire852181: posts small blind $1
MissEKAmouse: posts big blind $3
*** HOLE CARDS ***
fire852181: raises $3 to $6
MissEKAmouse: calls $3
*** FLOP *** [2c 3d Kd]
MissEKAmouse: checks
fire852181: bets $3
MissEKAmouse: raises $3 to $6
fire852181: folds
Uncalled bet ($3) returned to MissEKAmouse
MissEKAmouse collected $17.64 from pot
MissEKAmouse: doesn't show hand
*** SUMMARY ***
Total pot $18 | Rake $0.36
Board [2c 3d Kd]
Seat 3: fire852181 (button) (small blind) folded on the Flop
Seat 4: MissEKAmouse (big blind) collected ($17.64)


PokerStars Hand #171364027580:  Hold'em Limit ($3/$6 USD) - 2017/06/05 4:57:02 ET
Table 'Lyka' 6-max Seat #4 is the button
Seat 3: fire852181 ($137.56 in chips)
Seat 4: MissEKAmouse ($136.28 in chips)
MissEKAmouse: posts small blind $1
fire852181: posts big blind $3
*** HOLE CARDS ***
MissEKAmouse: raises $3 to $6
fire852181: calls $3
*** FLOP *** [As 5d Ac]
fire852181: checks
MissEKAmouse: bets $3
fire852181: raises $3 to $6
MissEKAmouse: calls $3
*** TURN *** [As 5d Ac] [9h]
fire852181: checks
MissEKAmouse: bets $6
fire852181: calls $6
*** RIVER *** [As 5d Ac 9h] [2s]
fire852181: checks
MissEKAmouse: checks
*** SHOW DOWN ***
fire852181: shows [Ah 8d] (three of a kind, Aces)
MissEKAmouse: mucks hand
fire852181 collected $35.50 from pot
*** SUMMARY ***
Total pot $36 | Rake $0.50
Board [As 5d Ac 9h 2s]
Seat 3: fire852181 (big blind) showed [Ah 8d] and won ($35.50) with three of a kind, Aces
Seat 4: MissEKAmouse (button) (small blind) mucked


PokerStars Hand #171364045990:  Hold'em Limit ($3/$6 USD) - 2017/06/05 4:57:59 ET
Table 'Lyka' 6-max Seat #4 is the button
Seat 3: fire852181 ($158.06 in chips)
Seat 4: MissEKAmouse ($120 in chips)
MissEKAmouse: posts small blind $1
fire852181: posts big blind $3
*** HOLE CARDS ***
MissEKAmouse: folds
Uncalled bet ($2) returned to fire852181
fire852181 collected $2 from pot
fire852181: doesn't show hand
*** SUMMARY ***
Total pot $2 | Rake $0
Seat 3: fire852181 (big blind) collected ($2)
Seat 4: MissEKAmouse (button) (small blind) folded before Flop


PokerStars Hand #171364061178:  Hold'em Limit ($3/$6 USD) - 2017/06/05 4:58:46 ET
Table 'Lyka' 6-max Seat #3 is the button
Seat 3: fire852181 ($179.56 in chips)
Seat 4: MissEKAmouse ($123 in chips)
fire852181: posts small blind $1
MissEKAmouse: posts big blind $3
*** HOLE CARDS ***
fire852181: folds
Uncalled bet ($2) returned to MissEKAmouse
MissEKAmouse collected $2 from pot
MissEKAmouse: doesn't show hand
*** SUMMARY ***
Total pot $2 | Rake $0
Seat 3: fire852181 (button) (small blind) folded before Flop
Seat 4: MissEKAmouse (big blind) collected ($2)


PokerStars Hand #171364057272:  Hold'em Limit ($3/$6 USD) - 2017/06/05 4:58:34 ET
Table 'Lyka' 6-max Seat #4 is the button
Seat 3: fire852181 ($182.56 in chips)
Seat 4: MissEKAmouse ($120 in chips)
MissEKAmouse: posts small blind $1
fire852181: posts big blind $3
*** HOLE CARDS ***
MissEKAmouse: raises $3 to $6
fire852181: folds
Uncalled bet ($3) returned to MissEKAmouse
MissEKAmouse collected $6 from pot
MissEKAmouse: doesn't show hand
*** SUMMARY ***
Total pot $6 | Rake $0
Seat 3: fire852181 (big blind) folded before Flop
Seat 4: MissEKAmouse (button) (small blind) collected ($6)


PokerStars Hand #171364048177:  Hold'em Limit ($3/$6 USD) - 2017/06/05 4:58:06 ET
Table 'Lyka' 6-max Seat #3 is the button
Seat 3: fire852181 ($159.06 in chips)
Seat 4: MissEKAmouse ($120 in chips)
fire852181: posts small blind $1
MissEKAmouse: posts big blind $3
*** HOLE CARDS ***
fire852181: raises $3 to $6
MissEKAmouse: calls $3
*** FLOP *** [2c Js 8s]
MissEKAmouse: checks
fire852181: bets $3
MissEKAmouse: raises $3 to $6
fire852181: calls $3
*** TURN *** [2c Js 8s] [4c]
MissEKAmouse: bets $6
fire852181: calls $6
*** RIVER *** [2c Js 8s 4c] [7c]
MissEKAmouse: bets $6
fire852181: calls $6
*** SHOW DOWN ***
MissEKAmouse: shows [8d 5h] (a pair of Eights)
fire852181: shows [9d 9s] (a pair of Nines)
fire852181 collected $47.50 from pot
Pelurile is disconnected
*** SUMMARY ***
Total pot $48 | Rake $0.50
Board [2c Js 8s 4c 7c]
Seat 3: fire852181 (button) (small blind) showed [9d 9s] and won ($47.50) with a pair of Nines
Seat 4: MissEKAmouse (big blind) showed [8d 5h] and lost with a pair of Eights


PokerStars Hand #171364063530:  Hold'em Limit ($3/$6 USD) - 2017/06/05 4:58:53 ET
Table 'Lyka' 6-max Seat #4 is the button
Seat 3: fire852181 ($178.56 in chips)
Seat 4: MissEKAmouse ($124 in chips)
MissEKAmouse: posts small blind $1
fire852181: posts big blind $3
*** HOLE CARDS ***
MissEKAmouse: raises $3 to $6
fire852181: folds
Uncalled bet ($3) returned to MissEKAmouse
MissEKAmouse collected $6 from pot
MissEKAmouse: doesn't show hand
*** SUMMARY ***
Total pot $6 | Rake $0
Seat 3: fire852181 (big blind) folded before Flop
Seat 4: MissEKAmouse (button) (small blind) collected ($6)


PokerStars Hand #171364066840:  Hold'em Limit ($3/$6 USD) - 2017/06/05 4:59:03 ET
Table 'Lyka' 6-max Seat #3 is the button
Seat 3: fire852181 ($175.56 in chips)
Seat 4: MissEKAmouse ($127 in chips)
fire852181: posts small blind $1
MissEKAmouse: posts big blind $3
*** HOLE CARDS ***
fire852181: raises $3 to $6
MissEKAmouse: calls $3
*** FLOP *** [6d Kh Kd]
MissEKAmouse: checks
fire852181: checks
*** TURN *** [6d Kh Kd] [Qh]
MissEKAmouse: checks
fire852181: checks
*** RIVER *** [6d Kh Kd Qh] [5h]
MissEKAmouse: bets $6
fire852181: folds
Uncalled bet ($6) returned to MissEKAmouse
MissEKAmouse collected $11.76 from pot
MissEKAmouse: doesn't show hand
*** SUMMARY ***
Total pot $12 | Rake $0.24
Board [6d Kh Kd Qh 5h]
Seat 3: fire852181 (button) (small blind) folded on the River
Seat 4: MissEKAmouse (big blind) collected ($11.76)


PokerStars Hand #171364109986:  Hold'em Limit ($3/$6 USD) - 2017/06/05 5:01:12 ET
Table 'Lyka' 6-max Seat #3 is the button
Seat 3: fire852181 ($159.08 in chips)
Seat 4: MissEKAmouse ($142.02 in chips)
fire852181: posts small blind $1
MissEKAmouse: posts big blind $3
*** HOLE CARDS ***
fire852181: folds
Uncalled bet ($2) returned to MissEKAmouse
MissEKAmouse collected $2 from pot
MissEKAmouse: doesn't show hand
*** SUMMARY ***
Total pot $2 | Rake $0
Seat 3: fire852181 (button) (small blind) folded before Flop
Seat 4: MissEKAmouse (big blind) collected ($2)


PokerStars Hand #171364107876:  Hold'em Limit ($3/$6 USD) - 2017/06/05 5:01:06 ET
Table 'Lyka' 6-max Seat #4 is the button
Seat 3: fire852181 ($158.08 in chips)
Seat 4: MissEKAmouse ($143.02 in chips)
MissEKAmouse: posts small blind $1
fire852181: posts big blind $3
*** HOLE CARDS ***
MissEKAmouse: folds
Uncalled bet ($2) returned to fire852181
fire852181 collected $2 from pot
fire852181: doesn't show hand
*** SUMMARY ***
Total pot $2 | Rake $0
Seat 3: fire852181 (big blind) collected ($2)
Seat 4: MissEKAmouse (button) (small blind) folded before Flop


PokerStars Hand #171364101785:  Hold'em Limit ($3/$6 USD) - 2017/06/05 5:00:48 ET
Table 'Lyka' 6-max Seat #3 is the button
Seat 3: fire852181 ($146.56 in chips)
Seat 4: MissEKAmouse ($155.02 in chips)
fire852181: posts small blind $1
MissEKAmouse: posts big blind $3
*** HOLE CARDS ***
fire852181: raises $3 to $6
MissEKAmouse: raises $3 to $9
fire852181: calls $3
*** FLOP *** [4h Qs 2d]
MissEKAmouse: bets $3
fire852181: raises $3 to $6
MissEKAmouse: folds
Uncalled bet ($3) returned to fire852181
fire852181 collected $23.52 from pot
fire852181: doesn't show hand
*** SUMMARY ***
Total pot $24 | Rake $0.48
Board [4h Qs 2d]
Seat 3: fire852181 (button) (small blind) collected ($23.52)
Seat 4: MissEKAmouse (big blind) folded on the Flop


PokerStars Hand #171364084728:  Hold'em Limit ($3/$6 USD) - 2017/06/05 4:59:58 ET
Table 'Lyka' 6-max Seat #3 is the button
Seat 3: fire852181 ($163.56 in chips)
Seat 4: MissEKAmouse ($138.52 in chips)
fire852181: posts small blind $1
MissEKAmouse: posts big blind $3
*** HOLE CARDS ***
fire852181: raises $3 to $6
MissEKAmouse: raises $3 to $9
fire852181: calls $3
*** FLOP *** [3h Jh 5h]
MissEKAmouse: bets $3
fire852181: calls $3
*** TURN *** [3h Jh 5h] [5s]
Pelurile is disconnected
MissEKAmouse: bets $6
fire852181: calls $6
*** RIVER *** [3h Jh 5h 5s] [3s]
MissEKAmouse: bets $6
fire852181: folds
Uncalled bet ($6) returned to MissEKAmouse
MissEKAmouse collected $35.50 from pot
MissEKAmouse: doesn't show hand
*** SUMMARY ***
Total pot $36 | Rake $0.50
Board [3h Jh 5h 5s 3s]
Seat 3: fire852181 (button) (small blind) folded on the River
Seat 4: MissEKAmouse (big blind) collected ($35.50)


PokerStars Hand #171364099595:  Hold'em Limit ($3/$6 USD) - 2017/06/05 5:00:42 ET
Table 'Lyka' 6-max Seat #4 is the button
Seat 3: fire852181 ($145.56 in chips)
Seat 4: MissEKAmouse ($156.02 in chips)
MissEKAmouse: posts small blind $1
fire852181: posts big blind $3
*** HOLE CARDS ***
MissEKAmouse: folds
Uncalled bet ($2) returned to fire852181
fire852181 collected $2 from pot
fire852181: doesn't show hand
*** SUMMARY ***
Total pot $2 | Rake $0
Seat 3: fire852181 (big blind) collected ($2)
Seat 4: MissEKAmouse (button) (small blind) folded before Flop


PokerStars Hand #171364112525:  Hold'em Limit ($3/$6 USD) - 2017/06/05 5:01:19 ET
Table 'Lyka' 6-max Seat #4 is the button
Seat 3: fire852181 ($158.08 in chips)
Seat 4: MissEKAmouse ($143.02 in chips)
MissEKAmouse: posts small blind $1
fire852181: posts big blind $3
*** HOLE CARDS ***
MissEKAmouse: raises $3 to $6
fire852181: calls $3
*** FLOP *** [2c 2h 9s]
fire852181: checks
MissEKAmouse: bets $3
fire852181: raises $3 to $6
MissEKAmouse: raises $3 to $9
fire852181: calls $3
*** TURN *** [2c 2h 9s] [7c]
fire852181: checks
MissEKAmouse: bets $6
fire852181: calls $6
*** RIVER *** [2c 2h 9s 7c] [8d]
fire852181: checks
MissEKAmouse: bets $6
fire852181: calls $6
*** SHOW DOWN ***
MissEKAmouse: shows [Qs 9d] (two pair, Nines and Deuces)
fire852181: shows [9c Qd] (two pair, Nines and Deuces)
fire852181 collected $26.75 from pot
MissEKAmouse collected $26.75 from pot
*** SUMMARY ***
Total pot $54 | Rake $0.50
Board [2c 2h 9s 7c 8d]
Seat 3: fire852181 (big blind) showed [9c Qd] and won ($26.75) with two pair, Nines and Deuces
Seat 4: MissEKAmouse (button) (small blind) showed [Qs 9d] and won ($26.75) with two pair, Nines and Deuces


PokerStars Hand #171364130389:  Hold'em Limit ($3/$6 USD) - 2017/06/05 5:02:09 ET
Table 'Lyka' 6-max Seat #3 is the button
Seat 3: fire852181 ($157.83 in chips)
Seat 4: MissEKAmouse ($142.77 in chips)
fire852181: posts small blind $1
MissEKAmouse: posts big blind $3
*** HOLE CARDS ***
fire852181: raises $3 to $6
MissEKAmouse: raises $3 to $9
fire852181: calls $3
*** FLOP *** [8h As 8d]
MissEKAmouse: bets $3
fire852181: folds
Uncalled bet ($3) returned to MissEKAmouse
MissEKAmouse collected $17.64 from pot
MissEKAmouse: doesn't show hand
*** SUMMARY ***
Total pot $18 | Rake $0.36
Board [8h As 8d]
Seat 3: fire852181 (button) (small blind) folded on the Flop
Seat 4: MissEKAmouse (big blind) collected ($17.64)


PokerStars Hand #171364145598:  Hold'em Limit ($3/$6 USD) - 2017/06/05 5:02:51 ET
Table 'Lyka' 6-max Seat #4 is the button
Seat 3: fire852181 ($141.83 in chips)
Seat 4: MissEKAmouse ($158.17 in chips)
MissEKAmouse: posts small blind $1
fire852181: posts big blind $3
*** HOLE CARDS ***
MissEKAmouse: raises $3 to $6
fire852181: calls $3
*** FLOP *** [Ks 6c Qh]
fire852181: checks
MissEKAmouse: checks
*** TURN *** [Ks 6c Qh] [6d]
fire852181: checks
MissEKAmouse: bets $6
fire852181: folds
Uncalled bet ($6) returned to MissEKAmouse
MissEKAmouse collected $11.76 from pot
MissEKAmouse: doesn't show hand
*** SUMMARY ***
Total pot $12 | Rake $0.24
Board [Ks 6c Qh 6d]
Seat 3: fire852181 (big blind) folded on the Turn
Seat 4: MissEKAmouse (button) (small blind) collected ($11.76)


PokerStars Hand #171364142747:  Hold'em Limit ($3/$6 USD) - 2017/06/05 5:02:43 ET
Table 'Lyka' 6-max Seat #3 is the button
Seat 3: fire852181 ($142.83 in chips)
Seat 4: MissEKAmouse ($157.17 in chips)
fire852181: posts small blind $1
MissEKAmouse: posts big blind $3
*** HOLE CARDS ***
fire852181: folds
Uncalled bet ($2) returned to MissEKAmouse
MissEKAmouse collected $2 from pot
MissEKAmouse: doesn't show hand
*** SUMMARY ***
Total pot $2 | Rake $0
Seat 3: fire852181 (button) (small blind) folded before Flop
Seat 4: MissEKAmouse (big blind) collected ($2)


PokerStars Hand #171364155143:  Hold'em Limit ($3/$6 USD) - 2017/06/05 5:03:17 ET
Table 'Lyka' 6-max Seat #3 is the button
Seat 3: fire852181 ($135.83 in chips)
Seat 4: MissEKAmouse ($163.93 in chips)
fire852181: posts small blind $1
MissEKAmouse: posts big blind $3
*** HOLE CARDS ***
fire852181: raises $3 to $6
MissEKAmouse: folds
Uncalled bet ($3) returned to fire852181
fire852181 collected $6 from pot
fire852181: doesn't show hand
*** SUMMARY ***
Total pot $6 | Rake $0
Seat 3: fire852181 (button) (small blind) collected ($6)
Seat 4: MissEKAmouse (big blind) folded before Flop


PokerStars Hand #171364159139:  Hold'em Limit ($3/$6 USD) - 2017/06/05 5:03:28 ET
Table 'Lyka' 6-max Seat #4 is the button
Seat 3: fire852181 ($138.83 in chips)
Seat 4: MissEKAmouse ($160.93 in chips)
MissEKAmouse: posts small blind $1
fire852181: posts big blind $3
*** HOLE CARDS ***
MissEKAmouse: raises $3 to $6
fire852181: raises $3 to $9
MissEKAmouse: calls $3
*** FLOP *** [Qc 6c 4c]
fire852181: bets $3
MissEKAmouse: folds
Uncalled bet ($3) returned to fire852181
fire852181 collected $17.64 from pot
fire852181: doesn't show hand
*** SUMMARY ***
Total pot $18 | Rake $0.36
Board [Qc 6c 4c]
Seat 3: fire852181 (big blind) collected ($17.64)
Seat 4: MissEKAmouse (button) (small blind) folded on the Flop


PokerStars Hand #171364198145:  Hold'em Limit ($3/$6 USD) - 2017/06/05 5:05:13 ET
Table 'Lyka' 6-max Seat #4 is the button
Seat 3: fire852181 ($186.73 in chips)
Seat 4: MissEKAmouse ($120 in chips)
MissEKAmouse: posts small blind $1
fire852181: posts big blind $3
*** HOLE CARDS ***
MissEKAmouse: folds
Uncalled bet ($2) returned to fire852181
fire852181 collected $2 from pot
fire852181: doesn't show hand
*** SUMMARY ***
Total pot $2 | Rake $0
Seat 3: fire852181 (big blind) collected ($2)
Seat 4: MissEKAmouse (button) (small blind) folded before Flop


PokerStars Hand #171364182974:  Hold'em Limit ($3/$6 USD) - 2017/06/05 5:04:34 ET
Table 'Lyka' 6-max Seat #4 is the button
Seat 3: fire852181 ($179.97 in chips)
Seat 4: MissEKAmouse ($120 in chips)
MissEKAmouse: posts small blind $1
fire852181: posts big blind $3
*** HOLE CARDS ***
MissEKAmouse: folds
Uncalled bet ($2) returned to fire852181
fire852181 collected $2 from pot
fire852181: doesn't show hand
*** SUMMARY ***
Total pot $2 | Rake $0
Seat 3: fire852181 (big blind) collected ($2)
Seat 4: MissEKAmouse (button) (small blind) folded before Flop


PokerStars Hand #171364186876:  Hold'em Limit ($3/$6 USD) - 2017/06/05 5:04:44 ET
Table 'Lyka' 6-max Seat #3 is the button
Seat 3: fire852181 ($180.97 in chips)
Seat 4: MissEKAmouse ($120 in chips)
fire852181: posts small blind $1
MissEKAmouse: posts big blind $3
*** HOLE CARDS ***
fire852181: calls $2
MissEKAmouse: raises $3 to $6
fire852181: calls $3
*** FLOP *** [3h Jh Qd]
MissEKAmouse: checks
fire852181: checks
*** TURN *** [3h Jh Qd] [7s]
MissEKAmouse: checks
fire852181: bets $6
MissEKAmouse: folds
Uncalled bet ($6) returned to fire852181
fire852181 collected $11.76 from pot
fire852181: doesn't show hand
*** SUMMARY ***
Total pot $12 | Rake $0.24
Board [3h Jh Qd 7s]
Seat 3: fire852181 (button) (small blind) collected ($11.76)
Seat 4: MissEKAmouse (big blind) folded on the Turn


PokerStars Hand #171364211674:  Hold'em Limit ($3/$6 USD) - 2017/06/05 5:05:50 ET
Table 'Lyka' 6-max Seat #4 is the button
Seat 3: fire852181 ($184.73 in chips)
Seat 4: MissEKAmouse ($122.88 in chips)
MissEKAmouse: posts small blind $1
fire852181: posts big blind $3
*** HOLE CARDS ***
MissEKAmouse: folds
Uncalled bet ($2) returned to fire852181
fire852181 collected $2 from pot
fire852181: doesn't show hand
*** SUMMARY ***
Total pot $2 | Rake $0
Seat 3: fire852181 (big blind) collected ($2)
Seat 4: MissEKAmouse (button) (small blind) folded before Flop


PokerStars Hand #171364214458:  Hold'em Limit ($3/$6 USD) - 2017/06/05 5:05:58 ET
Table 'Lyka' 6-max Seat #3 is the button
Seat 3: fire852181 ($185.73 in chips)
Seat 4: MissEKAmouse ($121.88 in chips)
fire852181: posts small blind $1
MissEKAmouse: posts big blind $3
*** HOLE CARDS ***
fire852181: calls $2
MissEKAmouse: checks
*** FLOP *** [8s As 3s]
MissEKAmouse: bets $3
fire852181: folds
Uncalled bet ($3) returned to MissEKAmouse
MissEKAmouse collected $5.88 from pot
MissEKAmouse: doesn't show hand
*** SUMMARY ***
Total pot $6 | Rake $0.12
Board [8s As 3s]
Seat 3: fire852181 (button) (small blind) folded on the Flop
Seat 4: MissEKAmouse (big blind) collected ($5.88)


PokerStars Hand #171364243472:  Hold'em Limit ($3/$6 USD) - 2017/06/05 5:07:14 ET
Table 'Lyka' 6-max Seat #4 is the button
Seat 3: fire852181 ($174.73 in chips)
Seat 4: MissEKAmouse ($132.52 in chips)
MissEKAmouse: posts small blind $1
fire852181: posts big blind $3
*** HOLE CARDS ***
MissEKAmouse: folds
Uncalled bet ($2) returned to fire852181
fire852181 collected $2 from pot
fire852181: doesn't show hand
*** SUMMARY ***
Total pot $2 | Rake $0
Seat 3: fire852181 (big blind) collected ($2)
Seat 4: MissEKAmouse (button) (small blind) folded before Flop


PokerStars Hand #171364234563:  Hold'em Limit ($3/$6 USD) - 2017/06/05 5:06:51 ET
Table 'Lyka' 6-max Seat #4 is the button
Seat 3: fire852181 ($176.73 in chips)
Seat 4: MissEKAmouse ($130.64 in chips)
MissEKAmouse: posts small blind $1
fire852181: posts big blind $3
*** HOLE CARDS ***
MissEKAmouse: folds
Uncalled bet ($2) returned to fire852181
fire852181 collected $2 from pot
fire852181: doesn't show hand
*** SUMMARY ***
Total pot $2 | Rake $0
Seat 3: fire852181 (big blind) collected ($2)
Seat 4: MissEKAmouse (button) (small blind) folded before Flop


PokerStars Hand #171364250543:  Hold'em Limit ($3/$6 USD) - 2017/06/05 5:07:33 ET
Table 'Lyka' 6-max Seat #4 is the button
Seat 3: fire852181 ($174.73 in chips)
Seat 4: MissEKAmouse ($132.52 in chips)
MissEKAmouse: posts small blind $1
fire852181: posts big blind $3
*** HOLE CARDS ***
MissEKAmouse: raises $3 to $6
fire852181: folds
Uncalled bet ($3) returned to MissEKAmouse
MissEKAmouse collected $6 from pot
MissEKAmouse: doesn't show hand
*** SUMMARY ***
Total pot $6 | Rake $0
Seat 3: fire852181 (big blind) folded before Flop
Seat 4: MissEKAmouse (button) (small blind) collected ($6)


PokerStars Hand #171364254268:  Hold'em Limit ($3/$6 USD) - 2017/06/05 5:07:43 ET
Table 'Lyka' 6-max Seat #3 is the button
Seat 3: fire852181 ($171.73 in chips)
Seat 4: MissEKAmouse ($135.52 in chips)
fire852181: posts small blind $1
MissEKAmouse: posts big blind $3
*** HOLE CARDS ***
fire852181: calls $2
MissEKAmouse: raises $3 to $6
fire852181: calls $3
*** FLOP *** [9d 4s 7s]
MissEKAmouse: checks
fire852181: bets $3
MissEKAmouse: folds
Uncalled bet ($3) returned to fire852181
fire852181 collected $11.76 from pot
fire852181: doesn't show hand
*** SUMMARY ***
Total pot $12 | Rake $0.24
Board [9d 4s 7s]
Seat 3: fire852181 (button) (small blind) collected ($11.76)
Seat 4: MissEKAmouse (big blind) folded on the Flop


PokerStars Hand #171364246631:  Hold'em Limit ($3/$6 USD) - 2017/06/05 5:07:23 ET
Table 'Lyka' 6-max Seat #3 is the button
Seat 3: fire852181 ($175.73 in chips)
Seat 4: MissEKAmouse ($131.52 in chips)
fire852181: posts small blind $1
MissEKAmouse: posts big blind $3
*** HOLE CARDS ***
fire852181: folds
Uncalled bet ($2) returned to MissEKAmouse
MissEKAmouse collected $2 from pot
MissEKAmouse: doesn't show hand
*** SUMMARY ***
Total pot $2 | Rake $0
Seat 3: fire852181 (button) (small blind) folded before Flop
Seat 4: MissEKAmouse (big blind) collected ($2)


PokerStars Hand #171364264587:  Hold'em Limit ($3/$6 USD) - 2017/06/05 5:08:10 ET
Table 'Lyka' 6-max Seat #4 is the button
Seat 3: fire852181 ($177.49 in chips)
Seat 4: MissEKAmouse ($129.52 in chips)
MissEKAmouse: posts small blind $1
fire852181: posts big blind $3
*** HOLE CARDS ***
MissEKAmouse: raises $3 to $6
fire852181: calls $3
*** FLOP *** [Ad 5s Ac]
fire852181: checks
MissEKAmouse: bets $3
fire852181: folds
Uncalled bet ($3) returned to MissEKAmouse
MissEKAmouse collected $11.76 from pot
MissEKAmouse: doesn't show hand
*** SUMMARY ***
Total pot $12 | Rake $0.24
Board [Ad 5s Ac]
Seat 3: fire852181 (big blind) folded on the Flop
Seat 4: MissEKAmouse (button) (small blind) collected ($11.76)


PokerStars Hand #171364274000:  Hold'em Limit ($3/$6 USD) - 2017/06/05 5:08:34 ET
Table 'Lyka' 6-max Seat #3 is the button
Seat 3: fire852181 ($171.49 in chips)
Seat 4: MissEKAmouse ($135.28 in chips)
fire852181: posts small blind $1
MissEKAmouse: posts big blind $3
*** HOLE CARDS ***
fire852181: calls $2
MissEKAmouse: checks
*** FLOP *** [Kh 2s 8s]
MissEKAmouse: bets $3
fire852181: raises $3 to $6
MissEKAmouse: folds
Uncalled bet ($3) returned to fire852181
fire852181 collected $11.76 from pot
fire852181: doesn't show hand
*** SUMMARY ***
Total pot $12 | Rake $0.24
Board [Kh 2s 8s]
Seat 3: fire852181 (button) (small blind) collected ($11.76)
Seat 4: MissEKAmouse (big blind) folded on the Flop


PokerStars Hand #171364281811:  Hold'em Limit ($3/$6 USD) - 2017/06/05 5:08:54 ET
Table 'Lyka' 6-max Seat #4 is the button
Seat 3: fire852181 ($177.25 in chips)
Seat 4: MissEKAmouse ($129.28 in chips)
MissEKAmouse: posts small blind $1
fire852181: posts big blind $3
*** HOLE CARDS ***
MissEKAmouse: folds
Uncalled bet ($2) returned to fire852181
fire852181 collected $2 from pot
fire852181: doesn't show hand
*** SUMMARY ***
Total pot $2 | Rake $0
Seat 3: fire852181 (big blind) collected ($2)
Seat 4: MissEKAmouse (button) (small blind) folded before Flop


PokerStars Hand #171364751572:  Hold'em Limit ($3/$6 USD) - 2017/06/05 5:28:49 ET
Table 'Lyka' 6-max Seat #4 is the button
Seat 1: andyrr ($100 in chips)
Seat 4: BetterTennis ($120 in chips)
BetterTennis: posts small blind $1
andyrr: posts big blind $3
*** HOLE CARDS ***
BetterTennis: raises $3 to $6
andyrr: raises $3 to $9
BetterTennis: calls $3
*** FLOP *** [3h 7s 5h]
andyrr: checks
BetterTennis: checks
*** TURN *** [3h 7s 5h] [5s]
andyrr: bets $6
BetterTennis: calls $6
*** RIVER *** [3h 7s 5h 5s] [Qh]
andyrr: checks
BetterTennis: bets $6
andyrr: calls $6
*** SHOW DOWN ***
BetterTennis: shows [Td Ad] (a pair of Fives)
andyrr: shows [Ah Ts] (a pair of Fives)
andyrr collected $20.75 from pot
BetterTennis collected $20.75 from pot
*** SUMMARY ***
Total pot $42 | Rake $0.50
Board [3h 7s 5h 5s Qh]
Seat 1: andyrr (big blind) showed [Ah Ts] and won ($20.75) with a pair of Fives
Seat 4: BetterTennis (button) (small blind) showed [Td Ad] and won ($20.75) with a pair of Fives


PokerStars Hand #171364774676:  Hold'em Limit ($3/$6 USD) - 2017/06/05 5:29:47 ET
Table 'Lyka' 6-max Seat #1 is the button
Seat 1: andyrr ($100.25 in chips)
Seat 4: BetterTennis ($118.25 in chips)
andyrr: posts small blind $1
BetterTennis: posts big blind $3
*** HOLE CARDS ***
andyrr: raises $3 to $6
BetterTennis: folds
Uncalled bet ($3) returned to andyrr
andyrr collected $6 from pot
*** SUMMARY ***
Total pot $6 | Rake $0
Seat 1: andyrr (button) (small blind) collected ($6)
Seat 4: BetterTennis (big blind) folded before Flop


PokerStars Hand #171364773006:  Hold'em Limit ($3/$6 USD) - 2017/06/05 5:29:43 ET
Table 'Lyka' 6-max Seat #4 is the button
Seat 1: andyrr ($99.25 in chips)
Seat 4: BetterTennis ($119.25 in chips)
BetterTennis: posts small blind $1
andyrr: posts big blind $3
*** HOLE CARDS ***
BetterTennis: folds
Uncalled bet ($2) returned to andyrr
andyrr collected $2 from pot
*** SUMMARY ***
Total pot $2 | Rake $0
Seat 1: andyrr (big blind) collected ($2)
Seat 4: BetterTennis (button) (small blind) folded before Flop


PokerStars Hand #171364771217:  Hold'em Limit ($3/$6 USD) - 2017/06/05 5:29:39 ET
Table 'Lyka' 6-max Seat #1 is the button
Seat 1: andyrr ($96.25 in chips)
Seat 4: BetterTennis ($122.25 in chips)
andyrr: posts small blind $1
BetterTennis: posts big blind $3
*** HOLE CARDS ***
andyrr: raises $3 to $6
BetterTennis: folds
Uncalled bet ($3) returned to andyrr
andyrr collected $6 from pot
*** SUMMARY ***
Total pot $6 | Rake $0
Seat 1: andyrr (button) (small blind) collected ($6)
Seat 4: BetterTennis (big blind) folded before Flop


PokerStars Hand #171364758429:  Hold'em Limit ($3/$6 USD) - 2017/06/05 5:29:06 ET
Table 'Lyka' 6-max Seat #1 is the button
Seat 1: andyrr ($99.75 in chips)
Seat 4: BetterTennis ($119.75 in chips)
andyrr: posts small blind $1
BetterTennis: posts big blind $3
*** HOLE CARDS ***
andyrr: raises $3 to $6
BetterTennis: calls $3
*** FLOP *** [7s Tc 2d]
BetterTennis: checks
andyrr: bets $3
BetterTennis: calls $3
*** TURN *** [7s Tc 2d] [4d]
BetterTennis: checks
andyrr: bets $6
BetterTennis: raises $6 to $12
andyrr: calls $6
*** RIVER *** [7s Tc 2d 4d] [4c]
BetterTennis: bets $6
andyrr: folds
Uncalled bet ($6) returned to BetterTennis
BetterTennis collected $41.50 from pot
BetterTennis: doesn't show hand
*** SUMMARY ***
Total pot $42 | Rake $0.50
Board [7s Tc 2d 4d 4c]
Seat 1: andyrr (button) (small blind) folded on the River
Seat 4: BetterTennis (big blind) collected ($41.50)


PokerStars Hand #171364793611:  Hold'em Limit ($3/$6 USD) - 2017/06/05 5:30:35 ET
Table 'Lyka' 6-max Seat #4 is the button
Seat 1: andyrr ($130.27 in chips)
Seat 4: BetterTennis ($86.89 in chips)
BetterTennis: posts small blind $1
andyrr: posts big blind $3
*** HOLE CARDS ***
BetterTennis: raises $3 to $6
andyrr: raises $3 to $9
BetterTennis: calls $3
*** FLOP *** [2s Tc 6d]
andyrr: bets $3
BetterTennis: calls $3
*** TURN *** [2s Tc 6d] [9h]
andyrr: bets $6
BetterTennis: calls $6
*** RIVER *** [2s Tc 6d 9h] [7h]
andyrr: checks
BetterTennis: checks
*** SHOW DOWN ***
andyrr: shows [Jd Ks] (high card King)
BetterTennis: mucks hand
andyrr collected $35.50 from pot
*** SUMMARY ***
Total pot $36 | Rake $0.50
Board [2s Tc 6d 9h 7h]
Seat 1: andyrr (big blind) showed [Jd Ks] and won ($35.50) with high card King
Seat 4: BetterTennis (button) (small blind) mucked


PokerStars Hand #171364786850:  Hold'em Limit ($3/$6 USD) - 2017/06/05 5:30:18 ET
Table 'Lyka' 6-max Seat #4 is the button
Seat 1: andyrr ($117.75 in chips)
Seat 4: BetterTennis ($99.89 in chips)
BetterTennis: posts small blind $1
andyrr: posts big blind $3
*** HOLE CARDS ***
BetterTennis: folds
Uncalled bet ($2) returned to andyrr
andyrr collected $2 from pot
*** SUMMARY ***
Total pot $2 | Rake $0
Seat 1: andyrr (big blind) collected ($2)
Seat 4: BetterTennis (button) (small blind) folded before Flop


PokerStars Hand #171364783198:  Hold'em Limit ($3/$6 USD) - 2017/06/05 5:30:09 ET
Table 'Lyka' 6-max Seat #1 is the button
Seat 1: andyrr ($126.75 in chips)
Seat 4: BetterTennis ($91.25 in chips)
andyrr: posts small blind $1
BetterTennis: posts big blind $3
*** HOLE CARDS ***
andyrr: raises $3 to $6
BetterTennis: raises $3 to $9
andyrr: calls $3
*** FLOP *** [Qc 3h 5h]
BetterTennis: bets $3
andyrr: folds
Uncalled bet ($3) returned to BetterTennis
BetterTennis collected $17.64 from pot
BetterTennis: doesn't show hand
*** SUMMARY ***
Total pot $18 | Rake $0.36
Board [Qc 3h 5h]
Seat 1: andyrr (button) (small blind) folded on the Flop
Seat 4: BetterTennis (big blind) collected ($17.64)


PokerStars Hand #171364788640:  Hold'em Limit ($3/$6 USD) - 2017/06/05 5:30:23 ET
Table 'Lyka' 6-max Seat #1 is the button
Seat 1: andyrr ($118.75 in chips)
Seat 4: BetterTennis ($98.89 in chips)
andyrr: posts small blind $1
BetterTennis: posts big blind $3
*** HOLE CARDS ***
andyrr: raises $3 to $6
BetterTennis: calls $3
*** FLOP *** [Td 2c 6c]
BetterTennis: checks
andyrr: checks
*** TURN *** [Td 2c 6c] [Qs]
BetterTennis: bets $6
andyrr: raises $6 to $12
BetterTennis: folds
Uncalled bet ($6) returned to andyrr
andyrr collected $23.52 from pot
*** SUMMARY ***
Total pot $24 | Rake $0.48
Board [Td 2c 6c Qs]
Seat 1: andyrr (button) (small blind) collected ($23.52)
Seat 4: BetterTennis (big blind) folded on the Turn


PokerStars Hand #171364776373:  Hold'em Limit ($3/$6 USD) - 2017/06/05 5:29:52 ET
Table 'Lyka' 6-max Seat #4 is the button
Seat 1: andyrr ($103.25 in chips)
Seat 4: BetterTennis ($115.25 in chips)
BetterTennis: posts small blind $1
andyrr: posts big blind $3
*** HOLE CARDS ***
BetterTennis: raises $3 to $6
andyrr: calls $3
*** FLOP *** [4s 8d 6h]
andyrr: checks
BetterTennis: bets $3
andyrr: raises $3 to $6
BetterTennis: calls $3
*** TURN *** [4s 8d 6h] [7d]
andyrr: bets $6
BetterTennis: raises $6 to $12
andyrr: calls $6
*** RIVER *** [4s 8d 6h 7d] [6d]
andyrr: checks
BetterTennis: checks
*** SHOW DOWN ***
andyrr: shows [9h 6c] (three of a kind, Sixes)
BetterTennis: mucks hand
andyrr collected $47.50 from pot
*** SUMMARY ***
Total pot $48 | Rake $0.50
Board [4s 8d 6h 7d 6d]
Seat 1: andyrr (big blind) showed [9h 6c] and won ($47.50) with three of a kind, Sixes
Seat 4: BetterTennis (button) (small blind) mucked


PokerStars Hand #171364804102:  Hold'em Limit ($3/$6 USD) - 2017/06/05 5:31:01 ET
Table 'Lyka' 6-max Seat #4 is the button
Seat 1: andyrr ($141.77 in chips)
Seat 4: BetterTennis ($74.65 in chips)
BetterTennis: posts small blind $1
andyrr: posts big blind $3
*** HOLE CARDS ***
BetterTennis: raises $3 to $6
andyrr: folds
Uncalled bet ($3) returned to BetterTennis
BetterTennis collected $6 from pot
BetterTennis: doesn't show hand
*** SUMMARY ***
Total pot $6 | Rake $0
Seat 1: andyrr (big blind) folded before Flop
Seat 4: BetterTennis (button) (small blind) collected ($6)


PokerStars Hand #171364811092:  Hold'em Limit ($3/$6 USD) - 2017/06/05 5:31:19 ET
Table 'Lyka' 6-max Seat #4 is the button
Seat 1: andyrr ($132.77 in chips)
Seat 4: BetterTennis ($83.41 in chips)
BetterTennis: posts small blind $1
andyrr: posts big blind $3
*** HOLE CARDS ***
BetterTennis: raises $3 to $6
andyrr: folds
Uncalled bet ($3) returned to BetterTennis
BetterTennis collected $6 from pot
BetterTennis: doesn't show hand
*** SUMMARY ***
Total pot $6 | Rake $0
Seat 1: andyrr (big blind) folded before Flop
Seat 4: BetterTennis (button) (small blind) collected ($6)


PokerStars Hand #171364806450:  Hold'em Limit ($3/$6 USD) - 2017/06/05 5:31:07 ET
Table 'Lyka' 6-max Seat #1 is the button
Seat 1: andyrr ($138.77 in chips)
Seat 4: BetterTennis ($77.65 in chips)
andyrr: posts small blind $1
BetterTennis: posts big blind $3
*** HOLE CARDS ***
andyrr: raises $3 to $6
BetterTennis: calls $3
*** FLOP *** [2c 2h 3c]
BetterTennis: checks
andyrr: checks
*** TURN *** [2c 2h 3c] [6h]
BetterTennis: bets $6
andyrr: folds
Uncalled bet ($6) returned to BetterTennis
BetterTennis collected $11.76 from pot
BetterTennis: doesn't show hand
*** SUMMARY ***
Total pot $12 | Rake $0.24
Board [2c 2h 3c 6h]
Seat 1: andyrr (button) (small blind) folded on the Turn
Seat 4: BetterTennis (big blind) collected ($11.76)


PokerStars Hand #171364800195:  Hold'em Limit ($3/$6 USD) - 2017/06/05 5:30:51 ET
Table 'Lyka' 6-max Seat #1 is the button
Seat 1: andyrr ($147.77 in chips)
Seat 4: BetterTennis ($68.89 in chips)
andyrr: posts small blind $1
BetterTennis: posts big blind $3
*** HOLE CARDS ***
andyrr: calls $2
BetterTennis: raises $3 to $6
andyrr: calls $3
*** FLOP *** [4c 5h Kd]
BetterTennis: bets $3
andyrr: folds
Uncalled bet ($3) returned to BetterTennis
BetterTennis collected $11.76 from pot
BetterTennis: doesn't show hand
*** SUMMARY ***
Total pot $12 | Rake $0.24
Board [4c 5h Kd]
Seat 1: andyrr (button) (small blind) folded on the Flop
Seat 4: BetterTennis (big blind) collected ($11.76)


PokerStars Hand #171364813062:  Hold'em Limit ($3/$6 USD) - 2017/06/05 5:31:23 ET
Table 'Lyka' 6-max Seat #1 is the button
Seat 1: andyrr ($129.77 in chips)
Seat 4: BetterTennis ($86.41 in chips)
andyrr: posts small blind $1
BetterTennis: posts big blind $3
*** HOLE CARDS ***
andyrr: raises $3 to $6
BetterTennis: calls $3
*** FLOP *** [Ah 6s 7c]
BetterTennis: checks
andyrr: bets $3
BetterTennis: raises $3 to $6
andyrr: folds
Uncalled bet ($3) returned to BetterTennis
BetterTennis collected $17.64 from pot
BetterTennis: doesn't show hand
andyrr leaves the table
*** SUMMARY ***
Total pot $18 | Rake $0.36
Board [Ah 6s 7c]
Seat 1: andyrr (button) (small blind) folded on the Flop
Seat 4: BetterTennis (big blind) collected ($17.64)


