PokerStars Hand #155535866558:  Hold'em Limit ($3/$6 USD) - 2016/07/03 22:46:56 ET
Table 'Lynx' 6-max Seat #6 is the button
Seat 3: Makomar ($173.91 in chips)
Seat 6: Masqb ($94.07 in chips)
Masqb: posts small blind $1
Makomar: posts big blind $3
*** HOLE CARDS ***
Masqb: raises $3 to $6
vitamin168 joins the table at seat #4
Makomar: calls $3
*** FLOP *** [6c Ad 2h]
Makomar: checks
Masqb: bets $3
Makomar: raises $3 to $6
GR8MIND leaves the table
Masqb: raises $3 to $9
Makomar: folds
Uncalled bet ($3) returned to Masqb
Masqb collected $23.52 from pot
Masqb: doesn't show hand
*** SUMMARY ***
Total pot $24 | Rake $0.48
Board [6c Ad 2h]
Seat 3: Makomar (big blind) folded on the Flop
Seat 6: Masqb (button) (small blind) collected ($23.52)


PokerStars Hand #155539792320:  Hold'em Limit ($3/$6 USD) - 2016/07/04 3:17:02 ET
Table 'Lynx' 6-max Seat #2 is the button
Seat 2: mr lawrence ($129.83 in chips)
Seat 3: Fabulous108 ($199.13 in chips)
Jigorek1989 will be allowed to play after the button
mr lawrence: posts small blind $1
Fabulous108: posts big blind $3
*** HOLE CARDS ***
Fabulous108 said, "8|"
mr lawrence said, "GOD DMAN IT"
italianhero4 said, "next time use your moms card"
italianhero4 said, "hahaha"
mr lawrence said, "see what I F Mena"
mr lawrence said, "SEE HAT I F MEAN"
Fabulous108 said, "yes"
mr lawrence said, "F BULLSHI T"
Fabulous108 said, "we see"
mr lawrence: folds
Uncalled bet ($2) returned to Fabulous108
Fabulous108 collected $2 from pot
Fabulous108: doesn't show hand
*** SUMMARY ***
Total pot $2 | Rake $0
Seat 2: mr lawrence (button) (small blind) folded before Flop
Seat 3: Fabulous108 (big blind) collected ($2)


PokerStars Hand #155543680933:  Hold'em Limit ($3/$6 USD) - 2016/07/04 6:46:16 ET
Table 'Lynx' 6-max Seat #2 is the button
Seat 2: SmellyToes4u ($520.93 in chips)
Seat 3: BrownieSpy ($284.11 in chips)
KUZNEC111 will be allowed to play after the button
SmellyToes4u: posts small blind $1
BrownieSpy: posts big blind $3
*** HOLE CARDS ***
SmellyToes4u: raises $3 to $6
BrownieSpy: folds
Uncalled bet ($3) returned to SmellyToes4u
SmellyToes4u collected $6 from pot
SmellyToes4u: doesn't show hand
*** SUMMARY ***
Total pot $6 | Rake $0
Seat 2: SmellyToes4u (button) (small blind) collected ($6)
Seat 3: BrownieSpy (big blind) folded before Flop


