PokerStars Hand #161947657680:  Hold'em Limit ($3/$6 USD) - 2016/11/25 14:04:27 ET
Table 'Lynx' 6-max Seat #2 is the button
Seat 1: LifeisagameX ($42 in chips)
Seat 2: popeluha ($47.50 in chips)
popeluha: posts small blind $1
LifeisagameX: posts big blind $3
*** HOLE CARDS ***
popeluha: calls $2
LifeisagameX: checks
*** FLOP *** [Ts Ac Kd]
LifeisagameX: checks
popeluha: bets $3
LifeisagameX: folds
Uncalled bet ($3) returned to popeluha
popeluha collected $5.88 from pot
popeluha: doesn't show hand
*** SUMMARY ***
Total pot $6 | Rake $0.12
Board [Ts Ac Kd]
Seat 1: LifeisagameX (big blind) folded on the Flop
Seat 2: popeluha (button) (small blind) collected ($5.88)


PokerStars Hand #161947690709:  Hold'em Limit ($3/$6 USD) - 2016/11/25 14:05:05 ET
Table 'Lynx' 6-max Seat #1 is the button
Seat 1: LifeisagameX ($39 in chips)
Seat 2: popeluha ($50.38 in chips)
LifeisagameX: posts small blind $1
popeluha: posts big blind $3
*** HOLE CARDS ***
MagnusAces joins the table at seat #6
LifeisagameX: raises $3 to $6
popeluha: calls $3
*** FLOP *** [6h 7d 8d]
popeluha: checks
MATEKATA2 joins the table at seat #5
LifeisagameX: bets $3
popeluha: calls $3
*** TURN *** [6h 7d 8d] [9h]
popeluha: checks
LifeisagameX: bets $6
popeluha: calls $6
*** RIVER *** [6h 7d 8d 9h] [Kc]
popeluha: checks
vestimokrec joins the table at seat #3
sim5sim5 joins the table at seat #4
LifeisagameX: bets $6
popeluha: calls $6
*** SHOW DOWN ***
LifeisagameX: shows [6c Th] (a straight, Six to Ten)
popeluha: mucks hand
LifeisagameX collected $41.50 from pot
*** SUMMARY ***
Total pot $42 | Rake $0.50
Board [6h 7d 8d 9h Kc]
Seat 1: LifeisagameX (button) (small blind) showed [6c Th] and won ($41.50) with a straight, Six to Ten
Seat 2: popeluha (big blind) mucked


