PokerStars Hand #173343901023:  Hold'em Limit ($3/$6 USD) - 2017/07/21 22:56:25 ET
Table 'Lyot' 6-max Seat #1 is the button
Seat 1: dobber888 ($14 in chips)
Seat 6: Bonkman05 ($232.18 in chips)
dobber888: posts small blind $1
Chessnok: is sitting out
boardrat was removed from the table for failing to post
Bonkman05: posts big blind $3
*** HOLE CARDS ***
Chessnok leaves the table
dobber888: calls $2
Bonkman05: raises $3 to $6
dobber888: calls $3
*** FLOP *** [3c 7s Kc]
Bonkman05: bets $3
dobber888: folds
Uncalled bet ($3) returned to Bonkman05
Bonkman05 collected $11.76 from pot
Bonkman05: doesn't show hand
*** SUMMARY ***
Total pot $12 | Rake $0.24
Board [3c 7s Kc]
Seat 1: dobber888 (button) (small blind) folded on the Flop
Seat 6: Bonkman05 (big blind) collected ($11.76)


PokerStars Hand #173343904838:  Hold'em Limit ($3/$6 USD) - 2017/07/21 22:56:38 ET
Table 'Lyot' 6-max Seat #6 is the button
Seat 1: dobber888 ($8 in chips)
Seat 6: Bonkman05 ($237.94 in chips)
Bonkman05: posts small blind $1
dobber888: posts big blind $3
*** HOLE CARDS ***
Bonkman05: raises $3 to $6
dobber888: raises $2 to $8 and is all-in
Bonkman05: calls $2
*** FLOP *** [9h Ks Qd]
*** TURN *** [9h Ks Qd] [4h]
*** RIVER *** [9h Ks Qd 4h] [5s]
*** SHOW DOWN ***
dobber888: shows [Ac 7d] (high card Ace)
Bonkman05: shows [5d 5c] (three of a kind, Fives)
Bonkman05 collected $15.68 from pot
*** SUMMARY ***
Total pot $16 | Rake $0.32
Board [9h Ks Qd 4h 5s]
Seat 1: dobber888 (big blind) showed [Ac 7d] and lost with high card Ace
Seat 6: Bonkman05 (button) (small blind) showed [5d 5c] and won ($15.68) with three of a kind, Fives


PokerStars Hand #173343922983:  Hold'em Limit ($3/$6 USD) - 2017/07/21 22:57:40 ET
Table 'Lyot' 6-max Seat #6 is the button
Seat 1: dobber888 ($76.33 in chips)
Seat 6: Bonkman05 ($227.62 in chips)
Bonkman05: posts small blind $1
dobber888: posts big blind $3
*** HOLE CARDS ***
Bonkman05: raises $3 to $6
dobber888: calls $3
*** FLOP *** [As Jc Ac]
dobber888: checks
Bonkman05: checks
*** TURN *** [As Jc Ac] [9s]
dobber888: bets $6
Bonkman05: calls $6
*** RIVER *** [As Jc Ac 9s] [3c]
dobber888: bets $6
Bonkman05: raises $6 to $12
dobber888: raises $6 to $18
Bonkman05: calls $6
*** SHOW DOWN ***
dobber888: shows [3h Ad] (a full house, Aces full of Threes)
Bonkman05: mucks hand
dobber888 collected $59.50 from pot
*** SUMMARY ***
Total pot $60 | Rake $0.50
Board [As Jc Ac 9s 3c]
Seat 1: dobber888 (big blind) showed [3h Ad] and won ($59.50) with a full house, Aces full of Threes
Seat 6: Bonkman05 (button) (small blind) mucked


PokerStars Hand #173343912434:  Hold'em Limit ($3/$6 USD) - 2017/07/21 22:57:04 ET
Table 'Lyot' 6-max Seat #1 is the button
Seat 1: dobber888 ($58.83 in chips)
Seat 6: Bonkman05 ($245.62 in chips)
dobber888: posts small blind $1
Bonkman05: posts big blind $3
*** HOLE CARDS ***
dobber888: raises $3 to $6
Bonkman05: raises $3 to $9
dobber888: raises $3 to $12
Betting is capped
Bonkman05: calls $3
*** FLOP *** [Ts 4s 6h]
Bonkman05: bets $3
dobber888: raises $3 to $6
Bonkman05: calls $3
*** TURN *** [Ts 4s 6h] [6s]
Bonkman05: checks
dobber888: bets $6
Bonkman05: folds
Uncalled bet ($6) returned to dobber888
dobber888 collected $35.50 from pot
dobber888: doesn't show hand
*** SUMMARY ***
Total pot $36 | Rake $0.50
Board [Ts 4s 6h 6s]
Seat 1: dobber888 (button) (small blind) collected ($35.50)
Seat 6: Bonkman05 (big blind) folded on the Turn


PokerStars Hand #173343941792:  Hold'em Limit ($3/$6 USD) - 2017/07/21 22:58:43 ET
Table 'Lyot' 6-max Seat #6 is the button
Seat 1: dobber888 ($93.83 in chips)
Seat 6: Bonkman05 ($209.14 in chips)
Bonkman05: posts small blind $1
dobber888: posts big blind $3
*** HOLE CARDS ***
Bonkman05: raises $3 to $6
dobber888: calls $3
*** FLOP *** [8d Td As]
dobber888: checks
Bonkman05: bets $3
dobber888: folds
Uncalled bet ($3) returned to Bonkman05
Bonkman05 collected $11.76 from pot
Bonkman05: doesn't show hand
*** SUMMARY ***
Total pot $12 | Rake $0.24
Board [8d Td As]
Seat 1: dobber888 (big blind) folded on the Flop
Seat 6: Bonkman05 (button) (small blind) collected ($11.76)


PokerStars Hand #173343939976:  Hold'em Limit ($3/$6 USD) - 2017/07/21 22:58:37 ET
Table 'Lyot' 6-max Seat #1 is the button
Seat 1: dobber888 ($94.83 in chips)
Seat 6: Bonkman05 ($208.14 in chips)
dobber888: posts small blind $1
Bonkman05: posts big blind $3
*** HOLE CARDS ***
dobber888: folds
Uncalled bet ($2) returned to Bonkman05
Bonkman05 collected $2 from pot
Bonkman05: doesn't show hand
*** SUMMARY ***
Total pot $2 | Rake $0
Seat 1: dobber888 (button) (small blind) folded before Flop
Seat 6: Bonkman05 (big blind) collected ($2)


PokerStars Hand #173343938447:  Hold'em Limit ($3/$6 USD) - 2017/07/21 22:58:32 ET
Table 'Lyot' 6-max Seat #6 is the button
Seat 1: dobber888 ($93.83 in chips)
Seat 6: Bonkman05 ($209.14 in chips)
Bonkman05: posts small blind $1
dobber888: posts big blind $3
*** HOLE CARDS ***
Bonkman05: folds
Uncalled bet ($2) returned to dobber888
dobber888 collected $2 from pot
dobber888: doesn't show hand
*** SUMMARY ***
Total pot $2 | Rake $0
Seat 1: dobber888 (big blind) collected ($2)
Seat 6: Bonkman05 (button) (small blind) folded before Flop


PokerStars Hand #173343931984:  Hold'em Limit ($3/$6 USD) - 2017/07/21 22:58:10 ET
Table 'Lyot' 6-max Seat #1 is the button
Seat 1: dobber888 ($105.83 in chips)
Seat 6: Bonkman05 ($197.62 in chips)
dobber888: posts small blind $1
Bonkman05: posts big blind $3
*** HOLE CARDS ***
dobber888: raises $3 to $6
Bonkman05: calls $3
*** FLOP *** [9c 6d 4d]
Bonkman05: checks
dobber888: checks
*** TURN *** [9c 6d 4d] [7d]
Bonkman05: bets $6
dobber888: calls $6
*** RIVER *** [9c 6d 4d 7d] [9h]
Bonkman05: bets $6
dobber888: folds
Uncalled bet ($6) returned to Bonkman05
Bonkman05 collected $23.52 from pot
Bonkman05: doesn't show hand
*** SUMMARY ***
Total pot $24 | Rake $0.48
Board [9c 6d 4d 7d 9h]
Seat 1: dobber888 (button) (small blind) folded on the River
Seat 6: Bonkman05 (big blind) collected ($23.52)


PokerStars Hand #173343946148:  Hold'em Limit ($3/$6 USD) - 2017/07/21 22:58:58 ET
Table 'Lyot' 6-max Seat #1 is the button
Seat 1: dobber888 ($87.83 in chips)
Seat 6: Bonkman05 ($214.90 in chips)
dobber888: posts small blind $1
Bonkman05: posts big blind $3
*** HOLE CARDS ***
dobber888: raises $3 to $6
Bonkman05: calls $3
*** FLOP *** [2h 3c 9h]
Bonkman05: checks
dobber888: bets $3
Bonkman05: raises $3 to $6
dobber888: calls $3
*** TURN *** [2h 3c 9h] [4c]
Bonkman05: bets $6
dobber888: folds
Uncalled bet ($6) returned to Bonkman05
Bonkman05 collected $23.52 from pot
Bonkman05: doesn't show hand
*** SUMMARY ***
Total pot $24 | Rake $0.48
Board [2h 3c 9h 4c]
Seat 1: dobber888 (button) (small blind) folded on the Turn
Seat 6: Bonkman05 (big blind) collected ($23.52)


PokerStars Hand #173343951076:  Hold'em Limit ($3/$6 USD) - 2017/07/21 22:59:14 ET
Table 'Lyot' 6-max Seat #6 is the button
Seat 1: dobber888 ($75.83 in chips)
Seat 6: Bonkman05 ($226.42 in chips)
Bonkman05: posts small blind $1
dobber888: posts big blind $3
*** HOLE CARDS ***
Bonkman05: raises $3 to $6
dobber888: folds
Uncalled bet ($3) returned to Bonkman05
Bonkman05 collected $6 from pot
Bonkman05: doesn't show hand
*** SUMMARY ***
Total pot $6 | Rake $0
Seat 1: dobber888 (big blind) folded before Flop
Seat 6: Bonkman05 (button) (small blind) collected ($6)


PokerStars Hand #173343953483:  Hold'em Limit ($3/$6 USD) - 2017/07/21 22:59:22 ET
Table 'Lyot' 6-max Seat #1 is the button
Seat 1: dobber888 ($72.83 in chips)
Seat 6: Bonkman05 ($229.42 in chips)
dobber888: posts small blind $1
Bonkman05: posts big blind $3
*** HOLE CARDS ***
dobber888: folds
Uncalled bet ($2) returned to Bonkman05
Bonkman05 collected $2 from pot
Bonkman05: doesn't show hand
*** SUMMARY ***
Total pot $2 | Rake $0
Seat 1: dobber888 (button) (small blind) folded before Flop
Seat 6: Bonkman05 (big blind) collected ($2)


PokerStars Hand #173343981069:  Hold'em Limit ($3/$6 USD) - 2017/07/21 23:00:53 ET
Table 'Lyot' 6-max Seat #1 is the button
Seat 1: dobber888 ($83.35 in chips)
Seat 6: Bonkman05 ($218.42 in chips)
dobber888: posts small blind $1
Bonkman05: posts big blind $3
*** HOLE CARDS ***
dobber888: folds
Uncalled bet ($2) returned to Bonkman05
Bonkman05 collected $2 from pot
Bonkman05: doesn't show hand
*** SUMMARY ***
Total pot $2 | Rake $0
Seat 1: dobber888 (button) (small blind) folded before Flop
Seat 6: Bonkman05 (big blind) collected ($2)


PokerStars Hand #173343978102:  Hold'em Limit ($3/$6 USD) - 2017/07/21 23:00:44 ET
Table 'Lyot' 6-max Seat #6 is the button
Seat 1: dobber888 ($82.35 in chips)
Seat 6: Bonkman05 ($219.42 in chips)
Bonkman05: posts small blind $1
dobber888: posts big blind $3
*** HOLE CARDS ***
Bonkman05: folds
Uncalled bet ($2) returned to dobber888
dobber888 collected $2 from pot
dobber888: doesn't show hand
*** SUMMARY ***
Total pot $2 | Rake $0
Seat 1: dobber888 (big blind) collected ($2)
Seat 6: Bonkman05 (button) (small blind) folded before Flop


PokerStars Hand #173343976446:  Hold'em Limit ($3/$6 USD) - 2017/07/21 23:00:39 ET
Table 'Lyot' 6-max Seat #1 is the button
Seat 1: dobber888 ($83.35 in chips)
Seat 6: Bonkman05 ($218.42 in chips)
dobber888: posts small blind $1
Bonkman05: posts big blind $3
*** HOLE CARDS ***
dobber888: folds
Uncalled bet ($2) returned to Bonkman05
Bonkman05 collected $2 from pot
Bonkman05: doesn't show hand
*** SUMMARY ***
Total pot $2 | Rake $0
Seat 1: dobber888 (button) (small blind) folded before Flop
Seat 6: Bonkman05 (big blind) collected ($2)


PokerStars Hand #173343955028:  Hold'em Limit ($3/$6 USD) - 2017/07/21 22:59:28 ET
Table 'Lyot' 6-max Seat #6 is the button
Seat 1: dobber888 ($71.83 in chips)
Seat 6: Bonkman05 ($230.42 in chips)
Bonkman05: posts small blind $1
dobber888: posts big blind $3
*** HOLE CARDS ***
Bonkman05: raises $3 to $6
dobber888: raises $3 to $9
Bonkman05: calls $3
*** FLOP *** [Qc Qs 9s]
dobber888: bets $3
Bonkman05: calls $3
*** TURN *** [Qc Qs 9s] [8s]
dobber888: bets $6
Bonkman05: folds
Uncalled bet ($6) returned to dobber888
dobber888 collected $23.52 from pot
dobber888: doesn't show hand
*** SUMMARY ***
Total pot $24 | Rake $0.48
Board [Qc Qs 9s 8s]
Seat 1: dobber888 (big blind) collected ($23.52)
Seat 6: Bonkman05 (button) (small blind) folded on the Turn


PokerStars Hand #173343991405:  Hold'em Limit ($3/$6 USD) - 2017/07/21 23:01:25 ET
Table 'Lyot' 6-max Seat #1 is the button
Seat 1: dobber888 ($76.35 in chips)
Seat 6: Bonkman05 ($225.18 in chips)
dobber888: posts small blind $1
Bonkman05: posts big blind $3
*** HOLE CARDS ***
dobber888: folds
Uncalled bet ($2) returned to Bonkman05
dobber888 leaves the table
Bonkman05 collected $2 from pot
Bonkman05: doesn't show hand
*** SUMMARY ***
Total pot $2 | Rake $0
Seat 1: dobber888 (button) (small blind) folded before Flop
Seat 6: Bonkman05 (big blind) collected ($2)


PokerStars Hand #173343983025:  Hold'em Limit ($3/$6 USD) - 2017/07/21 23:01:00 ET
Table 'Lyot' 6-max Seat #6 is the button
Seat 1: dobber888 ($82.35 in chips)
Seat 6: Bonkman05 ($219.42 in chips)
Bonkman05: posts small blind $1
dobber888: posts big blind $3
*** HOLE CARDS ***
Bonkman05: raises $3 to $6
dobber888: calls $3
*** FLOP *** [Tc 9s Th]
dobber888: checks
Bonkman05: bets $3
dobber888: folds
Uncalled bet ($3) returned to Bonkman05
Bonkman05 collected $11.76 from pot
Bonkman05: doesn't show hand
*** SUMMARY ***
Total pot $12 | Rake $0.24
Board [Tc 9s Th]
Seat 1: dobber888 (big blind) folded on the Flop
Seat 6: Bonkman05 (button) (small blind) collected ($11.76)


