PokerStars Hand #144826318059:  Hold'em Limit ($3/$6 USD) - 2015/12/04 16:22:31 ET
Table 'Lyot' 6-max Seat #4 is the button
Seat 1: oregordog ($102 in chips)
Seat 4: Karpik09 ($107.50 in chips)
Karpik09: posts small blind $1
oregordog: posts big blind $3
*** HOLE CARDS ***
Karpik09: raises $3 to $6
oregordog: calls $3
*** FLOP *** [3h 5c Qh]
oregordog: checks
Karpik09: bets $3
oregordog: raises $3 to $6
Karpik09: calls $3
*** TURN *** [3h 5c Qh] [5s]
oregordog: bets $6
artiZzt joins the table at seat #3
Karpik09: calls $6
*** RIVER *** [3h 5c Qh 5s] [8s]
oregordog is disconnected
oregordog is connected
vestimokrec joins the table at seat #6
oregordog: bets $6
Karpik09: raises $6 to $12
oregordog: calls $6
*** SHOW DOWN ***
Karpik09: shows [As 5d] (three of a kind, Fives)
oregordog: mucks hand
Karpik09 collected $59.50 from pot
*** SUMMARY ***
Total pot $60 | Rake $0.50
Board [3h 5c Qh 5s 8s]
Seat 1: oregordog (big blind) mucked
Seat 4: Karpik09 (button) (small blind) showed [As 5d] and won ($59.50) with three of a kind, Fives


PokerStars Hand #144827563450:  Hold'em Limit ($3/$6 USD) - 2015/12/04 16:44:30 ET
Table 'Lyot' 6-max Seat #5 is the button
Seat 2: SashaYuvelir ($91.99 in chips)
Seat 5: LuckyRose86 ($396.26 in chips)
LuckyRose86: posts small blind $1
SashaYuvelir: posts big blind $3
*** HOLE CARDS ***
LuckyRose86: raises $3 to $6
SashaYuvelir: folds
Uncalled bet ($3) returned to LuckyRose86
LuckyRose86 collected $6 from pot
LuckyRose86: doesn't show hand
*** SUMMARY ***
Total pot $6 | Rake $0
Seat 2: SashaYuvelir (big blind) folded before Flop
Seat 5: LuckyRose86 (button) (small blind) collected ($6)


PokerStars Hand #144827532827:  Hold'em Limit ($3/$6 USD) - 2015/12/04 16:43:57 ET
Table 'Lyot' 6-max Seat #2 is the button
Seat 2: SashaYuvelir ($106.99 in chips)
Seat 5: LuckyRose86 ($381.76 in chips)
SashaYuvelir: posts small blind $1
artiZzt: is sitting out
Airbag999: is sitting out
LuckyRose86: posts big blind $3
*** HOLE CARDS ***
SashaYuvelir: raises $3 to $6
Airbag999 leaves the table
LuckyRose86: calls $3
*** FLOP *** [Jh Jd Td]
LuckyRose86: checks
SashaYuvelir: bets $3
LuckyRose86: calls $3
*** TURN *** [Jh Jd Td] [9s]
LuckyRose86: checks
SashaYuvelir: bets $6
LuckyRose86: calls $6
*** RIVER *** [Jh Jd Td 9s] [Ah]
LuckyRose86: checks
artiZzt leaves the table
SashaYuvelir: checks
*** SHOW DOWN ***
LuckyRose86: shows [Kh 9d] (two pair, Jacks and Nines)
SashaYuvelir: mucks hand
LuckyRose86 collected $29.50 from pot
*** SUMMARY ***
Total pot $30 | Rake $0.50
Board [Jh Jd Td 9s Ah]
Seat 2: SashaYuvelir (button) (small blind) mucked
Seat 5: LuckyRose86 (big blind) showed [Kh 9d] and won ($29.50) with two pair, Jacks and Nines


