PokerStars Hand #144902490051:  Hold'em Limit ($3/$6 USD) - 2015/12/06 6:22:01 ET
Table 'Lyra' 2-max Seat #1 is the button
Seat 1: BelSv ($91.50 in chips)
Seat 2: dodge658 ($88.88 in chips)
BelSv: posts small blind $1
dodge658: posts big blind $3
*** HOLE CARDS ***
BelSv: raises $3 to $6
dodge658: calls $3
*** FLOP *** [Jc Kd 9h]
dodge658: bets $3
BelSv: raises $3 to $6
dodge658: calls $3
*** TURN *** [Jc Kd 9h] [8s]
dodge658: bets $6
BelSv: folds
Uncalled bet ($6) returned to dodge658
dodge658 collected $23.52 from pot
dodge658: doesn't show hand
*** SUMMARY ***
Total pot $24 | Rake $0.48
Board [Jc Kd 9h 8s]
Seat 1: BelSv (button) (small blind) folded on the Turn
Seat 2: dodge658 (big blind) collected ($23.52)


PokerStars Hand #144902479629:  Hold'em Limit ($3/$6 USD) - 2015/12/06 6:21:42 ET
Table 'Lyra' 2-max Seat #2 is the button
Seat 1: BelSv ($100.50 in chips)
Seat 2: dodge658 ($80.24 in chips)
dodge658: posts small blind $1
BelSv: posts big blind $3
*** HOLE CARDS ***
dodge658: calls $2
BelSv: raises $3 to $6
dodge658: calls $3
*** FLOP *** [2d 8s 3d]
BelSv: bets $3
dodge658: calls $3
*** TURN *** [2d 8s 3d] [3s]
BelSv: checks
dodge658: checks
*** RIVER *** [2d 8s 3d 3s] [2c]
BelSv: checks
dodge658: checks
*** SHOW DOWN ***
BelSv: shows [6c Jh] (two pair, Threes and Deuces)
dodge658: shows [Qs 9c] (two pair, Threes and Deuces - Queen kicker)
dodge658 collected $17.64 from pot
*** SUMMARY ***
Total pot $18 | Rake $0.36
Board [2d 8s 3d 3s 2c]
Seat 1: BelSv (big blind) showed [6c Jh] and lost with two pair, Threes and Deuces
Seat 2: dodge658 (button) (small blind) showed [Qs 9c] and won ($17.64) with two pair, Threes and Deuces


PokerStars Hand #144902476907:  Hold'em Limit ($3/$6 USD) - 2015/12/06 6:21:37 ET
Table 'Lyra' 2-max Seat #1 is the button
Seat 1: BelSv ($101.50 in chips)
Seat 2: dodge658 ($79.24 in chips)
BelSv: posts small blind $1
dodge658: posts big blind $3
*** HOLE CARDS ***
BelSv: folds
Uncalled bet ($2) returned to dodge658
dodge658 collected $2 from pot
dodge658: doesn't show hand
*** SUMMARY ***
Total pot $2 | Rake $0
Seat 1: BelSv (button) (small blind) folded before Flop
Seat 2: dodge658 (big blind) collected ($2)


PokerStars Hand #144902457379:  Hold'em Limit ($3/$6 USD) - 2015/12/06 6:21:02 ET
Table 'Lyra' 2-max Seat #2 is the button
Seat 1: BelSv ($78 in chips)
Seat 2: dodge658 ($103.24 in chips)
dodge658: posts small blind $1
BelSv: posts big blind $3
*** HOLE CARDS ***
dodge658: calls $2
BelSv: checks
*** FLOP *** [2c Jc Qh]
BelSv: bets $3
dodge658: calls $3
*** TURN *** [2c Jc Qh] [2h]
BelSv: bets $6
dodge658: calls $6
*** RIVER *** [2c Jc Qh 2h] [8d]
BelSv: checks
dodge658: bets $6
BelSv: raises $6 to $12
dodge658: calls $6
*** SHOW DOWN ***
BelSv: shows [5c 2s] (three of a kind, Deuces)
dodge658: mucks hand
BelSv collected $47.50 from pot
*** SUMMARY ***
Total pot $48 | Rake $0.50
Board [2c Jc Qh 2h 8d]
Seat 1: BelSv (big blind) showed [5c 2s] and won ($47.50) with three of a kind, Deuces
Seat 2: dodge658 (button) (small blind) mucked


PokerStars Hand #144902512368:  Hold'em Limit ($3/$6 USD) - 2015/12/06 6:22:42 ET
Table 'Lyra' 2-max Seat #1 is the button
Seat 1: BelSv ($78 in chips)
Seat 2: dodge658 ($106.16 in chips)
BelSv: posts small blind $1
dodge658: posts big blind $3
*** HOLE CARDS ***
BelSv: raises $3 to $6
dodge658: calls $3
*** FLOP *** [6h 8h 6d]
dodge658: checks
BelSv: bets $3
dodge658: calls $3
*** TURN *** [6h 8h 6d] [As]
dodge658: bets $6
BelSv: calls $6
*** RIVER *** [6h 8h 6d As] [8s]
dodge658: bets $6
BelSv: calls $6
*** SHOW DOWN ***
dodge658: shows [6s Tc] (a full house, Sixes full of Eights)
BelSv: mucks hand
dodge658 collected $41.50 from pot
*** SUMMARY ***
Total pot $42 | Rake $0.50
Board [6h 8h 6d As 8s]
Seat 1: BelSv (button) (small blind) mucked
Seat 2: dodge658 (big blind) showed [6s Tc] and won ($41.50) with a full house, Sixes full of Eights


PokerStars Hand #144902501080:  Hold'em Limit ($3/$6 USD) - 2015/12/06 6:22:22 ET
Table 'Lyra' 2-max Seat #2 is the button
Seat 1: BelSv ($79.50 in chips)
Seat 2: dodge658 ($100.40 in chips)
dodge658: posts small blind $1
BelSv: posts big blind $3
*** HOLE CARDS ***
dodge658: calls $2
BelSv: checks
*** FLOP *** [Ah Qh Td]
BelSv: bets $3
dodge658: calls $3
*** TURN *** [Ah Qh Td] [4h]
BelSv: checks
dodge658: checks
*** RIVER *** [Ah Qh Td 4h] [8c]
BelSv: checks
dodge658: bets $6
BelSv: folds
Uncalled bet ($6) returned to dodge658
dodge658 collected $11.76 from pot
dodge658: doesn't show hand
*** SUMMARY ***
Total pot $12 | Rake $0.24
Board [Ah Qh Td 4h 8c]
Seat 1: BelSv (big blind) folded on the River
Seat 2: dodge658 (button) (small blind) collected ($11.76)


PokerStars Hand #144902548985:  Hold'em Limit ($3/$6 USD) - 2015/12/06 6:23:50 ET
Table 'Lyra' 2-max Seat #2 is the button
Seat 1: BelSv ($109.50 in chips)
Seat 2: dodge658 ($94.66 in chips)
dodge658: posts small blind $1
BelSv: posts big blind $3
*** HOLE CARDS ***
dodge658: calls $2
BelSv: checks
*** FLOP *** [4d Ks 4h]
BelSv: checks
dodge658: bets $3
BelSv: folds
Uncalled bet ($3) returned to dodge658
dodge658 collected $5.88 from pot
dodge658: doesn't show hand
*** SUMMARY ***
Total pot $6 | Rake $0.12
Board [4d Ks 4h]
Seat 1: BelSv (big blind) folded on the Flop
Seat 2: dodge658 (button) (small blind) collected ($5.88)


PokerStars Hand #144902541955:  Hold'em Limit ($3/$6 USD) - 2015/12/06 6:23:37 ET
Table 'Lyra' 2-max Seat #1 is the button
Seat 1: BelSv ($110.50 in chips)
Seat 2: dodge658 ($93.66 in chips)
BelSv: posts small blind $1
dodge658: posts big blind $3
*** HOLE CARDS ***
BelSv: folds
Uncalled bet ($2) returned to dodge658
dodge658 collected $2 from pot
dodge658: doesn't show hand
*** SUMMARY ***
Total pot $2 | Rake $0
Seat 1: BelSv (button) (small blind) folded before Flop
Seat 2: dodge658 (big blind) collected ($2)


PokerStars Hand #144902525540:  Hold'em Limit ($3/$6 USD) - 2015/12/06 6:23:07 ET
Table 'Lyra' 2-max Seat #2 is the button
Seat 1: BelSv ($78 in chips)
Seat 2: dodge658 ($126.66 in chips)
dodge658: posts small blind $1
BelSv: posts big blind $3
*** HOLE CARDS ***
dodge658: calls $2
BelSv: checks
*** FLOP *** [4d 5c 3d]
BelSv: checks
dodge658: bets $3
BelSv: raises $3 to $6
dodge658: calls $3
*** TURN *** [4d 5c 3d] [7s]
BelSv: bets $6
dodge658: calls $6
*** RIVER *** [4d 5c 3d 7s] [5h]
BelSv: bets $6
dodge658: raises $6 to $12
BelSv: raises $6 to $18
dodge658: calls $6
*** SHOW DOWN ***
BelSv: shows [5s 3c] (a full house, Fives full of Threes)
dodge658: mucks hand
BelSv collected $65.50 from pot
*** SUMMARY ***
Total pot $66 | Rake $0.50
Board [4d 5c 3d 7s 5h]
Seat 1: BelSv (big blind) showed [5s 3c] and won ($65.50) with a full house, Fives full of Threes
Seat 2: dodge658 (button) (small blind) mucked


PokerStars Hand #144902601888:  Hold'em Limit ($3/$6 USD) - 2015/12/06 6:25:27 ET
Table 'Lyra' 2-max Seat #1 is the button
Seat 1: BelSv ($78 in chips)
Seat 2: dodge658 ($132.30 in chips)
BelSv: posts small blind $1
dodge658: posts big blind $3
*** HOLE CARDS ***
BelSv: folds
Uncalled bet ($2) returned to dodge658
dodge658 collected $2 from pot
dodge658: doesn't show hand
*** SUMMARY ***
Total pot $2 | Rake $0
Seat 1: BelSv (button) (small blind) folded before Flop
Seat 2: dodge658 (big blind) collected ($2)


PokerStars Hand #144902591685:  Hold'em Limit ($3/$6 USD) - 2015/12/06 6:25:08 ET
Table 'Lyra' 2-max Seat #2 is the button
Seat 1: BelSv ($94.14 in chips)
Seat 2: dodge658 ($108.80 in chips)
dodge658: posts small blind $1
BelSv: posts big blind $3
*** HOLE CARDS ***
dodge658: calls $2
BelSv: raises $3 to $6
dodge658: calls $3
*** FLOP *** [9c Js 4d]
BelSv: bets $3
dodge658: raises $3 to $6
BelSv: calls $3
*** TURN *** [9c Js 4d] [4c]
BelSv: checks
dodge658: bets $6
BelSv: calls $6
*** RIVER *** [9c Js 4d 4c] [Ks]
BelSv: checks
dodge658: bets $6
BelSv: calls $6
*** SHOW DOWN ***
dodge658: shows [9d Jh] (two pair, Jacks and Nines)
BelSv: mucks hand
dodge658 collected $47.50 from pot
*** SUMMARY ***
Total pot $48 | Rake $0.50
Board [9c Js 4d 4c Ks]
Seat 1: BelSv (big blind) mucked
Seat 2: dodge658 (button) (small blind) showed [9d Jh] and won ($47.50) with two pair, Jacks and Nines


PokerStars Hand #144902581453:  Hold'em Limit ($3/$6 USD) - 2015/12/06 6:24:50 ET
Table 'Lyra' 2-max Seat #1 is the button
Seat 1: BelSv ($109.14 in chips)
Seat 2: dodge658 ($94.30 in chips)
BelSv: posts small blind $1
dodge658: posts big blind $3
*** HOLE CARDS ***
BelSv: raises $3 to $6
dodge658: calls $3
*** FLOP *** [4h 7d 4c]
dodge658: checks
BelSv: bets $3
dodge658: calls $3
*** TURN *** [4h 7d 4c] [6h]
dodge658: bets $6
BelSv: calls $6
*** RIVER *** [4h 7d 4c 6h] [9s]
dodge658: bets $6
BelSv: folds
Uncalled bet ($6) returned to dodge658
dodge658 collected $29.50 from pot
dodge658: doesn't show hand
*** SUMMARY ***
Total pot $30 | Rake $0.50
Board [4h 7d 4c 6h 9s]
Seat 1: BelSv (button) (small blind) folded on the River
Seat 2: dodge658 (big blind) collected ($29.50)


PokerStars Hand #144902573362:  Hold'em Limit ($3/$6 USD) - 2015/12/06 6:24:35 ET
Table 'Lyra' 2-max Seat #2 is the button
Seat 1: BelSv ($115.14 in chips)
Seat 2: dodge658 ($88.54 in chips)
dodge658: posts small blind $1
BelSv: posts big blind $3
*** HOLE CARDS ***
dodge658: raises $3 to $6
BelSv: calls $3
*** FLOP *** [2c Qh 4s]
BelSv: checks
dodge658: bets $3
BelSv: folds
Uncalled bet ($3) returned to dodge658
dodge658 collected $11.76 from pot
dodge658: doesn't show hand
*** SUMMARY ***
Total pot $12 | Rake $0.24
Board [2c Qh 4s]
Seat 1: BelSv (big blind) folded on the Flop
Seat 2: dodge658 (button) (small blind) collected ($11.76)


PokerStars Hand #144902559241:  Hold'em Limit ($3/$6 USD) - 2015/12/06 6:24:09 ET
Table 'Lyra' 2-max Seat #1 is the button
Seat 1: BelSv ($106.50 in chips)
Seat 2: dodge658 ($97.54 in chips)
BelSv: posts small blind $1
dodge658: posts big blind $3
*** HOLE CARDS ***
BelSv: raises $3 to $6
dodge658: calls $3
*** FLOP *** [6h 6d Qc]
dodge658: checks
BelSv: bets $3
dodge658: calls $3
*** TURN *** [6h 6d Qc] [8d]
dodge658: checks
BelSv: checks
*** RIVER *** [6h 6d Qc 8d] [7h]
dodge658: checks
BelSv: bets $6
dodge658: folds
Uncalled bet ($6) returned to BelSv
BelSv collected $17.64 from pot
BelSv: doesn't show hand
*** SUMMARY ***
Total pot $18 | Rake $0.36
Board [6h 6d Qc 8d 7h]
Seat 1: BelSv (button) (small blind) collected ($17.64)
Seat 2: dodge658 (big blind) folded on the River


PokerStars Hand #144902614826:  Hold'em Limit ($3/$6 USD) - 2015/12/06 6:25:51 ET
Table 'Lyra' 2-max Seat #1 is the button
Seat 1: BelSv ($98.50 in chips)
Seat 2: dodge658 ($112.30 in chips)
BelSv: posts small blind $1
dodge658: posts big blind $3
*** HOLE CARDS ***
BelSv: raises $3 to $6
dodge658: calls $3
*** FLOP *** [3s 9s Kc]
dodge658: checks
BelSv: bets $3
dodge658: calls $3
*** TURN *** [3s 9s Kc] [4d]
dodge658: checks
BelSv: checks
*** RIVER *** [3s 9s Kc 4d] [5c]
dodge658: checks
BelSv: bets $6
dodge658: calls $6
*** SHOW DOWN ***
BelSv: shows [Ad 2d] (a straight, Ace to Five)
dodge658: mucks hand
BelSv collected $29.50 from pot
*** SUMMARY ***
Total pot $30 | Rake $0.50
Board [3s 9s Kc 4d 5c]
Seat 1: BelSv (button) (small blind) showed [Ad 2d] and won ($29.50) with a straight, Ace to Five
Seat 2: dodge658 (big blind) mucked


PokerStars Hand #144902604684:  Hold'em Limit ($3/$6 USD) - 2015/12/06 6:25:32 ET
Table 'Lyra' 2-max Seat #2 is the button
Seat 1: BelSv ($78 in chips)
Seat 2: dodge658 ($133.30 in chips)
dodge658: posts small blind $1
BelSv: posts big blind $3
*** HOLE CARDS ***
dodge658: calls $2
BelSv: raises $3 to $6
dodge658: calls $3
*** FLOP *** [4d 9d 4c]
BelSv: bets $3
dodge658: calls $3
*** TURN *** [4d 9d 4c] [5h]
BelSv: bets $6
dodge658: calls $6
*** RIVER *** [4d 9d 4c 5h] [9h]
BelSv: bets $6
dodge658: calls $6
*** SHOW DOWN ***
BelSv: shows [9s 6s] (a full house, Nines full of Fours)
dodge658: mucks hand
BelSv collected $41.50 from pot
*** SUMMARY ***
Total pot $42 | Rake $0.50
Board [4d 9d 4c 5h 9h]
Seat 1: BelSv (big blind) showed [9s 6s] and won ($41.50) with a full house, Nines full of Fours
Seat 2: dodge658 (button) (small blind) mucked


PokerStars Hand #144902630500:  Hold'em Limit ($3/$6 USD) - 2015/12/06 6:26:20 ET
Table 'Lyra' 2-max Seat #2 is the button
Seat 1: BelSv ($113 in chips)
Seat 2: dodge658 ($97.30 in chips)
dodge658: posts small blind $1
BelSv: posts big blind $3
*** HOLE CARDS ***
dodge658: calls $2
BelSv: checks
*** FLOP *** [3h 6h Jd]
BelSv: checks
dodge658: bets $3
BelSv: calls $3
*** TURN *** [3h 6h Jd] [2s]
BelSv: checks
dodge658: bets $6
BelSv: calls $6
*** RIVER *** [3h 6h Jd 2s] [Ts]
BelSv: checks
dodge658: bets $6
BelSv: calls $6
*** SHOW DOWN ***
dodge658: shows [6d As] (a pair of Sixes)
BelSv: mucks hand
dodge658 collected $35.50 from pot
*** SUMMARY ***
Total pot $36 | Rake $0.50
Board [3h 6h Jd 2s Ts]
Seat 1: BelSv (big blind) mucked
Seat 2: dodge658 (button) (small blind) showed [6d As] and won ($35.50) with a pair of Sixes


PokerStars Hand #144902650345:  Hold'em Limit ($3/$6 USD) - 2015/12/06 6:26:57 ET
Table 'Lyra' 2-max Seat #1 is the button
Seat 1: BelSv ($95 in chips)
Seat 2: dodge658 ($114.80 in chips)
BelSv: posts small blind $1
dodge658: posts big blind $3
*** HOLE CARDS ***
BelSv: raises $3 to $6
dodge658: calls $3
*** FLOP *** [Jh Js 2d]
dodge658: checks
BelSv: bets $3
dodge658: calls $3
*** TURN *** [Jh Js 2d] [Th]
dodge658: checks
BelSv: bets $6
dodge658: calls $6
*** RIVER *** [Jh Js 2d Th] [3s]
dodge658: bets $6
BelSv: calls $6
*** SHOW DOWN ***
dodge658: shows [Kc 8d] (a pair of Jacks)
BelSv: shows [Ks Td] (two pair, Jacks and Tens)
BelSv collected $41.50 from pot
*** SUMMARY ***
Total pot $42 | Rake $0.50
Board [Jh Js 2d Th 3s]
Seat 1: BelSv (button) (small blind) showed [Ks Td] and won ($41.50) with two pair, Jacks and Tens
Seat 2: dodge658 (big blind) showed [Kc 8d] and lost with a pair of Jacks


PokerStars Hand #144902663477:  Hold'em Limit ($3/$6 USD) - 2015/12/06 6:27:21 ET
Table 'Lyra' 2-max Seat #2 is the button
Seat 1: BelSv ($115.50 in chips)
Seat 2: dodge658 ($93.80 in chips)
dodge658: posts small blind $1
BelSv: posts big blind $3
*** HOLE CARDS ***
dodge658: calls $2
BelSv: raises $3 to $6
dodge658: calls $3
*** FLOP *** [Qh 4h 4d]
BelSv: bets $3
dodge658: folds
Uncalled bet ($3) returned to BelSv
BelSv collected $11.76 from pot
BelSv: doesn't show hand
*** SUMMARY ***
Total pot $12 | Rake $0.24
Board [Qh 4h 4d]
Seat 1: BelSv (big blind) collected ($11.76)
Seat 2: dodge658 (button) (small blind) folded on the Flop


PokerStars Hand #144902670657:  Hold'em Limit ($3/$6 USD) - 2015/12/06 6:27:34 ET
Table 'Lyra' 2-max Seat #1 is the button
Seat 1: BelSv ($121.26 in chips)
Seat 2: dodge658 ($87.80 in chips)
BelSv: posts small blind $1
dodge658: posts big blind $3
*** HOLE CARDS ***
BelSv: raises $3 to $6
dodge658: calls $3
*** FLOP *** [3h Kh 5s]
dodge658: checks
BelSv: checks
*** TURN *** [3h Kh 5s] [5c]
dodge658: bets $6
BelSv: calls $6
*** RIVER *** [3h Kh 5s 5c] [2d]
dodge658: bets $6
BelSv: calls $6
*** SHOW DOWN ***
dodge658: shows [4s 9c] (a pair of Fives)
BelSv: shows [3s Qc] (two pair, Fives and Threes)
BelSv collected $35.50 from pot
*** SUMMARY ***
Total pot $36 | Rake $0.50
Board [3h Kh 5s 5c 2d]
Seat 1: BelSv (button) (small blind) showed [3s Qc] and won ($35.50) with two pair, Fives and Threes
Seat 2: dodge658 (big blind) showed [4s 9c] and lost with a pair of Fives


PokerStars Hand #144902688519:  Hold'em Limit ($3/$6 USD) - 2015/12/06 6:28:07 ET
Table 'Lyra' 2-max Seat #1 is the button
Seat 1: BelSv ($129.76 in chips)
Seat 2: dodge658 ($78.44 in chips)
BelSv: posts small blind $1
dodge658: posts big blind $3
*** HOLE CARDS ***
BelSv: folds
Uncalled bet ($2) returned to dodge658
dodge658 collected $2 from pot
dodge658: doesn't show hand
*** SUMMARY ***
Total pot $2 | Rake $0
Seat 1: BelSv (button) (small blind) folded before Flop
Seat 2: dodge658 (big blind) collected ($2)


PokerStars Hand #144902679648:  Hold'em Limit ($3/$6 USD) - 2015/12/06 6:27:51 ET
Table 'Lyra' 2-max Seat #2 is the button
Seat 1: BelSv ($138.76 in chips)
Seat 2: dodge658 ($69.80 in chips)
dodge658: posts small blind $1
BelSv: posts big blind $3
*** HOLE CARDS ***
dodge658: calls $2
BelSv: raises $3 to $6
dodge658: calls $3
*** FLOP *** [3c Ac 5h]
BelSv: bets $3
dodge658: raises $3 to $6
BelSv: folds
Uncalled bet ($3) returned to dodge658
dodge658 collected $17.64 from pot
dodge658: doesn't show hand
*** SUMMARY ***
Total pot $18 | Rake $0.36
Board [3c Ac 5h]
Seat 1: BelSv (big blind) folded on the Flop
Seat 2: dodge658 (button) (small blind) collected ($17.64)


PokerStars Hand #144902692396:  Hold'em Limit ($3/$6 USD) - 2015/12/06 6:28:14 ET
Table 'Lyra' 2-max Seat #2 is the button
Seat 1: BelSv ($128.76 in chips)
Seat 2: dodge658 ($79.44 in chips)
dodge658: posts small blind $1
BelSv: posts big blind $3
*** HOLE CARDS ***
dodge658: calls $2
BelSv: raises $3 to $6
dodge658: calls $3
*** FLOP *** [8h 5h 2h]
BelSv: bets $3
dodge658: calls $3
*** TURN *** [8h 5h 2h] [Ad]
BelSv: bets $6
dodge658: calls $6
*** RIVER *** [8h 5h 2h Ad] [2d]
BelSv: bets $6
dodge658: calls $6
*** SHOW DOWN ***
BelSv: shows [Jh Jd] (two pair, Jacks and Deuces)
dodge658: shows [Ah Tc] (two pair, Aces and Deuces)
dodge658 collected $41.50 from pot
*** SUMMARY ***
Total pot $42 | Rake $0.50
Board [8h 5h 2h Ad 2d]
Seat 1: BelSv (big blind) showed [Jh Jd] and lost with two pair, Jacks and Deuces
Seat 2: dodge658 (button) (small blind) showed [Ah Tc] and won ($41.50) with two pair, Aces and Deuces


PokerStars Hand #144902702109:  Hold'em Limit ($3/$6 USD) - 2015/12/06 6:28:32 ET
Table 'Lyra' 2-max Seat #1 is the button
Seat 1: BelSv ($107.76 in chips)
Seat 2: dodge658 ($99.94 in chips)
BelSv: posts small blind $1
dodge658: posts big blind $3
*** HOLE CARDS ***
BelSv: raises $3 to $6
dodge658: calls $3
*** FLOP *** [9c 6s Js]
dodge658: bets $3
BelSv: calls $3
*** TURN *** [9c 6s Js] [Kc]
dodge658: bets $6
BelSv: folds
Uncalled bet ($6) returned to dodge658
dodge658 collected $17.64 from pot
dodge658: doesn't show hand
*** SUMMARY ***
Total pot $18 | Rake $0.36
Board [9c 6s Js Kc]
Seat 1: BelSv (button) (small blind) folded on the Turn
Seat 2: dodge658 (big blind) collected ($17.64)


PokerStars Hand #144902710267:  Hold'em Limit ($3/$6 USD) - 2015/12/06 6:28:47 ET
Table 'Lyra' 2-max Seat #2 is the button
Seat 1: BelSv ($98.76 in chips)
Seat 2: dodge658 ($108.58 in chips)
dodge658: posts small blind $1
BelSv: posts big blind $3
*** HOLE CARDS ***
dodge658: calls $2
BelSv: raises $3 to $6
dodge658: calls $3
*** FLOP *** [7s 5c 2s]
BelSv: bets $3
dodge658: calls $3
*** TURN *** [7s 5c 2s] [4d]
BelSv: bets $6
dodge658: calls $6
*** RIVER *** [7s 5c 2s 4d] [Ad]
BelSv: checks
dodge658: checks
*** SHOW DOWN ***
BelSv: shows [Jd Ks] (high card Ace)
dodge658: mucks hand
BelSv collected $29.50 from pot
*** SUMMARY ***
Total pot $30 | Rake $0.50
Board [7s 5c 2s 4d Ad]
Seat 1: BelSv (big blind) showed [Jd Ks] and won ($29.50) with high card Ace
Seat 2: dodge658 (button) (small blind) mucked


PokerStars Hand #144902722744:  Hold'em Limit ($3/$6 USD) - 2015/12/06 6:29:10 ET
Table 'Lyra' 2-max Seat #1 is the button
Seat 1: BelSv ($113.26 in chips)
Seat 2: dodge658 ($93.58 in chips)
BelSv: posts small blind $1
dodge658: posts big blind $3
*** HOLE CARDS ***
BelSv: raises $3 to $6
dodge658: calls $3
*** FLOP *** [6h 5s Th]
dodge658: bets $3
BelSv: calls $3
*** TURN *** [6h 5s Th] [As]
dodge658: bets $6
BelSv: folds
Uncalled bet ($6) returned to dodge658
dodge658 collected $17.64 from pot
dodge658: doesn't show hand
*** SUMMARY ***
Total pot $18 | Rake $0.36
Board [6h 5s Th As]
Seat 1: BelSv (button) (small blind) folded on the Turn
Seat 2: dodge658 (big blind) collected ($17.64)


PokerStars Hand #144902730777:  Hold'em Limit ($3/$6 USD) - 2015/12/06 6:29:25 ET
Table 'Lyra' 2-max Seat #2 is the button
Seat 1: BelSv ($104.26 in chips)
Seat 2: dodge658 ($102.22 in chips)
dodge658: posts small blind $1
BelSv: posts big blind $3
*** HOLE CARDS ***
dodge658: calls $2
BelSv: raises $3 to $6
dodge658: calls $3
*** FLOP *** [As 3h Kh]
BelSv: bets $3
dodge658: calls $3
*** TURN *** [As 3h Kh] [8d]
BelSv: checks
dodge658: checks
*** RIVER *** [As 3h Kh 8d] [9c]
BelSv: checks
dodge658: bets $6
BelSv: folds
Uncalled bet ($6) returned to dodge658
dodge658 collected $17.64 from pot
dodge658: doesn't show hand
*** SUMMARY ***
Total pot $18 | Rake $0.36
Board [As 3h Kh 8d 9c]
Seat 1: BelSv (big blind) folded on the River
Seat 2: dodge658 (button) (small blind) collected ($17.64)


PokerStars Hand #144902740507:  Hold'em Limit ($3/$6 USD) - 2015/12/06 6:29:43 ET
Table 'Lyra' 2-max Seat #1 is the button
Seat 1: BelSv ($95.26 in chips)
Seat 2: dodge658 ($110.86 in chips)
BelSv: posts small blind $1
dodge658: posts big blind $3
*** HOLE CARDS ***
BelSv: raises $3 to $6
dodge658: calls $3
*** FLOP *** [4c 8d 9s]
dodge658: bets $3
BelSv: folds
Uncalled bet ($3) returned to dodge658
dodge658 collected $11.76 from pot
dodge658: doesn't show hand
*** SUMMARY ***
Total pot $12 | Rake $0.24
Board [4c 8d 9s]
Seat 1: BelSv (button) (small blind) folded on the Flop
Seat 2: dodge658 (big blind) collected ($11.76)


PokerStars Hand #144902746001:  Hold'em Limit ($3/$6 USD) - 2015/12/06 6:29:53 ET
Table 'Lyra' 2-max Seat #2 is the button
Seat 1: BelSv ($89.26 in chips)
Seat 2: dodge658 ($116.62 in chips)
dodge658: posts small blind $1
BelSv: posts big blind $3
*** HOLE CARDS ***
dodge658: calls $2
BelSv: checks
*** FLOP *** [4h 4c Ah]
BelSv: checks
dodge658: checks
*** TURN *** [4h 4c Ah] [Jc]
BelSv: checks
dodge658: bets $6
BelSv: folds
Uncalled bet ($6) returned to dodge658
dodge658 collected $5.88 from pot
dodge658: doesn't show hand
*** SUMMARY ***
Total pot $6 | Rake $0.12
Board [4h 4c Ah Jc]
Seat 1: BelSv (big blind) folded on the Turn
Seat 2: dodge658 (button) (small blind) collected ($5.88)


PokerStars Hand #144902759514:  Hold'em Limit ($3/$6 USD) - 2015/12/06 6:30:16 ET
Table 'Lyra' 2-max Seat #1 is the button
Seat 1: BelSv ($86.26 in chips)
Seat 2: dodge658 ($119.50 in chips)
BelSv: posts small blind $1
dodge658: posts big blind $3
*** HOLE CARDS ***
BelSv: raises $3 to $6
dodge658: calls $3
*** FLOP *** [6h 8c Js]
dodge658: checks
BelSv: bets $3
dodge658: calls $3
*** TURN *** [6h 8c Js] [4s]
dodge658: bets $6
BelSv: calls $6
*** RIVER *** [6h 8c Js 4s] [Ad]
dodge658: bets $6
BelSv: calls $6
*** SHOW DOWN ***
dodge658: shows [5d 7d] (a straight, Four to Eight)
BelSv: mucks hand
dodge658 collected $41.50 from pot
*** SUMMARY ***
Total pot $42 | Rake $0.50
Board [6h 8c Js 4s Ad]
Seat 1: BelSv (button) (small blind) mucked
Seat 2: dodge658 (big blind) showed [5d 7d] and won ($41.50) with a straight, Four to Eight


PokerStars Hand #144902772101:  Hold'em Limit ($3/$6 USD) - 2015/12/06 6:30:39 ET
Table 'Lyra' 2-max Seat #2 is the button
Seat 1: BelSv ($78 in chips)
Seat 2: dodge658 ($140 in chips)
dodge658: posts small blind $1
BelSv: posts big blind $3
*** HOLE CARDS ***
dodge658: calls $2
BelSv: raises $3 to $6
dodge658: calls $3
*** FLOP *** [6s 2c 4h]
BelSv: bets $3
dodge658: calls $3
*** TURN *** [6s 2c 4h] [9c]
BelSv: bets $6
dodge658: calls $6
*** RIVER *** [6s 2c 4h 9c] [Tc]
BelSv: bets $6
dodge658: folds
Uncalled bet ($6) returned to BelSv
BelSv collected $29.50 from pot
BelSv: doesn't show hand
*** SUMMARY ***
Total pot $30 | Rake $0.50
Board [6s 2c 4h 9c Tc]
Seat 1: BelSv (big blind) collected ($29.50)
Seat 2: dodge658 (button) (small blind) folded on the River


PokerStars Hand #144902784828:  Hold'em Limit ($3/$6 USD) - 2015/12/06 6:31:02 ET
Table 'Lyra' 2-max Seat #1 is the button
Seat 1: BelSv ($92.50 in chips)
Seat 2: dodge658 ($125 in chips)
BelSv: posts small blind $1
dodge658: posts big blind $3
*** HOLE CARDS ***
BelSv: raises $3 to $6
dodge658: calls $3
*** FLOP *** [7s 3c 7d]
dodge658: bets $3
BelSv: folds
Uncalled bet ($3) returned to dodge658
dodge658 collected $11.76 from pot
dodge658: doesn't show hand
*** SUMMARY ***
Total pot $12 | Rake $0.24
Board [7s 3c 7d]
Seat 1: BelSv (button) (small blind) folded on the Flop
Seat 2: dodge658 (big blind) collected ($11.76)


PokerStars Hand #144902794815:  Hold'em Limit ($3/$6 USD) - 2015/12/06 6:31:20 ET
Table 'Lyra' 2-max Seat #2 is the button
Seat 1: BelSv ($86.50 in chips)
Seat 2: dodge658 ($130.76 in chips)
dodge658: posts small blind $1
BelSv: posts big blind $3
*** HOLE CARDS ***
dodge658: calls $2
BelSv: raises $3 to $6
dodge658: calls $3
*** FLOP *** [9s 8s Jh]
BelSv: bets $3
dodge658: calls $3
*** TURN *** [9s 8s Jh] [7h]
BelSv: checks
dodge658: bets $6
BelSv: calls $6
*** RIVER *** [9s 8s Jh 7h] [Th]
BelSv: bets $6
dodge658: raises $6 to $12
BelSv: calls $6
*** SHOW DOWN ***
dodge658: shows [8c Qs] (a straight, Eight to Queen)
BelSv: shows [7c Qh] (a straight, Eight to Queen)
BelSv collected $26.75 from pot
dodge658 collected $26.75 from pot
*** SUMMARY ***
Total pot $54 | Rake $0.50
Board [9s 8s Jh 7h Th]
Seat 1: BelSv (big blind) showed [7c Qh] and won ($26.75) with a straight, Eight to Queen
Seat 2: dodge658 (button) (small blind) showed [8c Qs] and won ($26.75) with a straight, Eight to Queen


PokerStars Hand #144902807623:  Hold'em Limit ($3/$6 USD) - 2015/12/06 6:31:43 ET
Table 'Lyra' 2-max Seat #1 is the button
Seat 1: BelSv ($86.25 in chips)
Seat 2: dodge658 ($130.51 in chips)
BelSv: posts small blind $1
dodge658: posts big blind $3
*** HOLE CARDS ***
BelSv: raises $3 to $6
dodge658: calls $3
*** FLOP *** [4h 4s 3d]
dodge658: bets $3
BelSv: calls $3
*** TURN *** [4h 4s 3d] [Ts]
dodge658: bets $6
BelSv: folds
Uncalled bet ($6) returned to dodge658
dodge658 collected $17.64 from pot
dodge658: doesn't show hand
*** SUMMARY ***
Total pot $18 | Rake $0.36
Board [4h 4s 3d Ts]
Seat 1: BelSv (button) (small blind) folded on the Turn
Seat 2: dodge658 (big blind) collected ($17.64)


PokerStars Hand #144902815084:  Hold'em Limit ($3/$6 USD) - 2015/12/06 6:31:56 ET
Table 'Lyra' 2-max Seat #2 is the button
Seat 1: BelSv ($78 in chips)
Seat 2: dodge658 ($139.15 in chips)
dodge658: posts small blind $1
BelSv: posts big blind $3
*** HOLE CARDS ***
dodge658: calls $2
BelSv: raises $3 to $6
dodge658: calls $3
*** FLOP *** [5s 7c 7d]
BelSv: bets $3
dodge658: calls $3
*** TURN *** [5s 7c 7d] [7s]
BelSv: bets $6
dodge658: raises $6 to $12
BelSv: raises $6 to $18
dodge658: calls $6
*** RIVER *** [5s 7c 7d 7s] [4h]
BelSv: bets $6
dodge658: calls $6
*** SHOW DOWN ***
BelSv: shows [Td Ts] (a full house, Sevens full of Tens)
dodge658: mucks hand
BelSv collected $65.50 from pot
*** SUMMARY ***
Total pot $66 | Rake $0.50
Board [5s 7c 7d 7s 4h]
Seat 1: BelSv (big blind) showed [Td Ts] and won ($65.50) with a full house, Sevens full of Tens
Seat 2: dodge658 (button) (small blind) mucked


PokerStars Hand #144902826111:  Hold'em Limit ($3/$6 USD) - 2015/12/06 6:32:15 ET
Table 'Lyra' 2-max Seat #1 is the button
Seat 1: BelSv ($110.50 in chips)
Seat 2: dodge658 ($106.15 in chips)
BelSv: posts small blind $1
dodge658: posts big blind $3
*** HOLE CARDS ***
BelSv: raises $3 to $6
dodge658: calls $3
*** FLOP *** [9d 7c Th]
dodge658: bets $3
BelSv: calls $3
*** TURN *** [9d 7c Th] [Qh]
dodge658: bets $6
BelSv: calls $6
*** RIVER *** [9d 7c Th Qh] [7d]
dodge658: bets $6
BelSv: calls $6
*** SHOW DOWN ***
dodge658: shows [5c 3s] (a pair of Sevens)
BelSv: shows [Ts Kh] (two pair, Tens and Sevens)
BelSv collected $41.50 from pot
*** SUMMARY ***
Total pot $42 | Rake $0.50
Board [9d 7c Th Qh 7d]
Seat 1: BelSv (button) (small blind) showed [Ts Kh] and won ($41.50) with two pair, Tens and Sevens
Seat 2: dodge658 (big blind) showed [5c 3s] and lost with a pair of Sevens


PokerStars Hand #144902837059:  Hold'em Limit ($3/$6 USD) - 2015/12/06 6:32:35 ET
Table 'Lyra' 2-max Seat #2 is the button
Seat 1: BelSv ($131 in chips)
Seat 2: dodge658 ($85.15 in chips)
dodge658: posts small blind $1
BelSv: posts big blind $3
*** HOLE CARDS ***
dodge658: calls $2
BelSv: raises $3 to $6
dodge658: calls $3
*** FLOP *** [4s 3h Jd]
BelSv: bets $3
dodge658: calls $3
*** TURN *** [4s 3h Jd] [Jc]
BelSv: checks
dodge658: bets $6
BelSv: calls $6
*** RIVER *** [4s 3h Jd Jc] [Kc]
BelSv: checks
dodge658: bets $6
BelSv: calls $6
*** SHOW DOWN ***
dodge658: shows [Ah 3s] (two pair, Jacks and Threes)
BelSv: mucks hand
dodge658 collected $41.50 from pot
*** SUMMARY ***
Total pot $42 | Rake $0.50
Board [4s 3h Jd Jc Kc]
Seat 1: BelSv (big blind) mucked
Seat 2: dodge658 (button) (small blind) showed [Ah 3s] and won ($41.50) with two pair, Jacks and Threes


PokerStars Hand #144902848152:  Hold'em Limit ($3/$6 USD) - 2015/12/06 6:32:54 ET
Table 'Lyra' 2-max Seat #1 is the button
Seat 1: BelSv ($110 in chips)
Seat 2: dodge658 ($105.65 in chips)
BelSv: posts small blind $1
dodge658: posts big blind $3
*** HOLE CARDS ***
BelSv: raises $3 to $6
dodge658: calls $3
*** FLOP *** [Ah 5h 7s]
dodge658: checks
BelSv: bets $3
dodge658: calls $3
*** TURN *** [Ah 5h 7s] [Th]
dodge658: bets $6
BelSv: folds
Uncalled bet ($6) returned to dodge658
dodge658 collected $17.64 from pot
dodge658: doesn't show hand
*** SUMMARY ***
Total pot $18 | Rake $0.36
Board [Ah 5h 7s Th]
Seat 1: BelSv (button) (small blind) folded on the Turn
Seat 2: dodge658 (big blind) collected ($17.64)


PokerStars Hand #144902856939:  Hold'em Limit ($3/$6 USD) - 2015/12/06 6:33:10 ET
Table 'Lyra' 2-max Seat #2 is the button
Seat 1: BelSv ($101 in chips)
Seat 2: dodge658 ($114.29 in chips)
dodge658: posts small blind $1
BelSv: posts big blind $3
*** HOLE CARDS ***
dodge658: calls $2
BelSv: raises $3 to $6
dodge658: calls $3
*** FLOP *** [Kd 2c 8h]
BelSv: checks
dodge658: checks
*** TURN *** [Kd 2c 8h] [Qd]
BelSv: bets $6
dodge658: calls $6
*** RIVER *** [Kd 2c 8h Qd] [9s]
BelSv: bets $6
dodge658: calls $6
*** SHOW DOWN ***
BelSv: shows [6c Qs] (a pair of Queens)
dodge658: mucks hand
BelSv collected $35.50 from pot
*** SUMMARY ***
Total pot $36 | Rake $0.50
Board [Kd 2c 8h Qd 9s]
Seat 1: BelSv (big blind) showed [6c Qs] and won ($35.50) with a pair of Queens
Seat 2: dodge658 (button) (small blind) mucked


PokerStars Hand #144902869525:  Hold'em Limit ($3/$6 USD) - 2015/12/06 6:33:32 ET
Table 'Lyra' 2-max Seat #1 is the button
Seat 1: BelSv ($118.50 in chips)
Seat 2: dodge658 ($96.29 in chips)
BelSv: posts small blind $1
dodge658: posts big blind $3
*** HOLE CARDS ***
BelSv: raises $3 to $6
dodge658: calls $3
*** FLOP *** [Qs 3s 9h]
dodge658: bets $3
BelSv: calls $3
*** TURN *** [Qs 3s 9h] [Jh]
dodge658: checks
BelSv: bets $6
dodge658: folds
Uncalled bet ($6) returned to BelSv
BelSv collected $17.64 from pot
BelSv: doesn't show hand
*** SUMMARY ***
Total pot $18 | Rake $0.36
Board [Qs 3s 9h Jh]
Seat 1: BelSv (button) (small blind) collected ($17.64)
Seat 2: dodge658 (big blind) folded on the Turn


PokerStars Hand #144902883163:  Hold'em Limit ($3/$6 USD) - 2015/12/06 6:33:56 ET
Table 'Lyra' 2-max Seat #2 is the button
Seat 1: BelSv ($127.14 in chips)
Seat 2: dodge658 ($87.29 in chips)
dodge658: posts small blind $1
BelSv: posts big blind $3
*** HOLE CARDS ***
dodge658: calls $2
BelSv: raises $3 to $6
dodge658: calls $3
*** FLOP *** [Jd As 2c]
BelSv: bets $3
dodge658: raises $3 to $6
BelSv: calls $3
*** TURN *** [Jd As 2c] [Ac]
BelSv: checks
dodge658: checks
*** RIVER *** [Jd As 2c Ac] [5s]
BelSv: checks
dodge658: checks
*** SHOW DOWN ***
BelSv: shows [Ks Td] (a pair of Aces)
dodge658: shows [Qd Kh] (a pair of Aces - King+Queen kicker)
dodge658 collected $23.52 from pot
*** SUMMARY ***
Total pot $24 | Rake $0.48
Board [Jd As 2c Ac 5s]
Seat 1: BelSv (big blind) showed [Ks Td] and lost with a pair of Aces
Seat 2: dodge658 (button) (small blind) showed [Qd Kh] and won ($23.52) with a pair of Aces


PokerStars Hand #144902893636:  Hold'em Limit ($3/$6 USD) - 2015/12/06 6:34:15 ET
Table 'Lyra' 2-max Seat #1 is the button
Seat 1: BelSv ($115.14 in chips)
Seat 2: dodge658 ($98.81 in chips)
BelSv: posts small blind $1
dodge658: posts big blind $3
*** HOLE CARDS ***
BelSv: folds
Uncalled bet ($2) returned to dodge658
dodge658 collected $2 from pot
dodge658: doesn't show hand
*** SUMMARY ***
Total pot $2 | Rake $0
Seat 1: BelSv (button) (small blind) folded before Flop
Seat 2: dodge658 (big blind) collected ($2)


PokerStars Hand #144902911570:  Hold'em Limit ($3/$6 USD) - 2015/12/06 6:34:47 ET
Table 'Lyra' 2-max Seat #1 is the button
Seat 1: BelSv ($102.14 in chips)
Seat 2: dodge658 ($111.33 in chips)
BelSv: posts small blind $1
dodge658: posts big blind $3
*** HOLE CARDS ***
BelSv: folds
Uncalled bet ($2) returned to dodge658
dodge658 collected $2 from pot
dodge658: doesn't show hand
*** SUMMARY ***
Total pot $2 | Rake $0
Seat 1: BelSv (button) (small blind) folded before Flop
Seat 2: dodge658 (big blind) collected ($2)


PokerStars Hand #144902899872:  Hold'em Limit ($3/$6 USD) - 2015/12/06 6:34:26 ET
Table 'Lyra' 2-max Seat #2 is the button
Seat 1: BelSv ($114.14 in chips)
Seat 2: dodge658 ($99.81 in chips)
dodge658: posts small blind $1
BelSv: posts big blind $3
*** HOLE CARDS ***
dodge658: calls $2
BelSv: checks
*** FLOP *** [6d 2h Qd]
BelSv: bets $3
dodge658: calls $3
*** TURN *** [6d 2h Qd] [5h]
BelSv: checks
dodge658: checks
*** RIVER *** [6d 2h Qd 5h] [7h]
BelSv: bets $6
dodge658: calls $6
*** SHOW DOWN ***
BelSv: shows [4s Th] (high card Queen)
dodge658: shows [Kd 2s] (a pair of Deuces)
dodge658 collected $23.52 from pot
*** SUMMARY ***
Total pot $24 | Rake $0.48
Board [6d 2h Qd 5h 7h]
Seat 1: BelSv (big blind) showed [4s Th] and lost with high card Queen
Seat 2: dodge658 (button) (small blind) showed [Kd 2s] and won ($23.52) with a pair of Deuces


PokerStars Hand #144902914339:  Hold'em Limit ($3/$6 USD) - 2015/12/06 6:34:52 ET
Table 'Lyra' 2-max Seat #2 is the button
Seat 1: BelSv ($101.14 in chips)
Seat 2: dodge658 ($112.33 in chips)
dodge658: posts small blind $1
BelSv: posts big blind $3
*** HOLE CARDS ***
dodge658: calls $2
BelSv: raises $3 to $6
dodge658: calls $3
*** FLOP *** [5c Qd 2h]
BelSv: bets $3
dodge658: calls $3
*** TURN *** [5c Qd 2h] [4h]
BelSv: checks
dodge658: checks
*** RIVER *** [5c Qd 2h 4h] [Qh]
BelSv: checks
dodge658: checks
*** SHOW DOWN ***
BelSv: shows [8h 7s] (a pair of Queens)
dodge658: shows [Kc 2d] (two pair, Queens and Deuces)
dodge658 collected $17.64 from pot
*** SUMMARY ***
Total pot $18 | Rake $0.36
Board [5c Qd 2h 4h Qh]
Seat 1: BelSv (big blind) showed [8h 7s] and lost with a pair of Queens
Seat 2: dodge658 (button) (small blind) showed [Kc 2d] and won ($17.64) with two pair, Queens and Deuces


PokerStars Hand #144902925196:  Hold'em Limit ($3/$6 USD) - 2015/12/06 6:35:12 ET
Table 'Lyra' 2-max Seat #1 is the button
Seat 1: BelSv ($92.14 in chips)
Seat 2: dodge658 ($120.97 in chips)
BelSv: posts small blind $1
dodge658: posts big blind $3
*** HOLE CARDS ***
BelSv: raises $3 to $6
dodge658: calls $3
*** FLOP *** [Ad Qh 9s]
dodge658: bets $3
BelSv: calls $3
*** TURN *** [Ad Qh 9s] [7h]
dodge658: bets $6
BelSv: raises $6 to $12
dodge658: calls $6
*** RIVER *** [Ad Qh 9s 7h] [3h]
dodge658: bets $6
BelSv: calls $6
*** SHOW DOWN ***
dodge658: shows [6s Kc] (high card Ace)
BelSv: shows [As Tc] (a pair of Aces)
BelSv collected $53.50 from pot
*** SUMMARY ***
Total pot $54 | Rake $0.50
Board [Ad Qh 9s 7h 3h]
Seat 1: BelSv (button) (small blind) showed [As Tc] and won ($53.50) with a pair of Aces
Seat 2: dodge658 (big blind) showed [6s Kc] and lost with high card Ace


PokerStars Hand #144902936865:  Hold'em Limit ($3/$6 USD) - 2015/12/06 6:35:32 ET
Table 'Lyra' 2-max Seat #2 is the button
Seat 1: BelSv ($118.64 in chips)
Seat 2: dodge658 ($93.97 in chips)
dodge658: posts small blind $1
BelSv: posts big blind $3
*** HOLE CARDS ***
dodge658: calls $2
BelSv: raises $3 to $6
dodge658: calls $3
*** FLOP *** [9d 3h 5d]
BelSv: bets $3
dodge658: calls $3
*** TURN *** [9d 3h 5d] [Qs]
BelSv: bets $6
dodge658: calls $6
*** RIVER *** [9d 3h 5d Qs] [Kh]
BelSv: bets $6
dodge658: folds
Uncalled bet ($6) returned to BelSv
BelSv collected $29.50 from pot
BelSv: doesn't show hand
*** SUMMARY ***
Total pot $30 | Rake $0.50
Board [9d 3h 5d Qs Kh]
Seat 1: BelSv (big blind) collected ($29.50)
Seat 2: dodge658 (button) (small blind) folded on the River


PokerStars Hand #144902949714:  Hold'em Limit ($3/$6 USD) - 2015/12/06 6:35:55 ET
Table 'Lyra' 2-max Seat #1 is the button
Seat 1: BelSv ($133.14 in chips)
Seat 2: dodge658 ($78.97 in chips)
BelSv: posts small blind $1
dodge658: posts big blind $3
*** HOLE CARDS ***
BelSv: folds
Uncalled bet ($2) returned to dodge658
dodge658 collected $2 from pot
dodge658: doesn't show hand
*** SUMMARY ***
Total pot $2 | Rake $0
Seat 1: BelSv (button) (small blind) folded before Flop
Seat 2: dodge658 (big blind) collected ($2)


PokerStars Hand #144902969386:  Hold'em Limit ($3/$6 USD) - 2015/12/06 6:36:30 ET
Table 'Lyra' 2-max Seat #1 is the button
Seat 1: BelSv ($123.14 in chips)
Seat 2: dodge658 ($88.61 in chips)
BelSv: posts small blind $1
dodge658: posts big blind $3
*** HOLE CARDS ***
BelSv: folds
Uncalled bet ($2) returned to dodge658
dodge658 collected $2 from pot
dodge658: doesn't show hand
*** SUMMARY ***
Total pot $2 | Rake $0
Seat 1: BelSv (button) (small blind) folded before Flop
Seat 2: dodge658 (big blind) collected ($2)


PokerStars Hand #144902952514:  Hold'em Limit ($3/$6 USD) - 2015/12/06 6:36:00 ET
Table 'Lyra' 2-max Seat #2 is the button
Seat 1: BelSv ($132.14 in chips)
Seat 2: dodge658 ($79.97 in chips)
dodge658: posts small blind $1
BelSv: posts big blind $3
*** HOLE CARDS ***
dodge658: calls $2
BelSv: raises $3 to $6
dodge658: calls $3
*** FLOP *** [7c 3d Qc]
BelSv: bets $3
dodge658: calls $3
*** TURN *** [7c 3d Qc] [Tc]
BelSv: checks
dodge658: checks
*** RIVER *** [7c 3d Qc Tc] [7s]
BelSv: checks
dodge658: bets $6
BelSv: folds
Uncalled bet ($6) returned to dodge658
dodge658 collected $17.64 from pot
dodge658: doesn't show hand
*** SUMMARY ***
Total pot $18 | Rake $0.36
Board [7c 3d Qc Tc 7s]
Seat 1: BelSv (big blind) folded on the River
Seat 2: dodge658 (button) (small blind) collected ($17.64)


PokerStars Hand #144902972182:  Hold'em Limit ($3/$6 USD) - 2015/12/06 6:36:35 ET
Table 'Lyra' 2-max Seat #2 is the button
Seat 1: BelSv ($122.14 in chips)
Seat 2: dodge658 ($89.61 in chips)
dodge658: posts small blind $1
BelSv: posts big blind $3
*** HOLE CARDS ***
dodge658: calls $2
BelSv: checks
*** FLOP *** [3c 4h 6d]
BelSv: checks
dodge658: checks
*** TURN *** [3c 4h 6d] [Kd]
BelSv: checks
dodge658: checks
*** RIVER *** [3c 4h 6d Kd] [Td]
BelSv: checks
dodge658: checks
*** SHOW DOWN ***
BelSv: shows [3d 8h] (a pair of Threes)
dodge658: mucks hand
BelSv collected $5.88 from pot
*** SUMMARY ***
Total pot $6 | Rake $0.12
Board [3c 4h 6d Kd Td]
Seat 1: BelSv (big blind) showed [3d 8h] and won ($5.88) with a pair of Threes
Seat 2: dodge658 (button) (small blind) mucked


PokerStars Hand #144902982303:  Hold'em Limit ($3/$6 USD) - 2015/12/06 6:36:53 ET
Table 'Lyra' 2-max Seat #1 is the button
Seat 1: BelSv ($125.02 in chips)
Seat 2: dodge658 ($86.61 in chips)
BelSv: posts small blind $1
dodge658: posts big blind $3
*** HOLE CARDS ***
BelSv: raises $3 to $6
dodge658: calls $3
*** FLOP *** [3h 7s Jc]
dodge658: bets $3
BelSv: calls $3
*** TURN *** [3h 7s Jc] [Qh]
dodge658: checks
BelSv: bets $6
dodge658: calls $6
*** RIVER *** [3h 7s Jc Qh] [Jh]
dodge658: bets $6
BelSv: calls $6
*** SHOW DOWN ***
dodge658: shows [Ac 8s] (a pair of Jacks)
BelSv: shows [2d Jd] (three of a kind, Jacks)
BelSv collected $41.50 from pot
*** SUMMARY ***
Total pot $42 | Rake $0.50
Board [3h 7s Jc Qh Jh]
Seat 1: BelSv (button) (small blind) showed [2d Jd] and won ($41.50) with three of a kind, Jacks
Seat 2: dodge658 (big blind) showed [Ac 8s] and lost with a pair of Jacks


PokerStars Hand #144902996732:  Hold'em Limit ($3/$6 USD) - 2015/12/06 6:37:18 ET
Table 'Lyra' 2-max Seat #2 is the button
Seat 1: BelSv ($145.52 in chips)
Seat 2: dodge658 ($65.61 in chips)
dodge658: posts small blind $1
BelSv: posts big blind $3
*** HOLE CARDS ***
dodge658: calls $2
BelSv: raises $3 to $6
dodge658: calls $3
*** FLOP *** [Qs Ah 8h]
BelSv: bets $3
dodge658: calls $3
*** TURN *** [Qs Ah 8h] [2d]
BelSv: bets $6
dodge658: calls $6
*** RIVER *** [Qs Ah 8h 2d] [4s]
BelSv: bets $6
dodge658: calls $6
*** SHOW DOWN ***
BelSv: shows [4c Ad] (two pair, Aces and Fours)
dodge658: mucks hand
BelSv collected $41.50 from pot
*** SUMMARY ***
Total pot $42 | Rake $0.50
Board [Qs Ah 8h 2d 4s]
Seat 1: BelSv (big blind) showed [4c Ad] and won ($41.50) with two pair, Aces and Fours
Seat 2: dodge658 (button) (small blind) mucked


PokerStars Hand #144903012398:  Hold'em Limit ($3/$6 USD) - 2015/12/06 6:37:46 ET
Table 'Lyra' 2-max Seat #1 is the button
Seat 1: BelSv ($166.02 in chips)
Seat 2: dodge658 ($44.61 in chips)
BelSv: posts small blind $1
dodge658: posts big blind $3
*** HOLE CARDS ***
BelSv: raises $3 to $6
dodge658: calls $3
*** FLOP *** [Ah Ac 7s]
dodge658: checks
BelSv: bets $3
dodge658: folds
Uncalled bet ($3) returned to BelSv
BelSv collected $11.76 from pot
BelSv: doesn't show hand
*** SUMMARY ***
Total pot $12 | Rake $0.24
Board [Ah Ac 7s]
Seat 1: BelSv (button) (small blind) collected ($11.76)
Seat 2: dodge658 (big blind) folded on the Flop


PokerStars Hand #144903020965:  Hold'em Limit ($3/$6 USD) - 2015/12/06 6:38:01 ET
Table 'Lyra' 2-max Seat #2 is the button
Seat 1: BelSv ($171.78 in chips)
Seat 2: dodge658 ($38.61 in chips)
dodge658: posts small blind $1
BelSv: posts big blind $3
*** HOLE CARDS ***
dodge658: calls $2
BelSv: raises $3 to $6
dodge658: calls $3
*** FLOP *** [5s 2h Jd]
BelSv: bets $3
dodge658: calls $3
*** TURN *** [5s 2h Jd] [Jh]
BelSv: checks
dodge658: bets $6
BelSv: calls $6
*** RIVER *** [5s 2h Jd Jh] [5c]
BelSv: checks
dodge658: bets $6
BelSv: calls $6
*** SHOW DOWN ***
dodge658: shows [3c Jc] (a full house, Jacks full of Fives)
BelSv: mucks hand
dodge658 collected $41.50 from pot
*** SUMMARY ***
Total pot $42 | Rake $0.50
Board [5s 2h Jd Jh 5c]
Seat 1: BelSv (big blind) mucked
Seat 2: dodge658 (button) (small blind) showed [3c Jc] and won ($41.50) with a full house, Jacks full of Fives


PokerStars Hand #144903036130:  Hold'em Limit ($3/$6 USD) - 2015/12/06 6:38:28 ET
Table 'Lyra' 2-max Seat #1 is the button
Seat 1: BelSv ($150.78 in chips)
Seat 2: dodge658 ($59.11 in chips)
BelSv: posts small blind $1
dodge658: posts big blind $3
*** HOLE CARDS ***
BelSv: raises $3 to $6
dodge658: calls $3
*** FLOP *** [5s Th 6d]
dodge658: bets $3
BelSv: folds
Uncalled bet ($3) returned to dodge658
dodge658 collected $11.76 from pot
dodge658: doesn't show hand
*** SUMMARY ***
Total pot $12 | Rake $0.24
Board [5s Th 6d]
Seat 1: BelSv (button) (small blind) folded on the Flop
Seat 2: dodge658 (big blind) collected ($11.76)


PokerStars Hand #144903043413:  Hold'em Limit ($3/$6 USD) - 2015/12/06 6:38:41 ET
Table 'Lyra' 2-max Seat #2 is the button
Seat 1: BelSv ($144.78 in chips)
Seat 2: dodge658 ($64.87 in chips)
dodge658: posts small blind $1
BelSv: posts big blind $3
*** HOLE CARDS ***
dodge658: calls $2
BelSv: raises $3 to $6
dodge658: calls $3
*** FLOP *** [Ts 9h 2c]
BelSv: bets $3
dodge658: calls $3
*** TURN *** [Ts 9h 2c] [6s]
BelSv: bets $6
dodge658: folds
Uncalled bet ($6) returned to BelSv
BelSv collected $17.64 from pot
BelSv: doesn't show hand
*** SUMMARY ***
Total pot $18 | Rake $0.36
Board [Ts 9h 2c 6s]
Seat 1: BelSv (big blind) collected ($17.64)
Seat 2: dodge658 (button) (small blind) folded on the Turn


PokerStars Hand #144903054467:  Hold'em Limit ($3/$6 USD) - 2015/12/06 6:39:01 ET
Table 'Lyra' 2-max Seat #1 is the button
Seat 1: BelSv ($153.42 in chips)
Seat 2: dodge658 ($55.87 in chips)
BelSv: posts small blind $1
dodge658: posts big blind $3
*** HOLE CARDS ***
BelSv: raises $3 to $6
dodge658: calls $3
*** FLOP *** [8h Ad Tc]
dodge658: bets $3
BelSv: folds
Uncalled bet ($3) returned to dodge658
dodge658 collected $11.76 from pot
dodge658: doesn't show hand
*** SUMMARY ***
Total pot $12 | Rake $0.24
Board [8h Ad Tc]
Seat 1: BelSv (button) (small blind) folded on the Flop
Seat 2: dodge658 (big blind) collected ($11.76)


PokerStars Hand #144903061518:  Hold'em Limit ($3/$6 USD) - 2015/12/06 6:39:14 ET
Table 'Lyra' 2-max Seat #2 is the button
Seat 1: BelSv ($147.42 in chips)
Seat 2: dodge658 ($61.63 in chips)
dodge658: posts small blind $1
BelSv: posts big blind $3
*** HOLE CARDS ***
dodge658: calls $2
BelSv: raises $3 to $6
dodge658: calls $3
*** FLOP *** [9s Qc 3c]
BelSv: bets $3
dodge658: calls $3
*** TURN *** [9s Qc 3c] [7s]
BelSv: checks
dodge658: bets $6
BelSv: calls $6
*** RIVER *** [9s Qc 3c 7s] [9d]
BelSv: checks
dodge658: bets $6
BelSv: calls $6
*** SHOW DOWN ***
dodge658: shows [Qh 5d] (two pair, Queens and Nines)
BelSv: mucks hand
dodge658 collected $41.50 from pot
*** SUMMARY ***
Total pot $42 | Rake $0.50
Board [9s Qc 3c 7s 9d]
Seat 1: BelSv (big blind) mucked
Seat 2: dodge658 (button) (small blind) showed [Qh 5d] and won ($41.50) with two pair, Queens and Nines


PokerStars Hand #144903080114:  Hold'em Limit ($3/$6 USD) - 2015/12/06 6:39:47 ET
Table 'Lyra' 2-max Seat #1 is the button
Seat 1: BelSv ($126.42 in chips)
Seat 2: dodge658 ($82.13 in chips)
BelSv: posts small blind $1
dodge658: posts big blind $3
*** HOLE CARDS ***
BelSv: raises $3 to $6
dodge658: calls $3
*** FLOP *** [7s Kd 7h]
dodge658: bets $3
BelSv: folds
Uncalled bet ($3) returned to dodge658
dodge658 collected $11.76 from pot
dodge658: doesn't show hand
*** SUMMARY ***
Total pot $12 | Rake $0.24
Board [7s Kd 7h]
Seat 1: BelSv (button) (small blind) folded on the Flop
Seat 2: dodge658 (big blind) collected ($11.76)


PokerStars Hand #144903089912:  Hold'em Limit ($3/$6 USD) - 2015/12/06 6:40:04 ET
Table 'Lyra' 2-max Seat #2 is the button
Seat 1: BelSv ($120.42 in chips)
Seat 2: dodge658 ($87.89 in chips)
dodge658: posts small blind $1
BelSv: posts big blind $3
*** HOLE CARDS ***
dodge658: calls $2
BelSv: checks
*** FLOP *** [Qd 7d 5c]
BelSv: checks
dodge658: checks
*** TURN *** [Qd 7d 5c] [Qh]
BelSv: checks
dodge658: checks
*** RIVER *** [Qd 7d 5c Qh] [4d]
BelSv: checks
dodge658: checks
*** SHOW DOWN ***
BelSv: shows [3c 2d] (a pair of Queens)
dodge658: shows [2s 6h] (a pair of Queens - Seven+Six kicker)
dodge658 collected $5.88 from pot
*** SUMMARY ***
Total pot $6 | Rake $0.12
Board [Qd 7d 5c Qh 4d]
Seat 1: BelSv (big blind) showed [3c 2d] and lost with a pair of Queens
Seat 2: dodge658 (button) (small blind) showed [2s 6h] and won ($5.88) with a pair of Queens


PokerStars Hand #144903106182:  Hold'em Limit ($3/$6 USD) - 2015/12/06 6:40:34 ET
Table 'Lyra' 2-max Seat #1 is the button
Seat 1: BelSv ($117.42 in chips)
Seat 2: dodge658 ($90.77 in chips)
BelSv: posts small blind $1
dodge658: posts big blind $3
*** HOLE CARDS ***
BelSv: folds
Uncalled bet ($2) returned to dodge658
dodge658 collected $2 from pot
dodge658: doesn't show hand
*** SUMMARY ***
Total pot $2 | Rake $0
Seat 1: BelSv (button) (small blind) folded before Flop
Seat 2: dodge658 (big blind) collected ($2)


PokerStars Hand #144903113959:  Hold'em Limit ($3/$6 USD) - 2015/12/06 6:40:48 ET
Table 'Lyra' 2-max Seat #2 is the button
Seat 1: BelSv ($116.42 in chips)
Seat 2: dodge658 ($91.77 in chips)
dodge658: posts small blind $1
BelSv: posts big blind $3
*** HOLE CARDS ***
dodge658: calls $2
BelSv: raises $3 to $6
dodge658: calls $3
*** FLOP *** [Jh 4h 4d]
BelSv: bets $3
dodge658: calls $3
*** TURN *** [Jh 4h 4d] [As]
BelSv: bets $6
dodge658: raises $6 to $12
BelSv: folds
Uncalled bet ($6) returned to dodge658
dodge658 collected $29.50 from pot
dodge658: doesn't show hand
*** SUMMARY ***
Total pot $30 | Rake $0.50
Board [Jh 4h 4d As]
Seat 1: BelSv (big blind) folded on the Turn
Seat 2: dodge658 (button) (small blind) collected ($29.50)


PokerStars Hand #144903130884:  Hold'em Limit ($3/$6 USD) - 2015/12/06 6:41:18 ET
Table 'Lyra' 2-max Seat #1 is the button
Seat 1: BelSv ($101.42 in chips)
Seat 2: dodge658 ($106.27 in chips)
BelSv: posts small blind $1
dodge658: posts big blind $3
*** HOLE CARDS ***
BelSv: folds
Uncalled bet ($2) returned to dodge658
dodge658 collected $2 from pot
dodge658: doesn't show hand
*** SUMMARY ***
Total pot $2 | Rake $0
Seat 1: BelSv (button) (small blind) folded before Flop
Seat 2: dodge658 (big blind) collected ($2)


PokerStars Hand #144903135098:  Hold'em Limit ($3/$6 USD) - 2015/12/06 6:41:25 ET
Table 'Lyra' 2-max Seat #2 is the button
Seat 1: BelSv ($100.42 in chips)
Seat 2: dodge658 ($107.27 in chips)
dodge658: posts small blind $1
BelSv: posts big blind $3
*** HOLE CARDS ***
dodge658: calls $2
BelSv: raises $3 to $6
dodge658: calls $3
*** FLOP *** [7h Ks 3h]
BelSv: bets $3
dodge658: calls $3
*** TURN *** [7h Ks 3h] [Kc]
BelSv: bets $6
dodge658: calls $6
*** RIVER *** [7h Ks 3h Kc] [4h]
BelSv: bets $6
dodge658: folds
Uncalled bet ($6) returned to BelSv
BelSv collected $29.50 from pot
BelSv: doesn't show hand
*** SUMMARY ***
Total pot $30 | Rake $0.50
Board [7h Ks 3h Kc 4h]
Seat 1: BelSv (big blind) collected ($29.50)
Seat 2: dodge658 (button) (small blind) folded on the River


PokerStars Hand #144903158178:  Hold'em Limit ($3/$6 USD) - 2015/12/06 6:42:05 ET
Table 'Lyra' 2-max Seat #1 is the button
Seat 1: BelSv ($114.92 in chips)
Seat 2: dodge658 ($92.27 in chips)
BelSv: posts small blind $1
dodge658: posts big blind $3
*** HOLE CARDS ***
BelSv: raises $3 to $6
dodge658: calls $3
*** FLOP *** [9c Tc As]
dodge658: bets $3
BelSv: raises $3 to $6
dodge658: calls $3
*** TURN *** [9c Tc As] [6c]
dodge658: checks
BelSv: checks
*** RIVER *** [9c Tc As 6c] [9s]
dodge658: bets $6
BelSv: folds
Uncalled bet ($6) returned to dodge658
dodge658 collected $23.52 from pot
dodge658: doesn't show hand
*** SUMMARY ***
Total pot $24 | Rake $0.48
Board [9c Tc As 6c 9s]
Seat 1: BelSv (button) (small blind) folded on the River
Seat 2: dodge658 (big blind) collected ($23.52)


PokerStars Hand #144903221237:  Hold'em Limit ($3/$6 USD) - 2015/12/06 6:43:54 ET
Table 'Lyra' 2-max Seat #1 is the button
Seat 1: BelSv ($78 in chips)
Seat 2: dodge658 ($130.29 in chips)
BelSv: posts small blind $1
dodge658: posts big blind $3
*** HOLE CARDS ***
BelSv: raises $3 to $6
dodge658: calls $3
*** FLOP *** [7h 3h 8d]
dodge658: checks
BelSv: bets $3
dodge658: calls $3
*** TURN *** [7h 3h 8d] [8h]
dodge658: checks
BelSv: checks
*** RIVER *** [7h 3h 8d 8h] [2d]
dodge658: bets $6
BelSv: calls $6
*** SHOW DOWN ***
dodge658: shows [Ks 3s] (two pair, Eights and Threes)
BelSv: mucks hand
dodge658 collected $29.50 from pot
*** SUMMARY ***
Total pot $30 | Rake $0.50
Board [7h 3h 8d 8h 2d]
Seat 1: BelSv (button) (small blind) mucked
Seat 2: dodge658 (big blind) showed [Ks 3s] and won ($29.50) with two pair, Eights and Threes


PokerStars Hand #144903193737:  Hold'em Limit ($3/$6 USD) - 2015/12/06 6:43:07 ET
Table 'Lyra' 2-max Seat #2 is the button
Seat 1: BelSv ($102.92 in chips)
Seat 2: dodge658 ($103.79 in chips)
dodge658: posts small blind $1
BelSv: posts big blind $3
*** HOLE CARDS ***
dodge658: calls $2
BelSv: raises $3 to $6
dodge658: calls $3
*** FLOP *** [9s Jc Kh]
BelSv: bets $3
dodge658: calls $3
*** TURN *** [9s Jc Kh] [4c]
BelSv: checks
dodge658: bets $6
BelSv: raises $6 to $12
dodge658: calls $6
*** RIVER *** [9s Jc Kh 4c] [Ah]
BelSv: bets $6
dodge658: raises $6 to $12
BelSv: folds
Uncalled bet ($6) returned to dodge658
dodge658 collected $53.50 from pot
dodge658: doesn't show hand
*** SUMMARY ***
Total pot $54 | Rake $0.50
Board [9s Jc Kh 4c Ah]
Seat 1: BelSv (big blind) folded on the River
Seat 2: dodge658 (button) (small blind) collected ($53.50)


PokerStars Hand #144903357751:  Hold'em Limit ($3/$6 USD) - 2015/12/06 6:47:50 ET
Table 'Lyra' 2-max Seat #1 is the button
Seat 1: BelSv ($78 in chips)
Seat 2: dodge658 ($153.43 in chips)
BelSv: posts small blind $1
dodge658: posts big blind $3
*** HOLE CARDS ***
BelSv: raises $3 to $6
dodge658: calls $3
*** FLOP *** [9c As 8h]
dodge658: checks
BelSv: bets $3
dodge658: calls $3
*** TURN *** [9c As 8h] [Jc]
dodge658: checks
BelSv: checks
*** RIVER *** [9c As 8h Jc] [7c]
dodge658: bets $6
BelSv: folds
Uncalled bet ($6) returned to dodge658
dodge658 collected $17.64 from pot
dodge658: doesn't show hand
*** SUMMARY ***
Total pot $18 | Rake $0.36
Board [9c As 8h Jc 7c]
Seat 1: BelSv (button) (small blind) folded on the River
Seat 2: dodge658 (big blind) collected ($17.64)


PokerStars Hand #144903337508:  Hold'em Limit ($3/$6 USD) - 2015/12/06 6:47:15 ET
Table 'Lyra' 2-max Seat #2 is the button
Seat 1: BelSv ($78 in chips)
Seat 2: dodge658 ($144.79 in chips)
dodge658: posts small blind $1
BelSv: posts big blind $3
*** HOLE CARDS ***
dodge658: calls $2
BelSv: raises $3 to $6
dodge658: calls $3
*** FLOP *** [2c Kd 8c]
BelSv: bets $3
dodge658: calls $3
*** TURN *** [2c Kd 8c] [9h]
BelSv: checks
dodge658: bets $6
BelSv: folds
Uncalled bet ($6) returned to dodge658
dodge658 collected $17.64 from pot
dodge658: doesn't show hand
*** SUMMARY ***
Total pot $18 | Rake $0.36
Board [2c Kd 8c 9h]
Seat 1: BelSv (big blind) folded on the Turn
Seat 2: dodge658 (button) (small blind) collected ($17.64)


PokerStars Hand #144903392782:  Hold'em Limit ($3/$6 USD) - 2015/12/06 6:48:50 ET
Table 'Lyra' 2-max Seat #1 is the button
Seat 1: BelSv ($78 in chips)
Seat 2: dodge658 ($182.57 in chips)
BelSv: posts small blind $1
dodge658: posts big blind $3
*** HOLE CARDS ***
BelSv: raises $3 to $6
dodge658: calls $3
*** FLOP *** [5h 3d 2c]
dodge658: bets $3
BelSv: calls $3
*** TURN *** [5h 3d 2c] [7s]
dodge658: checks
BelSv: checks
*** RIVER *** [5h 3d 2c 7s] [Qh]
dodge658: checks
BelSv: checks
*** SHOW DOWN ***
dodge658: shows [Ts Ad] (high card Ace)
BelSv: mucks hand
dodge658 collected $17.64 from pot
*** SUMMARY ***
Total pot $18 | Rake $0.36
Board [5h 3d 2c 7s Qh]
Seat 1: BelSv (button) (small blind) mucked
Seat 2: dodge658 (big blind) showed [Ts Ad] and won ($17.64) with high card Ace


PokerStars Hand #144903378345:  Hold'em Limit ($3/$6 USD) - 2015/12/06 6:48:25 ET
Table 'Lyra' 2-max Seat #2 is the button
Seat 1: BelSv ($78 in chips)
Seat 2: dodge658 ($162.07 in chips)
dodge658: posts small blind $1
BelSv: posts big blind $3
*** HOLE CARDS ***
dodge658: calls $2
BelSv: raises $3 to $6
dodge658: calls $3
*** FLOP *** [3c 3s 2c]
BelSv: bets $3
dodge658: calls $3
*** TURN *** [3c 3s 2c] [5s]
BelSv: bets $6
dodge658: calls $6
*** RIVER *** [3c 3s 2c 5s] [Js]
BelSv: bets $6
dodge658: calls $6
*** SHOW DOWN ***
BelSv: shows [4d 9d] (a pair of Threes)
dodge658: shows [2d Kh] (two pair, Threes and Deuces)
dodge658 collected $41.50 from pot
*** SUMMARY ***
Total pot $42 | Rake $0.50
Board [3c 3s 2c 5s Js]
Seat 1: BelSv (big blind) showed [4d 9d] and lost with a pair of Threes
Seat 2: dodge658 (button) (small blind) showed [2d Kh] and won ($41.50) with two pair, Threes and Deuces


PokerStars Hand #144903438581:  Hold'em Limit ($3/$6 USD) - 2015/12/06 6:50:10 ET
Table 'Lyra' 2-max Seat #2 is the button
Seat 1: BelSv ($86.64 in chips)
Seat 2: dodge658 ($185.09 in chips)
dodge658: posts small blind $1
BelSv: posts big blind $3
*** HOLE CARDS ***
dodge658: calls $2
BelSv: raises $3 to $6
dodge658: calls $3
*** FLOP *** [Jc Qs 3h]
BelSv: bets $3
dodge658: calls $3
*** TURN *** [Jc Qs 3h] [6h]
BelSv: checks
dodge658: checks
*** RIVER *** [Jc Qs 3h 6h] [7s]
BelSv: checks
dodge658: checks
*** SHOW DOWN ***
BelSv: shows [8d Ks] (high card King)
dodge658: shows [Kd Td] (high card King - Queen+Jack+Ten kicker)
dodge658 collected $17.64 from pot
*** SUMMARY ***
Total pot $18 | Rake $0.36
Board [Jc Qs 3h 6h 7s]
Seat 1: BelSv (big blind) showed [8d Ks] and lost with high card King
Seat 2: dodge658 (button) (small blind) showed [Kd Td] and won ($17.64) with high card King


PokerStars Hand #144903428351:  Hold'em Limit ($3/$6 USD) - 2015/12/06 6:49:52 ET
Table 'Lyra' 2-max Seat #1 is the button
Seat 1: BelSv ($78 in chips)
Seat 2: dodge658 ($194.09 in chips)
BelSv: posts small blind $1
dodge658: posts big blind $3
*** HOLE CARDS ***
BelSv: raises $3 to $6
dodge658: calls $3
*** FLOP *** [5h Js Qh]
dodge658: checks
BelSv: bets $3
dodge658: calls $3
*** TURN *** [5h Js Qh] [9h]
dodge658: checks
BelSv: bets $6
dodge658: folds
Uncalled bet ($6) returned to BelSv
BelSv collected $17.64 from pot
BelSv: doesn't show hand
*** SUMMARY ***
Total pot $18 | Rake $0.36
Board [5h Js Qh 9h]
Seat 1: BelSv (button) (small blind) collected ($17.64)
Seat 2: dodge658 (big blind) folded on the Turn


PokerStars Hand #144903417828:  Hold'em Limit ($3/$6 USD) - 2015/12/06 6:49:34 ET
Table 'Lyra' 2-max Seat #2 is the button
Seat 1: BelSv ($78 in chips)
Seat 2: dodge658 ($191.21 in chips)
dodge658: posts small blind $1
BelSv: posts big blind $3
*** HOLE CARDS ***
dodge658: calls $2
BelSv: checks
*** FLOP *** [8h 4s 5h]
BelSv: checks
dodge658: checks
*** TURN *** [8h 4s 5h] [Ks]
BelSv: checks
dodge658: bets $6
BelSv: folds
Uncalled bet ($6) returned to dodge658
dodge658 collected $5.88 from pot
dodge658: doesn't show hand
*** SUMMARY ***
Total pot $6 | Rake $0.12
Board [8h 4s 5h Ks]
Seat 1: BelSv (big blind) folded on the Turn
Seat 2: dodge658 (button) (small blind) collected ($5.88)


PokerStars Hand #144903458171:  Hold'em Limit ($3/$6 USD) - 2015/12/06 6:50:44 ET
Table 'Lyra' 2-max Seat #1 is the button
Seat 1: BelSv ($78 in chips)
Seat 2: dodge658 ($193.73 in chips)
BelSv: posts small blind $1
dodge658: posts big blind $3
*** HOLE CARDS ***
BelSv: raises $3 to $6
dodge658 has timed out
dodge658: folds
Uncalled bet ($3) returned to BelSv
BelSv collected $6 from pot
BelSv: doesn't show hand
*** SUMMARY ***
Total pot $6 | Rake $0
Seat 1: BelSv (button) (small blind) collected ($6)
Seat 2: dodge658 (big blind) folded before Flop


PokerStars Hand #144903548257:  Hold'em Limit ($3/$6 USD) - 2015/12/06 6:53:21 ET
Table 'Lyra' 2-max Seat #1 is the button
Seat 1: BelSv ($78 in chips)
Seat 2: dodge658 ($202.25 in chips)
BelSv: posts small blind $1
dodge658: posts big blind $3
*** HOLE CARDS ***
BelSv: raises $3 to $6
dodge658: calls $3
*** FLOP *** [9h 2c Js]
dodge658: bets $3
BelSv: calls $3
*** TURN *** [9h 2c Js] [7c]
dodge658: bets $6
BelSv: raises $6 to $12
dodge658: calls $6
*** RIVER *** [9h 2c Js 7c] [Kh]
dodge658: bets $6
BelSv: calls $6
*** SHOW DOWN ***
dodge658: shows [2h 2s] (three of a kind, Deuces)
BelSv: mucks hand
dodge658 collected $53.50 from pot
*** SUMMARY ***
Total pot $54 | Rake $0.50
Board [9h 2c Js 7c Kh]
Seat 1: BelSv (button) (small blind) mucked
Seat 2: dodge658 (big blind) showed [2h 2s] and won ($53.50) with three of a kind, Deuces


PokerStars Hand #144903532027:  Hold'em Limit ($3/$6 USD) - 2015/12/06 6:52:52 ET
Table 'Lyra' 2-max Seat #2 is the button
Seat 1: BelSv ($81 in chips)
Seat 2: dodge658 ($190.73 in chips)
dodge658: posts small blind $1
BelSv: posts big blind $3
*** HOLE CARDS ***
dodge658: calls $2
BelSv: checks
*** FLOP *** [Qd 4h 5c]
BelSv: bets $3
dodge658: calls $3
*** TURN *** [Qd 4h 5c] [3h]
BelSv: checks
dodge658: bets $6
BelSv: calls $6
*** RIVER *** [Qd 4h 5c 3h] [Ah]
BelSv: checks
dodge658: bets $6
BelSv: folds
Uncalled bet ($6) returned to dodge658
dodge658 collected $23.52 from pot
dodge658: doesn't show hand
*** SUMMARY ***
Total pot $24 | Rake $0.48
Board [Qd 4h 5c 3h Ah]
Seat 1: BelSv (big blind) folded on the River
Seat 2: dodge658 (button) (small blind) collected ($23.52)


PokerStars Hand #144903576694:  Hold'em Limit ($3/$6 USD) - 2015/12/06 6:54:10 ET
Table 'Lyra' 2-max Seat #2 is the button
Seat 1: BelSv ($91.50 in chips)
Seat 2: dodge658 ($214.75 in chips)
dodge658: posts small blind $1
BelSv: posts big blind $3
*** HOLE CARDS ***
dodge658: calls $2
BelSv: raises $3 to $6
dodge658: calls $3
*** FLOP *** [Tc 6h 5s]
BelSv: bets $3
dodge658: calls $3
*** TURN *** [Tc 6h 5s] [9d]
BelSv: bets $6
dodge658: calls $6
*** RIVER *** [Tc 6h 5s 9d] [Ks]
BelSv: bets $6
dodge658: calls $6
*** SHOW DOWN ***
BelSv: shows [6s Kh] (two pair, Kings and Sixes)
dodge658: mucks hand
BelSv collected $41.50 from pot
*** SUMMARY ***
Total pot $42 | Rake $0.50
Board [Tc 6h 5s 9d Ks]
Seat 1: BelSv (big blind) showed [6s Kh] and won ($41.50) with two pair, Kings and Sixes
Seat 2: dodge658 (button) (small blind) mucked


PokerStars Hand #144903573967:  Hold'em Limit ($3/$6 USD) - 2015/12/06 6:54:06 ET
Table 'Lyra' 2-max Seat #1 is the button
Seat 1: BelSv ($92.50 in chips)
Seat 2: dodge658 ($213.75 in chips)
BelSv: posts small blind $1
dodge658: posts big blind $3
*** HOLE CARDS ***
BelSv: folds
Uncalled bet ($2) returned to dodge658
dodge658 collected $2 from pot
dodge658: doesn't show hand
*** SUMMARY ***
Total pot $2 | Rake $0
Seat 1: BelSv (button) (small blind) folded before Flop
Seat 2: dodge658 (big blind) collected ($2)


PokerStars Hand #144903560588:  Hold'em Limit ($3/$6 USD) - 2015/12/06 6:53:42 ET
Table 'Lyra' 2-max Seat #2 is the button
Seat 1: BelSv ($78 in chips)
Seat 2: dodge658 ($228.75 in chips)
dodge658: posts small blind $1
BelSv: posts big blind $3
*** HOLE CARDS ***
dodge658: calls $2
BelSv: raises $3 to $6
dodge658: calls $3
*** FLOP *** [9h Js 4c]
BelSv: bets $3
dodge658: calls $3
*** TURN *** [9h Js 4c] [8h]
BelSv: bets $6
dodge658: calls $6
*** RIVER *** [9h Js 4c 8h] [4s]
BelSv: bets $6
dodge658: folds
Uncalled bet ($6) returned to BelSv
BelSv collected $29.50 from pot
BelSv: doesn't show hand
*** SUMMARY ***
Total pot $30 | Rake $0.50
Board [9h Js 4c 8h 4s]
Seat 1: BelSv (big blind) collected ($29.50)
Seat 2: dodge658 (button) (small blind) folded on the River


PokerStars Hand #144903589255:  Hold'em Limit ($3/$6 USD) - 2015/12/06 6:54:33 ET
Table 'Lyra' 2-max Seat #1 is the button
Seat 1: BelSv ($112 in chips)
Seat 2: dodge658 ($193.75 in chips)
BelSv: posts small blind $1
dodge658: posts big blind $3
*** HOLE CARDS ***
BelSv: raises $3 to $6
dodge658: calls $3
*** FLOP *** [Ad 8c 5s]
dodge658: bets $3
BelSv: calls $3
*** TURN *** [Ad 8c 5s] [Js]
dodge658: bets $6
BelSv: raises $6 to $12
dodge658: calls $6
*** RIVER *** [Ad 8c 5s Js] [Qc]
dodge658: bets $6
BelSv: calls $6
*** SHOW DOWN ***
dodge658: shows [9d 2c] (high card Ace)
BelSv: shows [Tc Ac] (a pair of Aces)
BelSv collected $53.50 from pot
*** SUMMARY ***
Total pot $54 | Rake $0.50
Board [Ad 8c 5s Js Qc]
Seat 1: BelSv (button) (small blind) showed [Tc Ac] and won ($53.50) with a pair of Aces
Seat 2: dodge658 (big blind) showed [9d 2c] and lost with high card Ace


PokerStars Hand #144903635389:  Hold'em Limit ($3/$6 USD) - 2015/12/06 6:56:02 ET
Table 'Lyra' 2-max Seat #2 is the button
Seat 1: BelSv ($102.50 in chips)
Seat 2: dodge658 ($201.89 in chips)
dodge658: posts small blind $1
BelSv: posts big blind $3
*** HOLE CARDS ***
dodge658: calls $2
BelSv: checks
*** FLOP *** [Ts 7c 3c]
BelSv: bets $3
dodge658: calls $3
*** TURN *** [Ts 7c 3c] [Tc]
BelSv: bets $6
dodge658: folds
Uncalled bet ($6) returned to BelSv
BelSv collected $11.76 from pot
BelSv: doesn't show hand
*** SUMMARY ***
Total pot $12 | Rake $0.24
Board [Ts 7c 3c Tc]
Seat 1: BelSv (big blind) collected ($11.76)
Seat 2: dodge658 (button) (small blind) folded on the Turn


PokerStars Hand #144903625773:  Hold'em Limit ($3/$6 USD) - 2015/12/06 6:55:42 ET
Table 'Lyra' 2-max Seat #1 is the button
Seat 1: BelSv ($111.50 in chips)
Seat 2: dodge658 ($193.25 in chips)
BelSv: posts small blind $1
dodge658: posts big blind $3
*** HOLE CARDS ***
BelSv: raises $3 to $6
dodge658: calls $3
*** FLOP *** [9c Tc Ah]
dodge658: bets $3
BelSv: calls $3
*** TURN *** [9c Tc Ah] [7h]
dodge658: bets $6
BelSv: folds
Uncalled bet ($6) returned to dodge658
dodge658 collected $17.64 from pot
dodge658: doesn't show hand
*** SUMMARY ***
Total pot $18 | Rake $0.36
Board [9c Tc Ah 7h]
Seat 1: BelSv (button) (small blind) folded on the Turn
Seat 2: dodge658 (big blind) collected ($17.64)


PokerStars Hand #144903605899:  Hold'em Limit ($3/$6 USD) - 2015/12/06 6:55:02 ET
Table 'Lyra' 2-max Seat #2 is the button
Seat 1: BelSv ($138.50 in chips)
Seat 2: dodge658 ($166.75 in chips)
dodge658: posts small blind $1
BelSv: posts big blind $3
*** HOLE CARDS ***
dodge658: calls $2
BelSv: raises $3 to $6
dodge658: calls $3
*** FLOP *** [2s 8d 3h]
BelSv: bets $3
dodge658: calls $3
*** TURN *** [2s 8d 3h] [9d]
BelSv: bets $6
dodge658: calls $6
*** RIVER *** [2s 8d 3h 9d] [5s]
BelSv: bets $6
dodge658: raises $6 to $12
BelSv: calls $6
*** SHOW DOWN ***
dodge658: shows [6d 7h] (a straight, Five to Nine)
BelSv: mucks hand
dodge658 collected $53.50 from pot
*** SUMMARY ***
Total pot $54 | Rake $0.50
Board [2s 8d 3h 9d 5s]
Seat 1: BelSv (big blind) mucked
Seat 2: dodge658 (button) (small blind) showed [6d 7h] and won ($53.50) with a straight, Five to Nine


PokerStars Hand #144903645109:  Hold'em Limit ($3/$6 USD) - 2015/12/06 6:56:22 ET
Table 'Lyra' 2-max Seat #1 is the button
Seat 1: BelSv ($108.26 in chips)
Seat 2: dodge658 ($195.89 in chips)
BelSv: posts small blind $1
dodge658: posts big blind $3
*** HOLE CARDS ***
BelSv: raises $3 to $6
dodge658: calls $3
*** FLOP *** [Kd Qd Ts]
dodge658: bets $3
BelSv: calls $3
*** TURN *** [Kd Qd Ts] [5d]
dodge658: bets $6
BelSv: raises $6 to $12
dodge658: folds
Uncalled bet ($6) returned to BelSv
BelSv collected $29.50 from pot
BelSv: doesn't show hand
*** SUMMARY ***
Total pot $30 | Rake $0.50
Board [Kd Qd Ts 5d]
Seat 1: BelSv (button) (small blind) collected ($29.50)
Seat 2: dodge658 (big blind) folded on the Turn


PokerStars Hand #144903655224:  Hold'em Limit ($3/$6 USD) - 2015/12/06 6:56:43 ET
Table 'Lyra' 2-max Seat #2 is the button
Seat 1: BelSv ($122.76 in chips)
Seat 2: dodge658 ($180.89 in chips)
dodge658: posts small blind $1
BelSv: posts big blind $3
*** HOLE CARDS ***
dodge658: calls $2
BelSv: raises $3 to $6
dodge658: calls $3
*** FLOP *** [4d Kd Qs]
BelSv: bets $3
dodge658: calls $3
*** TURN *** [4d Kd Qs] [Ts]
BelSv: checks
dodge658: checks
*** RIVER *** [4d Kd Qs Ts] [3s]
BelSv: checks
dodge658: bets $6
BelSv: folds
Uncalled bet ($6) returned to dodge658
dodge658 collected $17.64 from pot
dodge658: doesn't show hand
*** SUMMARY ***
Total pot $18 | Rake $0.36
Board [4d Kd Qs Ts 3s]
Seat 1: BelSv (big blind) folded on the River
Seat 2: dodge658 (button) (small blind) collected ($17.64)


PokerStars Hand #144903900480:  Hold'em Limit ($3/$6 USD) - 2015/12/06 7:04:29 ET
Table 'Lyra' 2-max Seat #1 is the button
Seat 1: BelSv ($113.76 in chips)
Seat 2: dodge658 ($120 in chips)
BelSv: posts small blind $1
dodge658: posts big blind $3
*** HOLE CARDS ***
BelSv: raises $3 to $6
dodge658: calls $3
*** FLOP *** [Jd Kh Ah]
dodge658: checks
BelSv: bets $3
dodge658: calls $3
*** TURN *** [Jd Kh Ah] [2d]
dodge658: checks
BelSv: bets $6
dodge658: calls $6
*** RIVER *** [Jd Kh Ah 2d] [Td]
dodge658: bets $6
BelSv: calls $6
*** SHOW DOWN ***
dodge658: shows [Tc 5s] (a pair of Tens)
BelSv: shows [Ts Kc] (two pair, Kings and Tens)
BelSv collected $41.50 from pot
*** SUMMARY ***
Total pot $42 | Rake $0.50
Board [Jd Kh Ah 2d Td]
Seat 1: BelSv (button) (small blind) showed [Ts Kc] and won ($41.50) with two pair, Kings and Tens
Seat 2: dodge658 (big blind) showed [Tc 5s] and lost with a pair of Tens


PokerStars Hand #144903916298:  Hold'em Limit ($3/$6 USD) - 2015/12/06 7:04:56 ET
Table 'Lyra' 2-max Seat #2 is the button
Seat 1: BelSv ($134.26 in chips)
Seat 2: dodge658 ($99 in chips)
dodge658: posts small blind $1
BelSv: posts big blind $3
*** HOLE CARDS ***
dodge658: calls $2
BelSv: raises $3 to $6
dodge658: calls $3
*** FLOP *** [5d 7s 5s]
BelSv: bets $3
dodge658: calls $3
*** TURN *** [5d 7s 5s] [Qh]
BelSv: bets $6
dodge658: raises $6 to $12
BelSv: raises $6 to $18
dodge658: calls $6
*** RIVER *** [5d 7s 5s Qh] [Qs]
BelSv: checks
dodge658: bets $6
BelSv: calls $6
*** SHOW DOWN ***
dodge658: shows [Th 3d] (two pair, Queens and Fives)
BelSv: shows [5c 7d] (a full house, Fives full of Queens)
BelSv collected $65.50 from pot
*** SUMMARY ***
Total pot $66 | Rake $0.50
Board [5d 7s 5s Qh Qs]
Seat 1: BelSv (big blind) showed [5c 7d] and won ($65.50) with a full house, Fives full of Queens
Seat 2: dodge658 (button) (small blind) showed [Th 3d] and lost with two pair, Queens and Fives


PokerStars Hand #144903932393:  Hold'em Limit ($3/$6 USD) - 2015/12/06 7:05:23 ET
Table 'Lyra' 2-max Seat #1 is the button
Seat 1: BelSv ($166.76 in chips)
Seat 2: dodge658 ($66 in chips)
BelSv: posts small blind $1
dodge658: posts big blind $3
*** HOLE CARDS ***
BelSv: raises $3 to $6
dodge658: calls $3
*** FLOP *** [6s Td Qh]
dodge658: bets $3
BelSv: calls $3
*** TURN *** [6s Td Qh] [9h]
dodge658: bets $6
BelSv: calls $6
*** RIVER *** [6s Td Qh 9h] [4c]
dodge658: bets $6
BelSv: folds
Uncalled bet ($6) returned to dodge658
dodge658 collected $29.50 from pot
dodge658: doesn't show hand
*** SUMMARY ***
Total pot $30 | Rake $0.50
Board [6s Td Qh 9h 4c]
Seat 1: BelSv (button) (small blind) folded on the River
Seat 2: dodge658 (big blind) collected ($29.50)


PokerStars Hand #144903942413:  Hold'em Limit ($3/$6 USD) - 2015/12/06 7:05:40 ET
Table 'Lyra' 2-max Seat #2 is the button
Seat 1: BelSv ($151.76 in chips)
Seat 2: dodge658 ($80.50 in chips)
dodge658: posts small blind $1
BelSv: posts big blind $3
*** HOLE CARDS ***
dodge658: calls $2
BelSv: raises $3 to $6
dodge658: calls $3
*** FLOP *** [Ad 3d 9d]
BelSv: bets $3
dodge658: calls $3
*** TURN *** [Ad 3d 9d] [4s]
BelSv: checks
dodge658: bets $6
BelSv: calls $6
*** RIVER *** [Ad 3d 9d 4s] [7h]
BelSv: checks
dodge658: bets $6
BelSv: folds
Uncalled bet ($6) returned to dodge658
dodge658 collected $29.50 from pot
dodge658: doesn't show hand
*** SUMMARY ***
Total pot $30 | Rake $0.50
Board [Ad 3d 9d 4s 7h]
Seat 1: BelSv (big blind) folded on the River
Seat 2: dodge658 (button) (small blind) collected ($29.50)


PokerStars Hand #144903956968:  Hold'em Limit ($3/$6 USD) - 2015/12/06 7:06:05 ET
Table 'Lyra' 2-max Seat #1 is the button
Seat 1: BelSv ($136.76 in chips)
Seat 2: dodge658 ($95 in chips)
BelSv: posts small blind $1
dodge658: posts big blind $3
*** HOLE CARDS ***
BelSv: raises $3 to $6
dodge658: calls $3
*** FLOP *** [7c Ts 6s]
dodge658: checks
BelSv: bets $3
dodge658: calls $3
*** TURN *** [7c Ts 6s] [2h]
dodge658: bets $6
BelSv: calls $6
*** RIVER *** [7c Ts 6s 2h] [Qh]
dodge658: bets $6
BelSv: raises $6 to $12
dodge658: calls $6
*** SHOW DOWN ***
BelSv: shows [Qc 6c] (two pair, Queens and Sixes)
dodge658: mucks hand
BelSv collected $53.50 from pot
*** SUMMARY ***
Total pot $54 | Rake $0.50
Board [7c Ts 6s 2h Qh]
Seat 1: BelSv (button) (small blind) showed [Qc 6c] and won ($53.50) with two pair, Queens and Sixes
Seat 2: dodge658 (big blind) mucked


PokerStars Hand #144903971407:  Hold'em Limit ($3/$6 USD) - 2015/12/06 7:06:29 ET
Table 'Lyra' 2-max Seat #2 is the button
Seat 1: BelSv ($163.26 in chips)
Seat 2: dodge658 ($68 in chips)
dodge658: posts small blind $1
BelSv: posts big blind $3
*** HOLE CARDS ***
dodge658: calls $2
BelSv: raises $3 to $6
dodge658: calls $3
*** FLOP *** [Ac 2s 6s]
BelSv: bets $3
dodge658: calls $3
*** TURN *** [Ac 2s 6s] [Qs]
BelSv: bets $6
dodge658: calls $6
*** RIVER *** [Ac 2s 6s Qs] [Kc]
BelSv: checks
dodge658: bets $6
BelSv: calls $6
*** SHOW DOWN ***
dodge658: shows [Ks 4d] (a pair of Kings)
BelSv: mucks hand
dodge658 collected $41.50 from pot
*** SUMMARY ***
Total pot $42 | Rake $0.50
Board [Ac 2s 6s Qs Kc]
Seat 1: BelSv (big blind) mucked
Seat 2: dodge658 (button) (small blind) showed [Ks 4d] and won ($41.50) with a pair of Kings


PokerStars Hand #144903989347:  Hold'em Limit ($3/$6 USD) - 2015/12/06 7:07:00 ET
Table 'Lyra' 2-max Seat #1 is the button
Seat 1: BelSv ($142.26 in chips)
Seat 2: dodge658 ($88.50 in chips)
BelSv: posts small blind $1
dodge658: posts big blind $3
*** HOLE CARDS ***
BelSv: raises $3 to $6
dodge658: calls $3
*** FLOP *** [4c 2h 3h]
dodge658: checks
BelSv: bets $3
dodge658: calls $3
*** TURN *** [4c 2h 3h] [2c]
dodge658: checks
BelSv: checks
*** RIVER *** [4c 2h 3h 2c] [Jh]
dodge658: bets $6
BelSv: folds
Uncalled bet ($6) returned to dodge658
dodge658 collected $17.64 from pot
dodge658: doesn't show hand
*** SUMMARY ***
Total pot $18 | Rake $0.36
Board [4c 2h 3h 2c Jh]
Seat 1: BelSv (button) (small blind) folded on the River
Seat 2: dodge658 (big blind) collected ($17.64)


PokerStars Hand #144904000594:  Hold'em Limit ($3/$6 USD) - 2015/12/06 7:07:19 ET
Table 'Lyra' 2-max Seat #2 is the button
Seat 1: BelSv ($133.26 in chips)
Seat 2: dodge658 ($97.14 in chips)
dodge658: posts small blind $1
BelSv: posts big blind $3
*** HOLE CARDS ***
dodge658: calls $2
BelSv: raises $3 to $6
dodge658: calls $3
*** FLOP *** [8d 5c 5d]
BelSv: bets $3
dodge658: calls $3
*** TURN *** [8d 5c 5d] [As]
BelSv: bets $6
dodge658: raises $6 to $12
BelSv: calls $6
*** RIVER *** [8d 5c 5d As] [Th]
BelSv: checks
dodge658: bets $6
BelSv: calls $6
*** SHOW DOWN ***
dodge658: shows [Tc Kh] (two pair, Tens and Fives)
BelSv: mucks hand
dodge658 collected $53.50 from pot
*** SUMMARY ***
Total pot $54 | Rake $0.50
Board [8d 5c 5d As Th]
Seat 1: BelSv (big blind) mucked
Seat 2: dodge658 (button) (small blind) showed [Tc Kh] and won ($53.50) with two pair, Tens and Fives


PokerStars Hand #144904011768:  Hold'em Limit ($3/$6 USD) - 2015/12/06 7:07:38 ET
Table 'Lyra' 2-max Seat #1 is the button
Seat 1: BelSv ($106.26 in chips)
Seat 2: dodge658 ($123.64 in chips)
BelSv: posts small blind $1
dodge658: posts big blind $3
*** HOLE CARDS ***
BelSv: raises $3 to $6
dodge658: calls $3
*** FLOP *** [5c Ah 8d]
dodge658: checks
BelSv: bets $3
dodge658: calls $3
*** TURN *** [5c Ah 8d] [6c]
dodge658: bets $6
BelSv: calls $6
*** RIVER *** [5c Ah 8d 6c] [5d]
dodge658: bets $6
BelSv: calls $6
*** SHOW DOWN ***
dodge658: shows [Ts 2c] (a pair of Fives)
BelSv: shows [Th 6s] (two pair, Sixes and Fives)
BelSv collected $41.50 from pot
*** SUMMARY ***
Total pot $42 | Rake $0.50
Board [5c Ah 8d 6c 5d]
Seat 1: BelSv (button) (small blind) showed [Th 6s] and won ($41.50) with two pair, Sixes and Fives
Seat 2: dodge658 (big blind) showed [Ts 2c] and lost with a pair of Fives


PokerStars Hand #144904022686:  Hold'em Limit ($3/$6 USD) - 2015/12/06 7:07:56 ET
Table 'Lyra' 2-max Seat #2 is the button
Seat 1: BelSv ($126.76 in chips)
Seat 2: dodge658 ($102.64 in chips)
dodge658: posts small blind $1
BelSv: posts big blind $3
*** HOLE CARDS ***
dodge658: calls $2
BelSv: raises $3 to $6
dodge658: calls $3
*** FLOP *** [Jd 3s Td]
BelSv: bets $3
dodge658: calls $3
*** TURN *** [Jd 3s Td] [Kc]
BelSv: bets $6
dodge658: calls $6
*** RIVER *** [Jd 3s Td Kc] [Ks]
BelSv: bets $6
dodge658: calls $6
*** SHOW DOWN ***
BelSv: shows [8c 9d] (a pair of Kings)
dodge658: shows [4c Ah] (a pair of Kings - Ace kicker)
dodge658 collected $41.50 from pot
*** SUMMARY ***
Total pot $42 | Rake $0.50
Board [Jd 3s Td Kc Ks]
Seat 1: BelSv (big blind) showed [8c 9d] and lost with a pair of Kings
Seat 2: dodge658 (button) (small blind) showed [4c Ah] and won ($41.50) with a pair of Kings


PokerStars Hand #144904033511:  Hold'em Limit ($3/$6 USD) - 2015/12/06 7:08:14 ET
Table 'Lyra' 2-max Seat #1 is the button
Seat 1: BelSv ($105.76 in chips)
Seat 2: dodge658 ($123.14 in chips)
BelSv: posts small blind $1
dodge658: posts big blind $3
*** HOLE CARDS ***
BelSv: raises $3 to $6
dodge658: calls $3
*** FLOP *** [7c Td 5s]
dodge658: bets $3
BelSv: raises $3 to $6
dodge658: calls $3
*** TURN *** [7c Td 5s] [7s]
dodge658: bets $6
BelSv: folds
Uncalled bet ($6) returned to dodge658
dodge658 collected $23.52 from pot
dodge658: doesn't show hand
*** SUMMARY ***
Total pot $24 | Rake $0.48
Board [7c Td 5s 7s]
Seat 1: BelSv (button) (small blind) folded on the Turn
Seat 2: dodge658 (big blind) collected ($23.52)


PokerStars Hand #144904044313:  Hold'em Limit ($3/$6 USD) - 2015/12/06 7:08:33 ET
Table 'Lyra' 2-max Seat #2 is the button
Seat 1: BelSv ($93.76 in chips)
Seat 2: dodge658 ($134.66 in chips)
dodge658: posts small blind $1
BelSv: posts big blind $3
*** HOLE CARDS ***
dodge658: raises $3 to $6
BelSv: calls $3
*** FLOP *** [4s 3h 7c]
BelSv: checks
dodge658: bets $3
BelSv: raises $3 to $6
dodge658: calls $3
*** TURN *** [4s 3h 7c] [9h]
BelSv: bets $6
dodge658: raises $6 to $12
BelSv: calls $6
*** RIVER *** [4s 3h 7c 9h] [6s]
BelSv: checks
dodge658: bets $6
BelSv: raises $6 to $12
dodge658: raises $6 to $18
BelSv: calls $6
*** SHOW DOWN ***
dodge658: shows [6h 2s] (a pair of Sixes)
BelSv: shows [5d 7s] (a straight, Three to Seven)
BelSv collected $83.50 from pot
*** SUMMARY ***
Total pot $84 | Rake $0.50
Board [4s 3h 7c 9h 6s]
Seat 1: BelSv (big blind) showed [5d 7s] and won ($83.50) with a straight, Three to Seven
Seat 2: dodge658 (button) (small blind) showed [6h 2s] and lost with a pair of Sixes


PokerStars Hand #144904066660:  Hold'em Limit ($3/$6 USD) - 2015/12/06 7:09:10 ET
Table 'Lyra' 2-max Seat #1 is the button
Seat 1: BelSv ($135.26 in chips)
Seat 2: dodge658 ($92.66 in chips)
BelSv: posts small blind $1
dodge658: posts big blind $3
*** HOLE CARDS ***
BelSv: raises $3 to $6
dodge658: calls $3
*** FLOP *** [6s 4d 5c]
dodge658: bets $3
BelSv: calls $3
*** TURN *** [6s 4d 5c] [Kc]
dodge658: bets $6
BelSv: calls $6
*** RIVER *** [6s 4d 5c Kc] [Ad]
dodge658: bets $6
BelSv: calls $6
*** SHOW DOWN ***
dodge658: shows [6d 3c] (a pair of Sixes)
BelSv: mucks hand
dodge658 collected $41.50 from pot
*** SUMMARY ***
Total pot $42 | Rake $0.50
Board [6s 4d 5c Kc Ad]
Seat 1: BelSv (button) (small blind) mucked
Seat 2: dodge658 (big blind) showed [6d 3c] and won ($41.50) with a pair of Sixes


PokerStars Hand #144904076493:  Hold'em Limit ($3/$6 USD) - 2015/12/06 7:09:27 ET
Table 'Lyra' 2-max Seat #2 is the button
Seat 1: BelSv ($114.26 in chips)
Seat 2: dodge658 ($113.16 in chips)
dodge658: posts small blind $1
BelSv: posts big blind $3
*** HOLE CARDS ***
dodge658: calls $2
BelSv: raises $3 to $6
dodge658: calls $3
*** FLOP *** [8c 4d 4h]
BelSv: bets $3
dodge658: raises $3 to $6
BelSv: folds
Uncalled bet ($3) returned to dodge658
dodge658 collected $17.64 from pot
dodge658: doesn't show hand
*** SUMMARY ***
Total pot $18 | Rake $0.36
Board [8c 4d 4h]
Seat 1: BelSv (big blind) folded on the Flop
Seat 2: dodge658 (button) (small blind) collected ($17.64)


PokerStars Hand #144904083799:  Hold'em Limit ($3/$6 USD) - 2015/12/06 7:09:40 ET
Table 'Lyra' 2-max Seat #1 is the button
Seat 1: BelSv ($105.26 in chips)
Seat 2: dodge658 ($121.80 in chips)
BelSv: posts small blind $1
dodge658: posts big blind $3
*** HOLE CARDS ***
BelSv: raises $3 to $6
dodge658: calls $3
*** FLOP *** [9s 5s 7c]
dodge658: bets $3
BelSv: raises $3 to $6
dodge658: calls $3
*** TURN *** [9s 5s 7c] [3h]
dodge658: bets $6
BelSv: calls $6
*** RIVER *** [9s 5s 7c 3h] [Ah]
dodge658: bets $6
BelSv: folds
Uncalled bet ($6) returned to dodge658
dodge658 collected $35.50 from pot
dodge658: doesn't show hand
*** SUMMARY ***
Total pot $36 | Rake $0.50
Board [9s 5s 7c 3h Ah]
Seat 1: BelSv (button) (small blind) folded on the River
Seat 2: dodge658 (big blind) collected ($35.50)


PokerStars Hand #144904113662:  Hold'em Limit ($3/$6 USD) - 2015/12/06 7:10:30 ET
Table 'Lyra' 2-max Seat #1 is the button
Seat 1: BelSv ($84.26 in chips)
Seat 2: dodge658 ($142.18 in chips)
BelSv: posts small blind $1
dodge658: posts big blind $3
*** HOLE CARDS ***
BelSv: folds
Uncalled bet ($2) returned to dodge658
dodge658 collected $2 from pot
dodge658: doesn't show hand
*** SUMMARY ***
Total pot $2 | Rake $0
Seat 1: BelSv (button) (small blind) folded before Flop
Seat 2: dodge658 (big blind) collected ($2)


PokerStars Hand #144904096840:  Hold'em Limit ($3/$6 USD) - 2015/12/06 7:10:02 ET
Table 'Lyra' 2-max Seat #2 is the button
Seat 1: BelSv ($87.26 in chips)
Seat 2: dodge658 ($139.30 in chips)
dodge658: posts small blind $1
BelSv: posts big blind $3
*** HOLE CARDS ***
dodge658: calls $2
BelSv: checks
*** FLOP *** [As Jd 6c]
BelSv: checks
dodge658: checks
*** TURN *** [As Jd 6c] [4h]
BelSv: checks
dodge658: bets $6
BelSv: folds
Uncalled bet ($6) returned to dodge658
dodge658 collected $5.88 from pot
dodge658: doesn't show hand
*** SUMMARY ***
Total pot $6 | Rake $0.12
Board [As Jd 6c 4h]
Seat 1: BelSv (big blind) folded on the Turn
Seat 2: dodge658 (button) (small blind) collected ($5.88)


PokerStars Hand #144904116718:  Hold'em Limit ($3/$6 USD) - 2015/12/06 7:10:36 ET
Table 'Lyra' 2-max Seat #2 is the button
Seat 1: BelSv ($83.26 in chips)
Seat 2: dodge658 ($143.18 in chips)
dodge658: posts small blind $1
BelSv: posts big blind $3
*** HOLE CARDS ***
dodge658: calls $2
BelSv: raises $3 to $6
dodge658: calls $3
*** FLOP *** [7h 5d Jh]
BelSv: bets $3
dodge658: calls $3
*** TURN *** [7h 5d Jh] [8d]
BelSv: bets $6
dodge658: calls $6
*** RIVER *** [7h 5d Jh 8d] [7d]
BelSv: checks
dodge658: bets $6
BelSv: calls $6
*** SHOW DOWN ***
dodge658: shows [9s 6h] (a straight, Five to Nine)
BelSv: mucks hand
dodge658 collected $41.50 from pot
*** SUMMARY ***
Total pot $42 | Rake $0.50
Board [7h 5d Jh 8d 7d]
Seat 1: BelSv (big blind) mucked
Seat 2: dodge658 (button) (small blind) showed [9s 6h] and won ($41.50) with a straight, Five to Nine


PokerStars Hand #144904136546:  Hold'em Limit ($3/$6 USD) - 2015/12/06 7:11:09 ET
Table 'Lyra' 2-max Seat #1 is the button
Seat 1: BelSv ($78 in chips)
Seat 2: dodge658 ($163.68 in chips)
BelSv: posts small blind $1
dodge658: posts big blind $3
*** HOLE CARDS ***
BelSv: raises $3 to $6
dodge658: raises $3 to $9
BelSv: calls $3
*** FLOP *** [Qd Td Qc]
dodge658: bets $3
BelSv: folds
Uncalled bet ($3) returned to dodge658
dodge658 collected $17.64 from pot
dodge658: doesn't show hand
*** SUMMARY ***
Total pot $18 | Rake $0.36
Board [Qd Td Qc]
Seat 1: BelSv (button) (small blind) folded on the Flop
Seat 2: dodge658 (big blind) collected ($17.64)


PokerStars Hand #144904142938:  Hold'em Limit ($3/$6 USD) - 2015/12/06 7:11:20 ET
Table 'Lyra' 2-max Seat #2 is the button
Seat 1: BelSv ($78 in chips)
Seat 2: dodge658 ($172.32 in chips)
dodge658: posts small blind $1
BelSv: posts big blind $3
*** HOLE CARDS ***
dodge658: calls $2
BelSv: raises $3 to $6
dodge658: calls $3
*** FLOP *** [Kh 7h Ts]
BelSv: bets $3
dodge658: raises $3 to $6
BelSv: folds
Uncalled bet ($3) returned to dodge658
dodge658 collected $17.64 from pot
dodge658: doesn't show hand
*** SUMMARY ***
Total pot $18 | Rake $0.36
Board [Kh 7h Ts]
Seat 1: BelSv (big blind) folded on the Flop
Seat 2: dodge658 (button) (small blind) collected ($17.64)


PokerStars Hand #144904175811:  Hold'em Limit ($3/$6 USD) - 2015/12/06 7:12:16 ET
Table 'Lyra' 2-max Seat #1 is the button
Seat 1: BelSv ($119.14 in chips)
Seat 2: dodge658 ($138.96 in chips)
BelSv: posts small blind $1
dodge658: posts big blind $3
*** HOLE CARDS ***
BelSv: raises $3 to $6
dodge658: calls $3
*** FLOP *** [9h 8h Kh]
dodge658: bets $3
BelSv: calls $3
*** TURN *** [9h 8h Kh] [Ac]
dodge658: bets $6
BelSv: calls $6
*** RIVER *** [9h 8h Kh Ac] [6s]
dodge658: bets $6
BelSv: calls $6
*** SHOW DOWN ***
dodge658: shows [As Qh] (a pair of Aces)
BelSv: mucks hand
dodge658 collected $41.50 from pot
*** SUMMARY ***
Total pot $42 | Rake $0.50
Board [9h 8h Kh Ac 6s]
Seat 1: BelSv (button) (small blind) mucked
Seat 2: dodge658 (big blind) showed [As Qh] and won ($41.50) with a pair of Aces


PokerStars Hand #144904163150:  Hold'em Limit ($3/$6 USD) - 2015/12/06 7:11:54 ET
Table 'Lyra' 2-max Seat #2 is the button
Seat 1: BelSv ($86.64 in chips)
Seat 2: dodge658 ($171.96 in chips)
dodge658: posts small blind $1
BelSv: posts big blind $3
*** HOLE CARDS ***
dodge658: raises $3 to $6
BelSv: calls $3
*** FLOP *** [8c Jd 4c]
BelSv: checks
dodge658: bets $3
BelSv: calls $3
*** TURN *** [8c Jd 4c] [Jh]
BelSv: checks
dodge658: bets $6
BelSv: raises $6 to $12
dodge658: calls $6
*** RIVER *** [8c Jd 4c Jh] [6c]
BelSv: bets $6
dodge658: raises $6 to $12
BelSv: calls $6
*** SHOW DOWN ***
dodge658: shows [3h Qc] (a pair of Jacks)
BelSv: shows [8s Th] (two pair, Jacks and Eights)
BelSv collected $65.50 from pot
*** SUMMARY ***
Total pot $66 | Rake $0.50
Board [8c Jd 4c Jh 6c]
Seat 1: BelSv (big blind) showed [8s Th] and won ($65.50) with two pair, Jacks and Eights
Seat 2: dodge658 (button) (small blind) showed [3h Qc] and lost with a pair of Jacks


PokerStars Hand #144904149841:  Hold'em Limit ($3/$6 USD) - 2015/12/06 7:11:32 ET
Table 'Lyra' 2-max Seat #1 is the button
Seat 1: BelSv ($78 in chips)
Seat 2: dodge658 ($180.96 in chips)
BelSv: posts small blind $1
dodge658: posts big blind $3
*** HOLE CARDS ***
BelSv: raises $3 to $6
dodge658: calls $3
*** FLOP *** [3c Ac 8d]
dodge658: checks
BelSv: bets $3
dodge658: calls $3
*** TURN *** [3c Ac 8d] [Tc]
dodge658: checks
BelSv: checks
*** RIVER *** [3c Ac 8d Tc] [7s]
dodge658: checks
BelSv: bets $6
dodge658: folds
Uncalled bet ($6) returned to BelSv
BelSv collected $17.64 from pot
BelSv: doesn't show hand
*** SUMMARY ***
Total pot $18 | Rake $0.36
Board [3c Ac 8d Tc 7s]
Seat 1: BelSv (button) (small blind) collected ($17.64)
Seat 2: dodge658 (big blind) folded on the River


PokerStars Hand #144904204615:  Hold'em Limit ($3/$6 USD) - 2015/12/06 7:13:05 ET
Table 'Lyra' 2-max Seat #1 is the button
Seat 1: BelSv ($91.08 in chips)
Seat 2: dodge658 ($166.16 in chips)
BelSv: posts small blind $1
dodge658: posts big blind $3
*** HOLE CARDS ***
BelSv: raises $3 to $6
dodge658: calls $3
*** FLOP *** [Qd 8s 2c]
dodge658: bets $3
BelSv: calls $3
*** TURN *** [Qd 8s 2c] [6s]
dodge658: bets $6
BelSv: calls $6
*** RIVER *** [Qd 8s 2c 6s] [Ts]
dodge658: bets $6
BelSv: calls $6
*** SHOW DOWN ***
dodge658: shows [8c 5d] (a pair of Eights)
BelSv: mucks hand
dodge658 collected $41.50 from pot
*** SUMMARY ***
Total pot $42 | Rake $0.50
Board [Qd 8s 2c 6s Ts]
Seat 1: BelSv (button) (small blind) mucked
Seat 2: dodge658 (big blind) showed [8c 5d] and won ($41.50) with a pair of Eights


PokerStars Hand #144904198288:  Hold'em Limit ($3/$6 USD) - 2015/12/06 7:12:54 ET
Table 'Lyra' 2-max Seat #2 is the button
Seat 1: BelSv ($97.08 in chips)
Seat 2: dodge658 ($160.40 in chips)
dodge658: posts small blind $1
BelSv: posts big blind $3
*** HOLE CARDS ***
dodge658: raises $3 to $6
BelSv: calls $3
*** FLOP *** [6s 6c Kd]
BelSv: checks
dodge658: bets $3
BelSv: folds
Uncalled bet ($3) returned to dodge658
dodge658 collected $11.76 from pot
dodge658: doesn't show hand
*** SUMMARY ***
Total pot $12 | Rake $0.24
Board [6s 6c Kd]
Seat 1: BelSv (big blind) folded on the Flop
Seat 2: dodge658 (button) (small blind) collected ($11.76)


PokerStars Hand #144904195620:  Hold'em Limit ($3/$6 USD) - 2015/12/06 7:12:49 ET
Table 'Lyra' 2-max Seat #1 is the button
Seat 1: BelSv ($98.08 in chips)
Seat 2: dodge658 ($159.40 in chips)
BelSv: posts small blind $1
dodge658: posts big blind $3
*** HOLE CARDS ***
BelSv: folds
Uncalled bet ($2) returned to dodge658
dodge658 collected $2 from pot
dodge658: doesn't show hand
*** SUMMARY ***
Total pot $2 | Rake $0
Seat 1: BelSv (button) (small blind) folded before Flop
Seat 2: dodge658 (big blind) collected ($2)


PokerStars Hand #144904186185:  Hold'em Limit ($3/$6 USD) - 2015/12/06 7:12:33 ET
Table 'Lyra' 2-max Seat #2 is the button
Seat 1: BelSv ($98.14 in chips)
Seat 2: dodge658 ($159.46 in chips)
dodge658: posts small blind $1
BelSv: posts big blind $3
*** HOLE CARDS ***
dodge658: calls $2
BelSv: checks
*** FLOP *** [As Kd 2s]
BelSv: checks
dodge658: checks
*** TURN *** [As Kd 2s] [2d]
BelSv: checks
dodge658: checks
*** RIVER *** [As Kd 2s 2d] [Qs]
BelSv: checks
dodge658: checks
*** SHOW DOWN ***
BelSv: shows [3d 6s] (a pair of Deuces)
dodge658: shows [8d 7c] (a pair of Deuces)
BelSv collected $2.94 from pot
dodge658 collected $2.94 from pot
*** SUMMARY ***
Total pot $6 | Rake $0.12
Board [As Kd 2s 2d Qs]
Seat 1: BelSv (big blind) showed [3d 6s] and won ($2.94) with a pair of Deuces
Seat 2: dodge658 (button) (small blind) showed [8d 7c] and won ($2.94) with a pair of Deuces


PokerStars Hand #144904240338:  Hold'em Limit ($3/$6 USD) - 2015/12/06 7:14:05 ET
Table 'Lyra' 2-max Seat #2 is the button
Seat 1: BelSv ($125 in chips)
Seat 2: dodge658 ($138.66 in chips)
dodge658: posts small blind $1
BelSv: posts big blind $3
*** HOLE CARDS ***
dodge658: calls $2
BelSv: raises $3 to $6
dodge658: calls $3
*** FLOP *** [8s 7s Tc]
BelSv: bets $3
dodge658: raises $3 to $6
BelSv: calls $3
*** TURN *** [8s 7s Tc] [5c]
BelSv: checks
dodge658: bets $6
BelSv: calls $6
*** RIVER *** [8s 7s Tc 5c] [Qh]
BelSv: checks
dodge658: bets $6
BelSv: raises $6 to $12
dodge658: calls $6
*** SHOW DOWN ***
BelSv: shows [Qc 8d] (two pair, Queens and Eights)
dodge658: mucks hand
BelSv collected $59.50 from pot
*** SUMMARY ***
Total pot $60 | Rake $0.50
Board [8s 7s Tc 5c Qh]
Seat 1: BelSv (big blind) showed [Qc 8d] and won ($59.50) with two pair, Queens and Eights
Seat 2: dodge658 (button) (small blind) mucked


PokerStars Hand #144904228699:  Hold'em Limit ($3/$6 USD) - 2015/12/06 7:13:46 ET
Table 'Lyra' 2-max Seat #1 is the button
Seat 1: BelSv ($92.50 in chips)
Seat 2: dodge658 ($171.66 in chips)
BelSv: posts small blind $1
dodge658: posts big blind $3
*** HOLE CARDS ***
BelSv: raises $3 to $6
dodge658: calls $3
*** FLOP *** [3c 7c 9c]
dodge658: bets $3
BelSv: calls $3
*** TURN *** [3c 7c 9c] [8s]
dodge658: bets $6
BelSv: raises $6 to $12
dodge658: calls $6
*** RIVER *** [3c 7c 9c 8s] [Qc]
dodge658: bets $6
BelSv: raises $6 to $12
dodge658: calls $6
*** SHOW DOWN ***
BelSv: shows [Ac Ah] (a flush, Ace high)
dodge658: mucks hand
BelSv collected $65.50 from pot
*** SUMMARY ***
Total pot $66 | Rake $0.50
Board [3c 7c 9c 8s Qc]
Seat 1: BelSv (button) (small blind) showed [Ac Ah] and won ($65.50) with a flush, Ace high
Seat 2: dodge658 (big blind) mucked


PokerStars Hand #144904213721:  Hold'em Limit ($3/$6 USD) - 2015/12/06 7:13:20 ET
Table 'Lyra' 2-max Seat #2 is the button
Seat 1: BelSv ($78 in chips)
Seat 2: dodge658 ($186.66 in chips)
dodge658: posts small blind $1
BelSv: posts big blind $3
*** HOLE CARDS ***
dodge658: calls $2
BelSv: raises $3 to $6
dodge658: calls $3
*** FLOP *** [6d 5d 2d]
BelSv: bets $3
dodge658: calls $3
*** TURN *** [6d 5d 2d] [5c]
BelSv: bets $6
dodge658: calls $6
*** RIVER *** [6d 5d 2d 5c] [7c]
BelSv: bets $6
dodge658: folds
Uncalled bet ($6) returned to BelSv
BelSv collected $29.50 from pot
BelSv: doesn't show hand
*** SUMMARY ***
Total pot $30 | Rake $0.50
Board [6d 5d 2d 5c 7c]
Seat 1: BelSv (big blind) collected ($29.50)
Seat 2: dodge658 (button) (small blind) folded on the River


PokerStars Hand #144904275922:  Hold'em Limit ($3/$6 USD) - 2015/12/06 7:15:06 ET
Table 'Lyra' 2-max Seat #1 is the button
Seat 1: BelSv ($118.50 in chips)
Seat 2: dodge658 ($143.66 in chips)
BelSv: posts small blind $1
dodge658: posts big blind $3
*** HOLE CARDS ***
BelSv: raises $3 to $6
dodge658: calls $3
*** FLOP *** [6c Ks 2d]
dodge658: bets $3
BelSv: calls $3
*** TURN *** [6c Ks 2d] [Ad]
dodge658: bets $6
BelSv: calls $6
*** RIVER *** [6c Ks 2d Ad] [Qh]
dodge658: bets $6
BelSv: raises $6 to $12
dodge658: folds
Uncalled bet ($6) returned to BelSv
BelSv collected $41.50 from pot
BelSv: doesn't show hand
*** SUMMARY ***
Total pot $42 | Rake $0.50
Board [6c Ks 2d Ad Qh]
Seat 1: BelSv (button) (small blind) collected ($41.50)
Seat 2: dodge658 (big blind) folded on the River


PokerStars Hand #144904263873:  Hold'em Limit ($3/$6 USD) - 2015/12/06 7:14:46 ET
Table 'Lyra' 2-max Seat #2 is the button
Seat 1: BelSv ($139.50 in chips)
Seat 2: dodge658 ($123.16 in chips)
dodge658: posts small blind $1
BelSv: posts big blind $3
*** HOLE CARDS ***
dodge658: calls $2
BelSv: raises $3 to $6
dodge658: calls $3
*** FLOP *** [Td 8h 8s]
BelSv: bets $3
dodge658: calls $3
*** TURN *** [Td 8h 8s] [Jh]
BelSv: bets $6
dodge658: calls $6
*** RIVER *** [Td 8h 8s Jh] [Qh]
BelSv: checks
dodge658: bets $6
BelSv: calls $6
*** SHOW DOWN ***
dodge658: shows [6d 9d] (a straight, Eight to Queen)
BelSv: mucks hand
dodge658 collected $41.50 from pot
*** SUMMARY ***
Total pot $42 | Rake $0.50
Board [Td 8h 8s Jh Qh]
Seat 1: BelSv (big blind) mucked
Seat 2: dodge658 (button) (small blind) showed [6d 9d] and won ($41.50) with a straight, Eight to Queen


PokerStars Hand #144904254819:  Hold'em Limit ($3/$6 USD) - 2015/12/06 7:14:30 ET
Table 'Lyra' 2-max Seat #1 is the button
Seat 1: BelSv ($154.50 in chips)
Seat 2: dodge658 ($108.66 in chips)
BelSv: posts small blind $1
dodge658: posts big blind $3
*** HOLE CARDS ***
BelSv: raises $3 to $6
dodge658: calls $3
*** FLOP *** [6s 5s 2h]
dodge658: bets $3
BelSv: calls $3
*** TURN *** [6s 5s 2h] [Tc]
dodge658: bets $6
BelSv: calls $6
*** RIVER *** [6s 5s 2h Tc] [9h]
dodge658: bets $6
BelSv: folds
Uncalled bet ($6) returned to dodge658
dodge658 collected $29.50 from pot
dodge658: doesn't show hand
*** SUMMARY ***
Total pot $30 | Rake $0.50
Board [6s 5s 2h Tc 9h]
Seat 1: BelSv (button) (small blind) folded on the River
Seat 2: dodge658 (big blind) collected ($29.50)


PokerStars Hand #144904319825:  Hold'em Limit ($3/$6 USD) - 2015/12/06 7:16:20 ET
Table 'Lyra' 2-max Seat #1 is the button
Seat 1: BelSv ($173 in chips)
Seat 2: dodge658 ($87.66 in chips)
BelSv: posts small blind $1
dodge658: posts big blind $3
*** HOLE CARDS ***
BelSv: raises $3 to $6
dodge658: raises $3 to $9
BelSv: calls $3
*** FLOP *** [4d 4h 5c]
dodge658: bets $3
BelSv: calls $3
*** TURN *** [4d 4h 5c] [Kh]
dodge658: bets $6
BelSv: folds
Uncalled bet ($6) returned to dodge658
dodge658 collected $23.52 from pot
dodge658: doesn't show hand
*** SUMMARY ***
Total pot $24 | Rake $0.48
Board [4d 4h 5c Kh]
Seat 1: BelSv (button) (small blind) folded on the Turn
Seat 2: dodge658 (big blind) collected ($23.52)


PokerStars Hand #144904307067:  Hold'em Limit ($3/$6 USD) - 2015/12/06 7:15:58 ET
Table 'Lyra' 2-max Seat #2 is the button
Seat 1: BelSv ($158.50 in chips)
Seat 2: dodge658 ($102.66 in chips)
dodge658: posts small blind $1
BelSv: posts big blind $3
*** HOLE CARDS ***
dodge658: calls $2
BelSv: raises $3 to $6
dodge658: calls $3
*** FLOP *** [Ts 4c 7c]
BelSv: bets $3
dodge658: calls $3
*** TURN *** [Ts 4c 7c] [6d]
BelSv: checks
dodge658: checks
*** RIVER *** [Ts 4c 7c 6d] [3d]
BelSv: bets $6
dodge658: calls $6
*** SHOW DOWN ***
BelSv: shows [5d Qs] (a straight, Three to Seven)
dodge658: mucks hand
BelSv collected $29.50 from pot
*** SUMMARY ***
Total pot $30 | Rake $0.50
Board [Ts 4c 7c 6d 3d]
Seat 1: BelSv (big blind) showed [5d Qs] and won ($29.50) with a straight, Three to Seven
Seat 2: dodge658 (button) (small blind) mucked


PokerStars Hand #144904303184:  Hold'em Limit ($3/$6 USD) - 2015/12/06 7:15:52 ET
Table 'Lyra' 2-max Seat #1 is the button
Seat 1: BelSv ($159.50 in chips)
Seat 2: dodge658 ($101.66 in chips)
BelSv: posts small blind $1
dodge658: posts big blind $3
*** HOLE CARDS ***
BelSv: folds
Uncalled bet ($2) returned to dodge658
dodge658 collected $2 from pot
dodge658: doesn't show hand
*** SUMMARY ***
Total pot $2 | Rake $0
Seat 1: BelSv (button) (small blind) folded before Flop
Seat 2: dodge658 (big blind) collected ($2)


PokerStars Hand #144904288930:  Hold'em Limit ($3/$6 USD) - 2015/12/06 7:15:28 ET
Table 'Lyra' 2-max Seat #2 is the button
Seat 1: BelSv ($139 in chips)
Seat 2: dodge658 ($122.66 in chips)
dodge658: posts small blind $1
BelSv: posts big blind $3
*** HOLE CARDS ***
dodge658: calls $2
BelSv: raises $3 to $6
dodge658: calls $3
*** FLOP *** [As 7d Qc]
BelSv: bets $3
dodge658: calls $3
*** TURN *** [As 7d Qc] [9s]
BelSv: bets $6
dodge658: calls $6
*** RIVER *** [As 7d Qc 9s] [Ah]
BelSv: bets $6
dodge658: calls $6
*** SHOW DOWN ***
BelSv: shows [Qd 6c] (two pair, Aces and Queens)
dodge658: mucks hand
BelSv collected $41.50 from pot
*** SUMMARY ***
Total pot $42 | Rake $0.50
Board [As 7d Qc 9s Ah]
Seat 1: BelSv (big blind) showed [Qd 6c] and won ($41.50) with two pair, Aces and Queens
Seat 2: dodge658 (button) (small blind) mucked


PokerStars Hand #144904340282:  Hold'em Limit ($3/$6 USD) - 2015/12/06 7:16:54 ET
Table 'Lyra' 2-max Seat #1 is the button
Seat 1: BelSv ($146 in chips)
Seat 2: dodge658 ($113.68 in chips)
BelSv: posts small blind $1
dodge658: posts big blind $3
*** HOLE CARDS ***
BelSv: raises $3 to $6
dodge658: calls $3
*** FLOP *** [Ac Ah Tc]
dodge658: checks
BelSv: bets $3
dodge658: calls $3
*** TURN *** [Ac Ah Tc] [7d]
dodge658: bets $6
BelSv: raises $6 to $12
dodge658: calls $6
*** RIVER *** [Ac Ah Tc 7d] [2d]
dodge658: bets $6
BelSv: raises $6 to $12
dodge658: raises $6 to $18
BelSv: raises $6 to $24
Betting is capped
dodge658: calls $6
*** SHOW DOWN ***
BelSv: shows [Th Ad] (a full house, Aces full of Tens)
dodge658: mucks hand
BelSv collected $89.50 from pot
*** SUMMARY ***
Total pot $90 | Rake $0.50
Board [Ac Ah Tc 7d 2d]
Seat 1: BelSv (button) (small blind) showed [Th Ad] and won ($89.50) with a full house, Aces full of Tens
Seat 2: dodge658 (big blind) mucked


PokerStars Hand #144904328436:  Hold'em Limit ($3/$6 USD) - 2015/12/06 7:16:34 ET
Table 'Lyra' 2-max Seat #2 is the button
Seat 1: BelSv ($161 in chips)
Seat 2: dodge658 ($99.18 in chips)
dodge658: posts small blind $1
BelSv: posts big blind $3
*** HOLE CARDS ***
dodge658: calls $2
BelSv: raises $3 to $6
dodge658: calls $3
*** FLOP *** [5c 6h Ts]
BelSv: bets $3
dodge658: calls $3
*** TURN *** [5c 6h Ts] [8h]
BelSv: checks
dodge658: bets $6
BelSv: calls $6
*** RIVER *** [5c 6h Ts 8h] [3d]
BelSv: checks
dodge658: bets $6
BelSv: folds
Uncalled bet ($6) returned to dodge658
dodge658 collected $29.50 from pot
dodge658: doesn't show hand
*** SUMMARY ***
Total pot $30 | Rake $0.50
Board [5c 6h Ts 8h 3d]
Seat 1: BelSv (big blind) folded on the River
Seat 2: dodge658 (button) (small blind) collected ($29.50)


PokerStars Hand #144904394922:  Hold'em Limit ($3/$6 USD) - 2015/12/06 7:18:26 ET
Table 'Lyra' 2-max Seat #1 is the button
Seat 1: BelSv ($190 in chips)
Seat 2: dodge658 ($67.82 in chips)
BelSv: posts small blind $1
dodge658: posts big blind $3
*** HOLE CARDS ***
BelSv: raises $3 to $6
dodge658: calls $3
*** FLOP *** [Ah 2d 4c]
dodge658: bets $3
BelSv: folds
Uncalled bet ($3) returned to dodge658
dodge658 collected $11.76 from pot
dodge658: doesn't show hand
*** SUMMARY ***
Total pot $12 | Rake $0.24
Board [Ah 2d 4c]
Seat 1: BelSv (button) (small blind) folded on the Flop
Seat 2: dodge658 (big blind) collected ($11.76)


PokerStars Hand #144904384223:  Hold'em Limit ($3/$6 USD) - 2015/12/06 7:18:08 ET
Table 'Lyra' 2-max Seat #2 is the button
Seat 1: BelSv ($199 in chips)
Seat 2: dodge658 ($59.18 in chips)
dodge658: posts small blind $1
BelSv: posts big blind $3
*** HOLE CARDS ***
dodge658: calls $2
BelSv: raises $3 to $6
dodge658: calls $3
*** FLOP *** [2c Ah 4c]
BelSv: bets $3
dodge658: calls $3
*** TURN *** [2c Ah 4c] [4s]
BelSv: checks
dodge658: checks
*** RIVER *** [2c Ah 4c 4s] [Qh]
BelSv: checks
dodge658: bets $6
BelSv: folds
Uncalled bet ($6) returned to dodge658
dodge658 collected $17.64 from pot
dodge658: doesn't show hand
*** SUMMARY ***
Total pot $18 | Rake $0.36
Board [2c Ah 4c 4s Qh]
Seat 1: BelSv (big blind) folded on the River
Seat 2: dodge658 (button) (small blind) collected ($17.64)


PokerStars Hand #144904368784:  Hold'em Limit ($3/$6 USD) - 2015/12/06 7:17:42 ET
Table 'Lyra' 2-max Seat #1 is the button
Seat 1: BelSv ($166.50 in chips)
Seat 2: dodge658 ($92.18 in chips)
BelSv: posts small blind $1
dodge658: posts big blind $3
*** HOLE CARDS ***
BelSv: raises $3 to $6
dodge658: calls $3
*** FLOP *** [2s Ac Jd]
dodge658: bets $3
BelSv: calls $3
*** TURN *** [2s Ac Jd] [Qc]
dodge658: bets $6
BelSv: raises $6 to $12
dodge658: calls $6
*** RIVER *** [2s Ac Jd Qc] [8d]
dodge658: bets $6
BelSv: raises $6 to $12
dodge658: calls $6
*** SHOW DOWN ***
BelSv: shows [Js Qh] (two pair, Queens and Jacks)
dodge658: mucks hand
BelSv collected $65.50 from pot
*** SUMMARY ***
Total pot $66 | Rake $0.50
Board [2s Ac Jd Qc 8d]
Seat 1: BelSv (button) (small blind) showed [Js Qh] and won ($65.50) with two pair, Queens and Jacks
Seat 2: dodge658 (big blind) mucked


PokerStars Hand #144904357722:  Hold'em Limit ($3/$6 USD) - 2015/12/06 7:17:23 ET
Table 'Lyra' 2-max Seat #2 is the button
Seat 1: BelSv ($190.50 in chips)
Seat 2: dodge658 ($68.68 in chips)
dodge658: posts small blind $1
BelSv: posts big blind $3
*** HOLE CARDS ***
dodge658: calls $2
BelSv: checks
*** FLOP *** [2c 5s 7c]
BelSv: bets $3
dodge658: calls $3
*** TURN *** [2c 5s 7c] [8c]
BelSv: bets $6
dodge658: calls $6
*** RIVER *** [2c 5s 7c 8c] [Kc]
BelSv: bets $6
dodge658: raises $6 to $12
BelSv: calls $6
*** SHOW DOWN ***
dodge658: shows [7h Qc] (a flush, King high)
BelSv: mucks hand
dodge658 collected $47.50 from pot
*** SUMMARY ***
Total pot $48 | Rake $0.50
Board [2c 5s 7c 8c Kc]
Seat 1: BelSv (big blind) mucked
Seat 2: dodge658 (button) (small blind) showed [7h Qc] and won ($47.50) with a flush, King high


PokerStars Hand #144904423724:  Hold'em Limit ($3/$6 USD) - 2015/12/06 7:19:15 ET
Table 'Lyra' 2-max Seat #2 is the button
Seat 1: BelSv ($197.50 in chips)
Seat 2: dodge658 ($59.46 in chips)
dodge658: posts small blind $1
BelSv: posts big blind $3
*** HOLE CARDS ***
dodge658: calls $2
BelSv: raises $3 to $6
dodge658: calls $3
*** FLOP *** [Jc 3c Js]
BelSv: bets $3
dodge658: calls $3
*** TURN *** [Jc 3c Js] [3d]
BelSv: bets $6
dodge658: calls $6
*** RIVER *** [Jc 3c Js 3d] [7d]
BelSv: bets $6
dodge658: folds
Uncalled bet ($6) returned to BelSv
BelSv collected $29.50 from pot
BelSv: doesn't show hand
*** SUMMARY ***
Total pot $30 | Rake $0.50
Board [Jc 3c Js 3d 7d]
Seat 1: BelSv (big blind) collected ($29.50)
Seat 2: dodge658 (button) (small blind) folded on the River


PokerStars Hand #144904419984:  Hold'em Limit ($3/$6 USD) - 2015/12/06 7:19:09 ET
Table 'Lyra' 2-max Seat #1 is the button
Seat 1: BelSv ($198.50 in chips)
Seat 2: dodge658 ($58.46 in chips)
BelSv: posts small blind $1
dodge658: posts big blind $3
*** HOLE CARDS ***
BelSv: folds
Uncalled bet ($2) returned to dodge658
dodge658 collected $2 from pot
dodge658: doesn't show hand
*** SUMMARY ***
Total pot $2 | Rake $0
Seat 1: BelSv (button) (small blind) folded before Flop
Seat 2: dodge658 (big blind) collected ($2)


PokerStars Hand #144904413700:  Hold'em Limit ($3/$6 USD) - 2015/12/06 7:18:58 ET
Table 'Lyra' 2-max Seat #2 is the button
Seat 1: BelSv ($201.50 in chips)
Seat 2: dodge658 ($55.58 in chips)
dodge658: posts small blind $1
BelSv: posts big blind $3
*** HOLE CARDS ***
dodge658: calls $2
BelSv: checks
*** FLOP *** [8s Kh 2d]
BelSv: checks
dodge658: bets $3
BelSv: folds
Uncalled bet ($3) returned to dodge658
dodge658 collected $5.88 from pot
dodge658: doesn't show hand
*** SUMMARY ***
Total pot $6 | Rake $0.12
Board [8s Kh 2d]
Seat 1: BelSv (big blind) folded on the Flop
Seat 2: dodge658 (button) (small blind) collected ($5.88)


PokerStars Hand #144904404804:  Hold'em Limit ($3/$6 USD) - 2015/12/06 7:18:43 ET
Table 'Lyra' 2-max Seat #1 is the button
Seat 1: BelSv ($181 in chips)
Seat 2: dodge658 ($76.58 in chips)
BelSv: posts small blind $1
dodge658: posts big blind $3
*** HOLE CARDS ***
BelSv: raises $3 to $6
dodge658: calls $3
*** FLOP *** [7h 5h Jd]
dodge658: bets $3
BelSv: calls $3
*** TURN *** [7h 5h Jd] [5s]
dodge658: bets $6
BelSv: calls $6
*** RIVER *** [7h 5h Jd 5s] [Ks]
dodge658: bets $6
BelSv: calls $6
*** SHOW DOWN ***
dodge658: shows [7s 6h] (two pair, Sevens and Fives)
BelSv: shows [7c As] (two pair, Sevens and Fives - Ace kicker)
BelSv collected $41.50 from pot
*** SUMMARY ***
Total pot $42 | Rake $0.50
Board [7h 5h Jd 5s Ks]
Seat 1: BelSv (button) (small blind) showed [7c As] and won ($41.50) with two pair, Sevens and Fives
Seat 2: dodge658 (big blind) showed [7s 6h] and lost with two pair, Sevens and Fives


PokerStars Hand #144904400613:  Hold'em Limit ($3/$6 USD) - 2015/12/06 7:18:36 ET
Table 'Lyra' 2-max Seat #2 is the button
Seat 1: BelSv ($184 in chips)
Seat 2: dodge658 ($73.58 in chips)
dodge658: posts small blind $1
BelSv: posts big blind $3
*** HOLE CARDS ***
dodge658: raises $3 to $6
BelSv: folds
Uncalled bet ($3) returned to dodge658
dodge658 collected $6 from pot
dodge658: doesn't show hand
*** SUMMARY ***
Total pot $6 | Rake $0
Seat 1: BelSv (big blind) folded before Flop
Seat 2: dodge658 (button) (small blind) collected ($6)


PokerStars Hand #144904463286:  Hold'em Limit ($3/$6 USD) - 2015/12/06 7:20:22 ET
Table 'Lyra' 2-max Seat #2 is the button
Seat 1: BelSv ($158 in chips)
Seat 2: dodge658 ($97.22 in chips)
dodge658: posts small blind $1
BelSv: posts big blind $3
*** HOLE CARDS ***
dodge658: raises $3 to $6
BelSv: raises $3 to $9
dodge658: calls $3
*** FLOP *** [7c Td Jh]
BelSv: bets $3
dodge658: calls $3
*** TURN *** [7c Td Jh] [9d]
BelSv: bets $6
dodge658: folds
Uncalled bet ($6) returned to BelSv
BelSv collected $23.52 from pot
BelSv: doesn't show hand
*** SUMMARY ***
Total pot $24 | Rake $0.48
Board [7c Td Jh 9d]
Seat 1: BelSv (big blind) collected ($23.52)
Seat 2: dodge658 (button) (small blind) folded on the Turn


PokerStars Hand #144904457440:  Hold'em Limit ($3/$6 USD) - 2015/12/06 7:20:12 ET
Table 'Lyra' 2-max Seat #1 is the button
Seat 1: BelSv ($164 in chips)
Seat 2: dodge658 ($91.46 in chips)
BelSv: posts small blind $1
dodge658: posts big blind $3
*** HOLE CARDS ***
BelSv: raises $3 to $6
dodge658: calls $3
*** FLOP *** [Qc 8h 4d]
dodge658: bets $3
BelSv: folds
Uncalled bet ($3) returned to dodge658
dodge658 collected $11.76 from pot
dodge658: doesn't show hand
*** SUMMARY ***
Total pot $12 | Rake $0.24
Board [Qc 8h 4d]
Seat 1: BelSv (button) (small blind) folded on the Flop
Seat 2: dodge658 (big blind) collected ($11.76)


PokerStars Hand #144904446884:  Hold'em Limit ($3/$6 USD) - 2015/12/06 7:19:54 ET
Table 'Lyra' 2-max Seat #2 is the button
Seat 1: BelSv ($191 in chips)
Seat 2: dodge658 ($64.96 in chips)
dodge658: posts small blind $1
BelSv: posts big blind $3
*** HOLE CARDS ***
dodge658: calls $2
BelSv: raises $3 to $6
dodge658: calls $3
*** FLOP *** [4d 3h Ad]
BelSv: bets $3
dodge658: calls $3
*** TURN *** [4d 3h Ad] [Jc]
BelSv: bets $6
dodge658: calls $6
*** RIVER *** [4d 3h Ad Jc] [8s]
BelSv: bets $6
dodge658: raises $6 to $12
BelSv: calls $6
*** SHOW DOWN ***
dodge658: shows [7d As] (a pair of Aces)
BelSv: mucks hand
dodge658 collected $53.50 from pot
*** SUMMARY ***
Total pot $54 | Rake $0.50
Board [4d 3h Ad Jc 8s]
Seat 1: BelSv (big blind) mucked
Seat 2: dodge658 (button) (small blind) showed [7d As] and won ($53.50) with a pair of Aces


PokerStars Hand #144904436114:  Hold'em Limit ($3/$6 USD) - 2015/12/06 7:19:36 ET
Table 'Lyra' 2-max Seat #1 is the button
Seat 1: BelSv ($212 in chips)
Seat 2: dodge658 ($44.46 in chips)
BelSv: posts small blind $1
dodge658: posts big blind $3
*** HOLE CARDS ***
BelSv: raises $3 to $6
dodge658: calls $3
*** FLOP *** [9c 6h Jh]
dodge658: bets $3
BelSv: calls $3
*** TURN *** [9c 6h Jh] [5s]
dodge658: bets $6
BelSv: calls $6
*** RIVER *** [9c 6h Jh 5s] [3s]
dodge658: bets $6
BelSv: calls $6
*** SHOW DOWN ***
dodge658: shows [5d Th] (a pair of Fives)
BelSv: mucks hand
dodge658 collected $41.50 from pot
*** SUMMARY ***
Total pot $42 | Rake $0.50
Board [9c 6h Jh 5s 3s]
Seat 1: BelSv (button) (small blind) mucked
Seat 2: dodge658 (big blind) showed [5d Th] and won ($41.50) with a pair of Fives


PokerStars Hand #144904498045:  Hold'em Limit ($3/$6 USD) - 2015/12/06 7:21:20 ET
Table 'Lyra' 2-max Seat #1 is the button
Seat 1: BelSv ($175.02 in chips)
Seat 2: dodge658 ($78.86 in chips)
BelSv: posts small blind $1
dodge658: posts big blind $3
*** HOLE CARDS ***
BelSv: raises $3 to $6
dodge658: calls $3
*** FLOP *** [Ac Jh 5h]
dodge658: bets $3
BelSv: calls $3
*** TURN *** [Ac Jh 5h] [8c]
dodge658: bets $6
BelSv: calls $6
*** RIVER *** [Ac Jh 5h 8c] [Kh]
dodge658: bets $6
BelSv: raises $6 to $12
dodge658: calls $6
*** SHOW DOWN ***
BelSv: shows [Kd 5d] (two pair, Kings and Fives)
dodge658: mucks hand
BelSv collected $53.50 from pot
*** SUMMARY ***
Total pot $54 | Rake $0.50
Board [Ac Jh 5h 8c Kh]
Seat 1: BelSv (button) (small blind) showed [Kd 5d] and won ($53.50) with two pair, Kings and Fives
Seat 2: dodge658 (big blind) mucked


PokerStars Hand #144904484162:  Hold'em Limit ($3/$6 USD) - 2015/12/06 7:20:57 ET
Table 'Lyra' 2-max Seat #2 is the button
Seat 1: BelSv ($160.52 in chips)
Seat 2: dodge658 ($93.86 in chips)
dodge658: posts small blind $1
BelSv: posts big blind $3
*** HOLE CARDS ***
dodge658: calls $2
BelSv: raises $3 to $6
dodge658: calls $3
*** FLOP *** [8h 3d 4c]
BelSv: bets $3
dodge658: calls $3
*** TURN *** [8h 3d 4c] [7c]
BelSv: checks
dodge658: checks
*** RIVER *** [8h 3d 4c 7c] [6c]
BelSv: bets $6
dodge658: calls $6
*** SHOW DOWN ***
BelSv: shows [5c Qh] (a straight, Four to Eight)
dodge658: mucks hand
BelSv collected $29.50 from pot
*** SUMMARY ***
Total pot $30 | Rake $0.50
Board [8h 3d 4c 7c 6c]
Seat 1: BelSv (big blind) showed [5c Qh] and won ($29.50) with a straight, Four to Eight
Seat 2: dodge658 (button) (small blind) mucked


PokerStars Hand #144904472333:  Hold'em Limit ($3/$6 USD) - 2015/12/06 7:20:37 ET
Table 'Lyra' 2-max Seat #1 is the button
Seat 1: BelSv ($169.52 in chips)
Seat 2: dodge658 ($85.22 in chips)
BelSv: posts small blind $1
dodge658: posts big blind $3
*** HOLE CARDS ***
BelSv: raises $3 to $6
dodge658: calls $3
*** FLOP *** [6d Qd 6h]
dodge658: checks
BelSv: bets $3
dodge658: calls $3
*** TURN *** [6d Qd 6h] [Th]
dodge658: checks
BelSv: checks
*** RIVER *** [6d Qd 6h Th] [8c]
dodge658: bets $6
BelSv: folds
Uncalled bet ($6) returned to dodge658
dodge658 collected $17.64 from pot
dodge658: doesn't show hand
*** SUMMARY ***
Total pot $18 | Rake $0.36
Board [6d Qd 6h Th 8c]
Seat 1: BelSv (button) (small blind) folded on the River
Seat 2: dodge658 (big blind) collected ($17.64)


PokerStars Hand #144904524235:  Hold'em Limit ($3/$6 USD) - 2015/12/06 7:22:04 ET
Table 'Lyra' 2-max Seat #2 is the button
Seat 1: BelSv ($201.28 in chips)
Seat 2: dodge658 ($51.62 in chips)
dodge658: posts small blind $1
BelSv: posts big blind $3
*** HOLE CARDS ***
dodge658: calls $2
BelSv: raises $3 to $6
dodge658: calls $3
*** FLOP *** [Th 2s Jc]
BelSv: bets $3
dodge658: calls $3
*** TURN *** [Th 2s Jc] [Ks]
BelSv: checks
dodge658: bets $6
BelSv: calls $6
*** RIVER *** [Th 2s Jc Ks] [Jh]
BelSv: checks
dodge658: bets $6
BelSv: calls $6
*** SHOW DOWN ***
dodge658: shows [Qh 6h] (a pair of Jacks)
BelSv: shows [Ad 4h] (a pair of Jacks - Ace kicker)
BelSv collected $41.50 from pot
*** SUMMARY ***
Total pot $42 | Rake $0.50
Board [Th 2s Jc Ks Jh]
Seat 1: BelSv (big blind) showed [Ad 4h] and won ($41.50) with a pair of Jacks
Seat 2: dodge658 (button) (small blind) showed [Qh 6h] and lost with a pair of Jacks


PokerStars Hand #144904518360:  Hold'em Limit ($3/$6 USD) - 2015/12/06 7:21:55 ET
Table 'Lyra' 2-max Seat #1 is the button
Seat 1: BelSv ($207.28 in chips)
Seat 2: dodge658 ($45.86 in chips)
BelSv: posts small blind $1
dodge658: posts big blind $3
*** HOLE CARDS ***
BelSv: raises $3 to $6
dodge658: calls $3
*** FLOP *** [3d 9c Ad]
dodge658: bets $3
BelSv: folds
Uncalled bet ($3) returned to dodge658
dodge658 collected $11.76 from pot
dodge658: doesn't show hand
*** SUMMARY ***
Total pot $12 | Rake $0.24
Board [3d 9c Ad]
Seat 1: BelSv (button) (small blind) folded on the Flop
Seat 2: dodge658 (big blind) collected ($11.76)


PokerStars Hand #144904508251:  Hold'em Limit ($3/$6 USD) - 2015/12/06 7:21:38 ET
Table 'Lyra' 2-max Seat #2 is the button
Seat 1: BelSv ($201.52 in chips)
Seat 2: dodge658 ($51.86 in chips)
dodge658: posts small blind $1
BelSv: posts big blind $3
*** HOLE CARDS ***
dodge658: calls $2
BelSv: checks
*** FLOP *** [3c As Qc]
BelSv: bets $3
dodge658: calls $3
*** TURN *** [3c As Qc] [Kc]
BelSv: checks
dodge658: checks
*** RIVER *** [3c As Qc Kc] [Qd]
BelSv: checks
dodge658: checks
*** SHOW DOWN ***
BelSv: shows [2s 8d] (a pair of Queens)
dodge658: mucks hand
BelSv collected $11.76 from pot
*** SUMMARY ***
Total pot $12 | Rake $0.24
Board [3c As Qc Kc Qd]
Seat 1: BelSv (big blind) showed [2s 8d] and won ($11.76) with a pair of Queens
Seat 2: dodge658 (button) (small blind) mucked


PokerStars Hand #144904564010:  Hold'em Limit ($3/$6 USD) - 2015/12/06 7:23:12 ET
Table 'Lyra' 2-max Seat #2 is the button
Seat 1: BelSv ($214.66 in chips)
Seat 2: dodge658 ($36.50 in chips)
dodge658: posts small blind $1
BelSv: posts big blind $3
*** HOLE CARDS ***
dodge658: calls $2
BelSv: raises $3 to $6
dodge658: calls $3
*** FLOP *** [7h Jd Kh]
BelSv: bets $3
dodge658: calls $3
*** TURN *** [7h Jd Kh] [Jh]
BelSv: bets $6
dodge658: folds
Uncalled bet ($6) returned to BelSv
BelSv collected $17.64 from pot
BelSv: doesn't show hand
*** SUMMARY ***
Total pot $18 | Rake $0.36
Board [7h Jd Kh Jh]
Seat 1: BelSv (big blind) collected ($17.64)
Seat 2: dodge658 (button) (small blind) folded on the Turn


PokerStars Hand #144904558184:  Hold'em Limit ($3/$6 USD) - 2015/12/06 7:23:02 ET
Table 'Lyra' 2-max Seat #1 is the button
Seat 1: BelSv ($220.66 in chips)
Seat 2: dodge658 ($30.74 in chips)
BelSv: posts small blind $1
dodge658: posts big blind $3
*** HOLE CARDS ***
BelSv: raises $3 to $6
dodge658: calls $3
*** FLOP *** [Qs Ad Qc]
dodge658: bets $3
BelSv: folds
Uncalled bet ($3) returned to dodge658
dodge658 collected $11.76 from pot
dodge658: doesn't show hand
*** SUMMARY ***
Total pot $12 | Rake $0.24
Board [Qs Ad Qc]
Seat 1: BelSv (button) (small blind) folded on the Flop
Seat 2: dodge658 (big blind) collected ($11.76)


PokerStars Hand #144904547151:  Hold'em Limit ($3/$6 USD) - 2015/12/06 7:22:43 ET
Table 'Lyra' 2-max Seat #2 is the button
Seat 1: BelSv ($236.28 in chips)
Seat 2: dodge658 ($15.62 in chips)
dodge658: posts small blind $1
BelSv: posts big blind $3
*** HOLE CARDS ***
dodge658: calls $2
BelSv: raises $3 to $6
dodge658: calls $3
*** FLOP *** [6s 9s 9h]
BelSv: bets $3
dodge658: calls $3
*** TURN *** [6s 9s 9h] [8s]
BelSv: bets $6
dodge658: raises $0.62 to $6.62 and is all-in
BelSv: calls $0.62
*** RIVER *** [6s 9s 9h 8s] [Ks]
*** SHOW DOWN ***
BelSv: shows [4h Kc] (two pair, Kings and Nines)
dodge658: shows [Qc 9d] (three of a kind, Nines)
dodge658 collected $30.74 from pot
*** SUMMARY ***
Total pot $31.24 | Rake $0.50
Board [6s 9s 9h 8s Ks]
Seat 1: BelSv (big blind) showed [4h Kc] and lost with two pair, Kings and Nines
Seat 2: dodge658 (button) (small blind) showed [Qc 9d] and won ($30.74) with three of a kind, Nines


PokerStars Hand #144904535332:  Hold'em Limit ($3/$6 USD) - 2015/12/06 7:22:23 ET
Table 'Lyra' 2-max Seat #1 is the button
Seat 1: BelSv ($221.78 in chips)
Seat 2: dodge658 ($30.62 in chips)
BelSv: posts small blind $1
dodge658: posts big blind $3
*** HOLE CARDS ***
BelSv: raises $3 to $6
dodge658: calls $3
*** FLOP *** [Ks As 9h]
dodge658: checks
BelSv: bets $3
dodge658: calls $3
*** TURN *** [Ks As 9h] [3d]
dodge658: checks
BelSv: checks
*** RIVER *** [Ks As 9h 3d] [4d]
dodge658: checks
BelSv: bets $6
dodge658: calls $6
*** SHOW DOWN ***
BelSv: shows [Td Th] (a pair of Tens)
dodge658: mucks hand
BelSv collected $29.50 from pot
*** SUMMARY ***
Total pot $30 | Rake $0.50
Board [Ks As 9h 3d 4d]
Seat 1: BelSv (button) (small blind) showed [Td Th] and won ($29.50) with a pair of Tens
Seat 2: dodge658 (big blind) mucked


PokerStars Hand #144904597568:  Hold'em Limit ($3/$6 USD) - 2015/12/06 7:24:08 ET
Table 'Lyra' 2-max Seat #1 is the button
Seat 1: BelSv ($237.30 in chips)
Seat 2: dodge658 ($12.74 in chips)
BelSv: posts small blind $1
dodge658: posts big blind $3
*** HOLE CARDS ***
BelSv: raises $3 to $6
dodge658: calls $3
*** FLOP *** [Jh 6c Jd]
dodge658: checks
BelSv: bets $3
dodge658: calls $3
*** TURN *** [Jh 6c Jd] [Kc]
dodge658: bets $3.74 and is all-in
BelSv: calls $3.74
*** RIVER *** [Jh 6c Jd Kc] [3c]
*** SHOW DOWN ***
dodge658: shows [Ac 8d] (a pair of Jacks)
BelSv: shows [Qh 3h] (two pair, Jacks and Threes)
BelSv collected $24.98 from pot
*** SUMMARY ***
Total pot $25.48 | Rake $0.50
Board [Jh 6c Jd Kc 3c]
Seat 1: BelSv (button) (small blind) showed [Qh 3h] and won ($24.98) with two pair, Jacks and Threes
Seat 2: dodge658 (big blind) showed [Ac 8d] and lost with a pair of Jacks


PokerStars Hand #144904587971:  Hold'em Limit ($3/$6 USD) - 2015/12/06 7:23:52 ET
Table 'Lyra' 2-max Seat #2 is the button
Seat 1: BelSv ($243.80 in chips)
Seat 2: dodge658 ($6.50 in chips)
dodge658: posts small blind $1
BelSv: posts big blind $3
*** HOLE CARDS ***
dodge658: calls $2
BelSv: raises $3 to $6
dodge658: calls $3
*** FLOP *** [Kc Kh 4d]
BelSv: bets $3
dodge658: calls $0.50 and is all-in
Uncalled bet ($2.50) returned to BelSv
*** TURN *** [Kc Kh 4d] [5s]
*** RIVER *** [Kc Kh 4d 5s] [5c]
*** SHOW DOWN ***
BelSv: shows [9h 6c] (two pair, Kings and Fives)
dodge658: shows [5h 2h] (a full house, Fives full of Kings)
dodge658 collected $12.74 from pot
*** SUMMARY ***
Total pot $13 | Rake $0.26
Board [Kc Kh 4d 5s 5c]
Seat 1: BelSv (big blind) showed [9h 6c] and lost with two pair, Kings and Fives
Seat 2: dodge658 (button) (small blind) showed [5h 2h] and won ($12.74) with a full house, Fives full of Kings


PokerStars Hand #144904573455:  Hold'em Limit ($3/$6 USD) - 2015/12/06 7:23:27 ET
Table 'Lyra' 2-max Seat #1 is the button
Seat 1: BelSv ($223.30 in chips)
Seat 2: dodge658 ($27.50 in chips)
BelSv: posts small blind $1
dodge658: posts big blind $3
*** HOLE CARDS ***
BelSv: raises $3 to $6
dodge658: calls $3
*** FLOP *** [Ah Ts 9s]
dodge658: bets $3
BelSv: calls $3
*** TURN *** [Ah Ts 9s] [8c]
dodge658: bets $6
BelSv: calls $6
*** RIVER *** [Ah Ts 9s 8c] [5d]
dodge658: bets $6
BelSv: raises $6 to $12
dodge658: folds
Uncalled bet ($6) returned to BelSv
BelSv collected $41.50 from pot
BelSv: doesn't show hand
*** SUMMARY ***
Total pot $42 | Rake $0.50
Board [Ah Ts 9s 8c 5d]
Seat 1: BelSv (button) (small blind) collected ($41.50)
Seat 2: dodge658 (big blind) folded on the River


PokerStars Hand #144904638838:  Hold'em Limit ($3/$6 USD) - 2015/12/06 7:25:18 ET
Table 'Lyra' 2-max Seat #2 is the button
Seat 1: BelSv ($267.04 in chips)
Seat 2: dodge658 ($51.41 in chips)
dodge658: posts small blind $1
BelSv: posts big blind $3
*** HOLE CARDS ***
dodge658: calls $2
BelSv: checks
*** FLOP *** [6d Qs As]
BelSv: bets $3
dodge658: calls $3
*** TURN *** [6d Qs As] [Qd]
BelSv: checks
dodge658: checks
*** RIVER *** [6d Qs As Qd] [2d]
BelSv: checks
dodge658: checks
*** SHOW DOWN ***
BelSv: shows [5c 9h] (a pair of Queens)
dodge658: shows [9s Ts] (a pair of Queens - Ace+Ten kicker)
dodge658 collected $11.76 from pot
*** SUMMARY ***
Total pot $12 | Rake $0.24
Board [6d Qs As Qd 2d]
Seat 1: BelSv (big blind) showed [5c 9h] and lost with a pair of Queens
Seat 2: dodge658 (button) (small blind) showed [9s Ts] and won ($11.76) with a pair of Queens


PokerStars Hand #144904628131:  Hold'em Limit ($3/$6 USD) - 2015/12/06 7:25:00 ET
Table 'Lyra' 2-max Seat #1 is the button
Seat 1: BelSv ($246.54 in chips)
Seat 2: dodge658 ($72.41 in chips)
BelSv: posts small blind $1
dodge658: posts big blind $3
*** HOLE CARDS ***
BelSv: raises $3 to $6
dodge658: calls $3
*** FLOP *** [7d 9d 3h]
dodge658: bets $3
BelSv: calls $3
*** TURN *** [7d 9d 3h] [2h]
dodge658: bets $6
BelSv: calls $6
*** RIVER *** [7d 9d 3h 2h] [5h]
dodge658: bets $6
BelSv: calls $6
*** SHOW DOWN ***
dodge658: shows [Tc Qs] (high card Queen)
BelSv: shows [Ac Jd] (high card Ace)
BelSv collected $41.50 from pot
*** SUMMARY ***
Total pot $42 | Rake $0.50
Board [7d 9d 3h 2h 5h]
Seat 1: BelSv (button) (small blind) showed [Ac Jd] and won ($41.50) with high card Ace
Seat 2: dodge658 (big blind) showed [Tc Qs] and lost with high card Queen


PokerStars Hand #144904619566:  Hold'em Limit ($3/$6 USD) - 2015/12/06 7:24:45 ET
Table 'Lyra' 2-max Seat #2 is the button
Seat 1: BelSv ($249.54 in chips)
Seat 2: dodge658 ($69.53 in chips)
dodge658: posts small blind $1
BelSv: posts big blind $3
*** HOLE CARDS ***
dodge658: calls $2
BelSv: checks
*** FLOP *** [9c Ts 4s]
BelSv: checks
dodge658: checks
*** TURN *** [9c Ts 4s] [Qh]
BelSv: checks
dodge658: bets $6
BelSv: folds
Uncalled bet ($6) returned to dodge658
dodge658 collected $5.88 from pot
dodge658: doesn't show hand
*** SUMMARY ***
Total pot $6 | Rake $0.12
Board [9c Ts 4s Qh]
Seat 1: BelSv (big blind) folded on the Turn
Seat 2: dodge658 (button) (small blind) collected ($5.88)


PokerStars Hand #144904661934:  Hold'em Limit ($3/$6 USD) - 2015/12/06 7:25:57 ET
Table 'Lyra' 2-max Seat #2 is the button
Seat 1: BelSv ($281.54 in chips)
Seat 2: dodge658 ($36.17 in chips)
dodge658: posts small blind $1
BelSv: posts big blind $3
*** HOLE CARDS ***
dodge658: calls $2
BelSv: raises $3 to $6
dodge658: calls $3
*** FLOP *** [5d 2h Jc]
BelSv: bets $3
dodge658: calls $3
*** TURN *** [5d 2h Jc] [4c]
BelSv: bets $6
dodge658: calls $6
*** RIVER *** [5d 2h Jc 4c] [Tc]
BelSv: bets $6
dodge658: folds
Uncalled bet ($6) returned to BelSv
BelSv collected $29.50 from pot
BelSv: doesn't show hand
*** SUMMARY ***
Total pot $30 | Rake $0.50
Board [5d 2h Jc 4c Tc]
Seat 1: BelSv (big blind) collected ($29.50)
Seat 2: dodge658 (button) (small blind) folded on the River


PokerStars Hand #144904652226:  Hold'em Limit ($3/$6 USD) - 2015/12/06 7:25:40 ET
Table 'Lyra' 2-max Seat #1 is the button
Seat 1: BelSv ($261.04 in chips)
Seat 2: dodge658 ($57.17 in chips)
BelSv: posts small blind $1
dodge658: posts big blind $3
*** HOLE CARDS ***
BelSv: raises $3 to $6
dodge658: calls $3
*** FLOP *** [Kd 9d 6d]
dodge658: bets $3
BelSv: calls $3
*** TURN *** [Kd 9d 6d] [7c]
dodge658: bets $6
BelSv: calls $6
*** RIVER *** [Kd 9d 6d 7c] [2d]
dodge658: bets $6
BelSv: calls $6
*** SHOW DOWN ***
dodge658: shows [Th Kc] (a pair of Kings)
BelSv: shows [8d Js] (a flush, King high)
BelSv collected $41.50 from pot
*** SUMMARY ***
Total pot $42 | Rake $0.50
Board [Kd 9d 6d 7c 2d]
Seat 1: BelSv (button) (small blind) showed [8d Js] and won ($41.50) with a flush, King high
Seat 2: dodge658 (big blind) showed [Th Kc] and lost with a pair of Kings


PokerStars Hand #144904675978:  Hold'em Limit ($3/$6 USD) - 2015/12/06 7:26:20 ET
Table 'Lyra' 2-max Seat #1 is the button
Seat 1: BelSv ($296.04 in chips)
Seat 2: dodge658 ($21.17 in chips)
BelSv: posts small blind $1
dodge658: posts big blind $3
*** HOLE CARDS ***
BelSv: raises $3 to $6
dodge658: calls $3
*** FLOP *** [5c 8d 4d]
dodge658: checks
BelSv: bets $3
dodge658: calls $3
*** TURN *** [5c 8d 4d] [Td]
dodge658: bets $6
BelSv: calls $6
*** RIVER *** [5c 8d 4d Td] [9h]
dodge658: bets $6
BelSv: calls $6
*** SHOW DOWN ***
dodge658: shows [3s 6h] (high card Ten)
BelSv: shows [5h Ad] (a pair of Fives)
BelSv collected $41.50 from pot
*** SUMMARY ***
Total pot $42 | Rake $0.50
Board [5c 8d 4d Td 9h]
Seat 1: BelSv (button) (small blind) showed [5h Ad] and won ($41.50) with a pair of Fives
Seat 2: dodge658 (big blind) showed [3s 6h] and lost with high card Ten


PokerStars Hand #144904729457:  Hold'em Limit ($3/$6 USD) - 2015/12/06 7:27:50 ET
Table 'Lyra' 2-max Seat #2 is the button
Seat 1: BelSv ($316.54 in chips)
Seat 2: dodge658 ($102.33 in chips)
dodge658: posts small blind $1
BelSv: posts big blind $3
*** HOLE CARDS ***
dodge658: calls $2
BelSv: checks
*** FLOP *** [Qd 7s Ac]
BelSv: bets $3
dodge658: calls $3
*** TURN *** [Qd 7s Ac] [3d]
BelSv: checks
dodge658: checks
*** RIVER *** [Qd 7s Ac 3d] [Ad]
BelSv: checks
dodge658: checks
*** SHOW DOWN ***
BelSv: shows [3s Tc] (two pair, Aces and Threes)
dodge658: mucks hand
BelSv collected $11.76 from pot
*** SUMMARY ***
Total pot $12 | Rake $0.24
Board [Qd 7s Ac 3d Ad]
Seat 1: BelSv (big blind) showed [3s Tc] and won ($11.76) with two pair, Aces and Threes
Seat 2: dodge658 (button) (small blind) mucked


PokerStars Hand #144904744363:  Hold'em Limit ($3/$6 USD) - 2015/12/06 7:28:15 ET
Table 'Lyra' 2-max Seat #1 is the button
Seat 1: BelSv ($322.30 in chips)
Seat 2: dodge658 ($96.33 in chips)
BelSv: posts small blind $1
dodge658: posts big blind $3
*** HOLE CARDS ***
BelSv: raises $3 to $6
dodge658: calls $3
*** FLOP *** [Qc Kc 5d]
dodge658: bets $3
BelSv: calls $3
*** TURN *** [Qc Kc 5d] [Qd]
dodge658: bets $6
BelSv: raises $6 to $12
dodge658: calls $6
*** RIVER *** [Qc Kc 5d Qd] [Js]
dodge658: bets $6
BelSv: raises $6 to $12
dodge658: calls $6
*** SHOW DOWN ***
BelSv: shows [7c Qs] (three of a kind, Queens)
dodge658: mucks hand
BelSv collected $65.50 from pot
*** SUMMARY ***
Total pot $66 | Rake $0.50
Board [Qc Kc 5d Qd Js]
Seat 1: BelSv (button) (small blind) showed [7c Qs] and won ($65.50) with three of a kind, Queens
Seat 2: dodge658 (big blind) mucked


PokerStars Hand #144904756698:  Hold'em Limit ($3/$6 USD) - 2015/12/06 7:28:36 ET
Table 'Lyra' 2-max Seat #2 is the button
Seat 1: BelSv ($354.80 in chips)
Seat 2: dodge658 ($63.33 in chips)
dodge658: posts small blind $1
BelSv: posts big blind $3
*** HOLE CARDS ***
dodge658: calls $2
BelSv: checks
*** FLOP *** [9h Kh Qs]
BelSv: bets $3
dodge658: calls $3
*** TURN *** [9h Kh Qs] [Ks]
BelSv: bets $6
dodge658: calls $6
*** RIVER *** [9h Kh Qs Ks] [4h]
BelSv: checks
dodge658: checks
*** SHOW DOWN ***
BelSv: shows [9c 2d] (two pair, Kings and Nines)
dodge658: mucks hand
BelSv collected $23.52 from pot
*** SUMMARY ***
Total pot $24 | Rake $0.48
Board [9h Kh Qs Ks 4h]
Seat 1: BelSv (big blind) showed [9c 2d] and won ($23.52) with two pair, Kings and Nines
Seat 2: dodge658 (button) (small blind) mucked


PokerStars Hand #144904768363:  Hold'em Limit ($3/$6 USD) - 2015/12/06 7:28:55 ET
Table 'Lyra' 2-max Seat #1 is the button
Seat 1: BelSv ($366.32 in chips)
Seat 2: dodge658 ($51.33 in chips)
BelSv: posts small blind $1
dodge658: posts big blind $3
*** HOLE CARDS ***
BelSv: raises $3 to $6
dodge658: calls $3
*** FLOP *** [9c Td Qc]
dodge658: bets $3
BelSv: calls $3
*** TURN *** [9c Td Qc] [7s]
dodge658: checks
BelSv: checks
*** RIVER *** [9c Td Qc 7s] [Ks]
dodge658: bets $6
BelSv: folds
Uncalled bet ($6) returned to dodge658
dodge658 collected $17.64 from pot
dodge658: doesn't show hand
*** SUMMARY ***
Total pot $18 | Rake $0.36
Board [9c Td Qc 7s Ks]
Seat 1: BelSv (button) (small blind) folded on the River
Seat 2: dodge658 (big blind) collected ($17.64)


PokerStars Hand #144904781093:  Hold'em Limit ($3/$6 USD) - 2015/12/06 7:29:17 ET
Table 'Lyra' 2-max Seat #2 is the button
Seat 1: BelSv ($357.32 in chips)
Seat 2: dodge658 ($59.97 in chips)
dodge658: posts small blind $1
BelSv: posts big blind $3
*** HOLE CARDS ***
dodge658: calls $2
BelSv: raises $3 to $6
dodge658: calls $3
*** FLOP *** [3d 3s 2d]
BelSv: bets $3
dodge658: calls $3
*** TURN *** [3d 3s 2d] [4s]
BelSv: bets $6
dodge658: calls $6
*** RIVER *** [3d 3s 2d 4s] [Ad]
BelSv: bets $6
dodge658: folds
Uncalled bet ($6) returned to BelSv
BelSv collected $29.50 from pot
BelSv: doesn't show hand
*** SUMMARY ***
Total pot $30 | Rake $0.50
Board [3d 3s 2d 4s Ad]
Seat 1: BelSv (big blind) collected ($29.50)
Seat 2: dodge658 (button) (small blind) folded on the River


PokerStars Hand #144904797595:  Hold'em Limit ($3/$6 USD) - 2015/12/06 7:29:44 ET
Table 'Lyra' 2-max Seat #1 is the button
Seat 1: BelSv ($371.82 in chips)
Seat 2: dodge658 ($44.97 in chips)
BelSv: posts small blind $1
dodge658: posts big blind $3
*** HOLE CARDS ***
BelSv: raises $3 to $6
dodge658: calls $3
*** FLOP *** [4d 8c Td]
dodge658: bets $3
BelSv: calls $3
*** TURN *** [4d 8c Td] [7d]
dodge658: bets $6
BelSv: calls $6
*** RIVER *** [4d 8c Td 7d] [9d]
dodge658: bets $6
BelSv: calls $6
*** SHOW DOWN ***
dodge658: shows [Ts 7s] (two pair, Tens and Sevens)
BelSv: shows [Ac Js] (a straight, Seven to Jack)
BelSv collected $41.50 from pot
*** SUMMARY ***
Total pot $42 | Rake $0.50
Board [4d 8c Td 7d 9d]
Seat 1: BelSv (button) (small blind) showed [Ac Js] and won ($41.50) with a straight, Seven to Jack
Seat 2: dodge658 (big blind) showed [Ts 7s] and lost with two pair, Tens and Sevens


PokerStars Hand #144904810936:  Hold'em Limit ($3/$6 USD) - 2015/12/06 7:30:06 ET
Table 'Lyra' 2-max Seat #2 is the button
Seat 1: BelSv ($392.32 in chips)
Seat 2: dodge658 ($23.97 in chips)
dodge658: posts small blind $1
BelSv: posts big blind $3
*** HOLE CARDS ***
dodge658: calls $2
BelSv: checks
*** FLOP *** [8s 7h 7s]
BelSv: checks
dodge658: checks
*** TURN *** [8s 7h 7s] [3h]
BelSv: bets $6
dodge658: calls $6
*** RIVER *** [8s 7h 7s 3h] [9d]
BelSv: bets $6
dodge658: raises $6 to $12
BelSv: calls $6
*** SHOW DOWN ***
dodge658: shows [4c 9s] (two pair, Nines and Sevens)
BelSv: mucks hand
dodge658 collected $41.50 from pot
*** SUMMARY ***
Total pot $42 | Rake $0.50
Board [8s 7h 7s 3h 9d]
Seat 1: BelSv (big blind) mucked
Seat 2: dodge658 (button) (small blind) showed [4c 9s] and won ($41.50) with two pair, Nines and Sevens


PokerStars Hand #144904823450:  Hold'em Limit ($3/$6 USD) - 2015/12/06 7:30:26 ET
Table 'Lyra' 2-max Seat #1 is the button
Seat 1: BelSv ($371.32 in chips)
Seat 2: dodge658 ($44.47 in chips)
BelSv: posts small blind $1
dodge658: posts big blind $3
*** HOLE CARDS ***
BelSv: raises $3 to $6
dodge658: calls $3
*** FLOP *** [Kd 3h 2s]
dodge658: bets $3
BelSv: calls $3
*** TURN *** [Kd 3h 2s] [5s]
dodge658: checks
BelSv: bets $6
dodge658: calls $6
*** RIVER *** [Kd 3h 2s 5s] [Qc]
dodge658: bets $6
BelSv: calls $6
*** SHOW DOWN ***
dodge658: shows [2d 7d] (a pair of Deuces)
BelSv: shows [Kh 4c] (a pair of Kings)
BelSv collected $41.50 from pot
*** SUMMARY ***
Total pot $42 | Rake $0.50
Board [Kd 3h 2s 5s Qc]
Seat 1: BelSv (button) (small blind) showed [Kh 4c] and won ($41.50) with a pair of Kings
Seat 2: dodge658 (big blind) showed [2d 7d] and lost with a pair of Deuces


PokerStars Hand #144904835078:  Hold'em Limit ($3/$6 USD) - 2015/12/06 7:30:45 ET
Table 'Lyra' 2-max Seat #2 is the button
Seat 1: BelSv ($391.82 in chips)
Seat 2: dodge658 ($23.47 in chips)
dodge658: posts small blind $1
BelSv: posts big blind $3
*** HOLE CARDS ***
dodge658: calls $2
BelSv: raises $3 to $6
dodge658: calls $3
*** FLOP *** [9d 7c 2s]
BelSv: bets $3
dodge658: calls $3
*** TURN *** [9d 7c 2s] [8d]
BelSv: checks
dodge658: bets $6
BelSv: calls $6
*** RIVER *** [9d 7c 2s 8d] [9c]
BelSv: checks
dodge658: bets $6
BelSv: calls $6
*** SHOW DOWN ***
dodge658: shows [9h 8c] (a full house, Nines full of Eights)
BelSv: mucks hand
dodge658 collected $41.50 from pot
*** SUMMARY ***
Total pot $42 | Rake $0.50
Board [9d 7c 2s 8d 9c]
Seat 1: BelSv (big blind) mucked
Seat 2: dodge658 (button) (small blind) showed [9h 8c] and won ($41.50) with a full house, Nines full of Eights


PokerStars Hand #144904846817:  Hold'em Limit ($3/$6 USD) - 2015/12/06 7:31:04 ET
Table 'Lyra' 2-max Seat #1 is the button
Seat 1: BelSv ($370.82 in chips)
Seat 2: dodge658 ($43.97 in chips)
BelSv: posts small blind $1
dodge658: posts big blind $3
*** HOLE CARDS ***
BelSv: raises $3 to $6
dodge658: calls $3
*** FLOP *** [4c 2s 7s]
dodge658: bets $3
BelSv: calls $3
*** TURN *** [4c 2s 7s] [Qs]
dodge658: bets $6
BelSv: calls $6
*** RIVER *** [4c 2s 7s Qs] [6c]
dodge658: bets $6
BelSv: folds
Uncalled bet ($6) returned to dodge658
dodge658 collected $29.50 from pot
dodge658: doesn't show hand
*** SUMMARY ***
Total pot $30 | Rake $0.50
Board [4c 2s 7s Qs 6c]
Seat 1: BelSv (button) (small blind) folded on the River
Seat 2: dodge658 (big blind) collected ($29.50)


PokerStars Hand #144904859805:  Hold'em Limit ($3/$6 USD) - 2015/12/06 7:31:26 ET
Table 'Lyra' 2-max Seat #2 is the button
Seat 1: BelSv ($355.82 in chips)
Seat 2: dodge658 ($58.47 in chips)
dodge658: posts small blind $1
BelSv: posts big blind $3
*** HOLE CARDS ***
dodge658: calls $2
BelSv: checks
*** FLOP *** [6c 2c 7d]
BelSv: checks
dodge658: checks
*** TURN *** [6c 2c 7d] [3d]
BelSv: bets $6
dodge658: calls $6
*** RIVER *** [6c 2c 7d 3d] [5s]
BelSv: bets $6
dodge658: folds
Uncalled bet ($6) returned to BelSv
BelSv collected $17.64 from pot
BelSv: doesn't show hand
*** SUMMARY ***
Total pot $18 | Rake $0.36
Board [6c 2c 7d 3d 5s]
Seat 1: BelSv (big blind) collected ($17.64)
Seat 2: dodge658 (button) (small blind) folded on the River


PokerStars Hand #144904877232:  Hold'em Limit ($3/$6 USD) - 2015/12/06 7:31:55 ET
Table 'Lyra' 2-max Seat #1 is the button
Seat 1: BelSv ($364.46 in chips)
Seat 2: dodge658 ($49.47 in chips)
BelSv: posts small blind $1
dodge658: posts big blind $3
*** HOLE CARDS ***
BelSv: raises $3 to $6
dodge658: calls $3
*** FLOP *** [8d 9d Kc]
dodge658: bets $3
BelSv: calls $3
*** TURN *** [8d 9d Kc] [8h]
dodge658: bets $6
BelSv: raises $6 to $12
dodge658: calls $6
*** RIVER *** [8d 9d Kc 8h] [Td]
dodge658: bets $6
BelSv: calls $6
*** SHOW DOWN ***
dodge658: shows [7c 7d] (two pair, Eights and Sevens)
BelSv: shows [Ad As] (two pair, Aces and Eights)
BelSv collected $53.50 from pot
*** SUMMARY ***
Total pot $54 | Rake $0.50
Board [8d 9d Kc 8h Td]
Seat 1: BelSv (button) (small blind) showed [Ad As] and won ($53.50) with two pair, Aces and Eights
Seat 2: dodge658 (big blind) showed [7c 7d] and lost with two pair, Eights and Sevens


PokerStars Hand #144904896916:  Hold'em Limit ($3/$6 USD) - 2015/12/06 7:32:27 ET
Table 'Lyra' 2-max Seat #1 is the button
Seat 1: BelSv ($396.72 in chips)
Seat 2: dodge658 ($16.47 in chips)
BelSv: posts small blind $1
dodge658: posts big blind $3
*** HOLE CARDS ***
BelSv: folds
Uncalled bet ($2) returned to dodge658
dodge658 collected $2 from pot
dodge658: doesn't show hand
*** SUMMARY ***
Total pot $2 | Rake $0
Seat 1: BelSv (button) (small blind) folded before Flop
Seat 2: dodge658 (big blind) collected ($2)


PokerStars Hand #144904890148:  Hold'em Limit ($3/$6 USD) - 2015/12/06 7:32:16 ET
Table 'Lyra' 2-max Seat #2 is the button
Seat 1: BelSv ($390.96 in chips)
Seat 2: dodge658 ($22.47 in chips)
dodge658: posts small blind $1
BelSv: posts big blind $3
*** HOLE CARDS ***
dodge658: calls $2
BelSv: raises $3 to $6
dodge658: calls $3
*** FLOP *** [Td Ac Ts]
BelSv: bets $3
dodge658: folds
Uncalled bet ($3) returned to BelSv
BelSv collected $11.76 from pot
BelSv: doesn't show hand
*** SUMMARY ***
Total pot $12 | Rake $0.24
Board [Td Ac Ts]
Seat 1: BelSv (big blind) collected ($11.76)
Seat 2: dodge658 (button) (small blind) folded on the Flop


PokerStars Hand #144904899881:  Hold'em Limit ($3/$6 USD) - 2015/12/06 7:32:32 ET
Table 'Lyra' 2-max Seat #2 is the button
Seat 1: BelSv ($395.72 in chips)
Seat 2: dodge658 ($17.47 in chips)
dodge658: posts small blind $1
BelSv: posts big blind $3
*** HOLE CARDS ***
dodge658: calls $2
BelSv: raises $3 to $6
dodge658: calls $3
*** FLOP *** [Js 9d Ts]
BelSv: bets $3
dodge658: calls $3
*** TURN *** [Js 9d Ts] [Kc]
BelSv: checks
dodge658: checks
*** RIVER *** [Js 9d Ts Kc] [5s]
BelSv: checks
dodge658: checks
*** SHOW DOWN ***
BelSv: shows [3s 3c] (a pair of Threes)
dodge658: shows [Td 8h] (a pair of Tens)
dodge658 collected $17.64 from pot
*** SUMMARY ***
Total pot $18 | Rake $0.36
Board [Js 9d Ts Kc 5s]
Seat 1: BelSv (big blind) showed [3s 3c] and lost with a pair of Threes
Seat 2: dodge658 (button) (small blind) showed [Td 8h] and won ($17.64) with a pair of Tens


PokerStars Hand #144904909762:  Hold'em Limit ($3/$6 USD) - 2015/12/06 7:32:49 ET
Table 'Lyra' 2-max Seat #1 is the button
Seat 1: BelSv ($386.72 in chips)
Seat 2: dodge658 ($26.11 in chips)
BelSv: posts small blind $1
dodge658: posts big blind $3
*** HOLE CARDS ***
BelSv: raises $3 to $6
dodge658: calls $3
*** FLOP *** [Qh Qs As]
dodge658: bets $3
BelSv: calls $3
*** TURN *** [Qh Qs As] [Js]
dodge658: bets $6
BelSv: folds
Uncalled bet ($6) returned to dodge658
dodge658 collected $17.64 from pot
dodge658: doesn't show hand
*** SUMMARY ***
Total pot $18 | Rake $0.36
Board [Qh Qs As Js]
Seat 1: BelSv (button) (small blind) folded on the Turn
Seat 2: dodge658 (big blind) collected ($17.64)


PokerStars Hand #144904917205:  Hold'em Limit ($3/$6 USD) - 2015/12/06 7:33:01 ET
Table 'Lyra' 2-max Seat #2 is the button
Seat 1: BelSv ($377.72 in chips)
Seat 2: dodge658 ($34.75 in chips)
dodge658: posts small blind $1
BelSv: posts big blind $3
*** HOLE CARDS ***
dodge658: calls $2
BelSv: raises $3 to $6
dodge658: calls $3
*** FLOP *** [3c Ts Qc]
BelSv: bets $3
dodge658: calls $3
*** TURN *** [3c Ts Qc] [2h]
BelSv: bets $6
dodge658: calls $6
*** RIVER *** [3c Ts Qc 2h] [6c]
BelSv: checks
dodge658: bets $6
BelSv: calls $6
*** SHOW DOWN ***
dodge658: shows [Ah 9d] (high card Ace)
BelSv: shows [9h Ad] (high card Ace)
BelSv collected $20.75 from pot
dodge658 collected $20.75 from pot
*** SUMMARY ***
Total pot $42 | Rake $0.50
Board [3c Ts Qc 2h 6c]
Seat 1: BelSv (big blind) showed [9h Ad] and won ($20.75) with high card Ace
Seat 2: dodge658 (button) (small blind) showed [Ah 9d] and won ($20.75) with high card Ace


PokerStars Hand #144904929591:  Hold'em Limit ($3/$6 USD) - 2015/12/06 7:33:21 ET
Table 'Lyra' 2-max Seat #1 is the button
Seat 1: BelSv ($377.47 in chips)
Seat 2: dodge658 ($34.50 in chips)
BelSv: posts small blind $1
dodge658: posts big blind $3
*** HOLE CARDS ***
BelSv: raises $3 to $6
dodge658: calls $3
*** FLOP *** [Js Jh Kc]
dodge658: bets $3
BelSv: calls $3
*** TURN *** [Js Jh Kc] [7d]
dodge658: bets $6
BelSv: calls $6
*** RIVER *** [Js Jh Kc 7d] [Ts]
dodge658: bets $6
BelSv: calls $6
*** SHOW DOWN ***
dodge658: shows [Jd 3s] (three of a kind, Jacks)
BelSv: mucks hand
dodge658 collected $41.50 from pot
*** SUMMARY ***
Total pot $42 | Rake $0.50
Board [Js Jh Kc 7d Ts]
Seat 1: BelSv (button) (small blind) mucked
Seat 2: dodge658 (big blind) showed [Jd 3s] and won ($41.50) with three of a kind, Jacks


PokerStars Hand #144904952242:  Hold'em Limit ($3/$6 USD) - 2015/12/06 7:33:59 ET
Table 'Lyra' 2-max Seat #1 is the button
Seat 1: BelSv ($356.22 in chips)
Seat 2: dodge658 ($54.75 in chips)
BelSv: posts small blind $1
dodge658: posts big blind $3
*** HOLE CARDS ***
BelSv: folds
Uncalled bet ($2) returned to dodge658
dodge658 collected $2 from pot
dodge658: doesn't show hand
*** SUMMARY ***
Total pot $2 | Rake $0
Seat 1: BelSv (button) (small blind) folded before Flop
Seat 2: dodge658 (big blind) collected ($2)


PokerStars Hand #144904939015:  Hold'em Limit ($3/$6 USD) - 2015/12/06 7:33:37 ET
Table 'Lyra' 2-max Seat #2 is the button
Seat 1: BelSv ($356.47 in chips)
Seat 2: dodge658 ($55 in chips)
dodge658: posts small blind $1
BelSv: posts big blind $3
*** HOLE CARDS ***
dodge658: calls $2
BelSv: raises $3 to $6
dodge658: calls $3
*** FLOP *** [6d 4s 6s]
BelSv: bets $3
dodge658: calls $3
*** TURN *** [6d 4s 6s] [6h]
BelSv: bets $6
dodge658: calls $6
*** RIVER *** [6d 4s 6s 6h] [Js]
BelSv: checks
dodge658: bets $6
BelSv: calls $6
*** SHOW DOWN ***
dodge658: shows [7c Ah] (three of a kind, Sixes)
BelSv: shows [5s Ac] (three of a kind, Sixes)
BelSv collected $20.75 from pot
dodge658 collected $20.75 from pot
*** SUMMARY ***
Total pot $42 | Rake $0.50
Board [6d 4s 6s 6h Js]
Seat 1: BelSv (big blind) showed [5s Ac] and won ($20.75) with three of a kind, Sixes
Seat 2: dodge658 (button) (small blind) showed [7c Ah] and won ($20.75) with three of a kind, Sixes


PokerStars Hand #144904955553:  Hold'em Limit ($3/$6 USD) - 2015/12/06 7:34:05 ET
Table 'Lyra' 2-max Seat #2 is the button
Seat 1: BelSv ($355.22 in chips)
Seat 2: dodge658 ($55.75 in chips)
dodge658: posts small blind $1
BelSv: posts big blind $3
*** HOLE CARDS ***
dodge658: calls $2
BelSv: raises $3 to $6
dodge658: calls $3
*** FLOP *** [9s 3c Jh]
BelSv: bets $3
dodge658: calls $3
*** TURN *** [9s 3c Jh] [8d]
BelSv: checks
dodge658: checks
*** RIVER *** [9s 3c Jh 8d] [3d]
BelSv: checks
dodge658: bets $6
BelSv: calls $6
*** SHOW DOWN ***
dodge658: shows [8s Qs] (two pair, Eights and Threes)
BelSv: mucks hand
dodge658 collected $29.50 from pot
*** SUMMARY ***
Total pot $30 | Rake $0.50
Board [9s 3c Jh 8d 3d]
Seat 1: BelSv (big blind) mucked
Seat 2: dodge658 (button) (small blind) showed [8s Qs] and won ($29.50) with two pair, Eights and Threes


PokerStars Hand #144904970377:  Hold'em Limit ($3/$6 USD) - 2015/12/06 7:34:29 ET
Table 'Lyra' 2-max Seat #1 is the button
Seat 1: BelSv ($340.22 in chips)
Seat 2: dodge658 ($70.25 in chips)
BelSv: posts small blind $1
dodge658: posts big blind $3
*** HOLE CARDS ***
BelSv: raises $3 to $6
dodge658: calls $3
*** FLOP *** [8h Td 2c]
dodge658: bets $3
BelSv: folds
Uncalled bet ($3) returned to dodge658
dodge658 collected $11.76 from pot
dodge658: doesn't show hand
*** SUMMARY ***
Total pot $12 | Rake $0.24
Board [8h Td 2c]
Seat 1: BelSv (button) (small blind) folded on the Flop
Seat 2: dodge658 (big blind) collected ($11.76)


PokerStars Hand #144904978481:  Hold'em Limit ($3/$6 USD) - 2015/12/06 7:34:42 ET
Table 'Lyra' 2-max Seat #2 is the button
Seat 1: BelSv ($334.22 in chips)
Seat 2: dodge658 ($76.01 in chips)
dodge658: posts small blind $1
BelSv: posts big blind $3
*** HOLE CARDS ***
dodge658: calls $2
BelSv: raises $3 to $6
dodge658: calls $3
*** FLOP *** [Ac 6h 9s]
BelSv: bets $3
dodge658: calls $3
*** TURN *** [Ac 6h 9s] [3s]
BelSv: checks
dodge658: bets $6
BelSv: calls $6
*** RIVER *** [Ac 6h 9s 3s] [3c]
BelSv: checks
dodge658: bets $6
BelSv: folds
Uncalled bet ($6) returned to dodge658
dodge658 collected $29.50 from pot
dodge658: doesn't show hand
*** SUMMARY ***
Total pot $30 | Rake $0.50
Board [Ac 6h 9s 3s 3c]
Seat 1: BelSv (big blind) folded on the River
Seat 2: dodge658 (button) (small blind) collected ($29.50)


PokerStars Hand #144904995924:  Hold'em Limit ($3/$6 USD) - 2015/12/06 7:35:12 ET
Table 'Lyra' 2-max Seat #1 is the button
Seat 1: BelSv ($319.22 in chips)
Seat 2: dodge658 ($90.51 in chips)
BelSv: posts small blind $1
dodge658: posts big blind $3
*** HOLE CARDS ***
BelSv: raises $3 to $6
dodge658: calls $3
*** FLOP *** [3h 2s Ac]
dodge658: bets $3
BelSv: folds
Uncalled bet ($3) returned to dodge658
dodge658 collected $11.76 from pot
dodge658: doesn't show hand
*** SUMMARY ***
Total pot $12 | Rake $0.24
Board [3h 2s Ac]
Seat 1: BelSv (button) (small blind) folded on the Flop
Seat 2: dodge658 (big blind) collected ($11.76)


PokerStars Hand #144905002523:  Hold'em Limit ($3/$6 USD) - 2015/12/06 7:35:22 ET
Table 'Lyra' 2-max Seat #2 is the button
Seat 1: BelSv ($313.22 in chips)
Seat 2: dodge658 ($96.27 in chips)
dodge658: posts small blind $1
BelSv: posts big blind $3
*** HOLE CARDS ***
dodge658: calls $2
BelSv: raises $3 to $6
dodge658: calls $3
*** FLOP *** [8d 9h 6s]
BelSv: bets $3
dodge658: calls $3
*** TURN *** [8d 9h 6s] [Ac]
BelSv: bets $6
dodge658: raises $6 to $12
BelSv: raises $6 to $18
dodge658: calls $6
*** RIVER *** [8d 9h 6s Ac] [5s]
BelSv: bets $6
dodge658: raises $6 to $12
BelSv: calls $6
*** SHOW DOWN ***
dodge658: shows [Ad Qd] (a pair of Aces)
BelSv: shows [6c 8c] (two pair, Eights and Sixes)
BelSv collected $77.50 from pot
*** SUMMARY ***
Total pot $78 | Rake $0.50
Board [8d 9h 6s Ac 5s]
Seat 1: BelSv (big blind) showed [6c 8c] and won ($77.50) with two pair, Eights and Sixes
Seat 2: dodge658 (button) (small blind) showed [Ad Qd] and lost with a pair of Aces


PokerStars Hand #144905014346:  Hold'em Limit ($3/$6 USD) - 2015/12/06 7:35:42 ET
Table 'Lyra' 2-max Seat #1 is the button
Seat 1: BelSv ($351.72 in chips)
Seat 2: dodge658 ($57.27 in chips)
BelSv: posts small blind $1
dodge658: posts big blind $3
*** HOLE CARDS ***
BelSv: folds
Uncalled bet ($2) returned to dodge658
dodge658 collected $2 from pot
dodge658: doesn't show hand
*** SUMMARY ***
Total pot $2 | Rake $0
Seat 1: BelSv (button) (small blind) folded before Flop
Seat 2: dodge658 (big blind) collected ($2)


PokerStars Hand #144905018014:  Hold'em Limit ($3/$6 USD) - 2015/12/06 7:35:48 ET
Table 'Lyra' 2-max Seat #2 is the button
Seat 1: BelSv ($350.72 in chips)
Seat 2: dodge658 ($58.27 in chips)
dodge658: posts small blind $1
BelSv: posts big blind $3
*** HOLE CARDS ***
dodge658: calls $2
BelSv: raises $3 to $6
dodge658: calls $3
*** FLOP *** [Qh 9c 7s]
BelSv: bets $3
dodge658: calls $3
*** TURN *** [Qh 9c 7s] [4s]
BelSv: bets $6
dodge658: calls $6
*** RIVER *** [Qh 9c 7s 4s] [5c]
BelSv: bets $6
dodge658: calls $6
*** SHOW DOWN ***
BelSv: shows [Kd 9h] (a pair of Nines)
dodge658: mucks hand
BelSv collected $41.50 from pot
*** SUMMARY ***
Total pot $42 | Rake $0.50
Board [Qh 9c 7s 4s 5c]
Seat 1: BelSv (big blind) showed [Kd 9h] and won ($41.50) with a pair of Nines
Seat 2: dodge658 (button) (small blind) mucked


PokerStars Hand #144905034674:  Hold'em Limit ($3/$6 USD) - 2015/12/06 7:36:16 ET
Table 'Lyra' 2-max Seat #1 is the button
Seat 1: BelSv ($371.22 in chips)
Seat 2: dodge658 ($37.27 in chips)
BelSv: posts small blind $1
dodge658: posts big blind $3
*** HOLE CARDS ***
BelSv: raises $3 to $6
dodge658: calls $3
*** FLOP *** [3c Ac 4c]
dodge658: checks
BelSv: bets $3
dodge658: calls $3
*** TURN *** [3c Ac 4c] [Th]
dodge658: checks
BelSv: bets $6
dodge658: calls $6
*** RIVER *** [3c Ac 4c Th] [Kd]
dodge658: bets $6
BelSv: calls $6
*** SHOW DOWN ***
dodge658: shows [Jd 4s] (a pair of Fours)
BelSv: shows [5s 5h] (a pair of Fives)
BelSv collected $41.50 from pot
*** SUMMARY ***
Total pot $42 | Rake $0.50
Board [3c Ac 4c Th Kd]
Seat 1: BelSv (button) (small blind) showed [5s 5h] and won ($41.50) with a pair of Fives
Seat 2: dodge658 (big blind) showed [Jd 4s] and lost with a pair of Fours


PokerStars Hand #144905051791:  Hold'em Limit ($3/$6 USD) - 2015/12/06 7:36:44 ET
Table 'Lyra' 2-max Seat #2 is the button
Seat 1: BelSv ($391.72 in chips)
Seat 2: dodge658 ($16.27 in chips)
dodge658: posts small blind $1
BelSv: posts big blind $3
*** HOLE CARDS ***
dodge658: calls $2
BelSv: raises $3 to $6
dodge658: calls $3
*** FLOP *** [Th 8h Kd]
BelSv: bets $3
dodge658: calls $3
*** TURN *** [Th 8h Kd] [7c]
BelSv: bets $6
dodge658: calls $6
*** RIVER *** [Th 8h Kd 7c] [Qs]
BelSv: bets $6
dodge658: calls $1.27 and is all-in
Uncalled bet ($4.73) returned to BelSv
*** SHOW DOWN ***
BelSv: shows [Jd Js] (a pair of Jacks)
dodge658: shows [Tc Qh] (two pair, Queens and Tens)
dodge658 collected $32.04 from pot
*** SUMMARY ***
Total pot $32.54 | Rake $0.50
Board [Th 8h Kd 7c Qs]
Seat 1: BelSv (big blind) showed [Jd Js] and lost with a pair of Jacks
Seat 2: dodge658 (button) (small blind) showed [Tc Qh] and won ($32.04) with two pair, Queens and Tens


PokerStars Hand #144905063819:  Hold'em Limit ($3/$6 USD) - 2015/12/06 7:37:04 ET
Table 'Lyra' 2-max Seat #1 is the button
Seat 1: BelSv ($375.45 in chips)
Seat 2: dodge658 ($32.04 in chips)
BelSv: posts small blind $1
dodge658: posts big blind $3
*** HOLE CARDS ***
BelSv: raises $3 to $6
dodge658: calls $3
*** FLOP *** [5c Ah Js]
dodge658: bets $3
BelSv: folds
Uncalled bet ($3) returned to dodge658
dodge658 collected $11.76 from pot
dodge658: doesn't show hand
*** SUMMARY ***
Total pot $12 | Rake $0.24
Board [5c Ah Js]
Seat 1: BelSv (button) (small blind) folded on the Flop
Seat 2: dodge658 (big blind) collected ($11.76)


PokerStars Hand #144905077955:  Hold'em Limit ($3/$6 USD) - 2015/12/06 7:37:27 ET
Table 'Lyra' 2-max Seat #2 is the button
Seat 1: BelSv ($369.45 in chips)
Seat 2: dodge658 ($37.80 in chips)
dodge658: posts small blind $1
BelSv: posts big blind $3
*** HOLE CARDS ***
dodge658: calls $2
BelSv: raises $3 to $6
dodge658: calls $3
*** FLOP *** [2s Th As]
BelSv: bets $3
dodge658: calls $3
*** TURN *** [2s Th As] [7d]
BelSv: checks
dodge658: bets $6
BelSv: folds
Uncalled bet ($6) returned to dodge658
dodge658 collected $17.64 from pot
dodge658: doesn't show hand
*** SUMMARY ***
Total pot $18 | Rake $0.36
Board [2s Th As 7d]
Seat 1: BelSv (big blind) folded on the Turn
Seat 2: dodge658 (button) (small blind) collected ($17.64)


PokerStars Hand #144905101073:  Hold'em Limit ($3/$6 USD) - 2015/12/06 7:38:05 ET
Table 'Lyra' 2-max Seat #1 is the button
Seat 1: BelSv ($360.45 in chips)
Seat 2: dodge658 ($46.44 in chips)
BelSv: posts small blind $1
dodge658: posts big blind $3
*** HOLE CARDS ***
BelSv: raises $3 to $6
dodge658: calls $3
*** FLOP *** [Qs 2d 7c]
dodge658: checks
BelSv: bets $3
dodge658: calls $3
*** TURN *** [Qs 2d 7c] [Ac]
dodge658: checks
BelSv: bets $6
dodge658: folds
Uncalled bet ($6) returned to BelSv
BelSv collected $17.64 from pot
BelSv: doesn't show hand
*** SUMMARY ***
Total pot $18 | Rake $0.36
Board [Qs 2d 7c Ac]
Seat 1: BelSv (button) (small blind) collected ($17.64)
Seat 2: dodge658 (big blind) folded on the Turn


PokerStars Hand #144905116791:  Hold'em Limit ($3/$6 USD) - 2015/12/06 7:38:31 ET
Table 'Lyra' 2-max Seat #2 is the button
Seat 1: BelSv ($369.09 in chips)
Seat 2: dodge658 ($37.44 in chips)
dodge658: posts small blind $1
BelSv: posts big blind $3
*** HOLE CARDS ***
dodge658: calls $2
BelSv: raises $3 to $6
dodge658: calls $3
*** FLOP *** [4h 7c 6h]
BelSv: bets $3
dodge658: calls $3
*** TURN *** [4h 7c 6h] [Tc]
BelSv: bets $6
dodge658: calls $6
*** RIVER *** [4h 7c 6h Tc] [2c]
BelSv: bets $6
dodge658: calls $6
*** SHOW DOWN ***
BelSv: shows [Jc Ts] (a pair of Tens)
dodge658: mucks hand
BelSv collected $41.50 from pot
*** SUMMARY ***
Total pot $42 | Rake $0.50
Board [4h 7c 6h Tc 2c]
Seat 1: BelSv (big blind) showed [Jc Ts] and won ($41.50) with a pair of Tens
Seat 2: dodge658 (button) (small blind) mucked


PokerStars Hand #144905137497:  Hold'em Limit ($3/$6 USD) - 2015/12/06 7:39:05 ET
Table 'Lyra' 2-max Seat #1 is the button
Seat 1: BelSv ($389.59 in chips)
Seat 2: dodge658 ($16.44 in chips)
BelSv: posts small blind $1
dodge658: posts big blind $3
*** HOLE CARDS ***
BelSv: raises $3 to $6
dodge658: calls $3
*** FLOP *** [Jd Ah 9c]
dodge658: bets $3
BelSv: folds
Uncalled bet ($3) returned to dodge658
dodge658 collected $11.76 from pot
dodge658: doesn't show hand
*** SUMMARY ***
Total pot $12 | Rake $0.24
Board [Jd Ah 9c]
Seat 1: BelSv (button) (small blind) folded on the Flop
Seat 2: dodge658 (big blind) collected ($11.76)


PokerStars Hand #144905144661:  Hold'em Limit ($3/$6 USD) - 2015/12/06 7:39:17 ET
Table 'Lyra' 2-max Seat #2 is the button
Seat 1: BelSv ($383.59 in chips)
Seat 2: dodge658 ($22.20 in chips)
dodge658: posts small blind $1
BelSv: posts big blind $3
*** HOLE CARDS ***
dodge658: calls $2
BelSv: raises $3 to $6
dodge658: calls $3
*** FLOP *** [Td 9c Ad]
BelSv: bets $3
dodge658: calls $3
*** TURN *** [Td 9c Ad] [8c]
BelSv: checks
dodge658: bets $6
BelSv: folds
Uncalled bet ($6) returned to dodge658
dodge658 collected $17.64 from pot
dodge658: doesn't show hand
*** SUMMARY ***
Total pot $18 | Rake $0.36
Board [Td 9c Ad 8c]
Seat 1: BelSv (big blind) folded on the Turn
Seat 2: dodge658 (button) (small blind) collected ($17.64)


PokerStars Hand #144905158681:  Hold'em Limit ($3/$6 USD) - 2015/12/06 7:39:40 ET
Table 'Lyra' 2-max Seat #1 is the button
Seat 1: BelSv ($374.59 in chips)
Seat 2: dodge658 ($30.84 in chips)
BelSv: posts small blind $1
dodge658: posts big blind $3
*** HOLE CARDS ***
BelSv: raises $3 to $6
dodge658: calls $3
*** FLOP *** [9d 2h 7c]
dodge658: checks
BelSv: bets $3
dodge658: calls $3
*** TURN *** [9d 2h 7c] [9s]
dodge658: checks
BelSv: bets $6
dodge658: calls $6
*** RIVER *** [9d 2h 7c 9s] [4d]
dodge658: bets $6
BelSv: raises $6 to $12
dodge658: folds
Uncalled bet ($6) returned to BelSv
BelSv collected $41.50 from pot
BelSv: doesn't show hand
*** SUMMARY ***
Total pot $42 | Rake $0.50
Board [9d 2h 7c 9s 4d]
Seat 1: BelSv (button) (small blind) collected ($41.50)
Seat 2: dodge658 (big blind) folded on the River


PokerStars Hand #144905176199:  Hold'em Limit ($3/$6 USD) - 2015/12/06 7:40:08 ET
Table 'Lyra' 2-max Seat #2 is the button
Seat 1: BelSv ($395.09 in chips)
Seat 2: dodge658 ($9.84 in chips)
dodge658: posts small blind $1
BelSv: posts big blind $3
*** HOLE CARDS ***
dodge658: calls $2
BelSv: raises $3 to $6
dodge658: calls $3
*** FLOP *** [4c 2d 5c]
BelSv: bets $3
dodge658: raises $0.84 to $3.84 and is all-in
BelSv: calls $0.84
*** TURN *** [4c 2d 5c] [As]
*** RIVER *** [4c 2d 5c As] [Qd]
*** SHOW DOWN ***
BelSv: shows [7h 7d] (a pair of Sevens)
dodge658: shows [2c 5s] (two pair, Fives and Deuces)
dodge658 collected $19.29 from pot
*** SUMMARY ***
Total pot $19.68 | Rake $0.39
Board [4c 2d 5c As Qd]
Seat 1: BelSv (big blind) showed [7h 7d] and lost with a pair of Sevens
Seat 2: dodge658 (button) (small blind) showed [2c 5s] and won ($19.29) with two pair, Fives and Deuces


PokerStars Hand #144905201340:  Hold'em Limit ($3/$6 USD) - 2015/12/06 7:40:49 ET
Table 'Lyra' 2-max Seat #2 is the button
Seat 1: BelSv ($384.25 in chips)
Seat 2: dodge658 ($20.29 in chips)
dodge658: posts small blind $1
BelSv: posts big blind $3
*** HOLE CARDS ***
dodge658: calls $2
BelSv: raises $3 to $6
dodge658: calls $3
*** FLOP *** [2s 9d 8c]
BelSv: bets $3
dodge658: calls $3
*** TURN *** [2s 9d 8c] [Th]
BelSv: bets $6
dodge658: calls $6
*** RIVER *** [2s 9d 8c Th] [Kc]
BelSv: bets $6
dodge658: calls $5.29 and is all-in
Uncalled bet ($0.71) returned to BelSv
*** SHOW DOWN ***
BelSv: shows [Ts Ah] (a pair of Tens)
dodge658: shows [9s 7c] (a pair of Nines)
BelSv collected $40.08 from pot
*** SUMMARY ***
Total pot $40.58 | Rake $0.50
Board [2s 9d 8c Th Kc]
Seat 1: BelSv (big blind) showed [Ts Ah] and won ($40.08) with a pair of Tens
Seat 2: dodge658 (button) (small blind) showed [9s 7c] and lost with a pair of Nines


PokerStars Hand #144905192232:  Hold'em Limit ($3/$6 USD) - 2015/12/06 7:40:34 ET
Table 'Lyra' 2-max Seat #1 is the button
Seat 1: BelSv ($385.25 in chips)
Seat 2: dodge658 ($19.29 in chips)
BelSv: posts small blind $1
dodge658: posts big blind $3
*** HOLE CARDS ***
BelSv: folds
Uncalled bet ($2) returned to dodge658
dodge658 collected $2 from pot
dodge658: doesn't show hand
*** SUMMARY ***
Total pot $2 | Rake $0
Seat 1: BelSv (button) (small blind) folded before Flop
Seat 2: dodge658 (big blind) collected ($2)


