PokerStars Hand #176737924936:  Hold'em Limit ($3/$6 USD) - 2017/10/10 11:33:04 ET
Table 'Lyra' 6-max Seat #6 is the button
Seat 1: LouisB ($123 in chips)
Seat 6: HAOYUN88888 ($57 in chips)
HAOYUN88888: posts small blind $1
LouisB: posts big blind $3
*** HOLE CARDS ***
HAOYUN88888: raises $3 to $6
LouisB: folds
Uncalled bet ($3) returned to HAOYUN88888
HAOYUN88888 collected $6 from pot
HAOYUN88888: doesn't show hand
*** SUMMARY ***
Total pot $6 | Rake $0
Seat 1: LouisB (big blind) folded before Flop
Seat 6: HAOYUN88888 (button) (small blind) collected ($6)


PokerStars Hand #176737919596:  Hold'em Limit ($3/$6 USD) - 2017/10/10 11:32:55 ET
Table 'Lyra' 6-max Seat #1 is the button
Seat 1: LouisB ($120 in chips)
Seat 6: HAOYUN88888 ($60 in chips)
GoliafUa: is sitting out
LouisB: posts small blind $1
HAOYUN88888: posts big blind $3
*** HOLE CARDS ***
LouisB: raises $3 to $6
HAOYUN88888: folds
Uncalled bet ($3) returned to LouisB
LouisB collected $6 from pot
LouisB: doesn't show hand
*** SUMMARY ***
Total pot $6 | Rake $0
Seat 1: LouisB (button) (small blind) collected ($6)
Seat 6: HAOYUN88888 (big blind) folded before Flop


PokerStars Hand #176737962428:  Hold'em Limit ($3/$6 USD) - 2017/10/10 11:34:07 ET
Table 'Lyra' 6-max Seat #6 is the button
Seat 1: LouisB ($83 in chips)
Seat 6: HAOYUN88888 ($95.78 in chips)
HAOYUN88888: posts small blind $1
LouisB: posts big blind $3
*** HOLE CARDS ***
HAOYUN88888: folds
Uncalled bet ($2) returned to LouisB
LouisB collected $2 from pot
LouisB: doesn't show hand
*** SUMMARY ***
Total pot $2 | Rake $0
Seat 1: LouisB (big blind) collected ($2)
Seat 6: HAOYUN88888 (button) (small blind) folded before Flop


PokerStars Hand #176737959261:  Hold'em Limit ($3/$6 USD) - 2017/10/10 11:34:02 ET
Table 'Lyra' 6-max Seat #1 is the button
Seat 1: LouisB ($80 in chips)
Seat 6: HAOYUN88888 ($98.78 in chips)
LouisB: posts small blind $1
HAOYUN88888: posts big blind $3
*** HOLE CARDS ***
LouisB: raises $3 to $6
HAOYUN88888: folds
Uncalled bet ($3) returned to LouisB
LouisB collected $6 from pot
LouisB: doesn't show hand
*** SUMMARY ***
Total pot $6 | Rake $0
Seat 1: LouisB (button) (small blind) collected ($6)
Seat 6: HAOYUN88888 (big blind) folded before Flop


PokerStars Hand #176737956635:  Hold'em Limit ($3/$6 USD) - 2017/10/10 11:33:57 ET
Table 'Lyra' 6-max Seat #6 is the button
Seat 1: LouisB ($79 in chips)
Seat 6: HAOYUN88888 ($99.78 in chips)
HAOYUN88888: posts small blind $1
LouisB: posts big blind $3
*** HOLE CARDS ***
HAOYUN88888: folds
Uncalled bet ($2) returned to LouisB
LouisB collected $2 from pot
LouisB: doesn't show hand
*** SUMMARY ***
Total pot $2 | Rake $0
Seat 1: LouisB (big blind) collected ($2)
Seat 6: HAOYUN88888 (button) (small blind) folded before Flop


PokerStars Hand #176737953811:  Hold'em Limit ($3/$6 USD) - 2017/10/10 11:33:53 ET
Table 'Lyra' 6-max Seat #1 is the button
Seat 1: LouisB ($76 in chips)
Seat 6: HAOYUN88888 ($102.78 in chips)
LouisB: posts small blind $1
HAOYUN88888: posts big blind $3
*** HOLE CARDS ***
LouisB: raises $3 to $6
HAOYUN88888: folds
Uncalled bet ($3) returned to LouisB
LouisB collected $6 from pot
LouisB: doesn't show hand
*** SUMMARY ***
Total pot $6 | Rake $0
Seat 1: LouisB (button) (small blind) collected ($6)
Seat 6: HAOYUN88888 (big blind) folded before Flop


PokerStars Hand #176737948864:  Hold'em Limit ($3/$6 USD) - 2017/10/10 11:33:44 ET
Table 'Lyra' 6-max Seat #6 is the button
Seat 1: LouisB ($82 in chips)
Seat 6: HAOYUN88888 ($97.02 in chips)
HAOYUN88888: posts small blind $1
LouisB: posts big blind $3
*** HOLE CARDS ***
HAOYUN88888: raises $3 to $6
LouisB: calls $3
*** FLOP *** [Ad Kh 5s]
LouisB: checks
HAOYUN88888: bets $3
LouisB: folds
Uncalled bet ($3) returned to HAOYUN88888
HAOYUN88888 collected $11.76 from pot
HAOYUN88888: doesn't show hand
*** SUMMARY ***
Total pot $12 | Rake $0.24
Board [Ad Kh 5s]
Seat 1: LouisB (big blind) folded on the Flop
Seat 6: HAOYUN88888 (button) (small blind) collected ($11.76)


PokerStars Hand #176737942005:  Hold'em Limit ($3/$6 USD) - 2017/10/10 11:33:33 ET
Table 'Lyra' 6-max Seat #1 is the button
Seat 1: LouisB ($94 in chips)
Seat 6: HAOYUN88888 ($85.50 in chips)
LouisB: posts small blind $1
HAOYUN88888: posts big blind $3
*** HOLE CARDS ***
LouisB: raises $3 to $6
HAOYUN88888: calls $3
*** FLOP *** [7s Js Qd]
HAOYUN88888: checks
LouisB: bets $3
HAOYUN88888: raises $3 to $6
LouisB: calls $3
*** TURN *** [7s Js Qd] [3d]
HAOYUN88888: bets $6
LouisB: folds
Uncalled bet ($6) returned to HAOYUN88888
HAOYUN88888 collected $23.52 from pot
HAOYUN88888: doesn't show hand
*** SUMMARY ***
Total pot $24 | Rake $0.48
Board [7s Js Qd 3d]
Seat 1: LouisB (button) (small blind) folded on the Turn
Seat 6: HAOYUN88888 (big blind) collected ($23.52)


PokerStars Hand #176737939311:  Hold'em Limit ($3/$6 USD) - 2017/10/10 11:33:28 ET
Table 'Lyra' 6-max Seat #6 is the button
Seat 1: LouisB ($93 in chips)
Seat 6: HAOYUN88888 ($86.50 in chips)
HAOYUN88888: posts small blind $1
LouisB: posts big blind $3
*** HOLE CARDS ***
GoliafUa leaves the table
HAOYUN88888: folds
Uncalled bet ($2) returned to LouisB
LouisB collected $2 from pot
LouisB: doesn't show hand
*** SUMMARY ***
Total pot $2 | Rake $0
Seat 1: LouisB (big blind) collected ($2)
Seat 6: HAOYUN88888 (button) (small blind) folded before Flop


PokerStars Hand #176737928781:  Hold'em Limit ($3/$6 USD) - 2017/10/10 11:33:11 ET
Table 'Lyra' 6-max Seat #1 is the button
Seat 1: LouisB ($120 in chips)
Seat 6: HAOYUN88888 ($60 in chips)
LouisB: posts small blind $1
HAOYUN88888: posts big blind $3
*** HOLE CARDS ***
LouisB: raises $3 to $6
HAOYUN88888: calls $3
*** FLOP *** [4h 2d 5s]
HAOYUN88888: checks
LouisB: bets $3
HAOYUN88888: calls $3
*** TURN *** [4h 2d 5s] [Qc]
HAOYUN88888: checks
LouisB: bets $6
HAOYUN88888: raises $6 to $12
LouisB: calls $6
*** RIVER *** [4h 2d 5s Qc] [8s]
HAOYUN88888: bets $6
LouisB: calls $6
*** SHOW DOWN ***
HAOYUN88888: shows [9d Qs] (a pair of Queens)
LouisB: mucks hand
HAOYUN88888 collected $53.50 from pot
*** SUMMARY ***
Total pot $54 | Rake $0.50
Board [4h 2d 5s Qc 8s]
Seat 1: LouisB (button) (small blind) mucked
Seat 6: HAOYUN88888 (big blind) showed [9d Qs] and won ($53.50) with a pair of Queens


PokerStars Hand #176738000046:  Hold'em Limit ($3/$6 USD) - 2017/10/10 11:35:11 ET
Table 'Lyra' 6-max Seat #1 is the button
Seat 1: LouisB ($64.28 in chips)
Seat 6: HAOYUN88888 ($113.28 in chips)
LouisB: posts small blind $1
HAOYUN88888: posts big blind $3
*** HOLE CARDS ***
LouisB: folds
Uncalled bet ($2) returned to HAOYUN88888
HAOYUN88888 collected $2 from pot
HAOYUN88888: doesn't show hand
*** SUMMARY ***
Total pot $2 | Rake $0
Seat 1: LouisB (button) (small blind) folded before Flop
Seat 6: HAOYUN88888 (big blind) collected ($2)


PokerStars Hand #176737991242:  Hold'em Limit ($3/$6 USD) - 2017/10/10 11:34:56 ET
Table 'Lyra' 6-max Seat #6 is the button
Seat 1: LouisB ($55.64 in chips)
Seat 6: HAOYUN88888 ($122.28 in chips)
HAOYUN88888: posts small blind $1
LouisB: posts big blind $3
*** HOLE CARDS ***
HAOYUN88888: raises $3 to $6
LouisB: calls $3
*** FLOP *** [4c Ts Ad]
LouisB: checks
HAOYUN88888: bets $3
LouisB: calls $3
*** TURN *** [4c Ts Ad] [Qh]
LouisB: checks
HAOYUN88888: checks
*** RIVER *** [4c Ts Ad Qh] [7s]
LouisB: bets $6
HAOYUN88888: folds
Uncalled bet ($6) returned to LouisB
LouisB collected $17.64 from pot
LouisB: doesn't show hand
*** SUMMARY ***
Total pot $18 | Rake $0.36
Board [4c Ts Ad Qh 7s]
Seat 1: LouisB (big blind) collected ($17.64)
Seat 6: HAOYUN88888 (button) (small blind) folded on the River


PokerStars Hand #176737983160:  Hold'em Limit ($3/$6 USD) - 2017/10/10 11:34:42 ET
Table 'Lyra' 6-max Seat #1 is the button
Seat 1: LouisB ($47 in chips)
Seat 6: HAOYUN88888 ($131.28 in chips)
LouisB: posts small blind $1
HAOYUN88888: posts big blind $3
*** HOLE CARDS ***
LouisB: raises $3 to $6
HAOYUN88888: calls $3
*** FLOP *** [2h 7s Jd]
HAOYUN88888: checks
LouisB: bets $3
HAOYUN88888: calls $3
*** TURN *** [2h 7s Jd] [3c]
HAOYUN88888: checks
LouisB: bets $6
HAOYUN88888: folds
Uncalled bet ($6) returned to LouisB
LouisB collected $17.64 from pot
LouisB: doesn't show hand
*** SUMMARY ***
Total pot $18 | Rake $0.36
Board [2h 7s Jd 3c]
Seat 1: LouisB (button) (small blind) collected ($17.64)
Seat 6: HAOYUN88888 (big blind) folded on the Turn


PokerStars Hand #176737980265:  Hold'em Limit ($3/$6 USD) - 2017/10/10 11:34:37 ET
Table 'Lyra' 6-max Seat #6 is the button
Seat 1: LouisB ($50 in chips)
Seat 6: HAOYUN88888 ($128.28 in chips)
HAOYUN88888: posts small blind $1
LouisB: posts big blind $3
*** HOLE CARDS ***
HAOYUN88888: raises $3 to $6
LouisB: folds
Uncalled bet ($3) returned to HAOYUN88888
HAOYUN88888 collected $6 from pot
HAOYUN88888: doesn't show hand
*** SUMMARY ***
Total pot $6 | Rake $0
Seat 1: LouisB (big blind) folded before Flop
Seat 6: HAOYUN88888 (button) (small blind) collected ($6)


PokerStars Hand #176737977625:  Hold'em Limit ($3/$6 USD) - 2017/10/10 11:34:33 ET
Table 'Lyra' 6-max Seat #1 is the button
Seat 1: LouisB ($51 in chips)
Seat 6: HAOYUN88888 ($127.28 in chips)
LouisB: posts small blind $1
HAOYUN88888: posts big blind $3
*** HOLE CARDS ***
LouisB: folds
Uncalled bet ($2) returned to HAOYUN88888
HAOYUN88888 collected $2 from pot
HAOYUN88888: doesn't show hand
*** SUMMARY ***
Total pot $2 | Rake $0
Seat 1: LouisB (button) (small blind) folded before Flop
Seat 6: HAOYUN88888 (big blind) collected ($2)


PokerStars Hand #176737974207:  Hold'em Limit ($3/$6 USD) - 2017/10/10 11:34:27 ET
Table 'Lyra' 6-max Seat #6 is the button
Seat 1: LouisB ($54 in chips)
Seat 6: HAOYUN88888 ($124.28 in chips)
HAOYUN88888: posts small blind $1
LouisB: posts big blind $3
*** HOLE CARDS ***
HAOYUN88888: raises $3 to $6
LouisB: folds
Uncalled bet ($3) returned to HAOYUN88888
HAOYUN88888 collected $6 from pot
HAOYUN88888: doesn't show hand
*** SUMMARY ***
Total pot $6 | Rake $0
Seat 1: LouisB (big blind) folded before Flop
Seat 6: HAOYUN88888 (button) (small blind) collected ($6)


PokerStars Hand #176737964960:  Hold'em Limit ($3/$6 USD) - 2017/10/10 11:34:11 ET
Table 'Lyra' 6-max Seat #1 is the button
Seat 1: LouisB ($84 in chips)
Seat 6: HAOYUN88888 ($94.78 in chips)
LouisB: posts small blind $1
HAOYUN88888: posts big blind $3
*** HOLE CARDS ***
LouisB: raises $3 to $6
HAOYUN88888: calls $3
*** FLOP *** [2h 5h 3d]
HAOYUN88888: checks
LouisB: bets $3
HAOYUN88888: raises $3 to $6
LouisB: raises $3 to $9
HAOYUN88888: raises $3 to $12
Betting is capped
LouisB: calls $3
*** TURN *** [2h 5h 3d] [Ac]
HAOYUN88888: bets $6
LouisB: calls $6
*** RIVER *** [2h 5h 3d Ac] [9d]
HAOYUN88888: bets $6
LouisB: calls $6
*** SHOW DOWN ***
HAOYUN88888: shows [5d 4h] (a straight, Ace to Five)
LouisB: mucks hand
HAOYUN88888 collected $59.50 from pot
*** SUMMARY ***
Total pot $60 | Rake $0.50
Board [2h 5h 3d Ac 9d]
Seat 1: LouisB (button) (small blind) mucked
Seat 6: HAOYUN88888 (big blind) showed [5d 4h] and won ($59.50) with a straight, Ace to Five


PokerStars Hand #176738021309:  Hold'em Limit ($3/$6 USD) - 2017/10/10 11:35:46 ET
Table 'Lyra' 6-max Seat #6 is the button
Seat 1: LouisB ($87.78 in chips)
Seat 6: HAOYUN88888 ($89.28 in chips)
HAOYUN88888: posts small blind $1
LouisB: posts big blind $3
*** HOLE CARDS ***
HAOYUN88888: folds
Uncalled bet ($2) returned to LouisB
LouisB collected $2 from pot
zimin10 joins the table at seat #2
LouisB: doesn't show hand
*** SUMMARY ***
Total pot $2 | Rake $0
Seat 1: LouisB (big blind) collected ($2)
Seat 6: HAOYUN88888 (button) (small blind) folded before Flop


PokerStars Hand #176738002701:  Hold'em Limit ($3/$6 USD) - 2017/10/10 11:35:15 ET
Table 'Lyra' 6-max Seat #6 is the button
Seat 1: LouisB ($63.28 in chips)
Seat 6: HAOYUN88888 ($114.28 in chips)
HAOYUN88888: posts small blind $1
LouisB: posts big blind $3
*** HOLE CARDS ***
HAOYUN88888: folds
Uncalled bet ($2) returned to LouisB
LouisB collected $2 from pot
LouisB: doesn't show hand
*** SUMMARY ***
Total pot $2 | Rake $0
Seat 1: LouisB (big blind) collected ($2)
Seat 6: HAOYUN88888 (button) (small blind) folded before Flop


PokerStars Hand #176738938962:  Hold'em Limit ($3/$6 USD) - 2017/10/10 12:01:21 ET
Table 'Lyra' 6-max Seat #4 is the button
Seat 3: Psynto ($95 in chips)
Seat 4: Fabulous108 ($154.78 in chips)
Fabulous108: posts small blind $1
LouisB: is sitting out
Psynto: posts big blind $3
*** HOLE CARDS ***
Fabulous108: raises $3 to $6
Psynto: calls $3
*** FLOP *** [Jh As 2d]
Psynto: checks
Fabulous108: bets $3
Psynto: folds
Uncalled bet ($3) returned to Fabulous108
Fabulous108 collected $11.76 from pot
Fabulous108: doesn't show hand
*** SUMMARY ***
Total pot $12 | Rake $0.24
Board [Jh As 2d]
Seat 3: Psynto (big blind) folded on the Flop
Seat 4: Fabulous108 (button) (small blind) collected ($11.76)


