PokerStars Hand #145680697632:  Hold'em Limit ($3/$6 USD) - 2015/12/21 7:04:02 ET
Table 'Lyra II' 10-max Seat #2 is the button
Seat 2: mdif ($120 in chips)
Seat 10: jackdog ($35.76 in chips)
mdif: posts small blind $1
jackdog: posts big blind $3
*** HOLE CARDS ***
mdif: raises $3 to $6
jackdog: folds
Uncalled bet ($3) returned to mdif
mdif collected $6 from pot
mdif: doesn't show hand
*** SUMMARY ***
Total pot $6 | Rake $0
Seat 2: mdif (button) (small blind) collected ($6)
Seat 10: jackdog (big blind) folded before Flop


PokerStars Hand #145680815920:  Hold'em Limit ($3/$6 USD) - 2015/12/21 7:07:51 ET
Table 'Lyra II' 10-max Seat #9 is the button
Seat 3: Airbag999 ($140.89 in chips)
Seat 9: scorpio04 ($73 in chips)
scorpio04: posts small blind $1
assitoni: is sitting out
mdif: is sitting out
Airbag999: posts big blind $3
*** HOLE CARDS ***
scorpio04: raises $3 to $6
mdif leaves the table
assitoni leaves the table
Airbag999: raises $3 to $9
scorpio04: calls $3
*** FLOP *** [4s 3h Ts]
Airbag999: bets $3
scorpio04: calls $3
*** TURN *** [4s 3h Ts] [Qh]
Airbag999: bets $6
scorpio04: calls $6
*** RIVER *** [4s 3h Ts Qh] [Js]
Airbag999: checks
scorpio04: bets $6
Airbag999: calls $6
*** SHOW DOWN ***
scorpio04: shows [3s 6s] (a flush, Jack high)
Airbag999: mucks hand
scorpio04 collected $47.50 from pot
*** SUMMARY ***
Total pot $48 | Rake $0.50
Board [4s 3h Ts Qh Js]
Seat 3: Airbag999 (big blind) mucked
Seat 9: scorpio04 (button) (small blind) showed [3s 6s] and won ($47.50) with a flush, Jack high


PokerStars Hand #145681322770:  Hold'em Limit ($3/$6 USD) - 2015/12/21 7:23:54 ET
Table 'Lyra II' 10-max Seat #9 is the button
Seat 3: Airbag999 ($98.89 in chips)
Seat 9: Phil Pacino ($137.50 in chips)
Phil Pacino: posts small blind $1
Airbag999: posts big blind $3
*** HOLE CARDS ***
Phil Pacino: raises $3 to $6
Airbag999: raises $3 to $9
Phil Pacino: folds
Uncalled bet ($3) returned to Airbag999
Airbag999 collected $12 from pot
Airbag999: doesn't show hand
*** SUMMARY ***
Total pot $12 | Rake $0
Seat 3: Airbag999 (big blind) collected ($12)
Seat 9: Phil Pacino (button) (small blind) folded before Flop


PokerStars Hand #145681307807:  Hold'em Limit ($3/$6 USD) - 2015/12/21 7:23:26 ET
Table 'Lyra II' 10-max Seat #3 is the button
Seat 3: Airbag999 ($116.89 in chips)
Seat 9: Phil Pacino ($120 in chips)
Airbag999: posts small blind $1
Phil Pacino: posts big blind $3
*** HOLE CARDS ***
Airbag999: raises $3 to $6
Phil Pacino: calls $3
*** FLOP *** [4h 4d 5s]
Phil Pacino: checks
Airbag999: checks
*** TURN *** [4h 4d 5s] [2c]
Phil Pacino: bets $6
Airbag999: calls $6
*** RIVER *** [4h 4d 5s 2c] [2s]
Phil Pacino: bets $6
Airbag999: calls $6
*** SHOW DOWN ***
Phil Pacino: shows [2h Jd] (a full house, Deuces full of Fours)
Airbag999: mucks hand
Phil Pacino collected $35.50 from pot
*** SUMMARY ***
Total pot $36 | Rake $0.50
Board [4h 4d 5s 2c 2s]
Seat 3: Airbag999 (button) (small blind) mucked
Seat 9: Phil Pacino (big blind) showed [2h Jd] and won ($35.50) with a full house, Deuces full of Fours


PokerStars Hand #145681331177:  Hold'em Limit ($3/$6 USD) - 2015/12/21 7:24:10 ET
Table 'Lyra II' 10-max Seat #3 is the button
Seat 3: Airbag999 ($104.89 in chips)
Seat 9: Phil Pacino ($131.50 in chips)
Airbag999: posts small blind $1
Phil Pacino: posts big blind $3
*** HOLE CARDS ***
Airbag999: raises $3 to $6
Phil Pacino: calls $3
*** FLOP *** [4d Qc 7c]
Phil Pacino: checks
Airbag999: bets $3
Phil Pacino: calls $3
*** TURN *** [4d Qc 7c] [9h]
Phil Pacino: checks
Airbag999: bets $6
Phil Pacino: calls $6
*** RIVER *** [4d Qc 7c 9h] [9c]
Phil Pacino: bets $6
Airbag999: calls $6
*** SHOW DOWN ***
Phil Pacino: shows [6d 5c] (a pair of Nines)
Airbag999: shows [4c Qs] (two pair, Queens and Nines)
Airbag999 collected $41.50 from pot
assitoni joins the table at seat #10
*** SUMMARY ***
Total pot $42 | Rake $0.50
Board [4d Qc 7c 9h 9c]
Seat 3: Airbag999 (button) (small blind) showed [4c Qs] and won ($41.50) with two pair, Queens and Nines
Seat 9: Phil Pacino (big blind) showed [6d 5c] and lost with a pair of Nines


PokerStars Hand #145681373638:  Hold'em Limit ($3/$6 USD) - 2015/12/21 7:25:29 ET
Table 'Lyra II' 10-max Seat #9 is the button
Seat 3: Airbag999 ($139.13 in chips)
Seat 9: Phil Pacino ($95.11 in chips)
Phil Pacino: posts small blind $1
assitoni: is sitting out
Airbag999: posts big blind $3
*** HOLE CARDS ***
Phil Pacino said, "hahahaha"
Phil Pacino: folds
Uncalled bet ($2) returned to Airbag999
Airbag999 collected $2 from pot
Airbag999: doesn't show hand
*** SUMMARY ***
Total pot $2 | Rake $0
Seat 3: Airbag999 (big blind) collected ($2)
Seat 9: Phil Pacino (button) (small blind) folded before Flop


PokerStars Hand #145681381030:  Hold'em Limit ($3/$6 USD) - 2015/12/21 7:25:43 ET
Table 'Lyra II' 10-max Seat #3 is the button
Seat 3: Airbag999 ($140.13 in chips)
Seat 9: Phil Pacino ($94.11 in chips)
Airbag999: posts small blind $1
Phil Pacino: posts big blind $3
*** HOLE CARDS ***
Airbag999: folds
Uncalled bet ($2) returned to Phil Pacino
Phil Pacino collected $2 from pot
*** SUMMARY ***
Total pot $2 | Rake $0
Seat 3: Airbag999 (button) (small blind) folded before Flop
Seat 9: Phil Pacino (big blind) collected ($2)


PokerStars Hand #145681390033:  Hold'em Limit ($3/$6 USD) - 2015/12/21 7:26:00 ET
Table 'Lyra II' 10-max Seat #3 is the button
Seat 3: Airbag999 ($140.13 in chips)
Seat 9: Phil Pacino ($94.11 in chips)
Airbag999: posts small blind $1
Phil Pacino: posts big blind $3
*** HOLE CARDS ***
Airbag999: folds
Uncalled bet ($2) returned to Phil Pacino
Phil Pacino collected $2 from pot
*** SUMMARY ***
Total pot $2 | Rake $0
Seat 3: Airbag999 (button) (small blind) folded before Flop
Seat 9: Phil Pacino (big blind) collected ($2)


PokerStars Hand #145681387330:  Hold'em Limit ($3/$6 USD) - 2015/12/21 7:25:55 ET
Table 'Lyra II' 10-max Seat #9 is the button
Seat 3: Airbag999 ($139.13 in chips)
Seat 9: Phil Pacino ($95.11 in chips)
Phil Pacino: posts small blind $1
Airbag999: posts big blind $3
*** HOLE CARDS ***
scorpio04 joins the table at seat #1
Phil Pacino: folds
Uncalled bet ($2) returned to Airbag999
Airbag999 collected $2 from pot
Airbag999: doesn't show hand
*** SUMMARY ***
Total pot $2 | Rake $0
Seat 3: Airbag999 (big blind) collected ($2)
Seat 9: Phil Pacino (button) (small blind) folded before Flop


