PokerStars Hand #165330081429:  Hold'em Limit ($3/$6 USD) - 2017/01/28 21:23:25 ET
Table 'Lysithea' 6-max Seat #4 is the button
Seat 1: PedroBommeli ($123 in chips)
Seat 4: AzureCaper ($72 in chips)
AzureCaper: posts small blind $1
PedroBommeli: posts big blind $3
*** HOLE CARDS ***
AzureCaper: folds
Uncalled bet ($2) returned to PedroBommeli
PedroBommeli collected $2 from pot
PedroBommeli: doesn't show hand
*** SUMMARY ***
Total pot $2 | Rake $0
Seat 1: PedroBommeli (big blind) collected ($2)
Seat 4: AzureCaper (button) (small blind) folded before Flop


PokerStars Hand #165330074747:  Hold'em Limit ($3/$6 USD) - 2017/01/28 21:23:11 ET
Table 'Lysithea' 6-max Seat #1 is the button
Seat 1: PedroBommeli ($120 in chips)
Seat 4: AzureCaper ($72 in chips)
PedroBommeli: posts small blind $1
AzureCaper: posts big blind $3
*** HOLE CARDS ***
PedroBommeli: raises $3 to $6
AzureCaper: folds
Uncalled bet ($3) returned to PedroBommeli
verde7 joins the table at seat #3
PedroBommeli collected $6 from pot
PedroBommeli: doesn't show hand
*** SUMMARY ***
Total pot $6 | Rake $0
Seat 1: PedroBommeli (button) (small blind) collected ($6)
Seat 4: AzureCaper (big blind) folded before Flop


PokerStars Hand #165330271804:  Hold'em Limit ($3/$6 USD) - 2017/01/28 21:30:13 ET
Table 'Lysithea' 6-max Seat #6 is the button
Seat 5: Chessnok ($64.43 in chips)
Seat 6: elseppo04 ($96.92 in chips)
elseppo04: posts small blind $1
Velbor107: is sitting out
AzureCaper: is sitting out
Chessnok: posts big blind $3
*** HOLE CARDS ***
Velbor107 leaves the table
AzureCaper leaves the table
elseppo04: folds
Uncalled bet ($2) returned to Chessnok
Chessnok collected $2 from pot
Chessnok: doesn't show hand
*** SUMMARY ***
Total pot $2 | Rake $0
Seat 5: Chessnok (big blind) collected ($2)
Seat 6: elseppo04 (button) (small blind) folded before Flop


