PokerStars Hand #175368474274:  Hold'em Limit ($3/$6 USD) - 2017/09/08 10:37:24 ET
Table 'Lysithea' 6-max Seat #4 is the button
Seat 3: Titanic001 ($115.86 in chips)
Seat 4: Agrotait ($75.88 in chips)
Agrotait: posts small blind $1
Titanic001: posts big blind $3
*** HOLE CARDS ***
Agrotait: folds
Uncalled bet ($2) returned to Titanic001
Titanic001 collected $2 from pot
*** SUMMARY ***
Total pot $2 | Rake $0
Seat 3: Titanic001 (big blind) collected ($2)
Seat 4: Agrotait (button) (small blind) folded before Flop


PokerStars Hand #175368482854:  Hold'em Limit ($3/$6 USD) - 2017/09/08 10:37:39 ET
Table 'Lysithea' 6-max Seat #4 is the button
Seat 3: Titanic001 ($115.86 in chips)
Seat 4: Agrotait ($75.88 in chips)
Agrotait: posts small blind $1
Titanic001: posts big blind $3
*** HOLE CARDS ***
Agrotait: raises $3 to $6
Titanic001: calls $3
*** FLOP *** [Ac 5h 7h]
Titanic001: checks
Agrotait: bets $3
Titanic001: raises $3 to $6
Agrotait: folds
Uncalled bet ($3) returned to Titanic001
Titanic001 collected $17.64 from pot
*** SUMMARY ***
Total pot $18 | Rake $0.36
Board [Ac 5h 7h]
Seat 3: Titanic001 (big blind) collected ($17.64)
Seat 4: Agrotait (button) (small blind) folded on the Flop


PokerStars Hand #175368498008:  Hold'em Limit ($3/$6 USD) - 2017/09/08 10:38:06 ET
Table 'Lysithea' 6-max Seat #4 is the button
Seat 3: Titanic001 ($123.50 in chips)
Seat 4: Agrotait ($67.88 in chips)
Agrotait: posts small blind $1
Titanic001: posts big blind $3
*** HOLE CARDS ***
Agrotait: folds
Uncalled bet ($2) returned to Titanic001
Titanic001 collected $2 from pot
*** SUMMARY ***
Total pot $2 | Rake $0
Seat 3: Titanic001 (big blind) collected ($2)
Seat 4: Agrotait (button) (small blind) folded before Flop


PokerStars Hand #175368501584:  Hold'em Limit ($3/$6 USD) - 2017/09/08 10:38:12 ET
Table 'Lysithea' 6-max Seat #3 is the button
Seat 3: Titanic001 ($124.50 in chips)
Seat 4: Agrotait ($66.88 in chips)
Titanic001: posts small blind $1
Agrotait: posts big blind $3
*** HOLE CARDS ***
Titanic001: raises $3 to $6
Agrotait: calls $3
*** FLOP *** [8c Kh Kd]
Agrotait: checks
Titanic001: bets $3
Agrotait: folds
Uncalled bet ($3) returned to Titanic001
Titanic001 collected $11.76 from pot
*** SUMMARY ***
Total pot $12 | Rake $0.24
Board [8c Kh Kd]
Seat 3: Titanic001 (button) (small blind) collected ($11.76)
Seat 4: Agrotait (big blind) folded on the Flop


PokerStars Hand #175368530138:  Hold'em Limit ($3/$6 USD) - 2017/09/08 10:39:01 ET
Table 'Lysithea' 6-max Seat #4 is the button
Seat 3: Titanic001 ($130.26 in chips)
Seat 4: Agrotait ($60.88 in chips)
Agrotait: posts small blind $1
Titanic001: posts big blind $3
*** HOLE CARDS ***
Agrotait: raises $3 to $6
Titanic001: calls $3
*** FLOP *** [Th 4c 2d]
Titanic001: checks
Agrotait: bets $3
Titanic001: calls $3
*** TURN *** [Th 4c 2d] [6h]
Titanic001: checks
Agrotait: checks
*** RIVER *** [Th 4c 2d 6h] [4s]
Titanic001: bets $6
Agrotait: calls $6
*** SHOW DOWN ***
Titanic001: shows [3c Ks] (a pair of Fours)
Agrotait: shows [Ah 2c] (two pair, Fours and Deuces)
Agrotait collected $29.50 from pot
*** SUMMARY ***
Total pot $30 | Rake $0.50
Board [Th 4c 2d 6h 4s]
Seat 3: Titanic001 (big blind) showed [3c Ks] and lost with a pair of Fours
Seat 4: Agrotait (button) (small blind) showed [Ah 2c] and won ($29.50) with two pair, Fours and Deuces


PokerStars Hand #175368565830:  Hold'em Limit ($3/$6 USD) - 2017/09/08 10:40:03 ET
Table 'Lysithea' 6-max Seat #3 is the button
Seat 3: Titanic001 ($115.26 in chips)
Seat 4: Agrotait ($75.38 in chips)
Titanic001: posts small blind $1
Agrotait: posts big blind $3
*** HOLE CARDS ***
Titanic001: raises $3 to $6
Agrotait: raises $3 to $9
Titanic001: calls $3
*** FLOP *** [5h 3h Jd]
Agrotait: bets $3
Titanic001: calls $3
*** TURN *** [5h 3h Jd] [3d]
Agrotait: checks
Titanic001: bets $6
Agrotait: folds
Uncalled bet ($6) returned to Titanic001
Titanic001 collected $23.52 from pot
*** SUMMARY ***
Total pot $24 | Rake $0.48
Board [5h 3h Jd 3d]
Seat 3: Titanic001 (button) (small blind) collected ($23.52)
Seat 4: Agrotait (big blind) folded on the Turn


PokerStars Hand #175368590360:  Hold'em Limit ($3/$6 USD) - 2017/09/08 10:40:45 ET
Table 'Lysithea' 6-max Seat #4 is the button
Seat 3: Titanic001 ($126.78 in chips)
Seat 4: Agrotait ($63.38 in chips)
Agrotait: posts small blind $1
Titanic001: posts big blind $3
*** HOLE CARDS ***
Agrotait: raises $3 to $6
Titanic001: calls $3
*** FLOP *** [Tc Td 3s]
sismos404 joins the table at seat #6
Titanic001: checks
Agrotait: bets $3
Titanic001: folds
Uncalled bet ($3) returned to Agrotait
Agrotait collected $11.76 from pot
*** SUMMARY ***
Total pot $12 | Rake $0.24
Board [Tc Td 3s]
Seat 3: Titanic001 (big blind) folded on the Flop
Seat 4: Agrotait (button) (small blind) collected ($11.76)


