PokerStars Hand #158001771640:  Hold'em Limit ($3/$6 USD) - 2016/08/31 21:57:53 ET
Table 'Lysithea' 6-max Seat #3 is the button
Seat 3: simper11 ($120 in chips)
Seat 6: WSpieler ($120.23 in chips)
simper11: posts small blind $1
WSpieler: posts big blind $3
*** HOLE CARDS ***
simper11: folds
Uncalled bet ($2) returned to WSpieler
WSpieler collected $2 from pot
WSpieler: doesn't show hand
*** SUMMARY ***
Total pot $2 | Rake $0
Seat 3: simper11 (button) (small blind) folded before Flop
Seat 6: WSpieler (big blind) collected ($2)


PokerStars Hand #158001762345:  Hold'em Limit ($3/$6 USD) - 2016/08/31 21:57:22 ET
Table 'Lysithea' 6-max Seat #6 is the button
Seat 3: simper11 ($120 in chips)
Seat 6: WSpieler ($111.59 in chips)
WSpieler: posts small blind $1
simper11: posts big blind $3
*** HOLE CARDS ***
WSpieler: raises $3 to $6
simper11: calls $3
*** FLOP *** [9c 3d 4s]
simper11: checks
WSpieler: bets $3
simper11: calls $3
*** TURN *** [9c 3d 4s] [Qh]
ABATAPP joins the table at seat #1
simper11: checks
WSpieler: bets $6
simper11: folds
Uncalled bet ($6) returned to WSpieler
WSpieler collected $17.64 from pot
WSpieler: doesn't show hand
*** SUMMARY ***
Total pot $18 | Rake $0.36
Board [9c 3d 4s Qh]
Seat 3: simper11 (big blind) folded on the Turn
Seat 6: WSpieler (button) (small blind) collected ($17.64)


PokerStars Hand #158003487445:  Hold'em Limit ($3/$6 USD) - 2016/08/31 23:28:09 ET
Table 'Lysithea' 6-max Seat #5 is the button
Seat 3: I M GOIN OFF ($132.64 in chips)
Seat 5: shawnm20 ($75.41 in chips)
shawnm20: posts small blind $1
I M GOIN OFF: posts big blind $3
*** HOLE CARDS ***
shawnm20: folds
Uncalled bet ($2) returned to I M GOIN OFF
I M GOIN OFF collected $2 from pot
I M GOIN OFF: doesn't show hand
*** SUMMARY ***
Total pot $2 | Rake $0
Seat 3: I M GOIN OFF (big blind) collected ($2)
Seat 5: shawnm20 (button) (small blind) folded before Flop


PokerStars Hand #158003489254:  Hold'em Limit ($3/$6 USD) - 2016/08/31 23:28:15 ET
Table 'Lysithea' 6-max Seat #3 is the button
Seat 3: I M GOIN OFF ($133.64 in chips)
Seat 5: shawnm20 ($74.41 in chips)
I M GOIN OFF: posts small blind $1
shawnm20: posts big blind $3
*** HOLE CARDS ***
I M GOIN OFF: raises $3 to $6
shawnm20: calls $3
*** FLOP *** [5h 7d Qh]
ABATAPP leaves the table
shawnm20: checks
ABATAPP joins the table at seat #6
I M GOIN OFF: bets $3
shawnm20: calls $3
*** TURN *** [5h 7d Qh] [3d]
shawnm20: checks
I M GOIN OFF: checks
*** RIVER *** [5h 7d Qh 3d] [Jc]
shawnm20: checks
I M GOIN OFF: checks
*** SHOW DOWN ***
shawnm20: shows [2h 2d] (a pair of Deuces)
I M GOIN OFF: mucks hand
shawnm20 collected $17.64 from pot
*** SUMMARY ***
Total pot $18 | Rake $0.36
Board [5h 7d Qh 3d Jc]
Seat 3: I M GOIN OFF (button) (small blind) mucked
Seat 5: shawnm20 (big blind) showed [2h 2d] and won ($17.64) with a pair of Deuces


PokerStars Hand #158003519663:  Hold'em Limit ($3/$6 USD) - 2016/08/31 23:29:34 ET
Table 'Lysithea' 6-max Seat #6 is the button
Seat 5: shawnm20 ($80.05 in chips)
Seat 6: ABATAPP ($122.82 in chips)
ABATAPP: posts small blind $1
I M GOIN OFF: is sitting out
shawnm20: posts big blind $3
*** HOLE CARDS ***
ABATAPP: folds
Uncalled bet ($2) returned to shawnm20
shawnm20 collected $2 from pot
*** SUMMARY ***
Total pot $2 | Rake $0
Seat 5: shawnm20 (big blind) collected ($2)
Seat 6: ABATAPP (button) (small blind) folded before Flop


PokerStars Hand #158003521393:  Hold'em Limit ($3/$6 USD) - 2016/08/31 23:29:40 ET
Table 'Lysithea' 6-max Seat #5 is the button
Seat 5: shawnm20 ($81.05 in chips)
Seat 6: ABATAPP ($121.82 in chips)
shawnm20: posts small blind $1
ABATAPP: posts big blind $3
*** HOLE CARDS ***
shawnm20: folds
Uncalled bet ($2) returned to ABATAPP
I M GOIN OFF leaves the table
ABATAPP collected $2 from pot
ABATAPP: doesn't show hand
*** SUMMARY ***
Total pot $2 | Rake $0
Seat 5: shawnm20 (button) (small blind) folded before Flop
Seat 6: ABATAPP (big blind) collected ($2)


PokerStars Hand #158003523484:  Hold'em Limit ($3/$6 USD) - 2016/08/31 23:29:47 ET
Table 'Lysithea' 6-max Seat #6 is the button
Seat 5: shawnm20 ($80.05 in chips)
Seat 6: ABATAPP ($122.82 in chips)
ABATAPP: posts small blind $1
shawnm20: posts big blind $3
*** HOLE CARDS ***
ABATAPP: raises $3 to $6
shawnm20: calls $3
*** FLOP *** [9c 3c 5s]
shawnm20: checks
ABATAPP: bets $3
shawnm20: calls $3
*** TURN *** [9c 3c 5s] [Kh]
shawnm20: checks
ABATAPP: bets $6
mogoallin joins the table at seat #1
shawnm20: folds
Uncalled bet ($6) returned to ABATAPP
ABATAPP collected $17.64 from pot
ABATAPP: doesn't show hand
*** SUMMARY ***
Total pot $18 | Rake $0.36
Board [9c 3c 5s Kh]
Seat 5: shawnm20 (big blind) folded on the Turn
Seat 6: ABATAPP (button) (small blind) collected ($17.64)


PokerStars Hand #158003529222:  Hold'em Limit ($3/$6 USD) - 2016/08/31 23:30:08 ET
Table 'Lysithea' 6-max Seat #5 is the button
Seat 5: shawnm20 ($71.05 in chips)
Seat 6: ABATAPP ($131.46 in chips)
shawnm20: posts small blind $1
ABATAPP: posts big blind $3
*** HOLE CARDS ***
shawnm20: raises $3 to $6
ABATAPP: calls $3
*** FLOP *** [8h 3h Ac]
ABATAPP: checks
shawnm20: bets $3
ABATAPP: calls $3
*** TURN *** [8h 3h Ac] [5h]
ABATAPP: checks
shawnm20: bets $6
ABATAPP: calls $6
*** RIVER *** [8h 3h Ac 5h] [Qs]
ABATAPP: checks
shawnm20: checks
*** SHOW DOWN ***
ABATAPP: shows [9d 8c] (a pair of Eights)
shawnm20: shows [4d As] (a pair of Aces)
shawnm20 collected $29.50 from pot
*** SUMMARY ***
Total pot $30 | Rake $0.50
Board [8h 3h Ac 5h Qs]
Seat 5: shawnm20 (button) (small blind) showed [4d As] and won ($29.50) with a pair of Aces
Seat 6: ABATAPP (big blind) showed [9d 8c] and lost with a pair of Eights


PokerStars Hand #158006515076:  Hold'em Limit ($3/$6 USD) - 2016/09/01 2:54:55 ET
Table 'Lysithea' 6-max Seat #2 is the button
Seat 2: play4uron ($126.58 in chips)
Seat 4: krytalex ($244.09 in chips)
play4uron: posts small blind $1
krytalex: posts big blind $3
*** HOLE CARDS ***
play4uron: raises $3 to $6
krytalex: calls $3
*** FLOP *** [Qc As 9d]
krytalex: checks
play4uron: bets $3
krytalex: folds
Uncalled bet ($3) returned to play4uron
play4uron collected $11.76 from pot
play4uron: doesn't show hand
*** SUMMARY ***
Total pot $12 | Rake $0.24
Board [Qc As 9d]
Seat 2: play4uron (button) (small blind) collected ($11.76)
Seat 4: krytalex (big blind) folded on the Flop


PokerStars Hand #158006512539:  Hold'em Limit ($3/$6 USD) - 2016/09/01 2:54:45 ET
Table 'Lysithea' 6-max Seat #4 is the button
Seat 2: play4uron ($125.58 in chips)
Seat 4: krytalex ($245.09 in chips)
krytalex: posts small blind $1
play4uron: posts big blind $3
*** HOLE CARDS ***
poherstar777 leaves the table
krytalex: folds
Uncalled bet ($2) returned to play4uron
play4uron collected $2 from pot
play4uron: doesn't show hand
*** SUMMARY ***
Total pot $2 | Rake $0
Seat 2: play4uron (big blind) collected ($2)
Seat 4: krytalex (button) (small blind) folded before Flop


