PokerStars Hand #155194701119:  Hold'em Limit ($3/$6 USD) - 2016/06/25 17:07:02 ET
Table 'Lysithea II' 6-max Seat #1 is the button
Seat 1: Velbor107 ($300 in chips)
Seat 3: _fayzulllo_ ($72 in chips)
Velbor107: posts small blind $1
_fayzulllo_: posts big blind $3
*** HOLE CARDS ***
liroibom joins the table at seat #4
Velbor107: folds
Uncalled bet ($2) returned to _fayzulllo_
_fayzulllo_ collected $2 from pot
_fayzulllo_: doesn't show hand
*** SUMMARY ***
Total pot $2 | Rake $0
Seat 1: Velbor107 (button) (small blind) folded before Flop
Seat 3: _fayzulllo_ (big blind) collected ($2)


PokerStars Hand #155194752278:  Hold'em Limit ($3/$6 USD) - 2016/06/25 17:08:17 ET
Table 'Lysithea II' 6-max Seat #3 is the button
Seat 1: Velbor107 ($300.82 in chips)
Seat 3: _fayzulllo_ ($99.29 in chips)
_fayzulllo_: posts small blind $1
Velbor107: posts big blind $3
*** HOLE CARDS ***
_fayzulllo_: raises $3 to $6
liroibom leaves the table
Velbor107: calls $3
*** FLOP *** [3s 3d Qh]
Velbor107: checks
_fayzulllo_: bets $3
Velbor107: calls $3
*** TURN *** [3s 3d Qh] [Js]
Velbor107: checks
_fayzulllo_: bets $6
Velbor107: folds
Uncalled bet ($6) returned to _fayzulllo_
_fayzulllo_ collected $17.64 from pot
_fayzulllo_: doesn't show hand
*** SUMMARY ***
Total pot $18 | Rake $0.36
Board [3s 3d Qh Js]
Seat 1: Velbor107 (big blind) folded on the Turn
Seat 3: _fayzulllo_ (button) (small blind) collected ($17.64)


