PokerStars Hand #144471129915:  Hold'em Limit ($3/$6 USD) - 2015/11/27 14:51:53 ET
Table 'Lysithea III' 2-max Seat #2 is the button
Seat 1: Mite1981 ($107.50 in chips)
Seat 2: MTails ($131.50 in chips)
MTails: posts small blind $1
Mite1981: posts big blind $3
*** HOLE CARDS ***
MTails: raises $3 to $6
Mite1981: folds
Uncalled bet ($3) returned to MTails
MTails collected $6 from pot
*** SUMMARY ***
Total pot $6 | Rake $0
Seat 1: Mite1981 (big blind) folded before Flop
Seat 2: MTails (button) (small blind) collected ($6)


PokerStars Hand #144471113722:  Hold'em Limit ($3/$6 USD) - 2015/11/27 14:51:35 ET
Table 'Lysithea III' 2-max Seat #1 is the button
Seat 1: Mite1981 ($93 in chips)
Seat 2: MTails ($146.50 in chips)
Mite1981: posts small blind $1
MTails: posts big blind $3
*** HOLE CARDS ***
Mite1981: raises $3 to $6
MTails: calls $3
*** FLOP *** [Js 3s 2d]
MTails: checks
Mite1981: bets $3
MTails: calls $3
*** TURN *** [Js 3s 2d] [4s]
MTails: checks
Mite1981: checks
*** RIVER *** [Js 3s 2d 4s] [Ah]
MTails: checks
Mite1981: bets $6
MTails: calls $6
*** SHOW DOWN ***
Mite1981: shows [7h 5s] (a straight, Ace to Five)
MTails: mucks hand
Mite1981 collected $29.50 from pot
*** SUMMARY ***
Total pot $30 | Rake $0.50
Board [Js 3s 2d 4s Ah]
Seat 1: Mite1981 (button) (small blind) showed [7h 5s] and won ($29.50) with a straight, Ace to Five
Seat 2: MTails (big blind) mucked


PokerStars Hand #144471135496:  Hold'em Limit ($3/$6 USD) - 2015/11/27 14:51:59 ET
Table 'Lysithea III' 2-max Seat #1 is the button
Seat 1: Mite1981 ($104.50 in chips)
Seat 2: MTails ($134.50 in chips)
Mite1981: posts small blind $1
MTails: posts big blind $3
*** HOLE CARDS ***
Mite1981: raises $3 to $6
MTails: calls $3
*** FLOP *** [Kd 6h 5c]
MTails: checks
Mite1981: bets $3
MTails: calls $3
*** TURN *** [Kd 6h 5c] [5d]
MTails: checks
Mite1981: checks
*** RIVER *** [Kd 6h 5c 5d] [Jc]
MTails: bets $6
Mite1981: folds
Uncalled bet ($6) returned to MTails
MTails collected $17.64 from pot
*** SUMMARY ***
Total pot $18 | Rake $0.36
Board [Kd 6h 5c 5d Jc]
Seat 1: Mite1981 (button) (small blind) folded on the River
Seat 2: MTails (big blind) collected ($17.64)


PokerStars Hand #144471160323:  Hold'em Limit ($3/$6 USD) - 2015/11/27 14:52:27 ET
Table 'Lysithea III' 2-max Seat #1 is the button
Seat 1: Mite1981 ($86.50 in chips)
Seat 2: MTails ($151.78 in chips)
Mite1981: posts small blind $1
MTails: posts big blind $3
*** HOLE CARDS ***
Mite1981: raises $3 to $6
MTails: calls $3
*** FLOP *** [Jc Ks Ac]
MTails: checks
Mite1981: bets $3
MTails: folds
Uncalled bet ($3) returned to Mite1981
Mite1981 collected $11.76 from pot
Mite1981: doesn't show hand
*** SUMMARY ***
Total pot $12 | Rake $0.24
Board [Jc Ks Ac]
Seat 1: Mite1981 (button) (small blind) collected ($11.76)
Seat 2: MTails (big blind) folded on the Flop


PokerStars Hand #144471148934:  Hold'em Limit ($3/$6 USD) - 2015/11/27 14:52:14 ET
Table 'Lysithea III' 2-max Seat #2 is the button
Seat 1: Mite1981 ($95.50 in chips)
Seat 2: MTails ($143.14 in chips)
MTails: posts small blind $1
Mite1981: posts big blind $3
*** HOLE CARDS ***
MTails: raises $3 to $6
Mite1981: calls $3
*** FLOP *** [Qh 6s Tc]
Mite1981: checks
MTails: bets $3
Mite1981: calls $3
*** TURN *** [Qh 6s Tc] [6c]
Mite1981: checks
MTails: bets $6
Mite1981: folds
Uncalled bet ($6) returned to MTails
MTails collected $17.64 from pot
*** SUMMARY ***
Total pot $18 | Rake $0.36
Board [Qh 6s Tc 6c]
Seat 1: Mite1981 (big blind) folded on the Turn
Seat 2: MTails (button) (small blind) collected ($17.64)


PokerStars Hand #144471174775:  Hold'em Limit ($3/$6 USD) - 2015/11/27 14:52:43 ET
Table 'Lysithea III' 2-max Seat #1 is the button
Seat 1: Mite1981 ($89.26 in chips)
Seat 2: MTails ($148.78 in chips)
Mite1981: posts small blind $1
MTails: posts big blind $3
*** HOLE CARDS ***
Mite1981: raises $3 to $6
MTails: raises $3 to $9
Mite1981: calls $3
*** FLOP *** [3c 9h 4s]
MTails: bets $3
Mite1981: calls $3
*** TURN *** [3c 9h 4s] [7s]
MTails: checks
Mite1981: bets $6
MTails: calls $6
*** RIVER *** [3c 9h 4s 7s] [Ad]
MTails: checks
Mite1981: checks
*** SHOW DOWN ***
MTails: shows [Kh Jd] (high card Ace)
Mite1981: shows [5h 3h] (a pair of Threes)
Mite1981 collected $35.50 from pot
*** SUMMARY ***
Total pot $36 | Rake $0.50
Board [3c 9h 4s 7s Ad]
Seat 1: Mite1981 (button) (small blind) showed [5h 3h] and won ($35.50) with a pair of Threes
Seat 2: MTails (big blind) showed [Kh Jd] and lost with high card Ace


PokerStars Hand #144471169623:  Hold'em Limit ($3/$6 USD) - 2015/11/27 14:52:37 ET
Table 'Lysithea III' 2-max Seat #2 is the button
Seat 1: Mite1981 ($92.26 in chips)
Seat 2: MTails ($145.78 in chips)
MTails: posts small blind $1
Mite1981: posts big blind $3
*** HOLE CARDS ***
MTails: raises $3 to $6
Mite1981: folds
Uncalled bet ($3) returned to MTails
MTails collected $6 from pot
*** SUMMARY ***
Total pot $6 | Rake $0
Seat 1: Mite1981 (big blind) folded before Flop
Seat 2: MTails (button) (small blind) collected ($6)


PokerStars Hand #144471189155:  Hold'em Limit ($3/$6 USD) - 2015/11/27 14:52:59 ET
Table 'Lysithea III' 2-max Seat #2 is the button
Seat 1: Mite1981 ($106.76 in chips)
Seat 2: MTails ($130.78 in chips)
MTails: posts small blind $1
Mite1981: posts big blind $3
*** HOLE CARDS ***
MTails: folds
Uncalled bet ($2) returned to Mite1981
Mite1981 collected $2 from pot
Mite1981: doesn't show hand
*** SUMMARY ***
Total pot $2 | Rake $0
Seat 1: Mite1981 (big blind) collected ($2)
Seat 2: MTails (button) (small blind) folded before Flop


PokerStars Hand #144471200525:  Hold'em Limit ($3/$6 USD) - 2015/11/27 14:53:11 ET
Table 'Lysithea III' 2-max Seat #2 is the button
Seat 1: Mite1981 ($110.76 in chips)
Seat 2: MTails ($126.78 in chips)
MTails: posts small blind $1
Mite1981: posts big blind $3
*** HOLE CARDS ***
MTails: raises $3 to $6
Mite1981: raises $3 to $9
MTails: calls $3
*** FLOP *** [7d 5h As]
Mite1981: bets $3
MTails: calls $3
*** TURN *** [7d 5h As] [5d]
Mite1981: bets $6
MTails: raises $6 to $12
Mite1981: raises $6 to $18
MTails: raises $6 to $24
Betting is capped
Mite1981: calls $6
*** RIVER *** [7d 5h As 5d] [4d]
Mite1981: bets $6
MTails: calls $6
*** SHOW DOWN ***
Mite1981: shows [Jc 3h] (a pair of Fives)
MTails: shows [8d 5s] (three of a kind, Fives)
MTails collected $83.50 from pot
*** SUMMARY ***
Total pot $84 | Rake $0.50
Board [7d 5h As 5d 4d]
Seat 1: Mite1981 (big blind) showed [Jc 3h] and lost with a pair of Fives
Seat 2: MTails (button) (small blind) showed [8d 5s] and won ($83.50) with three of a kind, Fives


PokerStars Hand #144471260366:  Hold'em Limit ($3/$6 USD) - 2015/11/27 14:54:18 ET
Table 'Lysithea III' 2-max Seat #2 is the button
Seat 1: Mite1981 ($76.76 in chips)
Seat 2: MTails ($158.78 in chips)
MTails: posts small blind $1
Mite1981: posts big blind $3
*** HOLE CARDS ***
MTails: raises $3 to $6
Mite1981: calls $3
*** FLOP *** [8s 6h Qh]
Mite1981: checks
MTails: bets $3
Mite1981: calls $3
*** TURN *** [8s 6h Qh] [9c]
Mite1981: checks
MTails: checks
*** RIVER *** [8s 6h Qh 9c] [Qc]
Mite1981: checks
MTails: checks
*** SHOW DOWN ***
Mite1981: shows [2d Jd] (a pair of Queens)
MTails: mucks hand
Mite1981 collected $17.64 from pot
*** SUMMARY ***
Total pot $18 | Rake $0.36
Board [8s 6h Qh 9c Qc]
Seat 1: Mite1981 (big blind) showed [2d Jd] and won ($17.64) with a pair of Queens
Seat 2: MTails (button) (small blind) mucked


PokerStars Hand #144471245891:  Hold'em Limit ($3/$6 USD) - 2015/11/27 14:54:02 ET
Table 'Lysithea III' 2-max Seat #1 is the button
Seat 1: Mite1981 ($100.76 in chips)
Seat 2: MTails ($135.28 in chips)
Mite1981: posts small blind $1
MTails: posts big blind $3
*** HOLE CARDS ***
Mite1981: raises $3 to $6
MTails: calls $3
*** FLOP *** [3d Js 7h]
MTails: checks
Mite1981: checks
*** TURN *** [3d Js 7h] [2h]
MTails: bets $6
Mite1981: calls $6
*** RIVER *** [3d Js 7h 2h] [Jd]
MTails: bets $6
Mite1981: raises $6 to $12
MTails: calls $6
*** SHOW DOWN ***
Mite1981: shows [Qd 5d] (a pair of Jacks)
MTails: shows [3c Qh] (two pair, Jacks and Threes)
MTails collected $47.50 from pot
*** SUMMARY ***
Total pot $48 | Rake $0.50
Board [3d Js 7h 2h Jd]
Seat 1: Mite1981 (button) (small blind) showed [Qd 5d] and lost with a pair of Jacks
Seat 2: MTails (big blind) showed [3c Qh] and won ($47.50) with two pair, Jacks and Threes


PokerStars Hand #144471231732:  Hold'em Limit ($3/$6 USD) - 2015/11/27 14:53:46 ET
Table 'Lysithea III' 2-max Seat #2 is the button
Seat 1: Mite1981 ($86.26 in chips)
Seat 2: MTails ($150.28 in chips)
MTails: posts small blind $1
Mite1981: posts big blind $3
*** HOLE CARDS ***
MTails: raises $3 to $6
Mite1981: calls $3
*** FLOP *** [Qd 7s 3h]
Mite1981: checks
MTails: bets $3
Mite1981: calls $3
*** TURN *** [Qd 7s 3h] [Kh]
Mite1981: checks
MTails: bets $6
Mite1981: raises $6 to $12
MTails: folds
Uncalled bet ($6) returned to Mite1981
Mite1981 collected $29.50 from pot
Mite1981: doesn't show hand
*** SUMMARY ***
Total pot $30 | Rake $0.50
Board [Qd 7s 3h Kh]
Seat 1: Mite1981 (big blind) collected ($29.50)
Seat 2: MTails (button) (small blind) folded on the Turn


PokerStars Hand #144471218975:  Hold'em Limit ($3/$6 USD) - 2015/11/27 14:53:32 ET
Table 'Lysithea III' 2-max Seat #1 is the button
Seat 1: Mite1981 ($68.76 in chips)
Seat 2: MTails ($168.28 in chips)
Mite1981: posts small blind $1
MTails: posts big blind $3
*** HOLE CARDS ***
Mite1981: raises $3 to $6
MTails: calls $3
*** FLOP *** [6c 9s 5s]
MTails: checks
Mite1981: checks
*** TURN *** [6c 9s 5s] [4d]
MTails: bets $6
Mite1981: calls $6
*** RIVER *** [6c 9s 5s 4d] [4h]
MTails: bets $6
Mite1981: calls $6
*** SHOW DOWN ***
MTails: shows [Qs 3d] (a pair of Fours)
Mite1981: shows [2h Ad] (a pair of Fours - Ace kicker)
Mite1981 collected $35.50 from pot
*** SUMMARY ***
Total pot $36 | Rake $0.50
Board [6c 9s 5s 4d 4h]
Seat 1: Mite1981 (button) (small blind) showed [2h Ad] and won ($35.50) with a pair of Fours
Seat 2: MTails (big blind) showed [Qs 3d] and lost with a pair of Fours


PokerStars Hand #144471274431:  Hold'em Limit ($3/$6 USD) - 2015/11/27 14:54:34 ET
Table 'Lysithea III' 2-max Seat #1 is the button
Seat 1: Mite1981 ($85.40 in chips)
Seat 2: MTails ($149.78 in chips)
Mite1981: posts small blind $1
MTails: posts big blind $3
*** HOLE CARDS ***
Mite1981: raises $3 to $6
MTails: calls $3
*** FLOP *** [8c 2s 6c]
MTails: checks
Mite1981: bets $3
MTails: calls $3
*** TURN *** [8c 2s 6c] [Ad]
MTails: checks
Mite1981: bets $6
MTails: raises $6 to $12
Mite1981: calls $6
*** RIVER *** [8c 2s 6c Ad] [9d]
MTails: bets $6
Mite1981: folds
Uncalled bet ($6) returned to MTails
MTails collected $41.50 from pot
*** SUMMARY ***
Total pot $42 | Rake $0.50
Board [8c 2s 6c Ad 9d]
Seat 1: Mite1981 (button) (small blind) folded on the River
Seat 2: MTails (big blind) collected ($41.50)


PokerStars Hand #144471292712:  Hold'em Limit ($3/$6 USD) - 2015/11/27 14:54:54 ET
Table 'Lysithea III' 2-max Seat #2 is the button
Seat 1: Mite1981 ($64.40 in chips)
Seat 2: MTails ($170.28 in chips)
MTails: posts small blind $1
Mite1981: posts big blind $3
*** HOLE CARDS ***
MTails: raises $3 to $6
Mite1981: calls $3
*** FLOP *** [8d Ts 2s]
Mite1981: checks
MTails: bets $3
Mite1981: calls $3
*** TURN *** [8d Ts 2s] [3c]
Mite1981: checks
MTails: checks
*** RIVER *** [8d Ts 2s 3c] [9s]
Mite1981: bets $6
MTails: calls $6
*** SHOW DOWN ***
Mite1981: shows [7d 8h] (a pair of Eights)
MTails: shows [Kd 9h] (a pair of Nines)
MTails collected $29.50 from pot
*** SUMMARY ***
Total pot $30 | Rake $0.50
Board [8d Ts 2s 3c 9s]
Seat 1: Mite1981 (big blind) showed [7d 8h] and lost with a pair of Eights
Seat 2: MTails (button) (small blind) showed [Kd 9h] and won ($29.50) with a pair of Nines


PokerStars Hand #144471307555:  Hold'em Limit ($3/$6 USD) - 2015/11/27 14:55:11 ET
Table 'Lysithea III' 2-max Seat #1 is the button
Seat 1: Mite1981 ($49.40 in chips)
Seat 2: MTails ($184.78 in chips)
Mite1981: posts small blind $1
MTails: posts big blind $3
*** HOLE CARDS ***
Mite1981: raises $3 to $6
MTails: calls $3
*** FLOP *** [Td 6s Ac]
MTails: checks
Mite1981: checks
*** TURN *** [Td 6s Ac] [Jd]
MTails: bets $6
Mite1981: raises $6 to $12
MTails: calls $6
*** RIVER *** [Td 6s Ac Jd] [As]
MTails: checks
Mite1981: bets $6
MTails: calls $6
*** SHOW DOWN ***
Mite1981: shows [Qs Ah] (three of a kind, Aces)
MTails: mucks hand
Mite1981 collected $47.50 from pot
*** SUMMARY ***
Total pot $48 | Rake $0.50
Board [Td 6s Ac Jd As]
Seat 1: Mite1981 (button) (small blind) showed [Qs Ah] and won ($47.50) with three of a kind, Aces
Seat 2: MTails (big blind) mucked


PokerStars Hand #144471317845:  Hold'em Limit ($3/$6 USD) - 2015/11/27 14:55:26 ET
Table 'Lysithea III' 2-max Seat #2 is the button
Seat 1: Mite1981 ($72.90 in chips)
Seat 2: MTails ($160.78 in chips)
MTails: posts small blind $1
Mite1981: posts big blind $3
*** HOLE CARDS ***
MTails: raises $3 to $6
Mite1981: calls $3
*** FLOP *** [2h 4c 5c]
Mite1981: checks
MTails: checks
*** TURN *** [2h 4c 5c] [Td]
Mite1981: bets $6
MTails: calls $6
*** RIVER *** [2h 4c 5c Td] [2d]
Mite1981: bets $6
MTails: calls $6
*** SHOW DOWN ***
Mite1981: shows [9h Tc] (two pair, Tens and Deuces)
MTails: mucks hand
Mite1981 collected $35.50 from pot
*** SUMMARY ***
Total pot $36 | Rake $0.50
Board [2h 4c 5c Td 2d]
Seat 1: Mite1981 (big blind) showed [9h Tc] and won ($35.50) with two pair, Tens and Deuces
Seat 2: MTails (button) (small blind) mucked


PokerStars Hand #144471345010:  Hold'em Limit ($3/$6 USD) - 2015/11/27 14:56:06 ET
Table 'Lysithea III' 2-max Seat #2 is the button
Seat 1: Mite1981 ($75.40 in chips)
Seat 2: MTails ($157.28 in chips)
MTails: posts small blind $1
Mite1981: posts big blind $3
*** HOLE CARDS ***
MTails: raises $3 to $6
Mite1981: calls $3
*** FLOP *** [2d Kd 4d]
Mite1981: checks
MTails: bets $3
Mite1981: calls $3
*** TURN *** [2d Kd 4d] [9c]
Mite1981: checks
MTails: bets $6
Mite1981: raises $6 to $12
MTails: raises $6 to $18
Mite1981: calls $6
*** RIVER *** [2d Kd 4d 9c] [6c]
Mite1981: checks
MTails: bets $6
Mite1981: calls $6
*** SHOW DOWN ***
MTails: shows [9h 2s] (two pair, Nines and Deuces)
Mite1981: mucks hand
MTails collected $65.50 from pot
*** SUMMARY ***
Total pot $66 | Rake $0.50
Board [2d Kd 4d 9c 6c]
Seat 1: Mite1981 (big blind) mucked
Seat 2: MTails (button) (small blind) showed [9h 2s] and won ($65.50) with two pair, Nines and Deuces


PokerStars Hand #144471332476:  Hold'em Limit ($3/$6 USD) - 2015/11/27 14:55:48 ET
Table 'Lysithea III' 2-max Seat #1 is the button
Seat 1: Mite1981 ($90.40 in chips)
Seat 2: MTails ($142.78 in chips)
Mite1981: posts small blind $1
MTails: posts big blind $3
*** HOLE CARDS ***
Mite1981: raises $3 to $6
MTails: calls $3
*** FLOP *** [3s 8s 4c]
MTails: checks
Mite1981: bets $3
MTails: calls $3
*** TURN *** [3s 8s 4c] [Js]
MTails: checks
Mite1981: checks
*** RIVER *** [3s 8s 4c Js] [8d]
MTails: bets $6
Mite1981: calls $6
*** SHOW DOWN ***
MTails: shows [4s 9h] (two pair, Eights and Fours)
Mite1981: mucks hand
MTails collected $29.50 from pot
*** SUMMARY ***
Total pot $30 | Rake $0.50
Board [3s 8s 4c Js 8d]
Seat 1: Mite1981 (button) (small blind) mucked
Seat 2: MTails (big blind) showed [4s 9h] and won ($29.50) with two pair, Eights and Fours


PokerStars Hand #144471382968:  Hold'em Limit ($3/$6 USD) - 2015/11/27 14:57:02 ET
Table 'Lysithea III' 2-max Seat #1 is the button
Seat 1: Mite1981 ($9.40 in chips)
Seat 2: MTails ($221.92 in chips)
Mite1981: posts small blind $1
MTails: posts big blind $3
*** HOLE CARDS ***
Mite1981: raises $3 to $6
MTails: calls $3
*** FLOP *** [2h 7d 5d]
MTails: checks
Mite1981: bets $3
MTails: raises $3 to $6
Mite1981: calls $0.40 and is all-in
Uncalled bet ($2.60) returned to MTails
*** TURN *** [2h 7d 5d] [2c]
*** RIVER *** [2h 7d 5d 2c] [9d]
*** SHOW DOWN ***
MTails: shows [9c 5h] (two pair, Nines and Fives)
Mite1981: shows [3s 3d] (two pair, Threes and Deuces)
MTails collected $18.42 from pot
*** SUMMARY ***
Total pot $18.80 | Rake $0.38
Board [2h 7d 5d 2c 9d]
Seat 1: Mite1981 (button) (small blind) showed [3s 3d] and lost with two pair, Threes and Deuces
Seat 2: MTails (big blind) showed [9c 5h] and won ($18.42) with two pair, Nines and Fives


PokerStars Hand #144471369027:  Hold'em Limit ($3/$6 USD) - 2015/11/27 14:56:42 ET
Table 'Lysithea III' 2-max Seat #2 is the button
Seat 1: Mite1981 ($33.40 in chips)
Seat 2: MTails ($198.42 in chips)
MTails: posts small blind $1
Mite1981: posts big blind $3
*** HOLE CARDS ***
MTails: raises $3 to $6
Mite1981: raises $3 to $9
MTails: calls $3
*** FLOP *** [6s 3h 9h]
Mite1981: bets $3
MTails: calls $3
*** TURN *** [6s 3h 9h] [Js]
Mite1981: checks
MTails: bets $6
Mite1981: calls $6
*** RIVER *** [6s 3h 9h Js] [3c]
Mite1981: checks
MTails: bets $6
Mite1981: calls $6
*** SHOW DOWN ***
MTails: shows [Qh Ac] (a pair of Threes)
Mite1981: mucks hand
MTails collected $47.50 from pot
*** SUMMARY ***
Total pot $48 | Rake $0.50
Board [6s 3h 9h Js 3c]
Seat 1: Mite1981 (big blind) mucked
Seat 2: MTails (button) (small blind) showed [Qh Ac] and won ($47.50) with a pair of Threes


PokerStars Hand #144471394639:  Hold'em Limit ($3/$6 USD) - 2015/11/27 14:57:19 ET
Table 'Lysithea III' 2-max Seat #2 is the button
Seat 1: Mite1981 ($82.40 in chips)
Seat 2: MTails ($230.94 in chips)
MTails: posts small blind $1
Mite1981: posts big blind $3
*** HOLE CARDS ***
MTails: raises $3 to $6
Mite1981: calls $3
*** FLOP *** [9d Tc 8s]
Mite1981: checks
MTails: bets $3
Mite1981: calls $3
*** TURN *** [9d Tc 8s] [Kd]
Mite1981: checks
MTails: bets $6
Mite1981: calls $6
*** RIVER *** [9d Tc 8s Kd] [Kh]
Mite1981: checks
MTails: checks
*** SHOW DOWN ***
Mite1981: shows [9c 7d] (two pair, Kings and Nines)
MTails: mucks hand
Mite1981 collected $29.50 from pot
*** SUMMARY ***
Total pot $30 | Rake $0.50
Board [9d Tc 8s Kd Kh]
Seat 1: Mite1981 (big blind) showed [9c 7d] and won ($29.50) with two pair, Kings and Nines
Seat 2: MTails (button) (small blind) mucked


PokerStars Hand #144471359177:  Hold'em Limit ($3/$6 USD) - 2015/11/27 14:56:27 ET
Table 'Lysithea III' 2-max Seat #1 is the button
Seat 1: Mite1981 ($42.40 in chips)
Seat 2: MTails ($189.78 in chips)
Mite1981: posts small blind $1
MTails: posts big blind $3
*** HOLE CARDS ***
Mite1981: raises $3 to $6
MTails: calls $3
*** FLOP *** [3s Ad Qh]
MTails: checks
Mite1981: bets $3
MTails: raises $3 to $6
Mite1981: folds
Uncalled bet ($3) returned to MTails
MTails collected $17.64 from pot
*** SUMMARY ***
Total pot $18 | Rake $0.36
Board [3s Ad Qh]
Seat 1: Mite1981 (button) (small blind) folded on the Flop
Seat 2: MTails (big blind) collected ($17.64)


PokerStars Hand #144471422053:  Hold'em Limit ($3/$6 USD) - 2015/11/27 14:57:59 ET
Table 'Lysithea III' 2-max Seat #2 is the button
Seat 1: Mite1981 ($111.40 in chips)
Seat 2: MTails ($200.94 in chips)
MTails: posts small blind $1
Mite1981: posts big blind $3
*** HOLE CARDS ***
MTails: raises $3 to $6
Mite1981: calls $3
*** FLOP *** [2d 9c Ad]
Mite1981: checks
MTails: bets $3
Mite1981: calls $3
*** TURN *** [2d 9c Ad] [6s]
Mite1981: checks
MTails: checks
*** RIVER *** [2d 9c Ad 6s] [8h]
Mite1981: bets $6
MTails: folds
Uncalled bet ($6) returned to Mite1981
Mite1981 collected $17.64 from pot
Mite1981: doesn't show hand
*** SUMMARY ***
Total pot $18 | Rake $0.36
Board [2d 9c Ad 6s 8h]
Seat 1: Mite1981 (big blind) collected ($17.64)
Seat 2: MTails (button) (small blind) folded on the River


PokerStars Hand #144471407070:  Hold'em Limit ($3/$6 USD) - 2015/11/27 14:57:37 ET
Table 'Lysithea III' 2-max Seat #1 is the button
Seat 1: Mite1981 ($96.90 in chips)
Seat 2: MTails ($215.94 in chips)
Mite1981: posts small blind $1
MTails: posts big blind $3
*** HOLE CARDS ***
Mite1981: raises $3 to $6
MTails: calls $3
*** FLOP *** [4d 2d 5s]
MTails: checks
Mite1981: bets $3
MTails: calls $3
*** TURN *** [4d 2d 5s] [8c]
MTails: checks
Mite1981: bets $6
MTails: calls $6
*** RIVER *** [4d 2d 5s 8c] [Jh]
MTails: checks
Mite1981: checks
*** SHOW DOWN ***
MTails: shows [3h Qs] (high card Queen)
Mite1981: shows [6d 2h] (a pair of Deuces)
Mite1981 collected $29.50 from pot
*** SUMMARY ***
Total pot $30 | Rake $0.50
Board [4d 2d 5s 8c Jh]
Seat 1: Mite1981 (button) (small blind) showed [6d 2h] and won ($29.50) with a pair of Deuces
Seat 2: MTails (big blind) showed [3h Qs] and lost with high card Queen


PokerStars Hand #144471465467:  Hold'em Limit ($3/$6 USD) - 2015/11/27 14:59:02 ET
Table 'Lysithea III' 2-max Seat #1 is the button
Seat 1: Mite1981 ($81.04 in chips)
Seat 2: MTails ($229.94 in chips)
Mite1981: posts small blind $1
MTails: posts big blind $3
*** HOLE CARDS ***
Mite1981: raises $3 to $6
MTails: calls $3
*** FLOP *** [Kh Qh 4c]
MTails: checks
Mite1981: bets $3
MTails: folds
Uncalled bet ($3) returned to Mite1981
Mite1981 collected $11.76 from pot
Mite1981: doesn't show hand
*** SUMMARY ***
Total pot $12 | Rake $0.24
Board [Kh Qh 4c]
Seat 1: Mite1981 (button) (small blind) collected ($11.76)
Seat 2: MTails (big blind) folded on the Flop


PokerStars Hand #144471434979:  Hold'em Limit ($3/$6 USD) - 2015/11/27 14:58:18 ET
Table 'Lysithea III' 2-max Seat #1 is the button
Seat 1: Mite1981 ($120.04 in chips)
Seat 2: MTails ($191.94 in chips)
Mite1981: posts small blind $1
MTails: posts big blind $3
*** HOLE CARDS ***
Mite1981: raises $3 to $6
MTails: calls $3
*** FLOP *** [2c 3c 6d]
MTails: checks
Mite1981: checks
*** TURN *** [2c 3c 6d] [Kh]
MTails: checks
Mite1981: bets $6
MTails: calls $6
*** RIVER *** [2c 3c 6d Kh] [Jd]
MTails: checks
Mite1981: bets $6
MTails: calls $6
*** SHOW DOWN ***
Mite1981: shows [9s 7d] (high card King)
MTails: shows [Ad 8s] (high card Ace)
MTails collected $35.50 from pot
*** SUMMARY ***
Total pot $36 | Rake $0.50
Board [2c 3c 6d Kh Jd]
Seat 1: Mite1981 (button) (small blind) showed [9s 7d] and lost with high card King
Seat 2: MTails (big blind) showed [Ad 8s] and won ($35.50) with high card Ace


PokerStars Hand #144471474419:  Hold'em Limit ($3/$6 USD) - 2015/11/27 14:59:15 ET
Table 'Lysithea III' 2-max Seat #2 is the button
Seat 1: Mite1981 ($86.80 in chips)
Seat 2: MTails ($223.94 in chips)
MTails: posts small blind $1
Mite1981: posts big blind $3
*** HOLE CARDS ***
MTails: raises $3 to $6
Mite1981: calls $3
*** FLOP *** [2d 3d 6d]
Mite1981: checks
MTails: bets $3
Mite1981: calls $3
*** TURN *** [2d 3d 6d] [4d]
Mite1981: checks
MTails: bets $6
Mite1981: raises $6 to $12
MTails: raises $6 to $18
Mite1981: calls $6
*** RIVER *** [2d 3d 6d 4d] [8s]
Mite1981: checks
MTails: bets $6
Mite1981: raises $6 to $12
MTails: calls $6
*** SHOW DOWN ***
Mite1981: shows [5d 7h] (a straight flush, Deuce to Six)
MTails: mucks hand
Mite1981 collected $77.50 from pot
*** SUMMARY ***
Total pot $78 | Rake $0.50
Board [2d 3d 6d 4d 8s]
Seat 1: Mite1981 (big blind) showed [5d 7h] and won ($77.50) with a straight flush, Deuce to Six
Seat 2: MTails (button) (small blind) mucked


PokerStars Hand #144471452826:  Hold'em Limit ($3/$6 USD) - 2015/11/27 14:58:44 ET
Table 'Lysithea III' 2-max Seat #2 is the button
Seat 1: Mite1981 ($102.04 in chips)
Seat 2: MTails ($209.44 in chips)
MTails: posts small blind $1
Mite1981: posts big blind $3
*** HOLE CARDS ***
MTails: raises $3 to $6
Mite1981: calls $3
*** FLOP *** [Jh 8c 7c]
Mite1981: checks
MTails: bets $3
Mite1981: calls $3
*** TURN *** [Jh 8c 7c] [5h]
Mite1981: checks
MTails: bets $6
Mite1981: calls $6
*** RIVER *** [Jh 8c 7c 5h] [As]
Mite1981: checks
MTails: bets $6
Mite1981: calls $6
*** SHOW DOWN ***
MTails: shows [6h 4d] (a straight, Four to Eight)
Mite1981: mucks hand
MTails collected $41.50 from pot
*** SUMMARY ***
Total pot $42 | Rake $0.50
Board [Jh 8c 7c 5h As]
Seat 1: Mite1981 (big blind) mucked
Seat 2: MTails (button) (small blind) showed [6h 4d] and won ($41.50) with a straight, Four to Eight


PokerStars Hand #144471504605:  Hold'em Limit ($3/$6 USD) - 2015/11/27 14:59:59 ET
Table 'Lysithea III' 2-max Seat #2 is the button
Seat 1: Mite1981 ($119.30 in chips)
Seat 2: MTails ($190.70 in chips)
MTails: posts small blind $1
Mite1981: posts big blind $3
*** HOLE CARDS ***
MTails: raises $3 to $6
Mite1981: calls $3
*** FLOP *** [Td 4d 6s]
Mite1981: checks
MTails: bets $3
Mite1981: folds
Uncalled bet ($3) returned to MTails
MTails collected $11.76 from pot
*** SUMMARY ***
Total pot $12 | Rake $0.24
Board [Td 4d 6s]
Seat 1: Mite1981 (big blind) folded on the Flop
Seat 2: MTails (button) (small blind) collected ($11.76)


PokerStars Hand #144471491964:  Hold'em Limit ($3/$6 USD) - 2015/11/27 14:59:41 ET
Table 'Lysithea III' 2-max Seat #1 is the button
Seat 1: Mite1981 ($125.30 in chips)
Seat 2: MTails ($184.94 in chips)
Mite1981: posts small blind $1
MTails: posts big blind $3
*** HOLE CARDS ***
Mite1981: calls $2
MTails: raises $3 to $6
Mite1981: calls $3
*** FLOP *** [6c 3s Qs]
MTails: bets $3
Mite1981: folds
Uncalled bet ($3) returned to MTails
MTails collected $11.76 from pot
*** SUMMARY ***
Total pot $12 | Rake $0.24
Board [6c 3s Qs]
Seat 1: Mite1981 (button) (small blind) folded on the Flop
Seat 2: MTails (big blind) collected ($11.76)


PokerStars Hand #144471519348:  Hold'em Limit ($3/$6 USD) - 2015/11/27 15:00:17 ET
Table 'Lysithea III' 2-max Seat #1 is the button
Seat 1: Mite1981 ($113.30 in chips)
Seat 2: MTails ($196.46 in chips)
Mite1981: posts small blind $1
MTails: posts big blind $3
*** HOLE CARDS ***
Mite1981: raises $3 to $6
MTails: calls $3
*** FLOP *** [4s 6h Td]
MTails: checks
Mite1981: bets $3
MTails: raises $3 to $6
Mite1981: calls $3
*** TURN *** [4s 6h Td] [Js]
MTails: bets $6
Mite1981: calls $6
*** RIVER *** [4s 6h Td Js] [2h]
MTails: bets $6
Mite1981: folds
Uncalled bet ($6) returned to MTails
MTails collected $35.50 from pot
*** SUMMARY ***
Total pot $36 | Rake $0.50
Board [4s 6h Td Js 2h]
Seat 1: Mite1981 (button) (small blind) folded on the River
Seat 2: MTails (big blind) collected ($35.50)


PokerStars Hand #144471554906:  Hold'em Limit ($3/$6 USD) - 2015/11/27 15:01:04 ET
Table 'Lysithea III' 2-max Seat #1 is the button
Seat 1: Mite1981 ($109.80 in chips)
Seat 2: MTails ($198.96 in chips)
Mite1981: posts small blind $1
MTails: posts big blind $3
*** HOLE CARDS ***
Mite1981: folds
Uncalled bet ($2) returned to MTails
MTails collected $2 from pot
*** SUMMARY ***
Total pot $2 | Rake $0
Seat 1: Mite1981 (button) (small blind) folded before Flop
Seat 2: MTails (big blind) collected ($2)


PokerStars Hand #144471536546:  Hold'em Limit ($3/$6 USD) - 2015/11/27 15:00:40 ET
Table 'Lysithea III' 2-max Seat #2 is the button
Seat 1: Mite1981 ($95.30 in chips)
Seat 2: MTails ($213.96 in chips)
MTails: posts small blind $1
Mite1981: posts big blind $3
*** HOLE CARDS ***
MTails: raises $3 to $6
Mite1981: calls $3
*** FLOP *** [Kh 3c 6h]
Mite1981: checks
MTails: bets $3
Mite1981: calls $3
*** TURN *** [Kh 3c 6h] [9c]
Mite1981: checks
MTails: bets $6
Mite1981: calls $6
*** RIVER *** [Kh 3c 6h 9c] [8s]
Mite1981: checks
MTails: checks
*** SHOW DOWN ***
Mite1981: shows [2s 3s] (a pair of Threes)
MTails: mucks hand
Mite1981 collected $29.50 from pot
*** SUMMARY ***
Total pot $30 | Rake $0.50
Board [Kh 3c 6h 9c 8s]
Seat 1: Mite1981 (big blind) showed [2s 3s] and won ($29.50) with a pair of Threes
Seat 2: MTails (button) (small blind) mucked


PokerStars Hand #144471559985:  Hold'em Limit ($3/$6 USD) - 2015/11/27 15:01:09 ET
Table 'Lysithea III' 2-max Seat #2 is the button
Seat 1: Mite1981 ($108.80 in chips)
Seat 2: MTails ($199.96 in chips)
MTails: posts small blind $1
Mite1981: posts big blind $3
*** HOLE CARDS ***
MTails: raises $3 to $6
Mite1981: folds
Uncalled bet ($3) returned to MTails
MTails collected $6 from pot
*** SUMMARY ***
Total pot $6 | Rake $0
Seat 1: Mite1981 (big blind) folded before Flop
Seat 2: MTails (button) (small blind) collected ($6)


PokerStars Hand #144471564228:  Hold'em Limit ($3/$6 USD) - 2015/11/27 15:01:14 ET
Table 'Lysithea III' 2-max Seat #1 is the button
Seat 1: Mite1981 ($105.80 in chips)
Seat 2: MTails ($202.96 in chips)
Mite1981: posts small blind $1
MTails: posts big blind $3
*** HOLE CARDS ***
Mite1981: raises $3 to $6
MTails: calls $3
*** FLOP *** [Js 4h 7d]
MTails: checks
Mite1981: bets $3
MTails: raises $3 to $6
Mite1981: calls $3
*** TURN *** [Js 4h 7d] [4d]
MTails: bets $6
Mite1981: calls $6
*** RIVER *** [Js 4h 7d 4d] [Ad]
MTails: checks
Mite1981: bets $6
MTails: calls $6
*** SHOW DOWN ***
Mite1981: shows [3d Kd] (a flush, Ace high)
MTails: mucks hand
Mite1981 collected $47.50 from pot
*** SUMMARY ***
Total pot $48 | Rake $0.50
Board [Js 4h 7d 4d Ad]
Seat 1: Mite1981 (button) (small blind) showed [3d Kd] and won ($47.50) with a flush, Ace high
Seat 2: MTails (big blind) mucked


PokerStars Hand #144471604325:  Hold'em Limit ($3/$6 USD) - 2015/11/27 15:02:00 ET
Table 'Lysithea III' 2-max Seat #2 is the button
Seat 1: Mite1981 ($107.30 in chips)
Seat 2: MTails ($200.46 in chips)
MTails: posts small blind $1
Mite1981: posts big blind $3
*** HOLE CARDS ***
MTails: raises $3 to $6
Mite1981: calls $3
*** FLOP *** [3h 8s 7d]
Mite1981: checks
MTails: bets $3
Mite1981: raises $3 to $6
MTails: calls $3
*** TURN *** [3h 8s 7d] [Th]
Mite1981: checks
MTails: bets $6
Mite1981: folds
Uncalled bet ($6) returned to MTails
MTails collected $23.52 from pot
*** SUMMARY ***
Total pot $24 | Rake $0.48
Board [3h 8s 7d Th]
Seat 1: Mite1981 (big blind) folded on the Turn
Seat 2: MTails (button) (small blind) collected ($23.52)


PokerStars Hand #144471599438:  Hold'em Limit ($3/$6 USD) - 2015/11/27 15:01:55 ET
Table 'Lysithea III' 2-max Seat #1 is the button
Seat 1: Mite1981 ($108.30 in chips)
Seat 2: MTails ($199.46 in chips)
Mite1981: posts small blind $1
MTails: posts big blind $3
*** HOLE CARDS ***
Mite1981: folds
Uncalled bet ($2) returned to MTails
MTails collected $2 from pot
*** SUMMARY ***
Total pot $2 | Rake $0
Seat 1: Mite1981 (button) (small blind) folded before Flop
Seat 2: MTails (big blind) collected ($2)


PokerStars Hand #144471583557:  Hold'em Limit ($3/$6 USD) - 2015/11/27 15:01:37 ET
Table 'Lysithea III' 2-max Seat #2 is the button
Seat 1: Mite1981 ($129.30 in chips)
Seat 2: MTails ($178.96 in chips)
MTails: posts small blind $1
Mite1981: posts big blind $3
*** HOLE CARDS ***
MTails: raises $3 to $6
Mite1981: calls $3
*** FLOP *** [7c 9c 6d]
Mite1981: checks
MTails: bets $3
Mite1981: calls $3
*** TURN *** [7c 9c 6d] [Ad]
Mite1981: checks
MTails: bets $6
Mite1981: calls $6
*** RIVER *** [7c 9c 6d Ad] [Kd]
Mite1981: checks
MTails: bets $6
Mite1981: calls $6
*** SHOW DOWN ***
MTails: shows [3h Kc] (a pair of Kings)
Mite1981: mucks hand
MTails collected $41.50 from pot
*** SUMMARY ***
Total pot $42 | Rake $0.50
Board [7c 9c 6d Ad Kd]
Seat 1: Mite1981 (big blind) mucked
Seat 2: MTails (button) (small blind) showed [3h Kc] and won ($41.50) with a pair of Kings


PokerStars Hand #144471664043:  Hold'em Limit ($3/$6 USD) - 2015/11/27 15:03:05 ET
Table 'Lysithea III' 2-max Seat #2 is the button
Seat 1: Mite1981 ($108.70 in chips)
Seat 2: MTails ($197.98 in chips)
MTails: posts small blind $1
Mite1981: posts big blind $3
*** HOLE CARDS ***
MTails: raises $3 to $6
Mite1981: calls $3
*** FLOP *** [Ts Jh Ad]
Mite1981: checks
MTails: bets $3
Mite1981: folds
Uncalled bet ($3) returned to MTails
MTails collected $11.76 from pot
*** SUMMARY ***
Total pot $12 | Rake $0.24
Board [Ts Jh Ad]
Seat 1: Mite1981 (big blind) folded on the Flop
Seat 2: MTails (button) (small blind) collected ($11.76)


PokerStars Hand #144471659377:  Hold'em Limit ($3/$6 USD) - 2015/11/27 15:03:00 ET
Table 'Lysithea III' 2-max Seat #1 is the button
Seat 1: Mite1981 ($109.70 in chips)
Seat 2: MTails ($196.98 in chips)
Mite1981: posts small blind $1
MTails: posts big blind $3
*** HOLE CARDS ***
Mite1981: folds
Uncalled bet ($2) returned to MTails
MTails collected $2 from pot
*** SUMMARY ***
Total pot $2 | Rake $0
Seat 1: Mite1981 (button) (small blind) folded before Flop
Seat 2: MTails (big blind) collected ($2)


PokerStars Hand #144471617821:  Hold'em Limit ($3/$6 USD) - 2015/11/27 15:02:16 ET
Table 'Lysithea III' 2-max Seat #1 is the button
Seat 1: Mite1981 ($95.30 in chips)
Seat 2: MTails ($211.98 in chips)
Mite1981: posts small blind $1
MTails: posts big blind $3
*** HOLE CARDS ***
Mite1981: raises $3 to $6
MTails: calls $3
*** FLOP *** [Jh Kc 4d]
MTails: checks
Mite1981: bets $3
MTails: folds
Uncalled bet ($3) returned to Mite1981
Mite1981 collected $11.76 from pot
Mite1981: doesn't show hand
*** SUMMARY ***
Total pot $12 | Rake $0.24
Board [Jh Kc 4d]
Seat 1: Mite1981 (button) (small blind) collected ($11.76)
Seat 2: MTails (big blind) folded on the Flop


PokerStars Hand #144471674422:  Hold'em Limit ($3/$6 USD) - 2015/11/27 15:03:16 ET
Table 'Lysithea III' 2-max Seat #1 is the button
Seat 1: Mite1981 ($102.70 in chips)
Seat 2: MTails ($203.74 in chips)
Mite1981: posts small blind $1
MTails: posts big blind $3
*** HOLE CARDS ***
Mite1981: raises $3 to $6
MTails: calls $3
*** FLOP *** [Ah Qh Ac]
MTails: checks
Mite1981: bets $3
MTails: calls $3
*** TURN *** [Ah Qh Ac] [5d]
MTails: checks
Mite1981: checks
*** RIVER *** [Ah Qh Ac 5d] [6s]
MTails: bets $6
Mite1981: calls $6
*** SHOW DOWN ***
MTails: shows [Ad Jd] (three of a kind, Aces)
Mite1981: mucks hand
MTails collected $29.50 from pot
*** SUMMARY ***
Total pot $30 | Rake $0.50
Board [Ah Qh Ac 5d 6s]
Seat 1: Mite1981 (button) (small blind) mucked
Seat 2: MTails (big blind) showed [Ad Jd] and won ($29.50) with three of a kind, Aces


PokerStars Hand #144471644297:  Hold'em Limit ($3/$6 USD) - 2015/11/27 15:02:43 ET
Table 'Lysithea III' 2-max Seat #2 is the button
Seat 1: Mite1981 ($101.06 in chips)
Seat 2: MTails ($205.98 in chips)
MTails: posts small blind $1
Mite1981: posts big blind $3
*** HOLE CARDS ***
MTails: raises $3 to $6
Mite1981: calls $3
*** FLOP *** [Ad 9d 2h]
Mite1981: checks
MTails: bets $3
Mite1981: calls $3
*** TURN *** [Ad 9d 2h] [Th]
Mite1981: checks
MTails: checks
*** RIVER *** [Ad 9d 2h Th] [7s]
Mite1981: checks
MTails: checks
*** SHOW DOWN ***
Mite1981: shows [5h 2d] (a pair of Deuces)
MTails: mucks hand
Mite1981 collected $17.64 from pot
*** SUMMARY ***
Total pot $18 | Rake $0.36
Board [Ad 9d 2h Th 7s]
Seat 1: Mite1981 (big blind) showed [5h 2d] and won ($17.64) with a pair of Deuces
Seat 2: MTails (button) (small blind) mucked


PokerStars Hand #144471709108:  Hold'em Limit ($3/$6 USD) - 2015/11/27 15:03:52 ET
Table 'Lysithea III' 2-max Seat #1 is the button
Seat 1: Mite1981 ($72.70 in chips)
Seat 2: MTails ($232.74 in chips)
Mite1981: posts small blind $1
MTails: posts big blind $3
*** HOLE CARDS ***
Mite1981: raises $3 to $6
MTails: calls $3
*** FLOP *** [7h 2s Js]
MTails: checks
Mite1981: bets $3
MTails: folds
Uncalled bet ($3) returned to Mite1981
Mite1981 collected $11.76 from pot
Mite1981: doesn't show hand
*** SUMMARY ***
Total pot $12 | Rake $0.24
Board [7h 2s Js]
Seat 1: Mite1981 (button) (small blind) collected ($11.76)
Seat 2: MTails (big blind) folded on the Flop


PokerStars Hand #144471691087:  Hold'em Limit ($3/$6 USD) - 2015/11/27 15:03:32 ET
Table 'Lysithea III' 2-max Seat #2 is the button
Seat 1: Mite1981 ($87.70 in chips)
Seat 2: MTails ($218.24 in chips)
MTails: posts small blind $1
Mite1981: posts big blind $3
*** HOLE CARDS ***
MTails: raises $3 to $6
Mite1981: calls $3
*** FLOP *** [4h 7h 7s]
Mite1981: checks
MTails: bets $3
Mite1981: calls $3
*** TURN *** [4h 7h 7s] [Kc]
Mite1981: checks
MTails: bets $6
Mite1981: calls $6
*** RIVER *** [4h 7h 7s Kc] [4c]
Mite1981: checks
MTails: checks
*** SHOW DOWN ***
Mite1981: shows [8d 5s] (two pair, Sevens and Fours)
MTails: shows [Kd 3c] (two pair, Kings and Sevens)
MTails collected $29.50 from pot
*** SUMMARY ***
Total pot $30 | Rake $0.50
Board [4h 7h 7s Kc 4c]
Seat 1: Mite1981 (big blind) showed [8d 5s] and lost with two pair, Sevens and Fours
Seat 2: MTails (button) (small blind) showed [Kd 3c] and won ($29.50) with two pair, Kings and Sevens


PokerStars Hand #144471719057:  Hold'em Limit ($3/$6 USD) - 2015/11/27 15:04:02 ET
Table 'Lysithea III' 2-max Seat #2 is the button
Seat 1: Mite1981 ($78.46 in chips)
Seat 2: MTails ($226.74 in chips)
MTails: posts small blind $1
Mite1981: posts big blind $3
*** HOLE CARDS ***
MTails: raises $3 to $6
Mite1981: calls $3
*** FLOP *** [5s 8h 2h]
Mite1981: checks
MTails: bets $3
Mite1981: calls $3
*** TURN *** [5s 8h 2h] [Qh]
Mite1981: checks
MTails: bets $6
Mite1981: raises $6 to $12
MTails: calls $6
*** RIVER *** [5s 8h 2h Qh] [6h]
Mite1981: bets $6
MTails: calls $6
*** SHOW DOWN ***
Mite1981: shows [Kc 9d] (high card King)
MTails: shows [3d 3h] (a flush, Queen high)
MTails collected $53.50 from pot
*** SUMMARY ***
Total pot $54 | Rake $0.50
Board [5s 8h 2h Qh 6h]
Seat 1: Mite1981 (big blind) showed [Kc 9d] and lost with high card King
Seat 2: MTails (button) (small blind) showed [3d 3h] and won ($53.50) with a flush, Queen high


PokerStars Hand #144471734104:  Hold'em Limit ($3/$6 USD) - 2015/11/27 15:04:18 ET
Table 'Lysithea III' 2-max Seat #1 is the button
Seat 1: Mite1981 ($51.46 in chips)
Seat 2: MTails ($253.24 in chips)
Mite1981: posts small blind $1
MTails: posts big blind $3
*** HOLE CARDS ***
Mite1981: raises $3 to $6
MTails: calls $3
*** FLOP *** [Ks 6d 9c]
MTails: checks
Mite1981: checks
*** TURN *** [Ks 6d 9c] [3c]
MTails: checks
Mite1981: bets $6
MTails: raises $6 to $12
Mite1981: raises $6 to $18
MTails: calls $6
*** RIVER *** [Ks 6d 9c 3c] [Qd]
MTails: checks
Mite1981: bets $6
MTails: calls $6
*** SHOW DOWN ***
Mite1981: shows [3s 3d] (three of a kind, Threes)
MTails: mucks hand
Mite1981 collected $59.50 from pot
*** SUMMARY ***
Total pot $60 | Rake $0.50
Board [Ks 6d 9c 3c Qd]
Seat 1: Mite1981 (button) (small blind) showed [3s 3d] and won ($59.50) with three of a kind, Threes
Seat 2: MTails (big blind) mucked


PokerStars Hand #144471789571:  Hold'em Limit ($3/$6 USD) - 2015/11/27 15:05:16 ET
Table 'Lysithea III' 2-max Seat #2 is the button
Seat 1: Mite1981 ($83.46 in chips)
Seat 2: MTails ($219.76 in chips)
MTails: posts small blind $1
Mite1981: posts big blind $3
*** HOLE CARDS ***
MTails: raises $3 to $6
Mite1981: raises $3 to $9
MTails: calls $3
*** FLOP *** [4s 7c 6h]
Mite1981: bets $3
MTails: calls $3
*** TURN *** [4s 7c 6h] [Ah]
Mite1981: bets $6
MTails: folds
Uncalled bet ($6) returned to Mite1981
Mite1981 collected $23.52 from pot
Mite1981: doesn't show hand
*** SUMMARY ***
Total pot $24 | Rake $0.48
Board [4s 7c 6h Ah]
Seat 1: Mite1981 (big blind) collected ($23.52)
Seat 2: MTails (button) (small blind) folded on the Turn


PokerStars Hand #144471754455:  Hold'em Limit ($3/$6 USD) - 2015/11/27 15:04:39 ET
Table 'Lysithea III' 2-max Seat #2 is the button
Seat 1: Mite1981 ($80.96 in chips)
Seat 2: MTails ($223.24 in chips)
MTails: posts small blind $1
Mite1981: posts big blind $3
*** HOLE CARDS ***
MTails: raises $3 to $6
Mite1981: calls $3
*** FLOP *** [5s 6s 2h]
Mite1981: checks
MTails: checks
*** TURN *** [5s 6s 2h] [9s]
Mite1981: checks
MTails: checks
*** RIVER *** [5s 6s 2h 9s] [Tc]
Mite1981: checks
MTails: bets $6
Mite1981: calls $6
*** SHOW DOWN ***
MTails: shows [8d Td] (a pair of Tens)
Mite1981: mucks hand
MTails collected $23.52 from pot
*** SUMMARY ***
Total pot $24 | Rake $0.48
Board [5s 6s 2h 9s Tc]
Seat 1: Mite1981 (big blind) mucked
Seat 2: MTails (button) (small blind) showed [8d Td] and won ($23.52) with a pair of Tens


PokerStars Hand #144471770918:  Hold'em Limit ($3/$6 USD) - 2015/11/27 15:04:56 ET
Table 'Lysithea III' 2-max Seat #1 is the button
Seat 1: Mite1981 ($68.96 in chips)
Seat 2: MTails ($234.76 in chips)
Mite1981: posts small blind $1
MTails: posts big blind $3
*** HOLE CARDS ***
Mite1981: raises $3 to $6
MTails: calls $3
*** FLOP *** [4s Td 2c]
MTails: checks
Mite1981: bets $3
MTails: calls $3
*** TURN *** [4s Td 2c] [6h]
MTails: checks
Mite1981: bets $6
MTails: calls $6
*** RIVER *** [4s Td 2c 6h] [7s]
MTails: checks
Mite1981: bets $6
MTails: folds
Uncalled bet ($6) returned to Mite1981
Mite1981 collected $29.50 from pot
Mite1981: doesn't show hand
*** SUMMARY ***
Total pot $30 | Rake $0.50
Board [4s Td 2c 6h 7s]
Seat 1: Mite1981 (button) (small blind) collected ($29.50)
Seat 2: MTails (big blind) folded on the River


PokerStars Hand #144471803004:  Hold'em Limit ($3/$6 USD) - 2015/11/27 15:05:30 ET
Table 'Lysithea III' 2-max Seat #1 is the button
Seat 1: Mite1981 ($94.98 in chips)
Seat 2: MTails ($207.76 in chips)
Mite1981: posts small blind $1
MTails: posts big blind $3
*** HOLE CARDS ***
Mite1981: folds
Uncalled bet ($2) returned to MTails
MTails collected $2 from pot
*** SUMMARY ***
Total pot $2 | Rake $0
Seat 1: Mite1981 (button) (small blind) folded before Flop
Seat 2: MTails (big blind) collected ($2)


PokerStars Hand #144471849353:  Hold'em Limit ($3/$6 USD) - 2015/11/27 15:06:18 ET
Table 'Lysithea III' 2-max Seat #1 is the button
Seat 1: Mite1981 ($63.74 in chips)
Seat 2: MTails ($237.76 in chips)
Mite1981: posts small blind $1
MTails: posts big blind $3
*** HOLE CARDS ***
Mite1981: raises $3 to $6
MTails: folds
Uncalled bet ($3) returned to Mite1981
Mite1981 collected $6 from pot
Mite1981: doesn't show hand
*** SUMMARY ***
Total pot $6 | Rake $0
Seat 1: Mite1981 (button) (small blind) collected ($6)
Seat 2: MTails (big blind) folded before Flop


PokerStars Hand #144471824016:  Hold'em Limit ($3/$6 USD) - 2015/11/27 15:05:52 ET
Table 'Lysithea III' 2-max Seat #1 is the button
Seat 1: Mite1981 ($72.98 in chips)
Seat 2: MTails ($229.26 in chips)
Mite1981: posts small blind $1
MTails: posts big blind $3
*** HOLE CARDS ***
Mite1981: raises $3 to $6
MTails: calls $3
*** FLOP *** [Kc 4d 5s]
MTails: checks
Mite1981: bets $3
MTails: folds
Uncalled bet ($3) returned to Mite1981
Mite1981 collected $11.76 from pot
Mite1981: doesn't show hand
*** SUMMARY ***
Total pot $12 | Rake $0.24
Board [Kc 4d 5s]
Seat 1: Mite1981 (button) (small blind) collected ($11.76)
Seat 2: MTails (big blind) folded on the Flop


PokerStars Hand #144471807591:  Hold'em Limit ($3/$6 USD) - 2015/11/27 15:05:35 ET
Table 'Lysithea III' 2-max Seat #2 is the button
Seat 1: Mite1981 ($93.98 in chips)
Seat 2: MTails ($208.76 in chips)
MTails: posts small blind $1
Mite1981: posts big blind $3
*** HOLE CARDS ***
MTails: raises $3 to $6
Mite1981: calls $3
*** FLOP *** [5h 8s Ts]
Mite1981: checks
MTails: bets $3
Mite1981: calls $3
*** TURN *** [5h 8s Ts] [7h]
Mite1981: checks
MTails: bets $6
Mite1981: raises $6 to $12
MTails: raises $6 to $18
Mite1981: folds
Uncalled bet ($6) returned to MTails
MTails collected $41.50 from pot
*** SUMMARY ***
Total pot $42 | Rake $0.50
Board [5h 8s Ts 7h]
Seat 1: Mite1981 (big blind) folded on the Turn
Seat 2: MTails (button) (small blind) collected ($41.50)


PokerStars Hand #144471833406:  Hold'em Limit ($3/$6 USD) - 2015/11/27 15:06:02 ET
Table 'Lysithea III' 2-max Seat #2 is the button
Seat 1: Mite1981 ($78.74 in chips)
Seat 2: MTails ($223.26 in chips)
MTails: posts small blind $1
Mite1981: posts big blind $3
*** HOLE CARDS ***
MTails: raises $3 to $6
Mite1981: calls $3
*** FLOP *** [8s Js 8c]
Mite1981: checks
MTails: bets $3
Mite1981: calls $3
*** TURN *** [8s Js 8c] [Ac]
Mite1981: checks
MTails: checks
*** RIVER *** [8s Js 8c Ac] [5s]
Mite1981: checks
MTails: bets $6
Mite1981: calls $6
*** SHOW DOWN ***
MTails: shows [9d Jh] (two pair, Jacks and Eights)
Mite1981: mucks hand
MTails collected $29.50 from pot
*** SUMMARY ***
Total pot $30 | Rake $0.50
Board [8s Js 8c Ac 5s]
Seat 1: Mite1981 (big blind) mucked
Seat 2: MTails (button) (small blind) showed [9d Jh] and won ($29.50) with two pair, Jacks and Eights


PokerStars Hand #144471856275:  Hold'em Limit ($3/$6 USD) - 2015/11/27 15:06:25 ET
Table 'Lysithea III' 2-max Seat #2 is the button
Seat 1: Mite1981 ($66.74 in chips)
Seat 2: MTails ($234.76 in chips)
MTails: posts small blind $1
Mite1981: posts big blind $3
*** HOLE CARDS ***
MTails: raises $3 to $6
Mite1981: calls $3
*** FLOP *** [8h Ah 2h]
Mite1981: checks
MTails: bets $3
Mite1981: calls $3
*** TURN *** [8h Ah 2h] [Qs]
Mite1981: checks
MTails: bets $6
Mite1981: calls $6
*** RIVER *** [8h Ah 2h Qs] [4h]
Mite1981: checks
MTails: checks
*** SHOW DOWN ***
Mite1981: shows [8c Kd] (a pair of Eights)
MTails: mucks hand
Mite1981 collected $29.50 from pot
*** SUMMARY ***
Total pot $30 | Rake $0.50
Board [8h Ah 2h Qs 4h]
Seat 1: Mite1981 (big blind) showed [8c Kd] and won ($29.50) with a pair of Eights
Seat 2: MTails (button) (small blind) mucked


PokerStars Hand #144471878017:  Hold'em Limit ($3/$6 USD) - 2015/11/27 15:06:48 ET
Table 'Lysithea III' 2-max Seat #2 is the button
Seat 1: Mite1981 ($84.24 in chips)
Seat 2: MTails ($216.76 in chips)
MTails: posts small blind $1
Mite1981: posts big blind $3
*** HOLE CARDS ***
MTails: raises $3 to $6
Mite1981: raises $3 to $9
MTails: calls $3
*** FLOP *** [6h Tc 7d]
Mite1981: bets $3
MTails: calls $3
*** TURN *** [6h Tc 7d] [Ah]
Mite1981: bets $6
MTails: calls $6
*** RIVER *** [6h Tc 7d Ah] [Ad]
Mite1981: bets $6
MTails: calls $6
*** SHOW DOWN ***
Mite1981: shows [5d Ks] (a pair of Aces)
MTails: shows [5c 6c] (two pair, Aces and Sixes)
MTails collected $47.50 from pot
*** SUMMARY ***
Total pot $48 | Rake $0.50
Board [6h Tc 7d Ah Ad]
Seat 1: Mite1981 (big blind) showed [5d Ks] and lost with a pair of Aces
Seat 2: MTails (button) (small blind) showed [5c 6c] and won ($47.50) with two pair, Aces and Sixes


PokerStars Hand #144471895448:  Hold'em Limit ($3/$6 USD) - 2015/11/27 15:07:06 ET
Table 'Lysithea III' 2-max Seat #1 is the button
Seat 1: Mite1981 ($60.24 in chips)
Seat 2: MTails ($240.26 in chips)
Mite1981: posts small blind $1
MTails: posts big blind $3
*** HOLE CARDS ***
Mite1981: raises $3 to $6
MTails: calls $3
*** FLOP *** [Td Qs Tc]
MTails: checks
Mite1981: checks
*** TURN *** [Td Qs Tc] [Kc]
MTails: checks
Mite1981: checks
*** RIVER *** [Td Qs Tc Kc] [3s]
MTails: bets $6
Mite1981: calls $6
*** SHOW DOWN ***
MTails: shows [Kh 3h] (two pair, Kings and Tens)
Mite1981: mucks hand
MTails collected $23.52 from pot
*** SUMMARY ***
Total pot $24 | Rake $0.48
Board [Td Qs Tc Kc 3s]
Seat 1: Mite1981 (button) (small blind) mucked
Seat 2: MTails (big blind) showed [Kh 3h] and won ($23.52) with two pair, Kings and Tens


PokerStars Hand #144471872673:  Hold'em Limit ($3/$6 USD) - 2015/11/27 15:06:42 ET
Table 'Lysithea III' 2-max Seat #1 is the button
Seat 1: Mite1981 ($81.24 in chips)
Seat 2: MTails ($219.76 in chips)
Mite1981: posts small blind $1
MTails: posts big blind $3
*** HOLE CARDS ***
Mite1981: raises $3 to $6
MTails: folds
Uncalled bet ($3) returned to Mite1981
Mite1981 collected $6 from pot
Mite1981: doesn't show hand
*** SUMMARY ***
Total pot $6 | Rake $0
Seat 1: Mite1981 (button) (small blind) collected ($6)
Seat 2: MTails (big blind) folded before Flop


PokerStars Hand #144471908464:  Hold'em Limit ($3/$6 USD) - 2015/11/27 15:07:19 ET
Table 'Lysithea III' 2-max Seat #2 is the button
Seat 1: Mite1981 ($48.24 in chips)
Seat 2: MTails ($251.78 in chips)
MTails: posts small blind $1
Mite1981: posts big blind $3
*** HOLE CARDS ***
MTails: raises $3 to $6
Mite1981: calls $3
*** FLOP *** [8c Td Kc]
Mite1981: checks
MTails: bets $3
Mite1981: calls $3
*** TURN *** [8c Td Kc] [6c]
Mite1981: checks
MTails: bets $6
Mite1981: calls $6
*** RIVER *** [8c Td Kc 6c] [2h]
Mite1981: checks
MTails: checks
*** SHOW DOWN ***
Mite1981: shows [Th 3s] (a pair of Tens)
MTails: mucks hand
Mite1981 collected $29.50 from pot
*** SUMMARY ***
Total pot $30 | Rake $0.50
Board [8c Td Kc 6c 2h]
Seat 1: Mite1981 (big blind) showed [Th 3s] and won ($29.50) with a pair of Tens
Seat 2: MTails (button) (small blind) mucked


PokerStars Hand #144471924581:  Hold'em Limit ($3/$6 USD) - 2015/11/27 15:07:36 ET
Table 'Lysithea III' 2-max Seat #1 is the button
Seat 1: Mite1981 ($62.74 in chips)
Seat 2: MTails ($236.78 in chips)
Mite1981: posts small blind $1
MTails: posts big blind $3
*** HOLE CARDS ***
Mite1981: raises $3 to $6
MTails: calls $3
*** FLOP *** [8h 3d 8s]
MTails: checks
Mite1981: bets $3
MTails: calls $3
*** TURN *** [8h 3d 8s] [6h]
MTails: checks
Mite1981: checks
*** RIVER *** [8h 3d 8s 6h] [4d]
MTails: checks
Mite1981: checks
*** SHOW DOWN ***
MTails: shows [Qd 5s] (a pair of Eights)
Mite1981: shows [Qs Jd] (a pair of Eights - Queen+Jack kicker)
Mite1981 collected $17.64 from pot
*** SUMMARY ***
Total pot $18 | Rake $0.36
Board [8h 3d 8s 6h 4d]
Seat 1: Mite1981 (button) (small blind) showed [Qs Jd] and won ($17.64) with a pair of Eights
Seat 2: MTails (big blind) showed [Qd 5s] and lost with a pair of Eights


PokerStars Hand #144471953929:  Hold'em Limit ($3/$6 USD) - 2015/11/27 15:08:06 ET
Table 'Lysithea III' 2-max Seat #1 is the button
Seat 1: Mite1981 ($65.38 in chips)
Seat 2: MTails ($233.54 in chips)
Mite1981: posts small blind $1
MTails: posts big blind $3
*** HOLE CARDS ***
Mite1981: raises $3 to $6
MTails: raises $3 to $9
Mite1981: calls $3
*** FLOP *** [3c Qh Ks]
MTails: bets $3
Mite1981: calls $3
*** TURN *** [3c Qh Ks] [4d]
MTails: checks
Mite1981: checks
*** RIVER *** [3c Qh Ks 4d] [Th]
MTails: checks
Mite1981: bets $6
MTails: raises $6 to $12
Mite1981: raises $6 to $18
MTails: calls $6
*** SHOW DOWN ***
Mite1981: shows [Jd 9s] (a straight, Nine to King)
MTails: mucks hand
Mite1981 collected $59.50 from pot
*** SUMMARY ***
Total pot $60 | Rake $0.50
Board [3c Qh Ks 4d Th]
Seat 1: Mite1981 (button) (small blind) showed [Jd 9s] and won ($59.50) with a straight, Nine to King
Seat 2: MTails (big blind) mucked


PokerStars Hand #144471944342:  Hold'em Limit ($3/$6 USD) - 2015/11/27 15:07:56 ET
Table 'Lysithea III' 2-max Seat #2 is the button
Seat 1: Mite1981 ($71.38 in chips)
Seat 2: MTails ($227.78 in chips)
MTails: posts small blind $1
Mite1981: posts big blind $3
*** HOLE CARDS ***
MTails: raises $3 to $6
Mite1981: calls $3
*** FLOP *** [Js Kc 7h]
Mite1981: checks
MTails: bets $3
Mite1981: folds
Uncalled bet ($3) returned to MTails
MTails collected $11.76 from pot
*** SUMMARY ***
Total pot $12 | Rake $0.24
Board [Js Kc 7h]
Seat 1: Mite1981 (big blind) folded on the Flop
Seat 2: MTails (button) (small blind) collected ($11.76)


PokerStars Hand #144471975679:  Hold'em Limit ($3/$6 USD) - 2015/11/27 15:08:29 ET
Table 'Lysithea III' 2-max Seat #2 is the button
Seat 1: Mite1981 ($94.88 in chips)
Seat 2: MTails ($203.54 in chips)
MTails: posts small blind $1
Mite1981: posts big blind $3
*** HOLE CARDS ***
MTails: raises $3 to $6
Mite1981: calls $3
*** FLOP *** [9d 7d 4h]
Mite1981: bets $3
MTails: calls $3
*** TURN *** [9d 7d 4h] [2s]
Mite1981: checks
MTails: bets $6
Mite1981: calls $6
*** RIVER *** [9d 7d 4h 2s] [4d]
Mite1981: checks
MTails: bets $6
Mite1981: calls $6
*** SHOW DOWN ***
MTails: shows [9s Kd] (two pair, Nines and Fours)
Mite1981: mucks hand
MTails collected $41.50 from pot
*** SUMMARY ***
Total pot $42 | Rake $0.50
Board [9d 7d 4h 2s 4d]
Seat 1: Mite1981 (big blind) mucked
Seat 2: MTails (button) (small blind) showed [9s Kd] and won ($41.50) with two pair, Nines and Fours


PokerStars Hand #144472019901:  Hold'em Limit ($3/$6 USD) - 2015/11/27 15:09:15 ET
Table 'Lysithea III' 2-max Seat #1 is the button
Seat 1: Mite1981 ($99.38 in chips)
Seat 2: MTails ($198.04 in chips)
Mite1981: posts small blind $1
MTails: posts big blind $3
*** HOLE CARDS ***
Mite1981: raises $3 to $6
MTails: folds
Uncalled bet ($3) returned to Mite1981
Mite1981 collected $6 from pot
Mite1981: doesn't show hand
*** SUMMARY ***
Total pot $6 | Rake $0
Seat 1: Mite1981 (button) (small blind) collected ($6)
Seat 2: MTails (big blind) folded before Flop


PokerStars Hand #144472001331:  Hold'em Limit ($3/$6 USD) - 2015/11/27 15:08:56 ET
Table 'Lysithea III' 2-max Seat #2 is the button
Seat 1: Mite1981 ($72.88 in chips)
Seat 2: MTails ($225.04 in chips)
MTails: posts small blind $1
Mite1981: posts big blind $3
*** HOLE CARDS ***
MTails: raises $3 to $6
Mite1981: calls $3
*** FLOP *** [6d 9h 4c]
Mite1981: checks
MTails: bets $3
Mite1981: calls $3
*** TURN *** [6d 9h 4c] [9s]
Mite1981: checks
MTails: bets $6
Mite1981: raises $6 to $12
MTails: calls $6
*** RIVER *** [6d 9h 4c 9s] [3c]
Mite1981: bets $6
MTails: calls $6
*** SHOW DOWN ***
Mite1981: shows [9d 2d] (three of a kind, Nines)
MTails: mucks hand
Mite1981 collected $53.50 from pot
*** SUMMARY ***
Total pot $54 | Rake $0.50
Board [6d 9h 4c 9s 3c]
Seat 1: Mite1981 (big blind) showed [9d 2d] and won ($53.50) with three of a kind, Nines
Seat 2: MTails (button) (small blind) mucked


PokerStars Hand #144471996526:  Hold'em Limit ($3/$6 USD) - 2015/11/27 15:08:51 ET
Table 'Lysithea III' 2-max Seat #1 is the button
Seat 1: Mite1981 ($73.88 in chips)
Seat 2: MTails ($224.04 in chips)
Mite1981: posts small blind $1
MTails: posts big blind $3
*** HOLE CARDS ***
Mite1981: folds
Uncalled bet ($2) returned to MTails
MTails collected $2 from pot
*** SUMMARY ***
Total pot $2 | Rake $0
Seat 1: Mite1981 (button) (small blind) folded before Flop
Seat 2: MTails (big blind) collected ($2)


PokerStars Hand #144472024923:  Hold'em Limit ($3/$6 USD) - 2015/11/27 15:09:21 ET
Table 'Lysithea III' 2-max Seat #2 is the button
Seat 1: Mite1981 ($102.38 in chips)
Seat 2: MTails ($195.04 in chips)
MTails: posts small blind $1
Mite1981: posts big blind $3
*** HOLE CARDS ***
MTails: folds
Uncalled bet ($2) returned to Mite1981
Mite1981 collected $2 from pot
Mite1981: doesn't show hand
*** SUMMARY ***
Total pot $2 | Rake $0
Seat 1: Mite1981 (big blind) collected ($2)
Seat 2: MTails (button) (small blind) folded before Flop


PokerStars Hand #144472049104:  Hold'em Limit ($3/$6 USD) - 2015/11/27 15:09:46 ET
Table 'Lysithea III' 2-max Seat #1 is the button
Seat 1: Mite1981 ($97.38 in chips)
Seat 2: MTails ($199.68 in chips)
Mite1981: posts small blind $1
MTails: posts big blind $3
*** HOLE CARDS ***
Mite1981: raises $3 to $6
MTails: raises $3 to $9
Mite1981: calls $3
*** FLOP *** [6h 9d Ac]
MTails: bets $3
Mite1981: calls $3
*** TURN *** [6h 9d Ac] [7c]
MTails: checks
Mite1981: bets $6
MTails: calls $6
*** RIVER *** [6h 9d Ac 7c] [8c]
MTails: bets $6
Mite1981: calls $6
*** SHOW DOWN ***
MTails: shows [5d 5h] (a straight, Five to Nine)
Mite1981: mucks hand
MTails collected $47.50 from pot
*** SUMMARY ***
Total pot $48 | Rake $0.50
Board [6h 9d Ac 7c 8c]
Seat 1: Mite1981 (button) (small blind) mucked
Seat 2: MTails (big blind) showed [5d 5h] and won ($47.50) with a straight, Five to Nine


PokerStars Hand #144472035027:  Hold'em Limit ($3/$6 USD) - 2015/11/27 15:09:31 ET
Table 'Lysithea III' 2-max Seat #2 is the button
Seat 1: Mite1981 ($106.38 in chips)
Seat 2: MTails ($191.04 in chips)
MTails: posts small blind $1
Mite1981: posts big blind $3
*** HOLE CARDS ***
MTails: raises $3 to $6
Mite1981: calls $3
*** FLOP *** [Ac Qd 4c]
Mite1981: checks
MTails: bets $3
Mite1981: calls $3
*** TURN *** [Ac Qd 4c] [6s]
Mite1981: checks
MTails: bets $6
Mite1981: folds
Uncalled bet ($6) returned to MTails
MTails collected $17.64 from pot
*** SUMMARY ***
Total pot $18 | Rake $0.36
Board [Ac Qd 4c 6s]
Seat 1: Mite1981 (big blind) folded on the Turn
Seat 2: MTails (button) (small blind) collected ($17.64)


PokerStars Hand #144472029447:  Hold'em Limit ($3/$6 USD) - 2015/11/27 15:09:25 ET
Table 'Lysithea III' 2-max Seat #1 is the button
Seat 1: Mite1981 ($103.38 in chips)
Seat 2: MTails ($194.04 in chips)
Mite1981: posts small blind $1
MTails: posts big blind $3
*** HOLE CARDS ***
Mite1981: raises $3 to $6
MTails: folds
Uncalled bet ($3) returned to Mite1981
Mite1981 collected $6 from pot
Mite1981: doesn't show hand
*** SUMMARY ***
Total pot $6 | Rake $0
Seat 1: Mite1981 (button) (small blind) collected ($6)
Seat 2: MTails (big blind) folded before Flop


PokerStars Hand #144472064596:  Hold'em Limit ($3/$6 USD) - 2015/11/27 15:10:02 ET
Table 'Lysithea III' 2-max Seat #2 is the button
Seat 1: Mite1981 ($73.38 in chips)
Seat 2: MTails ($223.18 in chips)
MTails: posts small blind $1
Mite1981: posts big blind $3
*** HOLE CARDS ***
MTails: raises $3 to $6
Mite1981: raises $3 to $9
MTails: calls $3
*** FLOP *** [7h Ah 3c]
Mite1981: bets $3
MTails: calls $3
*** TURN *** [7h Ah 3c] [5c]
Mite1981: checks
MTails: bets $6
Mite1981: calls $6
*** RIVER *** [7h Ah 3c 5c] [Kd]
Mite1981: checks
MTails: bets $6
Mite1981: calls $6
*** SHOW DOWN ***
MTails: shows [4s As] (a pair of Aces)
Mite1981: mucks hand
MTails collected $47.50 from pot
*** SUMMARY ***
Total pot $48 | Rake $0.50
Board [7h Ah 3c 5c Kd]
Seat 1: Mite1981 (big blind) mucked
Seat 2: MTails (button) (small blind) showed [4s As] and won ($47.50) with a pair of Aces


PokerStars Hand #144472081984:  Hold'em Limit ($3/$6 USD) - 2015/11/27 15:10:21 ET
Table 'Lysithea III' 2-max Seat #1 is the button
Seat 1: Mite1981 ($49.38 in chips)
Seat 2: MTails ($246.68 in chips)
Mite1981: posts small blind $1
MTails: posts big blind $3
*** HOLE CARDS ***
Mite1981: raises $3 to $6
MTails: calls $3
*** FLOP *** [Kc 5h Jh]
MTails: checks
Mite1981: checks
*** TURN *** [Kc 5h Jh] [4h]
MTails: bets $6
Mite1981: calls $6
*** RIVER *** [Kc 5h Jh 4h] [Jd]
MTails: checks
Mite1981: checks
*** SHOW DOWN ***
MTails: shows [8s Qd] (a pair of Jacks)
Mite1981: mucks hand
MTails collected $23.52 from pot
*** SUMMARY ***
Total pot $24 | Rake $0.48
Board [Kc 5h Jh 4h Jd]
Seat 1: Mite1981 (button) (small blind) mucked
Seat 2: MTails (big blind) showed [8s Qd] and won ($23.52) with a pair of Jacks


PokerStars Hand #144472095531:  Hold'em Limit ($3/$6 USD) - 2015/11/27 15:10:35 ET
Table 'Lysithea III' 2-max Seat #2 is the button
Seat 1: Mite1981 ($37.38 in chips)
Seat 2: MTails ($258.20 in chips)
MTails: posts small blind $1
Mite1981: posts big blind $3
*** HOLE CARDS ***
MTails: raises $3 to $6
Mite1981: calls $3
*** FLOP *** [Kc Kd Qs]
Mite1981: checks
MTails: bets $3
Mite1981: calls $3
*** TURN *** [Kc Kd Qs] [Jh]
Mite1981: checks
MTails: bets $6
Mite1981: raises $6 to $12
MTails: calls $6
*** RIVER *** [Kc Kd Qs Jh] [5h]
Mite1981: bets $6
MTails: calls $6
*** SHOW DOWN ***
Mite1981: shows [Tc 9d] (a straight, Nine to King)
MTails: mucks hand
Mite1981 collected $53.50 from pot
*** SUMMARY ***
Total pot $54 | Rake $0.50
Board [Kc Kd Qs Jh 5h]
Seat 1: Mite1981 (big blind) showed [Tc 9d] and won ($53.50) with a straight, Nine to King
Seat 2: MTails (button) (small blind) mucked


PokerStars Hand #144472131348:  Hold'em Limit ($3/$6 USD) - 2015/11/27 15:11:13 ET
Table 'Lysithea III' 2-max Seat #2 is the button
Seat 1: Mite1981 ($30.88 in chips)
Seat 2: MTails ($263.70 in chips)
MTails: posts small blind $1
Mite1981: posts big blind $3
*** HOLE CARDS ***
MTails: raises $3 to $6
Mite1981: raises $3 to $9
MTails: calls $3
*** FLOP *** [Qc Ac Td]
Mite1981: bets $3
MTails: folds
Uncalled bet ($3) returned to Mite1981
Mite1981 collected $17.64 from pot
Mite1981: doesn't show hand
*** SUMMARY ***
Total pot $18 | Rake $0.36
Board [Qc Ac Td]
Seat 1: Mite1981 (big blind) collected ($17.64)
Seat 2: MTails (button) (small blind) folded on the Flop


PokerStars Hand #144472112632:  Hold'em Limit ($3/$6 USD) - 2015/11/27 15:10:53 ET
Table 'Lysithea III' 2-max Seat #1 is the button
Seat 1: Mite1981 ($63.88 in chips)
Seat 2: MTails ($231.20 in chips)
Mite1981: posts small blind $1
MTails: posts big blind $3
*** HOLE CARDS ***
Mite1981: calls $2
MTails: raises $3 to $6
Mite1981: calls $3
*** FLOP *** [8h Ks 8s]
MTails: bets $3
Mite1981: calls $3
*** TURN *** [8h Ks 8s] [3h]
MTails: bets $6
Mite1981: raises $6 to $12
MTails: calls $6
*** RIVER *** [8h Ks 8s 3h] [6d]
MTails: checks
Mite1981: bets $6
MTails: raises $6 to $12
Mite1981: calls $6
*** SHOW DOWN ***
MTails: shows [6s 6h] (a full house, Sixes full of Eights)
Mite1981: mucks hand
MTails collected $65.50 from pot
*** SUMMARY ***
Total pot $66 | Rake $0.50
Board [8h Ks 8s 3h 6d]
Seat 1: Mite1981 (button) (small blind) mucked
Seat 2: MTails (big blind) showed [6s 6h] and won ($65.50) with a full house, Sixes full of Eights


PokerStars Hand #144472143017:  Hold'em Limit ($3/$6 USD) - 2015/11/27 15:11:25 ET
Table 'Lysithea III' 2-max Seat #1 is the button
Seat 1: Mite1981 ($39.52 in chips)
Seat 2: MTails ($254.70 in chips)
Mite1981: posts small blind $1
MTails: posts big blind $3
*** HOLE CARDS ***
Mite1981: raises $3 to $6
MTails: calls $3
*** FLOP *** [9d 3d 8s]
MTails: checks
Mite1981: bets $3
MTails: calls $3
*** TURN *** [9d 3d 8s] [Jh]
MTails: checks
Mite1981: bets $6
MTails: calls $6
*** RIVER *** [9d 3d 8s Jh] [5c]
MTails: checks
Mite1981: checks
*** SHOW DOWN ***
MTails: shows [Qc 3h] (a pair of Threes)
Mite1981: mucks hand
MTails collected $29.50 from pot
*** SUMMARY ***
Total pot $30 | Rake $0.50
Board [9d 3d 8s Jh 5c]
Seat 1: Mite1981 (button) (small blind) mucked
Seat 2: MTails (big blind) showed [Qc 3h] and won ($29.50) with a pair of Threes


PokerStars Hand #144472159874:  Hold'em Limit ($3/$6 USD) - 2015/11/27 15:11:42 ET
Table 'Lysithea III' 2-max Seat #2 is the button
Seat 1: Mite1981 ($24.52 in chips)
Seat 2: MTails ($269.20 in chips)
MTails: posts small blind $1
Mite1981: posts big blind $3
*** HOLE CARDS ***
MTails: raises $3 to $6
Mite1981: raises $3 to $9
MTails: calls $3
*** FLOP *** [6s 7c 2h]
Mite1981: bets $3
MTails: calls $3
*** TURN *** [6s 7c 2h] [Ac]
Mite1981: bets $6
MTails: calls $6
*** RIVER *** [6s 7c 2h Ac] [Js]
Mite1981: bets $6
MTails: calls $6
*** SHOW DOWN ***
Mite1981: shows [9c Kd] (high card Ace)
MTails: shows [6c Kh] (a pair of Sixes)
MTails collected $47.50 from pot
*** SUMMARY ***
Total pot $48 | Rake $0.50
Board [6s 7c 2h Ac Js]
Seat 1: Mite1981 (big blind) showed [9c Kd] and lost with high card Ace
Seat 2: MTails (button) (small blind) showed [6c Kh] and won ($47.50) with a pair of Sixes


PokerStars Hand #144472188550:  Hold'em Limit ($3/$6 USD) - 2015/11/27 15:12:12 ET
Table 'Lysithea III' 2-max Seat #1 is the button
Seat 1: Mite1981 ($820.96 in chips)
Seat 2: MTails ($292.70 in chips)
Mite1981: posts small blind $1
MTails: posts big blind $3
*** HOLE CARDS ***
Mite1981: raises $3 to $6
MTails: folds
Uncalled bet ($3) returned to Mite1981
Mite1981 collected $6 from pot
Mite1981: doesn't show hand
*** SUMMARY ***
Total pot $6 | Rake $0
Seat 1: Mite1981 (button) (small blind) collected ($6)
Seat 2: MTails (big blind) folded before Flop


PokerStars Hand #144472196652:  Hold'em Limit ($3/$6 USD) - 2015/11/27 15:12:21 ET
Table 'Lysithea III' 2-max Seat #2 is the button
Seat 1: Mite1981 ($823.96 in chips)
Seat 2: MTails ($289.70 in chips)
MTails: posts small blind $1
Mite1981: posts big blind $3
*** HOLE CARDS ***
MTails: folds
Uncalled bet ($2) returned to Mite1981
Mite1981 collected $2 from pot
Mite1981: doesn't show hand
*** SUMMARY ***
Total pot $2 | Rake $0
Seat 1: Mite1981 (big blind) collected ($2)
Seat 2: MTails (button) (small blind) folded before Flop


PokerStars Hand #144472205236:  Hold'em Limit ($3/$6 USD) - 2015/11/27 15:12:30 ET
Table 'Lysithea III' 2-max Seat #1 is the button
Seat 1: Mite1981 ($824.96 in chips)
Seat 2: MTails ($288.70 in chips)
Mite1981: posts small blind $1
MTails: posts big blind $3
*** HOLE CARDS ***
Mite1981: raises $3 to $6
MTails: calls $3
*** FLOP *** [7c Jd 5c]
MTails: checks
Mite1981: bets $3
MTails: raises $3 to $6
Mite1981: calls $3
*** TURN *** [7c Jd 5c] [9h]
MTails: bets $6
Mite1981: calls $6
*** RIVER *** [7c Jd 5c 9h] [3s]
MTails: checks
Mite1981: bets $6
MTails: folds
Uncalled bet ($6) returned to Mite1981
Mite1981 collected $35.50 from pot
Mite1981: doesn't show hand
*** SUMMARY ***
Total pot $36 | Rake $0.50
Board [7c Jd 5c 9h 3s]
Seat 1: Mite1981 (button) (small blind) collected ($35.50)
Seat 2: MTails (big blind) folded on the River


PokerStars Hand #144472239284:  Hold'em Limit ($3/$6 USD) - 2015/11/27 15:13:06 ET
Table 'Lysithea III' 2-max Seat #1 is the button
Seat 1: Mite1981 ($836.46 in chips)
Seat 2: MTails ($276.46 in chips)
Mite1981: posts small blind $1
MTails: posts big blind $3
*** HOLE CARDS ***
Mite1981: folds
Uncalled bet ($2) returned to MTails
MTails collected $2 from pot
*** SUMMARY ***
Total pot $2 | Rake $0
Seat 1: Mite1981 (button) (small blind) folded before Flop
Seat 2: MTails (big blind) collected ($2)


PokerStars Hand #144472228933:  Hold'em Limit ($3/$6 USD) - 2015/11/27 15:12:55 ET
Table 'Lysithea III' 2-max Seat #2 is the button
Seat 1: Mite1981 ($842.46 in chips)
Seat 2: MTails ($270.70 in chips)
MTails: posts small blind $1
Mite1981: posts big blind $3
*** HOLE CARDS ***
MTails: raises $3 to $6
Mite1981: calls $3
*** FLOP *** [Qd 4s 5c]
Mite1981: checks
MTails: bets $3
Mite1981: folds
Uncalled bet ($3) returned to MTails
MTails collected $11.76 from pot
*** SUMMARY ***
Total pot $12 | Rake $0.24
Board [Qd 4s 5c]
Seat 1: Mite1981 (big blind) folded on the Flop
Seat 2: MTails (button) (small blind) collected ($11.76)


PokerStars Hand #144472243741:  Hold'em Limit ($3/$6 USD) - 2015/11/27 15:13:10 ET
Table 'Lysithea III' 2-max Seat #2 is the button
Seat 1: Mite1981 ($835.46 in chips)
Seat 2: MTails ($277.46 in chips)
MTails: posts small blind $1
Mite1981: posts big blind $3
*** HOLE CARDS ***
MTails: raises $3 to $6
Mite1981: calls $3
*** FLOP *** [Qd Kd 2c]
Mite1981: checks
MTails: bets $3
Mite1981: folds
Uncalled bet ($3) returned to MTails
MTails collected $11.76 from pot
*** SUMMARY ***
Total pot $12 | Rake $0.24
Board [Qd Kd 2c]
Seat 1: Mite1981 (big blind) folded on the Flop
Seat 2: MTails (button) (small blind) collected ($11.76)


PokerStars Hand #144472286800:  Hold'em Limit ($3/$6 USD) - 2015/11/27 15:13:56 ET
Table 'Lysithea III' 2-max Seat #1 is the button
Seat 1: Mite1981 ($831.98 in chips)
Seat 2: MTails ($279.86 in chips)
Mite1981: posts small blind $1
MTails: posts big blind $3
*** HOLE CARDS ***
Mite1981: raises $3 to $6
MTails: calls $3
*** FLOP *** [3h As 7d]
MTails: checks
Mite1981: bets $3
MTails: calls $3
*** TURN *** [3h As 7d] [4c]
MTails: checks
Mite1981: bets $6
MTails: calls $6
*** RIVER *** [3h As 7d 4c] [Qc]
MTails: checks
Mite1981: checks
*** SHOW DOWN ***
MTails: shows [2s 4s] (a pair of Fours)
Mite1981: shows [2d 4h] (a pair of Fours)
MTails collected $14.75 from pot
Mite1981 collected $14.75 from pot
*** SUMMARY ***
Total pot $30 | Rake $0.50
Board [3h As 7d 4c Qc]
Seat 1: Mite1981 (button) (small blind) showed [2d 4h] and won ($14.75) with a pair of Fours
Seat 2: MTails (big blind) showed [2s 4s] and won ($14.75) with a pair of Fours


PokerStars Hand #144472273204:  Hold'em Limit ($3/$6 USD) - 2015/11/27 15:13:42 ET
Table 'Lysithea III' 2-max Seat #2 is the button
Seat 1: Mite1981 ($840.98 in chips)
Seat 2: MTails ($271.22 in chips)
MTails: posts small blind $1
Mite1981: posts big blind $3
*** HOLE CARDS ***
MTails: raises $3 to $6
Mite1981: calls $3
*** FLOP *** [Ac 8h 7c]
Mite1981: checks
MTails: bets $3
Mite1981: calls $3
*** TURN *** [Ac 8h 7c] [7s]
Mite1981: checks
MTails: bets $6
Mite1981: folds
Uncalled bet ($6) returned to MTails
MTails collected $17.64 from pot
*** SUMMARY ***
Total pot $18 | Rake $0.36
Board [Ac 8h 7c 7s]
Seat 1: Mite1981 (big blind) folded on the Turn
Seat 2: MTails (button) (small blind) collected ($17.64)


PokerStars Hand #144472253186:  Hold'em Limit ($3/$6 USD) - 2015/11/27 15:13:20 ET
Table 'Lysithea III' 2-max Seat #1 is the button
Seat 1: Mite1981 ($829.46 in chips)
Seat 2: MTails ($283.22 in chips)
Mite1981: posts small blind $1
MTails: posts big blind $3
*** HOLE CARDS ***
Mite1981: raises $3 to $6
MTails: raises $3 to $9
Mite1981: calls $3
*** FLOP *** [4h 6h 8h]
MTails: bets $3
Mite1981: calls $3
*** TURN *** [4h 6h 8h] [3d]
MTails: checks
Mite1981: bets $6
MTails: folds
Uncalled bet ($6) returned to Mite1981
Mite1981 collected $23.52 from pot
Mite1981: doesn't show hand
*** SUMMARY ***
Total pot $24 | Rake $0.48
Board [4h 6h 8h 3d]
Seat 1: Mite1981 (button) (small blind) collected ($23.52)
Seat 2: MTails (big blind) folded on the Turn


PokerStars Hand #144472303832:  Hold'em Limit ($3/$6 USD) - 2015/11/27 15:14:14 ET
Table 'Lysithea III' 2-max Seat #2 is the button
Seat 1: Mite1981 ($831.73 in chips)
Seat 2: MTails ($279.61 in chips)
MTails: posts small blind $1
Mite1981: posts big blind $3
*** HOLE CARDS ***
MTails: raises $3 to $6
Mite1981: calls $3
*** FLOP *** [As 5c Js]
Mite1981: checks
MTails: bets $3
Mite1981: calls $3
*** TURN *** [As 5c Js] [Ad]
Mite1981: checks
MTails: bets $6
Mite1981: calls $6
*** RIVER *** [As 5c Js Ad] [8h]
Mite1981: checks
MTails: bets $6
Mite1981: calls $6
*** SHOW DOWN ***
MTails: shows [2s 7s] (a pair of Aces)
Mite1981: shows [Kd Th] (a pair of Aces - King kicker)
Mite1981 collected $41.50 from pot
*** SUMMARY ***
Total pot $42 | Rake $0.50
Board [As 5c Js Ad 8h]
Seat 1: Mite1981 (big blind) showed [Kd Th] and won ($41.50) with a pair of Aces
Seat 2: MTails (button) (small blind) showed [2s 7s] and lost with a pair of Aces


PokerStars Hand #144472342132:  Hold'em Limit ($3/$6 USD) - 2015/11/27 15:14:55 ET
Table 'Lysithea III' 2-max Seat #2 is the button
Seat 1: Mite1981 ($866.73 in chips)
Seat 2: MTails ($243.61 in chips)
MTails: posts small blind $1
Mite1981: posts big blind $3
*** HOLE CARDS ***
MTails: raises $3 to $6
Mite1981: calls $3
*** FLOP *** [9h Kd 7d]
Mite1981: checks
MTails: bets $3
Mite1981: calls $3
*** TURN *** [9h Kd 7d] [5h]
Mite1981: checks
MTails: bets $6
Mite1981: calls $6
*** RIVER *** [9h Kd 7d 5h] [2s]
Mite1981: checks
MTails: checks
*** SHOW DOWN ***
Mite1981: shows [6h 5s] (a pair of Fives)
MTails: mucks hand
Mite1981 collected $29.50 from pot
*** SUMMARY ***
Total pot $30 | Rake $0.50
Board [9h Kd 7d 5h 2s]
Seat 1: Mite1981 (big blind) showed [6h 5s] and won ($29.50) with a pair of Fives
Seat 2: MTails (button) (small blind) mucked


PokerStars Hand #144472319882:  Hold'em Limit ($3/$6 USD) - 2015/11/27 15:14:31 ET
Table 'Lysithea III' 2-max Seat #1 is the button
Seat 1: Mite1981 ($852.23 in chips)
Seat 2: MTails ($258.61 in chips)
Mite1981: posts small blind $1
MTails: posts big blind $3
*** HOLE CARDS ***
Mite1981: raises $3 to $6
MTails: calls $3
*** FLOP *** [Jd 7s 6h]
MTails: checks
Mite1981: bets $3
MTails: calls $3
*** TURN *** [Jd 7s 6h] [Qd]
MTails: checks
Mite1981: bets $6
MTails: calls $6
*** RIVER *** [Jd 7s 6h Qd] [8s]
MTails: checks
Mite1981: bets $6
MTails: folds
Uncalled bet ($6) returned to Mite1981
Mite1981 collected $29.50 from pot
Mite1981: doesn't show hand
*** SUMMARY ***
Total pot $30 | Rake $0.50
Board [Jd 7s 6h Qd 8s]
Seat 1: Mite1981 (button) (small blind) collected ($29.50)
Seat 2: MTails (big blind) folded on the River


PokerStars Hand #144472370719:  Hold'em Limit ($3/$6 USD) - 2015/11/27 15:15:25 ET
Table 'Lysithea III' 2-max Seat #2 is the button
Seat 1: Mite1981 ($869.23 in chips)
Seat 2: MTails ($240.13 in chips)
MTails: posts small blind $1
Mite1981: posts big blind $3
*** HOLE CARDS ***
MTails: raises $3 to $6
Mite1981: calls $3
*** FLOP *** [Qs Kd Qd]
Mite1981: checks
MTails: bets $3
Mite1981: folds
Uncalled bet ($3) returned to MTails
MTails collected $11.76 from pot
*** SUMMARY ***
Total pot $12 | Rake $0.24
Board [Qs Kd Qd]
Seat 1: Mite1981 (big blind) folded on the Flop
Seat 2: MTails (button) (small blind) collected ($11.76)


PokerStars Hand #144472357170:  Hold'em Limit ($3/$6 USD) - 2015/11/27 15:15:11 ET
Table 'Lysithea III' 2-max Seat #1 is the button
Seat 1: Mite1981 ($881.23 in chips)
Seat 2: MTails ($228.61 in chips)
Mite1981: posts small blind $1
MTails: posts big blind $3
*** HOLE CARDS ***
Mite1981: raises $3 to $6
MTails: raises $3 to $9
Mite1981: calls $3
*** FLOP *** [3s Jh 7d]
MTails: bets $3
Mite1981: calls $3
*** TURN *** [3s Jh 7d] [Th]
MTails: bets $6
Mite1981: folds
Uncalled bet ($6) returned to MTails
MTails collected $23.52 from pot
*** SUMMARY ***
Total pot $24 | Rake $0.48
Board [3s Jh 7d Th]
Seat 1: Mite1981 (button) (small blind) folded on the Turn
Seat 2: MTails (big blind) collected ($23.52)


PokerStars Hand #144472411885:  Hold'em Limit ($3/$6 USD) - 2015/11/27 15:16:09 ET
Table 'Lysithea III' 2-max Seat #2 is the button
Seat 1: Mite1981 ($874.75 in chips)
Seat 2: MTails ($233.89 in chips)
MTails: posts small blind $1
Mite1981: posts big blind $3
*** HOLE CARDS ***
MTails: raises $3 to $6
Mite1981: calls $3
*** FLOP *** [Ah 6c 2h]
Mite1981: checks
MTails: bets $3
Mite1981: raises $3 to $6
MTails: calls $3
*** TURN *** [Ah 6c 2h] [Js]
Mite1981: bets $6
MTails: raises $6 to $12
Mite1981: calls $6
*** RIVER *** [Ah 6c 2h Js] [8h]
Mite1981: checks
MTails: bets $6
Mite1981: calls $6
*** SHOW DOWN ***
MTails: shows [Jh Kh] (a flush, Ace high)
Mite1981: mucks hand
MTails collected $59.50 from pot
*** SUMMARY ***
Total pot $60 | Rake $0.50
Board [Ah 6c 2h Js 8h]
Seat 1: Mite1981 (big blind) mucked
Seat 2: MTails (button) (small blind) showed [Jh Kh] and won ($59.50) with a flush, Ace high


PokerStars Hand #144472380355:  Hold'em Limit ($3/$6 USD) - 2015/11/27 15:15:36 ET
Table 'Lysithea III' 2-max Seat #1 is the button
Seat 1: Mite1981 ($863.23 in chips)
Seat 2: MTails ($245.89 in chips)
Mite1981: posts small blind $1
MTails: posts big blind $3
*** HOLE CARDS ***
Mite1981: raises $3 to $6
MTails: calls $3
*** FLOP *** [6d 7h Jd]
MTails: checks
Mite1981: checks
*** TURN *** [6d 7h Jd] [Ad]
MTails: bets $6
Mite1981: raises $6 to $12
MTails: folds
Uncalled bet ($6) returned to Mite1981
Mite1981 collected $23.52 from pot
Mite1981: doesn't show hand
*** SUMMARY ***
Total pot $24 | Rake $0.48
Board [6d 7h Jd Ad]
Seat 1: Mite1981 (button) (small blind) collected ($23.52)
Seat 2: MTails (big blind) folded on the Turn


PokerStars Hand #144472453900:  Hold'em Limit ($3/$6 USD) - 2015/11/27 15:16:53 ET
Table 'Lysithea III' 2-max Seat #2 is the button
Seat 1: Mite1981 ($859.25 in chips)
Seat 2: MTails ($248.39 in chips)
MTails: posts small blind $1
Mite1981: posts big blind $3
*** HOLE CARDS ***
MTails: raises $3 to $6
Mite1981: folds
Uncalled bet ($3) returned to MTails
MTails collected $6 from pot
*** SUMMARY ***
Total pot $6 | Rake $0
Seat 1: Mite1981 (big blind) folded before Flop
Seat 2: MTails (button) (small blind) collected ($6)


PokerStars Hand #144472430962:  Hold'em Limit ($3/$6 USD) - 2015/11/27 15:16:29 ET
Table 'Lysithea III' 2-max Seat #1 is the button
Seat 1: Mite1981 ($844.75 in chips)
Seat 2: MTails ($263.39 in chips)
Mite1981: posts small blind $1
MTails: posts big blind $3
*** HOLE CARDS ***
Mite1981: raises $3 to $6
MTails: calls $3
*** FLOP *** [Qd 7c 4d]
MTails: checks
Mite1981: bets $3
MTails: calls $3
*** TURN *** [Qd 7c 4d] [3s]
MTails: checks
Mite1981: bets $6
MTails: calls $6
*** RIVER *** [Qd 7c 4d 3s] [Th]
MTails: checks
Mite1981: bets $6
MTails: folds
Uncalled bet ($6) returned to Mite1981
Mite1981 collected $29.50 from pot
Mite1981: doesn't show hand
*** SUMMARY ***
Total pot $30 | Rake $0.50
Board [Qd 7c 4d 3s Th]
Seat 1: Mite1981 (button) (small blind) collected ($29.50)
Seat 2: MTails (big blind) folded on the River


PokerStars Hand #144472465076:  Hold'em Limit ($3/$6 USD) - 2015/11/27 15:17:05 ET
Table 'Lysithea III' 2-max Seat #1 is the button
Seat 1: Mite1981 ($856.25 in chips)
Seat 2: MTails ($251.39 in chips)
Mite1981: posts small blind $1
MTails: posts big blind $3
*** HOLE CARDS ***
Mite1981: raises $3 to $6
MTails: calls $3
*** FLOP *** [5c 4d Ts]
MTails: checks
Mite1981: bets $3
MTails: calls $3
*** TURN *** [5c 4d Ts] [Ac]
MTails: checks
Mite1981: checks
*** RIVER *** [5c 4d Ts Ac] [4c]
MTails: checks
Mite1981: checks
*** SHOW DOWN ***
MTails: shows [Ks 8d] (a pair of Fours)
Mite1981: mucks hand
MTails collected $17.64 from pot
*** SUMMARY ***
Total pot $18 | Rake $0.36
Board [5c 4d Ts Ac 4c]
Seat 1: Mite1981 (button) (small blind) mucked
Seat 2: MTails (big blind) showed [Ks 8d] and won ($17.64) with a pair of Fours


PokerStars Hand #144472486741:  Hold'em Limit ($3/$6 USD) - 2015/11/27 15:17:28 ET
Table 'Lysithea III' 2-max Seat #2 is the button
Seat 1: Mite1981 ($847.25 in chips)
Seat 2: MTails ($260.03 in chips)
MTails: posts small blind $1
Mite1981: posts big blind $3
*** HOLE CARDS ***
MTails: raises $3 to $6
Mite1981: folds
Uncalled bet ($3) returned to MTails
MTails collected $6 from pot
*** SUMMARY ***
Total pot $6 | Rake $0
Seat 1: Mite1981 (big blind) folded before Flop
Seat 2: MTails (button) (small blind) collected ($6)


PokerStars Hand #144472504479:  Hold'em Limit ($3/$6 USD) - 2015/11/27 15:17:46 ET
Table 'Lysithea III' 2-max Seat #2 is the button
Seat 1: Mite1981 ($829.25 in chips)
Seat 2: MTails ($277.53 in chips)
MTails: posts small blind $1
Mite1981: posts big blind $3
*** HOLE CARDS ***
MTails: raises $3 to $6
Mite1981: calls $3
*** FLOP *** [7d Qc 4c]
Mite1981: checks
MTails: bets $3
Mite1981: calls $3
*** TURN *** [7d Qc 4c] [Kc]
Mite1981: checks
MTails: bets $6
Mite1981: calls $6
*** RIVER *** [7d Qc 4c Kc] [Jd]
Mite1981: checks
MTails: checks
*** SHOW DOWN ***
Mite1981: shows [6h Tc] (high card King)
MTails: mucks hand
Mite1981 collected $29.50 from pot
*** SUMMARY ***
Total pot $30 | Rake $0.50
Board [7d Qc 4c Kc Jd]
Seat 1: Mite1981 (big blind) showed [6h Tc] and won ($29.50) with high card King
Seat 2: MTails (button) (small blind) mucked


PokerStars Hand #144472521827:  Hold'em Limit ($3/$6 USD) - 2015/11/27 15:18:04 ET
Table 'Lysithea III' 2-max Seat #1 is the button
Seat 1: Mite1981 ($843.75 in chips)
Seat 2: MTails ($262.53 in chips)
Mite1981: posts small blind $1
MTails: posts big blind $3
*** HOLE CARDS ***
Mite1981: folds
Uncalled bet ($2) returned to MTails
MTails collected $2 from pot
*** SUMMARY ***
Total pot $2 | Rake $0
Seat 1: Mite1981 (button) (small blind) folded before Flop
Seat 2: MTails (big blind) collected ($2)


PokerStars Hand #144472491659:  Hold'em Limit ($3/$6 USD) - 2015/11/27 15:17:33 ET
Table 'Lysithea III' 2-max Seat #1 is the button
Seat 1: Mite1981 ($844.25 in chips)
Seat 2: MTails ($263.03 in chips)
Mite1981: posts small blind $1
MTails: posts big blind $3
*** HOLE CARDS ***
Mite1981: raises $3 to $6
MTails: calls $3
*** FLOP *** [Jd Qs Ac]
MTails: checks
Mite1981: bets $3
MTails: calls $3
*** TURN *** [Jd Qs Ac] [6d]
MTails: checks
Mite1981: bets $6
MTails: raises $6 to $12
Mite1981: folds
Uncalled bet ($6) returned to MTails
MTails collected $29.50 from pot
*** SUMMARY ***
Total pot $30 | Rake $0.50
Board [Jd Qs Ac 6d]
Seat 1: Mite1981 (button) (small blind) folded on the Turn
Seat 2: MTails (big blind) collected ($29.50)


PokerStars Hand #144472656760:  Hold'em Limit ($3/$6 USD) - 2015/11/27 15:20:27 ET
Table 'Lysithea III' 2-max Seat #2 is the button
Seat 1: Mite1981 ($848.89 in chips)
Seat 2: MTails ($256.03 in chips)
MTails: posts small blind $1
Mite1981: posts big blind $3
*** HOLE CARDS ***
MTails: raises $3 to $6
Mite1981: folds
Uncalled bet ($3) returned to MTails
MTails collected $6 from pot
*** SUMMARY ***
Total pot $6 | Rake $0
Seat 1: Mite1981 (big blind) folded before Flop
Seat 2: MTails (button) (small blind) collected ($6)


PokerStars Hand #144472640497:  Hold'em Limit ($3/$6 USD) - 2015/11/27 15:20:09 ET
Table 'Lysithea III' 2-max Seat #1 is the button
Seat 1: Mite1981 ($866.89 in chips)
Seat 2: MTails ($238.53 in chips)
Mite1981: posts small blind $1
MTails: posts big blind $3
*** HOLE CARDS ***
Mite1981: raises $3 to $6
MTails: calls $3
*** FLOP *** [3c 4c Ts]
MTails: checks
Mite1981: checks
*** TURN *** [3c 4c Ts] [Td]
MTails: bets $6
Mite1981: calls $6
*** RIVER *** [3c 4c Ts Td] [Kc]
MTails: checks
Mite1981: bets $6
MTails: calls $6
*** SHOW DOWN ***
Mite1981: shows [Jc Qd] (a pair of Tens)
MTails: shows [4s As] (two pair, Tens and Fours)
MTails collected $35.50 from pot
*** SUMMARY ***
Total pot $36 | Rake $0.50
Board [3c 4c Ts Td Kc]
Seat 1: Mite1981 (button) (small blind) showed [Jc Qd] and lost with a pair of Tens
Seat 2: MTails (big blind) showed [4s As] and won ($35.50) with two pair, Tens and Fours


PokerStars Hand #144472615516:  Hold'em Limit ($3/$6 USD) - 2015/11/27 15:19:43 ET
Table 'Lysithea III' 2-max Seat #1 is the button
Seat 1: Mite1981 ($851.39 in chips)
Seat 2: MTails ($254.53 in chips)
Mite1981: posts small blind $1
MTails: posts big blind $3
*** HOLE CARDS ***
Mite1981: raises $3 to $6
MTails: calls $3
*** FLOP *** [Jc 8c 5s]
MTails: checks
Mite1981: bets $3
MTails: calls $3
*** TURN *** [Jc 8c 5s] [5d]
MTails: checks
Mite1981: bets $6
MTails: calls $6
*** RIVER *** [Jc 8c 5s 5d] [7d]
MTails: checks
Mite1981: bets $6
MTails: folds
Uncalled bet ($6) returned to Mite1981
Mite1981 collected $29.50 from pot
Mite1981: doesn't show hand
*** SUMMARY ***
Total pot $30 | Rake $0.50
Board [Jc 8c 5s 5d 7d]
Seat 1: Mite1981 (button) (small blind) collected ($29.50)
Seat 2: MTails (big blind) folded on the River


PokerStars Hand #144472526523:  Hold'em Limit ($3/$6 USD) - 2015/11/27 15:18:09 ET
Table 'Lysithea III' 2-max Seat #2 is the button
Seat 1: Mite1981 ($842.75 in chips)
Seat 2: MTails ($263.53 in chips)
MTails: posts small blind $1
Mite1981: posts big blind $3
*** HOLE CARDS ***
MTails: raises $3 to $6
Mite1981: calls $3
*** FLOP *** [8c 2h 6d]
Mite1981: checks
MTails: bets $3
Mite1981: calls $3
*** TURN *** [8c 2h 6d] [5c]
Mite1981: checks
MTails: checks
*** RIVER *** [8c 2h 6d 5c] [6h]
Mite1981: bets $6
MTails: folds
Uncalled bet ($6) returned to Mite1981
Mite1981 collected $17.64 from pot
Mite1981: doesn't show hand
*** SUMMARY ***
Total pot $18 | Rake $0.36
Board [8c 2h 6d 5c 6h]
Seat 1: Mite1981 (big blind) collected ($17.64)
Seat 2: MTails (button) (small blind) folded on the River


PokerStars Hand #144472635629:  Hold'em Limit ($3/$6 USD) - 2015/11/27 15:20:04 ET
Table 'Lysithea III' 2-max Seat #2 is the button
Seat 1: Mite1981 ($865.89 in chips)
Seat 2: MTails ($239.53 in chips)
MTails: posts small blind $1
Mite1981: posts big blind $3
*** HOLE CARDS ***
MTails: folds
Uncalled bet ($2) returned to Mite1981
Mite1981 collected $2 from pot
Mite1981: doesn't show hand
*** SUMMARY ***
Total pot $2 | Rake $0
Seat 1: Mite1981 (big blind) collected ($2)
Seat 2: MTails (button) (small blind) folded before Flop


PokerStars Hand #144472662320:  Hold'em Limit ($3/$6 USD) - 2015/11/27 15:20:32 ET
Table 'Lysithea III' 2-max Seat #1 is the button
Seat 1: Mite1981 ($845.89 in chips)
Seat 2: MTails ($259.03 in chips)
Mite1981: posts small blind $1
MTails: posts big blind $3
*** HOLE CARDS ***
Mite1981: raises $3 to $6
MTails: calls $3
*** FLOP *** [3s 3d 7s]
MTails: checks
Mite1981: bets $3
MTails: calls $3
*** TURN *** [3s 3d 7s] [Js]
MTails: checks
Mite1981: checks
*** RIVER *** [3s 3d 7s Js] [4d]
MTails: bets $6
Mite1981: calls $6
*** SHOW DOWN ***
MTails: shows [Jd Th] (two pair, Jacks and Threes)
Mite1981: mucks hand
MTails collected $29.50 from pot
*** SUMMARY ***
Total pot $30 | Rake $0.50
Board [3s 3d 7s Js 4d]
Seat 1: Mite1981 (button) (small blind) mucked
Seat 2: MTails (big blind) showed [Jd Th] and won ($29.50) with two pair, Jacks and Threes


PokerStars Hand #144472703090:  Hold'em Limit ($3/$6 USD) - 2015/11/27 15:21:15 ET
Table 'Lysithea III' 2-max Seat #1 is the button
Seat 1: Mite1981 ($799.89 in chips)
Seat 2: MTails ($304.03 in chips)
Mite1981: posts small blind $1
MTails: posts big blind $3
*** HOLE CARDS ***
Mite1981: folds
Uncalled bet ($2) returned to MTails
MTails collected $2 from pot
*** SUMMARY ***
Total pot $2 | Rake $0
Seat 1: Mite1981 (button) (small blind) folded before Flop
Seat 2: MTails (big blind) collected ($2)


PokerStars Hand #144472697457:  Hold'em Limit ($3/$6 USD) - 2015/11/27 15:21:09 ET
Table 'Lysithea III' 2-max Seat #2 is the button
Seat 1: Mite1981 ($802.89 in chips)
Seat 2: MTails ($301.03 in chips)
MTails: posts small blind $1
Mite1981: posts big blind $3
*** HOLE CARDS ***
MTails: raises $3 to $6
Mite1981: folds
Uncalled bet ($3) returned to MTails
MTails collected $6 from pot
*** SUMMARY ***
Total pot $6 | Rake $0
Seat 1: Mite1981 (big blind) folded before Flop
Seat 2: MTails (button) (small blind) collected ($6)


PokerStars Hand #144472692459:  Hold'em Limit ($3/$6 USD) - 2015/11/27 15:21:04 ET
Table 'Lysithea III' 2-max Seat #1 is the button
Seat 1: Mite1981 ($803.89 in chips)
Seat 2: MTails ($300.03 in chips)
Mite1981: posts small blind $1
MTails: posts big blind $3
*** HOLE CARDS ***
Mite1981: folds
Uncalled bet ($2) returned to MTails
MTails collected $2 from pot
*** SUMMARY ***
Total pot $2 | Rake $0
Seat 1: Mite1981 (button) (small blind) folded before Flop
Seat 2: MTails (big blind) collected ($2)


PokerStars Hand #144472707618:  Hold'em Limit ($3/$6 USD) - 2015/11/27 15:21:20 ET
Table 'Lysithea III' 2-max Seat #2 is the button
Seat 1: Mite1981 ($798.89 in chips)
Seat 2: MTails ($305.03 in chips)
MTails: posts small blind $1
Mite1981: posts big blind $3
*** HOLE CARDS ***
MTails: raises $3 to $6
Mite1981: calls $3
*** FLOP *** [9h 3h Jc]
Mite1981: checks
MTails: bets $3
Mite1981: folds
Uncalled bet ($3) returned to MTails
MTails collected $11.76 from pot
*** SUMMARY ***
Total pot $12 | Rake $0.24
Board [9h 3h Jc]
Seat 1: Mite1981 (big blind) folded on the Flop
Seat 2: MTails (button) (small blind) collected ($11.76)


PokerStars Hand #144472677735:  Hold'em Limit ($3/$6 USD) - 2015/11/27 15:20:48 ET
Table 'Lysithea III' 2-max Seat #2 is the button
Seat 1: Mite1981 ($830.89 in chips)
Seat 2: MTails ($273.53 in chips)
MTails: posts small blind $1
Mite1981: posts big blind $3
*** HOLE CARDS ***
MTails: raises $3 to $6
Mite1981: calls $3
*** FLOP *** [5h 7h 6s]
Mite1981: checks
MTails: bets $3
Mite1981: calls $3
*** TURN *** [5h 7h 6s] [Jc]
Mite1981: checks
MTails: bets $6
Mite1981: raises $6 to $12
MTails: calls $6
*** RIVER *** [5h 7h 6s Jc] [Jh]
Mite1981: bets $6
MTails: calls $6
*** SHOW DOWN ***
Mite1981: shows [6d 5d] (two pair, Jacks and Sixes)
MTails: shows [9h 7d] (two pair, Jacks and Sevens)
MTails collected $53.50 from pot
*** SUMMARY ***
Total pot $54 | Rake $0.50
Board [5h 7h 6s Jc Jh]
Seat 1: Mite1981 (big blind) showed [6d 5d] and lost with two pair, Jacks and Sixes
Seat 2: MTails (button) (small blind) showed [9h 7d] and won ($53.50) with two pair, Jacks and Sevens


PokerStars Hand #144472716573:  Hold'em Limit ($3/$6 USD) - 2015/11/27 15:21:29 ET
Table 'Lysithea III' 2-max Seat #1 is the button
Seat 1: Mite1981 ($792.89 in chips)
Seat 2: MTails ($310.79 in chips)
Mite1981: posts small blind $1
MTails: posts big blind $3
*** HOLE CARDS ***
Mite1981: raises $3 to $6
MTails: calls $3
*** FLOP *** [6s Td 4s]
MTails: checks
Mite1981: bets $3
MTails: calls $3
*** TURN *** [6s Td 4s] [Qh]
MTails: checks
Mite1981: checks
*** RIVER *** [6s Td 4s Qh] [9d]
MTails: checks
Mite1981: checks
*** SHOW DOWN ***
MTails: shows [7s Ac] (high card Ace)
Mite1981: shows [6h 5h] (a pair of Sixes)
Mite1981 collected $17.64 from pot
*** SUMMARY ***
Total pot $18 | Rake $0.36
Board [6s Td 4s Qh 9d]
Seat 1: Mite1981 (button) (small blind) showed [6h 5h] and won ($17.64) with a pair of Sixes
Seat 2: MTails (big blind) showed [7s Ac] and lost with high card Ace


PokerStars Hand #144472748382:  Hold'em Limit ($3/$6 USD) - 2015/11/27 15:22:02 ET
Table 'Lysithea III' 2-max Seat #1 is the button
Seat 1: Mite1981 ($795.53 in chips)
Seat 2: MTails ($307.55 in chips)
Mite1981: posts small blind $1
MTails: posts big blind $3
*** HOLE CARDS ***
Mite1981: folds
Uncalled bet ($2) returned to MTails
MTails collected $2 from pot
*** SUMMARY ***
Total pot $2 | Rake $0
Seat 1: Mite1981 (button) (small blind) folded before Flop
Seat 2: MTails (big blind) collected ($2)


PokerStars Hand #144472737470:  Hold'em Limit ($3/$6 USD) - 2015/11/27 15:21:50 ET
Table 'Lysithea III' 2-max Seat #2 is the button
Seat 1: Mite1981 ($801.53 in chips)
Seat 2: MTails ($301.79 in chips)
MTails: posts small blind $1
Mite1981: posts big blind $3
*** HOLE CARDS ***
MTails: raises $3 to $6
Mite1981: calls $3
*** FLOP *** [Td Ts Ad]
Mite1981: checks
MTails: bets $3
Mite1981: folds
Uncalled bet ($3) returned to MTails
MTails collected $11.76 from pot
*** SUMMARY ***
Total pot $12 | Rake $0.24
Board [Td Ts Ad]
Seat 1: Mite1981 (big blind) folded on the Flop
Seat 2: MTails (button) (small blind) collected ($11.76)


PokerStars Hand #144472752771:  Hold'em Limit ($3/$6 USD) - 2015/11/27 15:22:07 ET
Table 'Lysithea III' 2-max Seat #2 is the button
Seat 1: Mite1981 ($794.53 in chips)
Seat 2: MTails ($308.55 in chips)
MTails: posts small blind $1
Mite1981: posts big blind $3
*** HOLE CARDS ***
MTails: raises $3 to $6
Mite1981: calls $3
*** FLOP *** [Js Tc 3c]
Mite1981: checks
MTails: bets $3
Mite1981: calls $3
*** TURN *** [Js Tc 3c] [Qh]
Mite1981: checks
MTails: checks
*** RIVER *** [Js Tc 3c Qh] [6h]
Mite1981: checks
MTails: bets $6
Mite1981: calls $6
*** SHOW DOWN ***
MTails: shows [4c 5c] (high card Queen)
Mite1981: shows [Td 7s] (a pair of Tens)
Mite1981 collected $29.50 from pot
*** SUMMARY ***
Total pot $30 | Rake $0.50
Board [Js Tc 3c Qh 6h]
Seat 1: Mite1981 (big blind) showed [Td 7s] and won ($29.50) with a pair of Tens
Seat 2: MTails (button) (small blind) showed [4c 5c] and lost with high card Queen


PokerStars Hand #144472766393:  Hold'em Limit ($3/$6 USD) - 2015/11/27 15:22:21 ET
Table 'Lysithea III' 2-max Seat #1 is the button
Seat 1: Mite1981 ($809.03 in chips)
Seat 2: MTails ($293.55 in chips)
Mite1981: posts small blind $1
MTails: posts big blind $3
*** HOLE CARDS ***
Mite1981: raises $3 to $6
MTails: calls $3
*** FLOP *** [Kd 9s Td]
MTails: checks
Mite1981: bets $3
MTails: folds
Uncalled bet ($3) returned to Mite1981
Mite1981 collected $11.76 from pot
Mite1981: doesn't show hand
*** SUMMARY ***
Total pot $12 | Rake $0.24
Board [Kd 9s Td]
Seat 1: Mite1981 (button) (small blind) collected ($11.76)
Seat 2: MTails (big blind) folded on the Flop


PokerStars Hand #144472795613:  Hold'em Limit ($3/$6 USD) - 2015/11/27 15:22:52 ET
Table 'Lysithea III' 2-max Seat #1 is the button
Seat 1: Mite1981 ($832.29 in chips)
Seat 2: MTails ($269.55 in chips)
Mite1981: posts small blind $1
MTails: posts big blind $3
*** HOLE CARDS ***
Mite1981: raises $3 to $6
MTails: folds
Uncalled bet ($3) returned to Mite1981
Mite1981 collected $6 from pot
Mite1981: doesn't show hand
*** SUMMARY ***
Total pot $6 | Rake $0
Seat 1: Mite1981 (button) (small blind) collected ($6)
Seat 2: MTails (big blind) folded before Flop


PokerStars Hand #144472779826:  Hold'em Limit ($3/$6 USD) - 2015/11/27 15:22:35 ET
Table 'Lysithea III' 2-max Seat #2 is the button
Seat 1: Mite1981 ($814.79 in chips)
Seat 2: MTails ($287.55 in chips)
MTails: posts small blind $1
Mite1981: posts big blind $3
*** HOLE CARDS ***
MTails: raises $3 to $6
Mite1981: calls $3
*** FLOP *** [5d 6s 2d]
Mite1981: checks
MTails: checks
*** TURN *** [5d 6s 2d] [4s]
Mite1981: checks
MTails: bets $6
Mite1981: calls $6
*** RIVER *** [5d 6s 2d 4s] [5h]
Mite1981: checks
MTails: bets $6
Mite1981: calls $6
*** SHOW DOWN ***
MTails: shows [Qs 9c] (a pair of Fives)
Mite1981: shows [6h As] (two pair, Sixes and Fives)
Mite1981 collected $35.50 from pot
*** SUMMARY ***
Total pot $36 | Rake $0.50
Board [5d 6s 2d 4s 5h]
Seat 1: Mite1981 (big blind) showed [6h As] and won ($35.50) with two pair, Sixes and Fives
Seat 2: MTails (button) (small blind) showed [Qs 9c] and lost with a pair of Fives


PokerStars Hand #144472801089:  Hold'em Limit ($3/$6 USD) - 2015/11/27 15:22:57 ET
Table 'Lysithea III' 2-max Seat #2 is the button
Seat 1: Mite1981 ($835.29 in chips)
Seat 2: MTails ($266.55 in chips)
MTails: posts small blind $1
Mite1981: posts big blind $3
*** HOLE CARDS ***
MTails: raises $3 to $6
Mite1981: calls $3
*** FLOP *** [Ad Ac 3h]
Mite1981: checks
MTails: bets $3
Mite1981: calls $3
*** TURN *** [Ad Ac 3h] [7h]
Mite1981: checks
MTails: bets $6
Mite1981: calls $6
*** RIVER *** [Ad Ac 3h 7h] [Qh]
Mite1981: checks
MTails: checks
*** SHOW DOWN ***
Mite1981: shows [6d Qc] (two pair, Aces and Queens)
MTails: mucks hand
Mite1981 collected $29.50 from pot
*** SUMMARY ***
Total pot $30 | Rake $0.50
Board [Ad Ac 3h 7h Qh]
Seat 1: Mite1981 (big blind) showed [6d Qc] and won ($29.50) with two pair, Aces and Queens
Seat 2: MTails (button) (small blind) mucked


PokerStars Hand #144472817996:  Hold'em Limit ($3/$6 USD) - 2015/11/27 15:23:15 ET
Table 'Lysithea III' 2-max Seat #1 is the button
Seat 1: Mite1981 ($849.79 in chips)
Seat 2: MTails ($251.55 in chips)
Mite1981: posts small blind $1
MTails: posts big blind $3
*** HOLE CARDS ***
Mite1981: raises $3 to $6
MTails: calls $3
*** FLOP *** [Jd 2h 7s]
MTails: checks
Mite1981: checks
*** TURN *** [Jd 2h 7s] [Jc]
MTails: bets $6
Mite1981: folds
Uncalled bet ($6) returned to MTails
MTails collected $11.76 from pot
*** SUMMARY ***
Total pot $12 | Rake $0.24
Board [Jd 2h 7s Jc]
Seat 1: Mite1981 (button) (small blind) folded on the Turn
Seat 2: MTails (big blind) collected ($11.76)


PokerStars Hand #144472836343:  Hold'em Limit ($3/$6 USD) - 2015/11/27 15:23:35 ET
Table 'Lysithea III' 2-max Seat #1 is the button
Seat 1: Mite1981 ($840.79 in chips)
Seat 2: MTails ($260.31 in chips)
Mite1981: posts small blind $1
MTails: posts big blind $3
*** HOLE CARDS ***
Mite1981: raises $3 to $6
MTails: calls $3
*** FLOP *** [2d Ts 6s]
MTails: checks
Mite1981: checks
*** TURN *** [2d Ts 6s] [Tc]
MTails: bets $6
Mite1981: folds
Uncalled bet ($6) returned to MTails
MTails collected $11.76 from pot
*** SUMMARY ***
Total pot $12 | Rake $0.24
Board [2d Ts 6s Tc]
Seat 1: Mite1981 (button) (small blind) folded on the Turn
Seat 2: MTails (big blind) collected ($11.76)


PokerStars Hand #144472884540:  Hold'em Limit ($3/$6 USD) - 2015/11/27 15:24:26 ET
Table 'Lysithea III' 2-max Seat #1 is the button
Seat 1: Mite1981 ($863.93 in chips)
Seat 2: MTails ($236.07 in chips)
Mite1981: posts small blind $1
MTails: posts big blind $3
*** HOLE CARDS ***
Mite1981: folds
Uncalled bet ($2) returned to MTails
MTails collected $2 from pot
*** SUMMARY ***
Total pot $2 | Rake $0
Seat 1: Mite1981 (button) (small blind) folded before Flop
Seat 2: MTails (big blind) collected ($2)


PokerStars Hand #144472859435:  Hold'em Limit ($3/$6 USD) - 2015/11/27 15:23:59 ET
Table 'Lysithea III' 2-max Seat #1 is the button
Seat 1: Mite1981 ($852.29 in chips)
Seat 2: MTails ($248.07 in chips)
Mite1981: posts small blind $1
MTails: posts big blind $3
*** HOLE CARDS ***
Mite1981: raises $3 to $6
MTails: folds
Uncalled bet ($3) returned to Mite1981
Mite1981 collected $6 from pot
Mite1981: doesn't show hand
*** SUMMARY ***
Total pot $6 | Rake $0
Seat 1: Mite1981 (button) (small blind) collected ($6)
Seat 2: MTails (big blind) folded before Flop


PokerStars Hand #144472846661:  Hold'em Limit ($3/$6 USD) - 2015/11/27 15:23:46 ET
Table 'Lysithea III' 2-max Seat #2 is the button
Seat 1: Mite1981 ($834.79 in chips)
Seat 2: MTails ($266.07 in chips)
MTails: posts small blind $1
Mite1981: posts big blind $3
*** HOLE CARDS ***
MTails: raises $3 to $6
Mite1981: calls $3
*** FLOP *** [7h 6s 5h]
Mite1981: checks
MTails: checks
*** TURN *** [7h 6s 5h] [6h]
Mite1981: checks
MTails: bets $6
Mite1981: calls $6
*** RIVER *** [7h 6s 5h 6h] [Tc]
Mite1981: checks
MTails: bets $6
Mite1981: calls $6
*** SHOW DOWN ***
MTails: shows [2d 9h] (a pair of Sixes)
Mite1981: shows [9d Ac] (a pair of Sixes - Ace kicker)
Mite1981 collected $35.50 from pot
*** SUMMARY ***
Total pot $36 | Rake $0.50
Board [7h 6s 5h 6h Tc]
Seat 1: Mite1981 (big blind) showed [9d Ac] and won ($35.50) with a pair of Sixes
Seat 2: MTails (button) (small blind) showed [2d 9h] and lost with a pair of Sixes


PokerStars Hand #144472865377:  Hold'em Limit ($3/$6 USD) - 2015/11/27 15:24:05 ET
Table 'Lysithea III' 2-max Seat #2 is the button
Seat 1: Mite1981 ($855.29 in chips)
Seat 2: MTails ($245.07 in chips)
MTails: posts small blind $1
Mite1981: posts big blind $3
*** HOLE CARDS ***
MTails: raises $3 to $6
Mite1981: calls $3
*** FLOP *** [8c 9d Qh]
Mite1981: checks
MTails: bets $3
Mite1981: calls $3
*** TURN *** [8c 9d Qh] [Jc]
Mite1981: checks
MTails: checks
*** RIVER *** [8c 9d Qh Jc] [7s]
Mite1981: checks
MTails: checks
*** SHOW DOWN ***
Mite1981: shows [6d 9h] (a pair of Nines)
MTails: mucks hand
Mite1981 collected $17.64 from pot
*** SUMMARY ***
Total pot $18 | Rake $0.36
Board [8c 9d Qh Jc 7s]
Seat 1: Mite1981 (big blind) showed [6d 9h] and won ($17.64) with a pair of Nines
Seat 2: MTails (button) (small blind) mucked


PokerStars Hand #144472902793:  Hold'em Limit ($3/$6 USD) - 2015/11/27 15:24:45 ET
Table 'Lysithea III' 2-max Seat #1 is the button
Seat 1: Mite1981 ($874.45 in chips)
Seat 2: MTails ($225.07 in chips)
Mite1981: posts small blind $1
MTails: posts big blind $3
*** HOLE CARDS ***
Mite1981: raises $3 to $6
MTails: calls $3
*** FLOP *** [8c Qd Js]
MTails: checks
Mite1981: bets $3
MTails: calls $3
*** TURN *** [8c Qd Js] [2d]
MTails: checks
Mite1981: bets $6
MTails: raises $6 to $12
Mite1981: calls $6
*** RIVER *** [8c Qd Js 2d] [Jc]
MTails: bets $6
Mite1981: folds
Uncalled bet ($6) returned to MTails
MTails collected $41.50 from pot
*** SUMMARY ***
Total pot $42 | Rake $0.50
Board [8c Qd Js 2d Jc]
Seat 1: Mite1981 (button) (small blind) folded on the River
Seat 2: MTails (big blind) collected ($41.50)


PokerStars Hand #144472920743:  Hold'em Limit ($3/$6 USD) - 2015/11/27 15:25:04 ET
Table 'Lysithea III' 2-max Seat #2 is the button
Seat 1: Mite1981 ($853.45 in chips)
Seat 2: MTails ($245.57 in chips)
MTails: posts small blind $1
Mite1981: posts big blind $3
*** HOLE CARDS ***
MTails: raises $3 to $6
Mite1981: calls $3
*** FLOP *** [6s 3d 8d]
Mite1981: checks
MTails: checks
*** TURN *** [6s 3d 8d] [Js]
Mite1981: checks
MTails: bets $6
Mite1981: calls $6
*** RIVER *** [6s 3d 8d Js] [7s]
Mite1981: checks
MTails: bets $6
Mite1981: raises $6 to $12
MTails: calls $6
*** SHOW DOWN ***
Mite1981: shows [4s 2s] (a flush, Jack high)
MTails: mucks hand
Mite1981 collected $47.50 from pot
*** SUMMARY ***
Total pot $48 | Rake $0.50
Board [6s 3d 8d Js 7s]
Seat 1: Mite1981 (big blind) showed [4s 2s] and won ($47.50) with a flush, Jack high
Seat 2: MTails (button) (small blind) mucked


PokerStars Hand #144472889015:  Hold'em Limit ($3/$6 USD) - 2015/11/27 15:24:31 ET
Table 'Lysithea III' 2-max Seat #2 is the button
Seat 1: Mite1981 ($862.93 in chips)
Seat 2: MTails ($237.07 in chips)
MTails: posts small blind $1
Mite1981: posts big blind $3
*** HOLE CARDS ***
MTails: raises $3 to $6
Mite1981: calls $3
*** FLOP *** [6h 7s 8s]
Mite1981: checks
MTails: checks
*** TURN *** [6h 7s 8s] [Jd]
Mite1981: bets $6
MTails: calls $6
*** RIVER *** [6h 7s 8s Jd] [Qd]
Mite1981: bets $6
MTails: folds
Uncalled bet ($6) returned to Mite1981
Mite1981 collected $23.52 from pot
Mite1981: doesn't show hand
*** SUMMARY ***
Total pot $24 | Rake $0.48
Board [6h 7s 8s Jd Qd]
Seat 1: Mite1981 (big blind) collected ($23.52)
Seat 2: MTails (button) (small blind) folded on the River


