PokerStars Hand #167194703001:  Hold'em Limit ($3/$6 USD) - 2017/03/06 8:42:26 ET
Table 'Lysithea III' 6-max Seat #5 is the button
Seat 5: ChawkDee ($78.75 in chips)
Seat 6: aremom4e ($29 in chips)
ChawkDee: posts small blind $1
aremom4e: posts big blind $3
*** HOLE CARDS ***
ChawkDee: raises $3 to $6
aremom4e: raises $3 to $9
ChawkDee: calls $3
*** FLOP *** [Js 4h 7h]
aremom4e: bets $3
ChawkDee: folds
Uncalled bet ($3) returned to aremom4e
aremom4e collected $17.64 from pot
aremom4e: doesn't show hand
*** SUMMARY ***
Total pot $18 | Rake $0.36
Board [Js 4h 7h]
Seat 5: ChawkDee (button) (small blind) folded on the Flop
Seat 6: aremom4e (big blind) collected ($17.64)


PokerStars Hand #167194709297:  Hold'em Limit ($3/$6 USD) - 2017/03/06 8:42:38 ET
Table 'Lysithea III' 6-max Seat #6 is the button
Seat 5: ChawkDee ($69.75 in chips)
Seat 6: aremom4e ($37.64 in chips)
aremom4e: posts small blind $1
ChawkDee: posts big blind $3
*** HOLE CARDS ***
aremom4e: raises $3 to $6
ChawkDee: calls $3
*** FLOP *** [3c Js 5c]
ChawkDee: checks
PikkuHUMPPA joins the table at seat #1
aremom4e: bets $3
ChawkDee: folds
Uncalled bet ($3) returned to aremom4e
aremom4e collected $11.76 from pot
aremom4e: doesn't show hand
*** SUMMARY ***
Total pot $12 | Rake $0.24
Board [3c Js 5c]
Seat 5: ChawkDee (big blind) folded on the Flop
Seat 6: aremom4e (button) (small blind) collected ($11.76)


PokerStars Hand #167194717297:  Hold'em Limit ($3/$6 USD) - 2017/03/06 8:42:52 ET
Table 'Lysithea III' 6-max Seat #5 is the button
Seat 5: ChawkDee ($63.75 in chips)
Seat 6: aremom4e ($43.40 in chips)
ChawkDee: posts small blind $1
aremom4e: posts big blind $3
*** HOLE CARDS ***
ChawkDee: raises $3 to $6
aremom4e: calls $3
*** FLOP *** [Ks Js 9h]
aremom4e: checks
ChawkDee: bets $3
aremom4e: folds
Uncalled bet ($3) returned to ChawkDee
ChawkDee collected $11.76 from pot
ChawkDee: doesn't show hand
*** SUMMARY ***
Total pot $12 | Rake $0.24
Board [Ks Js 9h]
Seat 5: ChawkDee (button) (small blind) collected ($11.76)
Seat 6: aremom4e (big blind) folded on the Flop


