PokerStars Hand #144872052283:  Hold'em Limit ($3/$6 USD) - 2015/12/05 14:30:49 ET
Table 'Lyyli II' 2-max Seat #2 is the button
Seat 1: cbarnes ($577.50 in chips)
Seat 2: Fess7791 ($60 in chips)
Fess7791: posts small blind $1
cbarnes: posts big blind $3
*** HOLE CARDS ***
Fess7791: raises $3 to $6
cbarnes: calls $3
*** FLOP *** [2h 3c Qc]
cbarnes: checks
Fess7791: bets $3
cbarnes: folds
Uncalled bet ($3) returned to Fess7791
Fess7791 collected $11.76 from pot
Fess7791: doesn't show hand
*** SUMMARY ***
Total pot $12 | Rake $0.24
Board [2h 3c Qc]
Seat 1: cbarnes (big blind) folded on the Flop
Seat 2: Fess7791 (button) (small blind) collected ($11.76)


PokerStars Hand #144872037138:  Hold'em Limit ($3/$6 USD) - 2015/12/05 14:30:31 ET
Table 'Lyyli II' 2-max Seat #1 is the button
Seat 1: cbarnes ($563 in chips)
Seat 2: Fess7791 ($60 in chips)
cbarnes: posts small blind $1
Fess7791: posts big blind $3
*** HOLE CARDS ***
cbarnes: raises $3 to $6
Fess7791: calls $3
*** FLOP *** [6d 3s 2d]
Fess7791: checks
cbarnes: bets $3
Fess7791: calls $3
*** TURN *** [6d 3s 2d] [Jd]
Fess7791: checks
cbarnes: checks
*** RIVER *** [6d 3s 2d Jd] [Js]
Fess7791: bets $6
cbarnes: calls $6
*** SHOW DOWN ***
Fess7791: shows [9h 8d] (a pair of Jacks)
cbarnes: shows [Ah Qh] (a pair of Jacks - Ace kicker)
cbarnes collected $29.50 from pot
*** SUMMARY ***
Total pot $30 | Rake $0.50
Board [6d 3s 2d Jd Js]
Seat 1: cbarnes (button) (small blind) showed [Ah Qh] and won ($29.50) with a pair of Jacks
Seat 2: Fess7791 (big blind) showed [9h 8d] and lost with a pair of Jacks


PokerStars Hand #144872031966:  Hold'em Limit ($3/$6 USD) - 2015/12/05 14:30:25 ET
Table 'Lyyli II' 2-max Seat #2 is the button
Seat 1: cbarnes ($562 in chips)
Seat 2: Fess7791 ($60 in chips)
Fess7791: posts small blind $1
cbarnes: posts big blind $3
*** HOLE CARDS ***
Fess7791: folds
Uncalled bet ($2) returned to cbarnes
cbarnes collected $2 from pot
cbarnes: doesn't show hand
*** SUMMARY ***
Total pot $2 | Rake $0
Seat 1: cbarnes (big blind) collected ($2)
Seat 2: Fess7791 (button) (small blind) folded before Flop


PokerStars Hand #144872097362:  Hold'em Limit ($3/$6 USD) - 2015/12/05 14:31:39 ET
Table 'Lyyli II' 2-max Seat #2 is the button
Seat 1: cbarnes ($544.50 in chips)
Seat 2: Fess7791 ($91.78 in chips)
Fess7791: posts small blind $1
cbarnes: posts big blind $3
*** HOLE CARDS ***
Fess7791: raises $3 to $6
cbarnes: calls $3
*** FLOP *** [5s As 7d]
cbarnes: checks
Fess7791: bets $3
cbarnes: calls $3
*** TURN *** [5s As 7d] [5d]
cbarnes: checks
Fess7791: checks
*** RIVER *** [5s As 7d 5d] [9h]
cbarnes: checks
Fess7791: bets $6
cbarnes: calls $6
*** SHOW DOWN ***
Fess7791: shows [6d 8h] (a straight, Five to Nine)
cbarnes: mucks hand
Fess7791 collected $29.50 from pot
*** SUMMARY ***
Total pot $30 | Rake $0.50
Board [5s As 7d 5d 9h]
Seat 1: cbarnes (big blind) mucked
Seat 2: Fess7791 (button) (small blind) showed [6d 8h] and won ($29.50) with a straight, Five to Nine


PokerStars Hand #144872091611:  Hold'em Limit ($3/$6 USD) - 2015/12/05 14:31:33 ET
Table 'Lyyli II' 2-max Seat #1 is the button
Seat 1: cbarnes ($541.50 in chips)
Seat 2: Fess7791 ($94.78 in chips)
cbarnes: posts small blind $1
Fess7791: posts big blind $3
*** HOLE CARDS ***
cbarnes: raises $3 to $6
Fess7791: folds
Uncalled bet ($3) returned to cbarnes
cbarnes collected $6 from pot
cbarnes: doesn't show hand
*** SUMMARY ***
Total pot $6 | Rake $0
Seat 1: cbarnes (button) (small blind) collected ($6)
Seat 2: Fess7791 (big blind) folded before Flop


PokerStars Hand #144872073093:  Hold'em Limit ($3/$6 USD) - 2015/12/05 14:31:12 ET
Table 'Lyyli II' 2-max Seat #2 is the button
Seat 1: cbarnes ($559.50 in chips)
Seat 2: Fess7791 ($77.28 in chips)
Fess7791: posts small blind $1
cbarnes: posts big blind $3
*** HOLE CARDS ***
Fess7791: raises $3 to $6
cbarnes: raises $3 to $9
Fess7791: calls $3
*** FLOP *** [5d 4s Ts]
cbarnes: bets $3
Fess7791: calls $3
*** TURN *** [5d 4s Ts] [Jc]
cbarnes: bets $6
Fess7791: calls $6
*** RIVER *** [5d 4s Ts Jc] [5s]
cbarnes: checks
Fess7791: checks
*** SHOW DOWN ***
cbarnes: shows [7c 7h] (two pair, Sevens and Fives)
Fess7791: shows [Th 8s] (two pair, Tens and Fives)
Fess7791 collected $35.50 from pot
*** SUMMARY ***
Total pot $36 | Rake $0.50
Board [5d 4s Ts Jc 5s]
Seat 1: cbarnes (big blind) showed [7c 7h] and lost with two pair, Sevens and Fives
Seat 2: Fess7791 (button) (small blind) showed [Th 8s] and won ($35.50) with two pair, Tens and Fives


PokerStars Hand #144872060879:  Hold'em Limit ($3/$6 USD) - 2015/12/05 14:30:58 ET
Table 'Lyyli II' 2-max Seat #1 is the button
Seat 1: cbarnes ($571.50 in chips)
Seat 2: Fess7791 ($65.76 in chips)
cbarnes: posts small blind $1
Fess7791: posts big blind $3
*** HOLE CARDS ***
cbarnes: raises $3 to $6
Fess7791: raises $3 to $9
cbarnes: calls $3
*** FLOP *** [8d Ad 9s]
Fess7791: bets $3
cbarnes: calls $3
*** TURN *** [8d Ad 9s] [4c]
Fess7791: bets $6
cbarnes: folds
Uncalled bet ($6) returned to Fess7791
Fess7791 collected $23.52 from pot
Fess7791: doesn't show hand
*** SUMMARY ***
Total pot $24 | Rake $0.48
Board [8d Ad 9s 4c]
Seat 1: cbarnes (button) (small blind) folded on the Turn
Seat 2: Fess7791 (big blind) collected ($23.52)


PokerStars Hand #144872145528:  Hold'em Limit ($3/$6 USD) - 2015/12/05 14:32:33 ET
Table 'Lyyli II' 2-max Seat #1 is the button
Seat 1: cbarnes ($539.90 in chips)
Seat 2: Fess7791 ($95.28 in chips)
cbarnes: posts small blind $1
Fess7791: posts big blind $3
*** HOLE CARDS ***
cbarnes: raises $3 to $6
Fess7791: calls $3
*** FLOP *** [Qd 5c Jd]
Fess7791: checks
cbarnes: bets $3
Fess7791: raises $3 to $6
cbarnes: calls $3
*** TURN *** [Qd 5c Jd] [Th]
Fess7791: bets $6
cbarnes: folds
Uncalled bet ($6) returned to Fess7791
Fess7791 collected $23.52 from pot
Fess7791: doesn't show hand
*** SUMMARY ***
Total pot $24 | Rake $0.48
Board [Qd 5c Jd Th]
Seat 1: cbarnes (button) (small blind) folded on the Turn
Seat 2: Fess7791 (big blind) collected ($23.52)


PokerStars Hand #144872140122:  Hold'em Limit ($3/$6 USD) - 2015/12/05 14:32:27 ET
Table 'Lyyli II' 2-max Seat #2 is the button
Seat 1: cbarnes ($542.90 in chips)
Seat 2: Fess7791 ($92.28 in chips)
Fess7791: posts small blind $1
cbarnes: posts big blind $3
*** HOLE CARDS ***
Fess7791: raises $3 to $6
cbarnes: folds
Uncalled bet ($3) returned to Fess7791
Fess7791 collected $6 from pot
Fess7791: doesn't show hand
*** SUMMARY ***
Total pot $6 | Rake $0
Seat 1: cbarnes (big blind) folded before Flop
Seat 2: Fess7791 (button) (small blind) collected ($6)


PokerStars Hand #144872130218:  Hold'em Limit ($3/$6 USD) - 2015/12/05 14:32:16 ET
Table 'Lyyli II' 2-max Seat #1 is the button
Seat 1: cbarnes ($537.14 in chips)
Seat 2: Fess7791 ($98.28 in chips)
cbarnes: posts small blind $1
Fess7791: posts big blind $3
*** HOLE CARDS ***
cbarnes: raises $3 to $6
Fess7791: calls $3
*** FLOP *** [8d 6d 4d]
Fess7791: checks
cbarnes: bets $3
Fess7791: folds
Uncalled bet ($3) returned to cbarnes
cbarnes collected $11.76 from pot
cbarnes: doesn't show hand
*** SUMMARY ***
Total pot $12 | Rake $0.24
Board [8d 6d 4d]
Seat 1: cbarnes (button) (small blind) collected ($11.76)
Seat 2: Fess7791 (big blind) folded on the Flop


PokerStars Hand #144872120775:  Hold'em Limit ($3/$6 USD) - 2015/12/05 14:32:05 ET
Table 'Lyyli II' 2-max Seat #2 is the button
Seat 1: cbarnes ($528.50 in chips)
Seat 2: Fess7791 ($107.28 in chips)
Fess7791: posts small blind $1
cbarnes: posts big blind $3
*** HOLE CARDS ***
Fess7791: raises $3 to $6
cbarnes: raises $3 to $9
Fess7791: calls $3
*** FLOP *** [7h Ad As]
cbarnes: bets $3
Fess7791: folds
Uncalled bet ($3) returned to cbarnes
cbarnes collected $17.64 from pot
cbarnes: doesn't show hand
*** SUMMARY ***
Total pot $18 | Rake $0.36
Board [7h Ad As]
Seat 1: cbarnes (big blind) collected ($17.64)
Seat 2: Fess7791 (button) (small blind) folded on the Flop


PokerStars Hand #144872116096:  Hold'em Limit ($3/$6 USD) - 2015/12/05 14:32:00 ET
Table 'Lyyli II' 2-max Seat #1 is the button
Seat 1: cbarnes ($529.50 in chips)
Seat 2: Fess7791 ($106.28 in chips)
cbarnes: posts small blind $1
Fess7791: posts big blind $3
*** HOLE CARDS ***
cbarnes: folds
Uncalled bet ($2) returned to Fess7791
Fess7791 collected $2 from pot
Fess7791: doesn't show hand
*** SUMMARY ***
Total pot $2 | Rake $0
Seat 1: cbarnes (button) (small blind) folded before Flop
Seat 2: Fess7791 (big blind) collected ($2)


PokerStars Hand #144872202531:  Hold'em Limit ($3/$6 USD) - 2015/12/05 14:33:36 ET
Table 'Lyyli II' 2-max Seat #2 is the button
Seat 1: cbarnes ($527.40 in chips)
Seat 2: Fess7791 ($106.30 in chips)
Fess7791: posts small blind $1
cbarnes: posts big blind $3
*** HOLE CARDS ***
Fess7791: raises $3 to $6
cbarnes: calls $3
*** FLOP *** [9h Kc 3s]
cbarnes: checks
Fess7791: bets $3
cbarnes: raises $3 to $6
Fess7791: calls $3
*** TURN *** [9h Kc 3s] [Ts]
cbarnes: bets $6
Fess7791: raises $6 to $12
cbarnes: folds
Uncalled bet ($6) returned to Fess7791
Fess7791 collected $35.50 from pot
Fess7791: doesn't show hand
*** SUMMARY ***
Total pot $36 | Rake $0.50
Board [9h Kc 3s Ts]
Seat 1: cbarnes (big blind) folded on the Turn
Seat 2: Fess7791 (button) (small blind) collected ($35.50)


PokerStars Hand #144872182633:  Hold'em Limit ($3/$6 USD) - 2015/12/05 14:33:14 ET
Table 'Lyyli II' 2-max Seat #1 is the button
Seat 1: cbarnes ($551.40 in chips)
Seat 2: Fess7791 ($82.80 in chips)
cbarnes: posts small blind $1
Fess7791: posts big blind $3
*** HOLE CARDS ***
cbarnes: raises $3 to $6
Fess7791: calls $3
*** FLOP *** [4s Ks 5h]
Fess7791: checks
cbarnes: bets $3
Fess7791: raises $3 to $6
cbarnes: calls $3
*** TURN *** [4s Ks 5h] [2h]
Fess7791: bets $6
cbarnes: calls $6
*** RIVER *** [4s Ks 5h 2h] [7d]
Fess7791: bets $6
cbarnes: calls $6
*** SHOW DOWN ***
Fess7791: shows [5s Kd] (two pair, Kings and Fives)
cbarnes: mucks hand
Fess7791 collected $47.50 from pot
*** SUMMARY ***
Total pot $48 | Rake $0.50
Board [4s Ks 5h 2h 7d]
Seat 1: cbarnes (button) (small blind) mucked
Seat 2: Fess7791 (big blind) showed [5s Kd] and won ($47.50) with two pair, Kings and Fives


PokerStars Hand #144872160221:  Hold'em Limit ($3/$6 USD) - 2015/12/05 14:32:49 ET
Table 'Lyyli II' 2-max Seat #2 is the button
Seat 1: cbarnes ($527.90 in chips)
Seat 2: Fess7791 ($106.80 in chips)
Fess7791: posts small blind $1
cbarnes: posts big blind $3
*** HOLE CARDS ***
Fess7791: raises $3 to $6
cbarnes: calls $3
*** FLOP *** [3d 9c 2h]
cbarnes: checks
Fess7791: bets $3
cbarnes: raises $3 to $6
Fess7791: calls $3
*** TURN *** [3d 9c 2h] [4s]
cbarnes: bets $6
Fess7791: calls $6
*** RIVER *** [3d 9c 2h 4s] [8c]
cbarnes: bets $6
Fess7791: calls $6
*** SHOW DOWN ***
cbarnes: shows [Qd 9h] (a pair of Nines)
Fess7791: mucks hand
cbarnes collected $47.50 from pot
*** SUMMARY ***
Total pot $48 | Rake $0.50
Board [3d 9c 2h 4s 8c]
Seat 1: cbarnes (big blind) showed [Qd 9h] and won ($47.50) with a pair of Nines
Seat 2: Fess7791 (button) (small blind) mucked


PokerStars Hand #144872246263:  Hold'em Limit ($3/$6 USD) - 2015/12/05 14:34:25 ET
Table 'Lyyli II' 2-max Seat #1 is the button
Seat 1: cbarnes ($502.40 in chips)
Seat 2: Fess7791 ($130.56 in chips)
cbarnes: posts small blind $1
Fess7791: posts big blind $3
*** HOLE CARDS ***
cbarnes: raises $3 to $6
Fess7791: calls $3
*** FLOP *** [6h 8d Qd]
Fess7791: checks
cbarnes: bets $3
Fess7791: calls $3
*** TURN *** [6h 8d Qd] [Js]
Fess7791: checks
cbarnes: checks
*** RIVER *** [6h 8d Qd Js] [Jh]
Fess7791: bets $6
cbarnes: calls $6
*** SHOW DOWN ***
Fess7791: shows [Th Jc] (three of a kind, Jacks)
cbarnes: mucks hand
Fess7791 collected $29.50 from pot
*** SUMMARY ***
Total pot $30 | Rake $0.50
Board [6h 8d Qd Js Jh]
Seat 1: cbarnes (button) (small blind) mucked
Seat 2: Fess7791 (big blind) showed [Th Jc] and won ($29.50) with three of a kind, Jacks


PokerStars Hand #144872236421:  Hold'em Limit ($3/$6 USD) - 2015/12/05 14:34:14 ET
Table 'Lyyli II' 2-max Seat #2 is the button
Seat 1: cbarnes ($508.40 in chips)
Seat 2: Fess7791 ($124.80 in chips)
Fess7791: posts small blind $1
cbarnes: posts big blind $3
*** HOLE CARDS ***
Fess7791: raises $3 to $6
cbarnes: calls $3
*** FLOP *** [7c Qd Th]
cbarnes: checks
Fess7791: bets $3
cbarnes: folds
Uncalled bet ($3) returned to Fess7791
Fess7791 collected $11.76 from pot
Fess7791: doesn't show hand
*** SUMMARY ***
Total pot $12 | Rake $0.24
Board [7c Qd Th]
Seat 1: cbarnes (big blind) folded on the Flop
Seat 2: Fess7791 (button) (small blind) collected ($11.76)


PokerStars Hand #144872231507:  Hold'em Limit ($3/$6 USD) - 2015/12/05 14:34:09 ET
Table 'Lyyli II' 2-max Seat #1 is the button
Seat 1: cbarnes ($509.40 in chips)
Seat 2: Fess7791 ($123.80 in chips)
cbarnes: posts small blind $1
Fess7791: posts big blind $3
*** HOLE CARDS ***
cbarnes: folds
Uncalled bet ($2) returned to Fess7791
Fess7791 collected $2 from pot
Fess7791: doesn't show hand
*** SUMMARY ***
Total pot $2 | Rake $0
Seat 1: cbarnes (button) (small blind) folded before Flop
Seat 2: Fess7791 (big blind) collected ($2)


PokerStars Hand #144872226272:  Hold'em Limit ($3/$6 USD) - 2015/12/05 14:34:03 ET
Table 'Lyyli II' 2-max Seat #2 is the button
Seat 1: cbarnes ($512.40 in chips)
Seat 2: Fess7791 ($120.80 in chips)
Fess7791: posts small blind $1
cbarnes: posts big blind $3
*** HOLE CARDS ***
Fess7791: raises $3 to $6
cbarnes: folds
Uncalled bet ($3) returned to Fess7791
Fess7791 collected $6 from pot
Fess7791: doesn't show hand
*** SUMMARY ***
Total pot $6 | Rake $0
Seat 1: cbarnes (big blind) folded before Flop
Seat 2: Fess7791 (button) (small blind) collected ($6)


PokerStars Hand #144872220022:  Hold'em Limit ($3/$6 USD) - 2015/12/05 14:33:56 ET
Table 'Lyyli II' 2-max Seat #1 is the button
Seat 1: cbarnes ($509.40 in chips)
Seat 2: Fess7791 ($123.80 in chips)
cbarnes: posts small blind $1
Fess7791: posts big blind $3
*** HOLE CARDS ***
cbarnes: raises $3 to $6
Fess7791: folds
Uncalled bet ($3) returned to cbarnes
cbarnes collected $6 from pot
cbarnes: doesn't show hand
*** SUMMARY ***
Total pot $6 | Rake $0
Seat 1: cbarnes (button) (small blind) collected ($6)
Seat 2: Fess7791 (big blind) folded before Flop


