PokerStars Hand #146445743901:  Hold'em Limit ($3/$6 USD) - 2016/01/04 8:26:51 ET
Table 'Lyyli II' 10-max Seat #10 is the button
Seat 8: belik555 ($149.51 in chips)
Seat 10: paulcantplay ($244 in chips)
paulcantplay: posts small blind $1
Pandakey: is sitting out
belik555: posts big blind $3
*** HOLE CARDS ***
paulcantplay: raises $3 to $6
belik555: calls $3
*** FLOP *** [Ah Kd Qd]
belik555: checks
paulcantplay: bets $3
belik555: calls $3
*** TURN *** [Ah Kd Qd] [Qc]
belik555: checks
paulcantplay: bets $6
belik555: calls $6
*** RIVER *** [Ah Kd Qd Qc] [As]
belik555: checks
paulcantplay: checks
*** SHOW DOWN ***
belik555: shows [5d Kc] (two pair, Aces and Kings)
paulcantplay: shows [Th Qs] (a full house, Queens full of Aces)
paulcantplay collected $29.50 from pot
*** SUMMARY ***
Total pot $30 | Rake $0.50
Board [Ah Kd Qd Qc As]
Seat 8: belik555 (big blind) showed [5d Kc] and lost with two pair, Aces and Kings
Seat 10: paulcantplay (button) (small blind) showed [Th Qs] and won ($29.50) with a full house, Queens full of Aces


PokerStars Hand #146445769240:  Hold'em Limit ($3/$6 USD) - 2016/01/04 8:27:28 ET
Table 'Lyyli II' 10-max Seat #8 is the button
Seat 8: belik555 ($134.51 in chips)
Seat 10: paulcantplay ($258.50 in chips)
belik555: posts small blind $1
paulcantplay: posts big blind $3
*** HOLE CARDS ***
belik555: raises $3 to $6
paulcantplay: calls $3
*** FLOP *** [7d Ah 4d]
paulcantplay: checks
belik555: bets $3
paulcantplay: calls $3
*** TURN *** [7d Ah 4d] [9h]
Pandakey leaves the table
paulcantplay: checks
belik555: checks
*** RIVER *** [7d Ah 4d 9h] [9s]
paulcantplay: checks
belik555: checks
*** SHOW DOWN ***
paulcantplay: shows [2c 5d] (a pair of Nines)
belik555: shows [Js 3h] (a pair of Nines - Ace+Jack kicker)
belik555 collected $17.64 from pot
*** SUMMARY ***
Total pot $18 | Rake $0.36
Board [7d Ah 4d 9h 9s]
Seat 8: belik555 (button) (small blind) showed [Js 3h] and won ($17.64) with a pair of Nines
Seat 10: paulcantplay (big blind) showed [2c 5d] and lost with a pair of Nines


PokerStars Hand #146445788875:  Hold'em Limit ($3/$6 USD) - 2016/01/04 8:27:56 ET
Table 'Lyyli II' 10-max Seat #8 is the button
Seat 8: belik555 ($144.15 in chips)
Seat 10: paulcantplay ($248.50 in chips)
belik555: posts small blind $1
paulcantplay: posts big blind $3
*** HOLE CARDS ***
belik555: raises $3 to $6
paulcantplay: folds
Uncalled bet ($3) returned to belik555
belik555 collected $6 from pot
belik555: doesn't show hand
*** SUMMARY ***
Total pot $6 | Rake $0
Seat 8: belik555 (button) (small blind) collected ($6)
Seat 10: paulcantplay (big blind) folded before Flop


PokerStars Hand #146445784958:  Hold'em Limit ($3/$6 USD) - 2016/01/04 8:27:50 ET
Table 'Lyyli II' 10-max Seat #10 is the button
Seat 8: belik555 ($143.15 in chips)
Seat 10: paulcantplay ($249.50 in chips)
paulcantplay: posts small blind $1
belik555: posts big blind $3
*** HOLE CARDS ***
paulcantplay: folds
Uncalled bet ($2) returned to belik555
belik555 collected $2 from pot
belik555: doesn't show hand
*** SUMMARY ***
Total pot $2 | Rake $0
Seat 8: belik555 (big blind) collected ($2)
Seat 10: paulcantplay (button) (small blind) folded before Flop


PokerStars Hand #146445793464:  Hold'em Limit ($3/$6 USD) - 2016/01/04 8:28:02 ET
Table 'Lyyli II' 10-max Seat #10 is the button
Seat 8: belik555 ($147.15 in chips)
Seat 10: paulcantplay ($245.50 in chips)
paulcantplay: posts small blind $1
belik555: posts big blind $3
*** HOLE CARDS ***
paulcantplay: raises $3 to $6
belik555: folds
Uncalled bet ($3) returned to paulcantplay
paulcantplay collected $6 from pot
*** SUMMARY ***
Total pot $6 | Rake $0
Seat 8: belik555 (big blind) folded before Flop
Seat 10: paulcantplay (button) (small blind) collected ($6)


PokerStars Hand #146445814509:  Hold'em Limit ($3/$6 USD) - 2016/01/04 8:28:33 ET
Table 'Lyyli II' 10-max Seat #10 is the button
Seat 8: belik555 ($167.65 in chips)
Seat 10: paulcantplay ($224.50 in chips)
paulcantplay: posts small blind $1
belik555: posts big blind $3
*** HOLE CARDS ***
paulcantplay: folds
Uncalled bet ($2) returned to belik555
belik555 collected $2 from pot
belik555: doesn't show hand
*** SUMMARY ***
Total pot $2 | Rake $0
Seat 8: belik555 (big blind) collected ($2)
Seat 10: paulcantplay (button) (small blind) folded before Flop


PokerStars Hand #146445798799:  Hold'em Limit ($3/$6 USD) - 2016/01/04 8:28:10 ET
Table 'Lyyli II' 10-max Seat #8 is the button
Seat 8: belik555 ($144.15 in chips)
Seat 10: paulcantplay ($248.50 in chips)
belik555: posts small blind $1
paulcantplay: posts big blind $3
*** HOLE CARDS ***
belik555: raises $3 to $6
paulcantplay: raises $3 to $9
belik555: calls $3
*** FLOP *** [Qc 5d 8c]
paulcantplay: bets $3
belik555: calls $3
*** TURN *** [Qc 5d 8c] [7h]
paulcantplay: bets $6
belik555: calls $6
*** RIVER *** [Qc 5d 8c 7h] [4h]
paulcantplay: bets $6
belik555: calls $6
*** SHOW DOWN ***
paulcantplay: shows [Ac Kd] (high card Ace)
belik555: shows [Jh 5s] (a pair of Fives)
belik555 collected $47.50 from pot
*** SUMMARY ***
Total pot $48 | Rake $0.50
Board [Qc 5d 8c 7h 4h]
Seat 8: belik555 (button) (small blind) showed [Jh 5s] and won ($47.50) with a pair of Fives
Seat 10: paulcantplay (big blind) showed [Ac Kd] and lost with high card Ace


PokerStars Hand #146445829668:  Hold'em Limit ($3/$6 USD) - 2016/01/04 8:28:55 ET
Table 'Lyyli II' 10-max Seat #10 is the button
Seat 8: belik555 ($174.41 in chips)
Seat 10: paulcantplay ($217.50 in chips)
paulcantplay: posts small blind $1
belik555: posts big blind $3
*** HOLE CARDS ***
paulcantplay: folds
Uncalled bet ($2) returned to belik555
belik555 collected $2 from pot
belik555: doesn't show hand
*** SUMMARY ***
Total pot $2 | Rake $0
Seat 8: belik555 (big blind) collected ($2)
Seat 10: paulcantplay (button) (small blind) folded before Flop


PokerStars Hand #146445818258:  Hold'em Limit ($3/$6 USD) - 2016/01/04 8:28:38 ET
Table 'Lyyli II' 10-max Seat #8 is the button
Seat 8: belik555 ($168.65 in chips)
Seat 10: paulcantplay ($223.50 in chips)
belik555: posts small blind $1
paulcantplay: posts big blind $3
*** HOLE CARDS ***
belik555: raises $3 to $6
paulcantplay: calls $3
*** FLOP *** [9h 4d Kd]
paulcantplay: checks
belik555: bets $3
paulcantplay: folds
Uncalled bet ($3) returned to belik555
belik555 collected $11.76 from pot
belik555: doesn't show hand
*** SUMMARY ***
Total pot $12 | Rake $0.24
Board [9h 4d Kd]
Seat 8: belik555 (button) (small blind) collected ($11.76)
Seat 10: paulcantplay (big blind) folded on the Flop


PokerStars Hand #146445833621:  Hold'em Limit ($3/$6 USD) - 2016/01/04 8:29:01 ET
Table 'Lyyli II' 10-max Seat #8 is the button
Seat 8: belik555 ($175.41 in chips)
Seat 10: paulcantplay ($216.50 in chips)
belik555: posts small blind $1
paulcantplay: posts big blind $3
*** HOLE CARDS ***
belik555: raises $3 to $6
paulcantplay: raises $3 to $9
belik555: calls $3
*** FLOP *** [5s 5c Ts]
paulcantplay: bets $3
belik555: calls $3
*** TURN *** [5s 5c Ts] [Th]
paulcantplay: bets $6
belik555: calls $6
*** RIVER *** [5s 5c Ts Th] [3d]
paulcantplay: bets $6
belik555: calls $6
*** SHOW DOWN ***
paulcantplay: shows [Qd Qs] (two pair, Queens and Tens)
belik555: mucks hand
paulcantplay collected $47.50 from pot
*** SUMMARY ***
Total pot $48 | Rake $0.50
Board [5s 5c Ts Th 3d]
Seat 8: belik555 (button) (small blind) mucked
Seat 10: paulcantplay (big blind) showed [Qd Qs] and won ($47.50) with two pair, Queens and Tens


PokerStars Hand #146445879323:  Hold'em Limit ($3/$6 USD) - 2016/01/04 8:30:05 ET
Table 'Lyyli II' 10-max Seat #10 is the button
Seat 8: belik555 ($137.41 in chips)
Seat 10: paulcantplay ($253.50 in chips)
paulcantplay: posts small blind $1
belik555: posts big blind $3
*** HOLE CARDS ***
paulcantplay: raises $3 to $6
belik555: calls $3
*** FLOP *** [5d Tc 7d]
belik555: checks
paulcantplay: bets $3
belik555: raises $3 to $6
paulcantplay: calls $3
*** TURN *** [5d Tc 7d] [6s]
belik555: bets $6
paulcantplay: calls $6
*** RIVER *** [5d Tc 7d 6s] [Js]
belik555: bets $6
paulcantplay: calls $6
*** SHOW DOWN ***
belik555: shows [5h 9d] (a pair of Fives)
paulcantplay: shows [8c Jc] (a pair of Jacks)
paulcantplay collected $47.50 from pot
*** SUMMARY ***
Total pot $48 | Rake $0.50
Board [5d Tc 7d 6s Js]
Seat 8: belik555 (big blind) showed [5h 9d] and lost with a pair of Fives
Seat 10: paulcantplay (button) (small blind) showed [8c Jc] and won ($47.50) with a pair of Jacks


PokerStars Hand #146445864062:  Hold'em Limit ($3/$6 USD) - 2016/01/04 8:29:45 ET
Table 'Lyyli II' 10-max Seat #8 is the button
Seat 8: belik555 ($152.41 in chips)
Seat 10: paulcantplay ($239 in chips)
belik555: posts small blind $1
paulcantplay: posts big blind $3
*** HOLE CARDS ***
belik555: raises $3 to $6
paulcantplay: calls $3
*** FLOP *** [6c 8d 5d]
paulcantplay: checks
belik555: bets $3
paulcantplay: calls $3
*** TURN *** [6c 8d 5d] [9d]
paulcantplay: checks
belik555: checks
*** RIVER *** [6c 8d 5d 9d] [Qc]
paulcantplay: bets $6
belik555: calls $6
*** SHOW DOWN ***
paulcantplay: shows [9h 5h] (two pair, Nines and Fives)
belik555: mucks hand
paulcantplay collected $29.50 from pot
*** SUMMARY ***
Total pot $30 | Rake $0.50
Board [6c 8d 5d 9d Qc]
Seat 8: belik555 (button) (small blind) mucked
Seat 10: paulcantplay (big blind) showed [9h 5h] and won ($29.50) with two pair, Nines and Fives


PokerStars Hand #146445856296:  Hold'em Limit ($3/$6 USD) - 2016/01/04 8:29:33 ET
Table 'Lyyli II' 10-max Seat #10 is the button
Seat 8: belik555 ($151.41 in chips)
Seat 10: paulcantplay ($240 in chips)
paulcantplay: posts small blind $1
belik555: posts big blind $3
*** HOLE CARDS ***
paulcantplay: folds
Uncalled bet ($2) returned to belik555
belik555 collected $2 from pot
belik555: doesn't show hand
*** SUMMARY ***
Total pot $2 | Rake $0
Seat 8: belik555 (big blind) collected ($2)
Seat 10: paulcantplay (button) (small blind) folded before Flop


PokerStars Hand #146445918143:  Hold'em Limit ($3/$6 USD) - 2016/01/04 8:31:01 ET
Table 'Lyyli II' 10-max Seat #10 is the button
Seat 8: belik555 ($122.05 in chips)
Seat 10: paulcantplay ($268 in chips)
paulcantplay: posts small blind $1
belik555: posts big blind $3
*** HOLE CARDS ***
paulcantplay: folds
Uncalled bet ($2) returned to belik555
belik555 collected $2 from pot
belik555: doesn't show hand
*** SUMMARY ***
Total pot $2 | Rake $0
Seat 8: belik555 (big blind) collected ($2)
Seat 10: paulcantplay (button) (small blind) folded before Flop


PokerStars Hand #146445904271:  Hold'em Limit ($3/$6 USD) - 2016/01/04 8:30:41 ET
Table 'Lyyli II' 10-max Seat #8 is the button
Seat 8: belik555 ($113.41 in chips)
Seat 10: paulcantplay ($277 in chips)
belik555: posts small blind $1
paulcantplay: posts big blind $3
*** HOLE CARDS ***
belik555: raises $3 to $6
paulcantplay: calls $3
*** FLOP *** [Td 6c 4d]
paulcantplay: checks
belik555: bets $3
paulcantplay: calls $3
*** TURN *** [Td 6c 4d] [2s]
paulcantplay: checks
belik555: bets $6
paulcantplay: folds
Uncalled bet ($6) returned to belik555
belik555 collected $17.64 from pot
belik555: doesn't show hand
*** SUMMARY ***
Total pot $18 | Rake $0.36
Board [Td 6c 4d 2s]
Seat 8: belik555 (button) (small blind) collected ($17.64)
Seat 10: paulcantplay (big blind) folded on the Turn


PokerStars Hand #146445976626:  Hold'em Limit ($3/$6 USD) - 2016/01/04 8:32:25 ET
Table 'Lyyli II' 10-max Seat #8 is the button
Seat 8: belik555 ($122.55 in chips)
Seat 10: paulcantplay ($266.50 in chips)
belik555: posts small blind $1
paulcantplay: posts big blind $3
*** HOLE CARDS ***
belik555: raises $3 to $6
paulcantplay: folds
Uncalled bet ($3) returned to belik555
belik555 collected $6 from pot
belik555: doesn't show hand
*** SUMMARY ***
Total pot $6 | Rake $0
Seat 8: belik555 (button) (small blind) collected ($6)
Seat 10: paulcantplay (big blind) folded before Flop


PokerStars Hand #146445949680:  Hold'em Limit ($3/$6 USD) - 2016/01/04 8:31:46 ET
Table 'Lyyli II' 10-max Seat #10 is the button
Seat 8: belik555 ($146.55 in chips)
Seat 10: paulcantplay ($243 in chips)
paulcantplay: posts small blind $1
belik555: posts big blind $3
*** HOLE CARDS ***
paulcantplay: raises $3 to $6
belik555: raises $3 to $9
paulcantplay: calls $3
*** FLOP *** [Td 8h 5c]
belik555: bets $3
paulcantplay: calls $3
*** TURN *** [Td 8h 5c] [Qh]
belik555: bets $6
paulcantplay: calls $6
*** RIVER *** [Td 8h 5c Qh] [3s]
belik555: bets $6
paulcantplay: calls $6
*** SHOW DOWN ***
belik555: shows [2d 2c] (a pair of Deuces)
paulcantplay: shows [8s As] (a pair of Eights)
paulcantplay collected $47.50 from pot
*** SUMMARY ***
Total pot $48 | Rake $0.50
Board [Td 8h 5c Qh 3s]
Seat 8: belik555 (big blind) showed [2d 2c] and lost with a pair of Deuces
Seat 10: paulcantplay (button) (small blind) showed [8s As] and won ($47.50) with a pair of Eights


PokerStars Hand #146445922361:  Hold'em Limit ($3/$6 USD) - 2016/01/04 8:31:07 ET
Table 'Lyyli II' 10-max Seat #8 is the button
Seat 8: belik555 ($123.05 in chips)
Seat 10: paulcantplay ($267 in chips)
belik555: posts small blind $1
paulcantplay: posts big blind $3
*** HOLE CARDS ***
belik555: raises $3 to $6
paulcantplay: raises $3 to $9
belik555: calls $3
*** FLOP *** [7d Kh 2c]
paulcantplay: bets $3
belik555: calls $3
*** TURN *** [7d Kh 2c] [9s]
paulcantplay: bets $6
belik555: calls $6
*** RIVER *** [7d Kh 2c 9s] [Jd]
paulcantplay: bets $6
belik555: raises $6 to $12
paulcantplay: folds
Uncalled bet ($6) returned to belik555
belik555 collected $47.50 from pot
belik555: doesn't show hand
*** SUMMARY ***
Total pot $48 | Rake $0.50
Board [7d Kh 2c 9s Jd]
Seat 8: belik555 (button) (small blind) collected ($47.50)
Seat 10: paulcantplay (big blind) folded on the River


PokerStars Hand #146446008176:  Hold'em Limit ($3/$6 USD) - 2016/01/04 8:33:10 ET
Table 'Lyyli II' 10-max Seat #8 is the button
Seat 8: belik555 ($140.95 in chips)
Seat 10: paulcantplay ($247.50 in chips)
belik555: posts small blind $1
paulcantplay: posts big blind $3
*** HOLE CARDS ***
belik555: raises $3 to $6
paulcantplay: calls $3
*** FLOP *** [Kd 7d 4c]
paulcantplay: checks
belik555: bets $3
paulcantplay: calls $3
*** TURN *** [Kd 7d 4c] [Jc]
paulcantplay: checks
belik555: checks
*** RIVER *** [Kd 7d 4c Jc] [6s]
paulcantplay: bets $6
belik555: folds
Uncalled bet ($6) returned to paulcantplay
paulcantplay collected $17.64 from pot
*** SUMMARY ***
Total pot $18 | Rake $0.36
Board [Kd 7d 4c Jc 6s]
Seat 8: belik555 (button) (small blind) folded on the River
Seat 10: paulcantplay (big blind) collected ($17.64)


PokerStars Hand #146446003858:  Hold'em Limit ($3/$6 USD) - 2016/01/04 8:33:04 ET
Table 'Lyyli II' 10-max Seat #10 is the button
Seat 8: belik555 ($139.95 in chips)
Seat 10: paulcantplay ($248.50 in chips)
paulcantplay: posts small blind $1
belik555: posts big blind $3
*** HOLE CARDS ***
paulcantplay: folds
Uncalled bet ($2) returned to belik555
belik555 collected $2 from pot
belik555: doesn't show hand
*** SUMMARY ***
Total pot $2 | Rake $0
Seat 8: belik555 (big blind) collected ($2)
Seat 10: paulcantplay (button) (small blind) folded before Flop


PokerStars Hand #146445994774:  Hold'em Limit ($3/$6 USD) - 2016/01/04 8:32:51 ET
Table 'Lyyli II' 10-max Seat #8 is the button
Seat 8: belik555 ($134.19 in chips)
Seat 10: paulcantplay ($254.50 in chips)
belik555: posts small blind $1
paulcantplay: posts big blind $3
*** HOLE CARDS ***
belik555: raises $3 to $6
paulcantplay: calls $3
*** FLOP *** [Qs 9h 7s]
paulcantplay: checks
belik555: bets $3
paulcantplay: folds
Uncalled bet ($3) returned to belik555
belik555 collected $11.76 from pot
belik555: doesn't show hand
*** SUMMARY ***
Total pot $12 | Rake $0.24
Board [Qs 9h 7s]
Seat 8: belik555 (button) (small blind) collected ($11.76)
Seat 10: paulcantplay (big blind) folded on the Flop


PokerStars Hand #146445982356:  Hold'em Limit ($3/$6 USD) - 2016/01/04 8:32:33 ET
Table 'Lyyli II' 10-max Seat #10 is the button
Seat 8: belik555 ($125.55 in chips)
Seat 10: paulcantplay ($263.50 in chips)
paulcantplay: posts small blind $1
belik555: posts big blind $3
*** HOLE CARDS ***
paulcantplay: raises $3 to $6
belik555: raises $3 to $9
paulcantplay: calls $3
*** FLOP *** [Kc 9c Ts]
belik555: bets $3
paulcantplay: folds
Uncalled bet ($3) returned to belik555
belik555 collected $17.64 from pot
belik555: doesn't show hand
*** SUMMARY ***
Total pot $18 | Rake $0.36
Board [Kc 9c Ts]
Seat 8: belik555 (big blind) collected ($17.64)
Seat 10: paulcantplay (button) (small blind) folded on the Flop


PokerStars Hand #146446066332:  Hold'em Limit ($3/$6 USD) - 2016/01/04 8:34:33 ET
Table 'Lyyli II' 10-max Seat #8 is the button
Seat 8: belik555 ($154.45 in chips)
Seat 10: paulcantplay ($233.14 in chips)
belik555: posts small blind $1
paulcantplay: posts big blind $3
*** HOLE CARDS ***
belik555: folds
Uncalled bet ($2) returned to paulcantplay
paulcantplay collected $2 from pot
*** SUMMARY ***
Total pot $2 | Rake $0
Seat 8: belik555 (button) (small blind) folded before Flop
Seat 10: paulcantplay (big blind) collected ($2)


PokerStars Hand #146446061992:  Hold'em Limit ($3/$6 USD) - 2016/01/04 8:34:27 ET
Table 'Lyyli II' 10-max Seat #10 is the button
Seat 8: belik555 ($153.45 in chips)
Seat 10: paulcantplay ($234.14 in chips)
paulcantplay: posts small blind $1
belik555: posts big blind $3
*** HOLE CARDS ***
paulcantplay: folds
Uncalled bet ($2) returned to belik555
belik555 collected $2 from pot
belik555: doesn't show hand
*** SUMMARY ***
Total pot $2 | Rake $0
Seat 8: belik555 (big blind) collected ($2)
Seat 10: paulcantplay (button) (small blind) folded before Flop


PokerStars Hand #146446057042:  Hold'em Limit ($3/$6 USD) - 2016/01/04 8:34:20 ET
Table 'Lyyli II' 10-max Seat #8 is the button
Seat 8: belik555 ($154.45 in chips)
Seat 10: paulcantplay ($233.14 in chips)
belik555: posts small blind $1
paulcantplay: posts big blind $3
*** HOLE CARDS ***
belik555: folds
Uncalled bet ($2) returned to paulcantplay
paulcantplay collected $2 from pot
*** SUMMARY ***
Total pot $2 | Rake $0
Seat 8: belik555 (button) (small blind) folded before Flop
Seat 10: paulcantplay (big blind) collected ($2)


PokerStars Hand #146446053245:  Hold'em Limit ($3/$6 USD) - 2016/01/04 8:34:14 ET
Table 'Lyyli II' 10-max Seat #10 is the button
Seat 8: belik555 ($153.45 in chips)
Seat 10: paulcantplay ($234.14 in chips)
paulcantplay: posts small blind $1
belik555: posts big blind $3
*** HOLE CARDS ***
paulcantplay: folds
Uncalled bet ($2) returned to belik555
belik555 collected $2 from pot
belik555: doesn't show hand
*** SUMMARY ***
Total pot $2 | Rake $0
Seat 8: belik555 (big blind) collected ($2)
Seat 10: paulcantplay (button) (small blind) folded before Flop


PokerStars Hand #146446034140:  Hold'em Limit ($3/$6 USD) - 2016/01/04 8:33:47 ET
Table 'Lyyli II' 10-max Seat #8 is the button
Seat 8: belik555 ($132.95 in chips)
Seat 10: paulcantplay ($255.14 in chips)
belik555: posts small blind $1
paulcantplay: posts big blind $3
*** HOLE CARDS ***
belik555: raises $3 to $6
paulcantplay: calls $3
*** FLOP *** [3h Td 4d]
paulcantplay: checks
belik555: bets $3
paulcantplay: calls $3
*** TURN *** [3h Td 4d] [5c]
paulcantplay: checks
belik555: bets $6
paulcantplay: calls $6
*** RIVER *** [3h Td 4d 5c] [6h]
paulcantplay: checks
belik555: bets $6
paulcantplay: calls $6
*** SHOW DOWN ***
belik555: shows [9d 5d] (a pair of Fives)
paulcantplay: mucks hand
belik555 collected $41.50 from pot
*** SUMMARY ***
Total pot $42 | Rake $0.50
Board [3h Td 4d 5c 6h]
Seat 8: belik555 (button) (small blind) showed [9d 5d] and won ($41.50) with a pair of Fives
Seat 10: paulcantplay (big blind) mucked


PokerStars Hand #146446030167:  Hold'em Limit ($3/$6 USD) - 2016/01/04 8:33:42 ET
Table 'Lyyli II' 10-max Seat #10 is the button
Seat 8: belik555 ($131.95 in chips)
Seat 10: paulcantplay ($256.14 in chips)
paulcantplay: posts small blind $1
belik555: posts big blind $3
*** HOLE CARDS ***
paulcantplay: folds
Uncalled bet ($2) returned to belik555
belik555 collected $2 from pot
belik555: doesn't show hand
*** SUMMARY ***
Total pot $2 | Rake $0
Seat 8: belik555 (big blind) collected ($2)
Seat 10: paulcantplay (button) (small blind) folded before Flop


PokerStars Hand #146446094592:  Hold'em Limit ($3/$6 USD) - 2016/01/04 8:35:13 ET
Table 'Lyyli II' 10-max Seat #10 is the button
Seat 8: belik555 ($150.21 in chips)
Seat 10: paulcantplay ($236.78 in chips)
paulcantplay: posts small blind $1
belik555: posts big blind $3
*** HOLE CARDS ***
paulcantplay: raises $3 to $6
belik555: calls $3
*** FLOP *** [Qs 7s 3d]
belik555: checks
paulcantplay: bets $3
belik555: raises $3 to $6
paulcantplay: calls $3
*** TURN *** [Qs 7s 3d] [9s]
belik555: bets $6
paulcantplay: folds
Uncalled bet ($6) returned to belik555
belik555 collected $23.52 from pot
belik555: doesn't show hand
*** SUMMARY ***
Total pot $24 | Rake $0.48
Board [Qs 7s 3d 9s]
Seat 8: belik555 (big blind) collected ($23.52)
Seat 10: paulcantplay (button) (small blind) folded on the Turn


PokerStars Hand #146446086260:  Hold'em Limit ($3/$6 USD) - 2016/01/04 8:35:01 ET
Table 'Lyyli II' 10-max Seat #8 is the button
Seat 8: belik555 ($144.45 in chips)
Seat 10: paulcantplay ($242.78 in chips)
belik555: posts small blind $1
paulcantplay: posts big blind $3
*** HOLE CARDS ***
belik555: raises $3 to $6
paulcantplay: calls $3
*** FLOP *** [Kd Qc 3h]
paulcantplay: checks
belik555: bets $3
paulcantplay: folds
Uncalled bet ($3) returned to belik555
belik555 collected $11.76 from pot
belik555: doesn't show hand
*** SUMMARY ***
Total pot $12 | Rake $0.24
Board [Kd Qc 3h]
Seat 8: belik555 (button) (small blind) collected ($11.76)
Seat 10: paulcantplay (big blind) folded on the Flop


PokerStars Hand #146446070378:  Hold'em Limit ($3/$6 USD) - 2016/01/04 8:34:39 ET
Table 'Lyyli II' 10-max Seat #10 is the button
Seat 8: belik555 ($153.45 in chips)
Seat 10: paulcantplay ($234.14 in chips)
paulcantplay: posts small blind $1
belik555: posts big blind $3
*** HOLE CARDS ***
paulcantplay: raises $3 to $6
belik555: calls $3
*** FLOP *** [Kc 4d 3s]
belik555: checks
paulcantplay: bets $3
belik555: calls $3
*** TURN *** [Kc 4d 3s] [3c]
belik555: checks
paulcantplay: bets $6
belik555: folds
Uncalled bet ($6) returned to paulcantplay
paulcantplay collected $17.64 from pot
*** SUMMARY ***
Total pot $18 | Rake $0.36
Board [Kc 4d 3s 3c]
Seat 8: belik555 (big blind) folded on the Turn
Seat 10: paulcantplay (button) (small blind) collected ($17.64)


PokerStars Hand #146446153642:  Hold'em Limit ($3/$6 USD) - 2016/01/04 8:36:38 ET
Table 'Lyyli II' 10-max Seat #10 is the button
Seat 8: belik555 ($147.25 in chips)
Seat 10: paulcantplay ($238.28 in chips)
paulcantplay: posts small blind $1
belik555: posts big blind $3
*** HOLE CARDS ***
paulcantplay: folds
Uncalled bet ($2) returned to belik555
belik555 collected $2 from pot
belik555: doesn't show hand
*** SUMMARY ***
Total pot $2 | Rake $0
Seat 8: belik555 (big blind) collected ($2)
Seat 10: paulcantplay (button) (small blind) folded before Flop


PokerStars Hand #146446137448:  Hold'em Limit ($3/$6 USD) - 2016/01/04 8:36:15 ET
Table 'Lyyli II' 10-max Seat #8 is the button
Seat 8: belik555 ($135.73 in chips)
Seat 10: paulcantplay ($250.28 in chips)
belik555: posts small blind $1
paulcantplay: posts big blind $3
*** HOLE CARDS ***
belik555: raises $3 to $6
paulcantplay: raises $3 to $9
belik555: calls $3
*** FLOP *** [4c 3d Ac]
paulcantplay: bets $3
belik555: calls $3
*** TURN *** [4c 3d Ac] [2h]
paulcantplay: checks
belik555: bets $6
paulcantplay: folds
Uncalled bet ($6) returned to belik555
belik555 collected $23.52 from pot
belik555: doesn't show hand
*** SUMMARY ***
Total pot $24 | Rake $0.48
Board [4c 3d Ac 2h]
Seat 8: belik555 (button) (small blind) collected ($23.52)
Seat 10: paulcantplay (big blind) folded on the Turn


PokerStars Hand #146446133322:  Hold'em Limit ($3/$6 USD) - 2016/01/04 8:36:09 ET
Table 'Lyyli II' 10-max Seat #10 is the button
Seat 8: belik555 ($134.73 in chips)
Seat 10: paulcantplay ($251.28 in chips)
paulcantplay: posts small blind $1
belik555: posts big blind $3
*** HOLE CARDS ***
paulcantplay: folds
Uncalled bet ($2) returned to belik555
belik555 collected $2 from pot
belik555: doesn't show hand
*** SUMMARY ***
Total pot $2 | Rake $0
Seat 8: belik555 (big blind) collected ($2)
Seat 10: paulcantplay (button) (small blind) folded before Flop


PokerStars Hand #146446107332:  Hold'em Limit ($3/$6 USD) - 2016/01/04 8:35:31 ET
Table 'Lyyli II' 10-max Seat #8 is the button
Seat 8: belik555 ($161.73 in chips)
Seat 10: paulcantplay ($224.78 in chips)
belik555: posts small blind $1
paulcantplay: posts big blind $3
*** HOLE CARDS ***
belik555: raises $3 to $6
paulcantplay: calls $3
*** FLOP *** [Js Kc Jc]
paulcantplay: checks
belik555: bets $3
paulcantplay: calls $3
*** TURN *** [Js Kc Jc] [2s]
paulcantplay: checks
belik555: bets $6
paulcantplay: calls $6
*** RIVER *** [Js Kc Jc 2s] [4c]
paulcantplay: checks
belik555: bets $6
paulcantplay: raises $6 to $12
belik555: calls $6
*** SHOW DOWN ***
paulcantplay: shows [8c Qc] (a flush, King high)
belik555: mucks hand
paulcantplay collected $53.50 from pot
*** SUMMARY ***
Total pot $54 | Rake $0.50
Board [Js Kc Jc 2s 4c]
Seat 8: belik555 (button) (small blind) mucked
Seat 10: paulcantplay (big blind) showed [8c Qc] and won ($53.50) with a flush, King high


PokerStars Hand #146446157707:  Hold'em Limit ($3/$6 USD) - 2016/01/04 8:36:43 ET
Table 'Lyyli II' 10-max Seat #8 is the button
Seat 8: belik555 ($148.25 in chips)
Seat 10: paulcantplay ($237.28 in chips)
belik555: posts small blind $1
paulcantplay: posts big blind $3
*** HOLE CARDS ***
belik555: raises $3 to $6
paulcantplay: calls $3
*** FLOP *** [3h 2d 9h]
paulcantplay: checks
belik555: bets $3
paulcantplay: calls $3
*** TURN *** [3h 2d 9h] [Qh]
paulcantplay: checks
belik555: bets $6
paulcantplay: calls $6
*** RIVER *** [3h 2d 9h Qh] [2s]
paulcantplay: checks
belik555: bets $6
paulcantplay: calls $6
*** SHOW DOWN ***
belik555: shows [2c Jd] (three of a kind, Deuces)
paulcantplay: mucks hand
belik555 collected $41.50 from pot
*** SUMMARY ***
Total pot $42 | Rake $0.50
Board [3h 2d 9h Qh 2s]
Seat 8: belik555 (button) (small blind) showed [2c Jd] and won ($41.50) with three of a kind, Deuces
Seat 10: paulcantplay (big blind) mucked


PokerStars Hand #146446226677:  Hold'em Limit ($3/$6 USD) - 2016/01/04 8:38:21 ET
Table 'Lyyli II' 10-max Seat #10 is the button
Seat 8: belik555 ($147.75 in chips)
Seat 10: paulcantplay ($236.78 in chips)
paulcantplay: posts small blind $1
belik555: posts big blind $3
*** HOLE CARDS ***
paulcantplay: raises $3 to $6
belik555: calls $3
*** FLOP *** [8s Kc 9c]
belik555: checks
paulcantplay: bets $3
belik555: folds
Uncalled bet ($3) returned to paulcantplay
paulcantplay collected $11.76 from pot
*** SUMMARY ***
Total pot $12 | Rake $0.24
Board [8s Kc 9c]
Seat 8: belik555 (big blind) folded on the Flop
Seat 10: paulcantplay (button) (small blind) collected ($11.76)


PokerStars Hand #146446221269:  Hold'em Limit ($3/$6 USD) - 2016/01/04 8:38:13 ET
Table 'Lyyli II' 10-max Seat #8 is the button
Seat 8: belik555 ($144.75 in chips)
Seat 10: paulcantplay ($239.78 in chips)
belik555: posts small blind $1
paulcantplay: posts big blind $3
*** HOLE CARDS ***
belik555: raises $3 to $6
paulcantplay: folds
Uncalled bet ($3) returned to belik555
belik555 collected $6 from pot
belik555: doesn't show hand
*** SUMMARY ***
Total pot $6 | Rake $0
Seat 8: belik555 (button) (small blind) collected ($6)
Seat 10: paulcantplay (big blind) folded before Flop


PokerStars Hand #146446182981:  Hold'em Limit ($3/$6 USD) - 2016/01/04 8:37:19 ET
Table 'Lyyli II' 10-max Seat #10 is the button
Seat 8: belik555 ($168.75 in chips)
Seat 10: paulcantplay ($216.28 in chips)
paulcantplay: posts small blind $1
belik555: posts big blind $3
*** HOLE CARDS ***
paulcantplay: raises $3 to $6
belik555: calls $3
*** FLOP *** [4h 5d 2d]
belik555: checks
paulcantplay: bets $3
belik555: raises $3 to $6
paulcantplay: calls $3
*** TURN *** [4h 5d 2d] [Ah]
belik555: checks
paulcantplay: bets $6
belik555: calls $6
*** RIVER *** [4h 5d 2d Ah] [9s]
belik555: checks
paulcantplay: bets $6
belik555: calls $6
*** SHOW DOWN ***
paulcantplay: shows [Ad 9h] (two pair, Aces and Nines)
belik555: mucks hand
paulcantplay collected $47.50 from pot
*** SUMMARY ***
Total pot $48 | Rake $0.50
Board [4h 5d 2d Ah 9s]
Seat 8: belik555 (big blind) mucked
Seat 10: paulcantplay (button) (small blind) showed [Ad 9h] and won ($47.50) with two pair, Aces and Nines


PokerStars Hand #146446267404:  Hold'em Limit ($3/$6 USD) - 2016/01/04 8:39:18 ET
Table 'Lyyli II' 10-max Seat #10 is the button
Seat 8: belik555 ($157.15 in chips)
Seat 10: paulcantplay ($226.54 in chips)
paulcantplay: posts small blind $1
belik555: posts big blind $3
*** HOLE CARDS ***
paulcantplay: raises $3 to $6
belik555: calls $3
*** FLOP *** [Kd 8s 9c]
belik555: checks
paulcantplay: bets $3
belik555: calls $3
*** TURN *** [Kd 8s 9c] [5d]
belik555: checks
paulcantplay: bets $6
belik555: folds
Uncalled bet ($6) returned to paulcantplay
paulcantplay collected $17.64 from pot
*** SUMMARY ***
Total pot $18 | Rake $0.36
Board [Kd 8s 9c 5d]
Seat 8: belik555 (big blind) folded on the Turn
Seat 10: paulcantplay (button) (small blind) collected ($17.64)


PokerStars Hand #146446256409:  Hold'em Limit ($3/$6 USD) - 2016/01/04 8:39:03 ET
Table 'Lyyli II' 10-max Seat #8 is the button
Seat 8: belik555 ($151.39 in chips)
Seat 10: paulcantplay ($232.54 in chips)
belik555: posts small blind $1
paulcantplay: posts big blind $3
*** HOLE CARDS ***
belik555: raises $3 to $6
paulcantplay: calls $3
*** FLOP *** [3h As Ts]
paulcantplay: checks
belik555: bets $3
paulcantplay: folds
Uncalled bet ($3) returned to belik555
belik555 collected $11.76 from pot
belik555: doesn't show hand
*** SUMMARY ***
Total pot $12 | Rake $0.24
Board [3h As Ts]
Seat 8: belik555 (button) (small blind) collected ($11.76)
Seat 10: paulcantplay (big blind) folded on the Flop


PokerStars Hand #146446252395:  Hold'em Limit ($3/$6 USD) - 2016/01/04 8:38:57 ET
Table 'Lyyli II' 10-max Seat #10 is the button
Seat 8: belik555 ($150.39 in chips)
Seat 10: paulcantplay ($233.54 in chips)
paulcantplay: posts small blind $1
belik555: posts big blind $3
*** HOLE CARDS ***
paulcantplay: folds
Uncalled bet ($2) returned to belik555
belik555 collected $2 from pot
belik555: doesn't show hand
*** SUMMARY ***
Total pot $2 | Rake $0
Seat 8: belik555 (big blind) collected ($2)
Seat 10: paulcantplay (button) (small blind) folded before Flop


PokerStars Hand #146446236405:  Hold'em Limit ($3/$6 USD) - 2016/01/04 8:38:35 ET
Table 'Lyyli II' 10-max Seat #8 is the button
Seat 8: belik555 ($141.75 in chips)
Seat 10: paulcantplay ($242.54 in chips)
belik555: posts small blind $1
paulcantplay: posts big blind $3
*** HOLE CARDS ***
belik555: raises $3 to $6
paulcantplay: calls $3
*** FLOP *** [3d 4d Qc]
paulcantplay: checks
belik555: bets $3
paulcantplay: calls $3
*** TURN *** [3d 4d Qc] [8h]
paulcantplay: checks
belik555: bets $6
paulcantplay: folds
Uncalled bet ($6) returned to belik555
belik555 collected $17.64 from pot
belik555: doesn't show hand
*** SUMMARY ***
Total pot $18 | Rake $0.36
Board [3d 4d Qc 8h]
Seat 8: belik555 (button) (small blind) collected ($17.64)
Seat 10: paulcantplay (big blind) folded on the Turn


PokerStars Hand #146446312873:  Hold'em Limit ($3/$6 USD) - 2016/01/04 8:40:23 ET
Table 'Lyyli II' 10-max Seat #10 is the button
Seat 8: belik555 ($160.67 in chips)
Seat 10: paulcantplay ($222.18 in chips)
paulcantplay: posts small blind $1
belik555: posts big blind $3
*** HOLE CARDS ***
paulcantplay: folds
Uncalled bet ($2) returned to belik555
belik555 collected $2 from pot
belik555: doesn't show hand
*** SUMMARY ***
Total pot $2 | Rake $0
Seat 8: belik555 (big blind) collected ($2)
Seat 10: paulcantplay (button) (small blind) folded before Flop


PokerStars Hand #146446303118:  Hold'em Limit ($3/$6 USD) - 2016/01/04 8:40:09 ET
Table 'Lyyli II' 10-max Seat #8 is the button
Seat 8: belik555 ($154.91 in chips)
Seat 10: paulcantplay ($228.18 in chips)
belik555: posts small blind $1
paulcantplay: posts big blind $3
*** HOLE CARDS ***
belik555: raises $3 to $6
paulcantplay: calls $3
*** FLOP *** [5c Jh 9c]
paulcantplay: checks
belik555: bets $3
paulcantplay: folds
Uncalled bet ($3) returned to belik555
belik555 collected $11.76 from pot
belik555: doesn't show hand
*** SUMMARY ***
Total pot $12 | Rake $0.24
Board [5c Jh 9c]
Seat 8: belik555 (button) (small blind) collected ($11.76)
Seat 10: paulcantplay (big blind) folded on the Flop


PokerStars Hand #146446299051:  Hold'em Limit ($3/$6 USD) - 2016/01/04 8:40:03 ET
Table 'Lyyli II' 10-max Seat #10 is the button
Seat 8: belik555 ($153.91 in chips)
Seat 10: paulcantplay ($229.18 in chips)
paulcantplay: posts small blind $1
belik555: posts big blind $3
*** HOLE CARDS ***
paulcantplay: folds
Uncalled bet ($2) returned to belik555
belik555 collected $2 from pot
belik555: doesn't show hand
*** SUMMARY ***
Total pot $2 | Rake $0
Seat 8: belik555 (big blind) collected ($2)
Seat 10: paulcantplay (button) (small blind) folded before Flop


PokerStars Hand #146446285968:  Hold'em Limit ($3/$6 USD) - 2016/01/04 8:39:45 ET
Table 'Lyyli II' 10-max Seat #8 is the button
Seat 8: belik555 ($148.15 in chips)
Seat 10: paulcantplay ($235.18 in chips)
belik555: posts small blind $1
paulcantplay: posts big blind $3
*** HOLE CARDS ***
belik555: raises $3 to $6
paulcantplay: calls $3
*** FLOP *** [4h Ah 2c]
paulcantplay: checks
belik555: bets $3
paulcantplay: folds
Uncalled bet ($3) returned to belik555
belik555 collected $11.76 from pot
belik555: doesn't show hand
*** SUMMARY ***
Total pot $12 | Rake $0.24
Board [4h Ah 2c]
Seat 8: belik555 (button) (small blind) collected ($11.76)
Seat 10: paulcantplay (big blind) folded on the Flop


PokerStars Hand #146446316763:  Hold'em Limit ($3/$6 USD) - 2016/01/04 8:40:29 ET
Table 'Lyyli II' 10-max Seat #8 is the button
Seat 8: belik555 ($161.67 in chips)
Seat 10: paulcantplay ($221.18 in chips)
belik555: posts small blind $1
paulcantplay: posts big blind $3
*** HOLE CARDS ***
belik555: raises $3 to $6
paulcantplay: calls $3
*** FLOP *** [7c 7h Ad]
paulcantplay: checks
belik555: bets $3
paulcantplay: calls $3
*** TURN *** [7c 7h Ad] [Jd]
paulcantplay: checks
belik555: checks
*** RIVER *** [7c 7h Ad Jd] [6s]
paulcantplay: checks
belik555: checks
*** SHOW DOWN ***
paulcantplay: shows [Kc Qc] (a pair of Sevens)
belik555: mucks hand
paulcantplay collected $17.64 from pot
*** SUMMARY ***
Total pot $18 | Rake $0.36
Board [7c 7h Ad Jd 6s]
Seat 8: belik555 (button) (small blind) mucked
Seat 10: paulcantplay (big blind) showed [Kc Qc] and won ($17.64) with a pair of Sevens


PokerStars Hand #146446333412:  Hold'em Limit ($3/$6 USD) - 2016/01/04 8:40:53 ET
Table 'Lyyli II' 10-max Seat #10 is the button
Seat 8: belik555 ($152.67 in chips)
Seat 10: paulcantplay ($229.82 in chips)
paulcantplay: posts small blind $1
belik555: posts big blind $3
*** HOLE CARDS ***
paulcantplay: raises $3 to $6
belik555: raises $3 to $9
paulcantplay: calls $3
*** FLOP *** [3s Ts 5d]
belik555: bets $3
paulcantplay: calls $3
*** TURN *** [3s Ts 5d] [3d]
belik555: bets $6
paulcantplay: folds
Uncalled bet ($6) returned to belik555
belik555 collected $23.52 from pot
belik555: doesn't show hand
*** SUMMARY ***
Total pot $24 | Rake $0.48
Board [3s Ts 5d 3d]
Seat 8: belik555 (big blind) collected ($23.52)
Seat 10: paulcantplay (button) (small blind) folded on the Turn


PokerStars Hand #146446373146:  Hold'em Limit ($3/$6 USD) - 2016/01/04 8:41:49 ET
Table 'Lyyli II' 10-max Seat #10 is the button
Seat 8: belik555 ($149.19 in chips)
Seat 10: paulcantplay ($232.32 in chips)
paulcantplay: posts small blind $1
belik555: posts big blind $3
*** HOLE CARDS ***
paulcantplay: folds
Uncalled bet ($2) returned to belik555
belik555 collected $2 from pot
belik555: doesn't show hand
*** SUMMARY ***
Total pot $2 | Rake $0
Seat 8: belik555 (big blind) collected ($2)
Seat 10: paulcantplay (button) (small blind) folded before Flop


PokerStars Hand #146446353876:  Hold'em Limit ($3/$6 USD) - 2016/01/04 8:41:21 ET
Table 'Lyyli II' 10-max Seat #8 is the button
Seat 8: belik555 ($164.19 in chips)
Seat 10: paulcantplay ($217.82 in chips)
belik555: posts small blind $1
paulcantplay: posts big blind $3
*** HOLE CARDS ***
belik555: raises $3 to $6
paulcantplay: calls $3
*** FLOP *** [Qd 9d 6h]
paulcantplay: checks
belik555: bets $3
paulcantplay: calls $3
*** TURN *** [Qd 9d 6h] [Jc]
paulcantplay: checks
belik555: bets $6
paulcantplay: calls $6
*** RIVER *** [Qd 9d 6h Jc] [8c]
paulcantplay: checks
belik555: checks
*** SHOW DOWN ***
paulcantplay: shows [9s Ts] (a straight, Eight to Queen)
belik555: mucks hand
paulcantplay collected $29.50 from pot
*** SUMMARY ***
Total pot $30 | Rake $0.50
Board [Qd 9d 6h Jc 8c]
Seat 8: belik555 (button) (small blind) mucked
Seat 10: paulcantplay (big blind) showed [9s Ts] and won ($29.50) with a straight, Eight to Queen


PokerStars Hand #146446404985:  Hold'em Limit ($3/$6 USD) - 2016/01/04 8:42:30 ET
Table 'Lyyli II' 10-max Seat #10 is the button
Seat 8: belik555 ($138.19 in chips)
Seat 10: paulcantplay ($242.84 in chips)
paulcantplay: posts small blind $1
belik555: posts big blind $3
*** HOLE CARDS ***
paulcantplay: folds
Uncalled bet ($2) returned to belik555
belik555 collected $2 from pot
belik555: doesn't show hand
*** SUMMARY ***
Total pot $2 | Rake $0
Seat 8: belik555 (big blind) collected ($2)
Seat 10: paulcantplay (button) (small blind) folded before Flop


PokerStars Hand #146446377810:  Hold'em Limit ($3/$6 USD) - 2016/01/04 8:41:55 ET
Table 'Lyyli II' 10-max Seat #8 is the button
Seat 8: belik555 ($150.19 in chips)
Seat 10: paulcantplay ($231.32 in chips)
belik555: posts small blind $1
paulcantplay: posts big blind $3
*** HOLE CARDS ***
belik555: raises $3 to $6
paulcantplay: raises $3 to $9
belik555: calls $3
*** FLOP *** [Jc 4d 3h]
paulcantplay: bets $3
belik555: calls $3
*** TURN *** [Jc 4d 3h] [Ac]
paulcantplay: bets $6
belik555: folds
Uncalled bet ($6) returned to paulcantplay
paulcantplay collected $23.52 from pot
*** SUMMARY ***
Total pot $24 | Rake $0.48
Board [Jc 4d 3h Ac]
Seat 8: belik555 (button) (small blind) folded on the Turn
Seat 10: paulcantplay (big blind) collected ($23.52)


PokerStars Hand #146446437035:  Hold'em Limit ($3/$6 USD) - 2016/01/04 8:43:14 ET
Table 'Lyyli II' 10-max Seat #10 is the button
Seat 8: belik555 ($151.83 in chips)
Seat 10: paulcantplay ($228.84 in chips)
paulcantplay: posts small blind $1
belik555: posts big blind $3
*** HOLE CARDS ***
paulcantplay: raises $3 to $6
belik555: calls $3
*** FLOP *** [5h 3h Ks]
belik555: checks
paulcantplay: bets $3
belik555: folds
Uncalled bet ($3) returned to paulcantplay
paulcantplay collected $11.76 from pot
*** SUMMARY ***
Total pot $12 | Rake $0.24
Board [5h 3h Ks]
Seat 8: belik555 (big blind) folded on the Flop
Seat 10: paulcantplay (button) (small blind) collected ($11.76)


PokerStars Hand #146446429046:  Hold'em Limit ($3/$6 USD) - 2016/01/04 8:43:03 ET
Table 'Lyyli II' 10-max Seat #8 is the button
Seat 8: belik555 ($148.83 in chips)
Seat 10: paulcantplay ($231.84 in chips)
belik555: posts small blind $1
paulcantplay: posts big blind $3
*** HOLE CARDS ***
belik555: raises $3 to $6
paulcantplay: folds
Uncalled bet ($3) returned to belik555
belik555 collected $6 from pot
belik555: doesn't show hand
*** SUMMARY ***
Total pot $6 | Rake $0
Seat 8: belik555 (button) (small blind) collected ($6)
Seat 10: paulcantplay (big blind) folded before Flop


PokerStars Hand #146446424990:  Hold'em Limit ($3/$6 USD) - 2016/01/04 8:42:57 ET
Table 'Lyyli II' 10-max Seat #10 is the button
Seat 8: belik555 ($147.83 in chips)
Seat 10: paulcantplay ($232.84 in chips)
paulcantplay: posts small blind $1
belik555: posts big blind $3
*** HOLE CARDS ***
paulcantplay: folds
Uncalled bet ($2) returned to belik555
belik555 collected $2 from pot
belik555: doesn't show hand
*** SUMMARY ***
Total pot $2 | Rake $0
Seat 8: belik555 (big blind) collected ($2)
Seat 10: paulcantplay (button) (small blind) folded before Flop


PokerStars Hand #146446409283:  Hold'em Limit ($3/$6 USD) - 2016/01/04 8:42:36 ET
Table 'Lyyli II' 10-max Seat #8 is the button
Seat 8: belik555 ($139.19 in chips)
Seat 10: paulcantplay ($241.84 in chips)
belik555: posts small blind $1
paulcantplay: posts big blind $3
*** HOLE CARDS ***
belik555: raises $3 to $6
paulcantplay: calls $3
*** FLOP *** [4h 3c Jd]
paulcantplay: checks
belik555: bets $3
paulcantplay: calls $3
*** TURN *** [4h 3c Jd] [Qc]
paulcantplay: checks
belik555: bets $6
paulcantplay: folds
Uncalled bet ($6) returned to belik555
belik555 collected $17.64 from pot
belik555: doesn't show hand
*** SUMMARY ***
Total pot $18 | Rake $0.36
Board [4h 3c Jd Qc]
Seat 8: belik555 (button) (small blind) collected ($17.64)
Seat 10: paulcantplay (big blind) folded on the Turn


PokerStars Hand #146446484934:  Hold'em Limit ($3/$6 USD) - 2016/01/04 8:44:18 ET
Table 'Lyyli II' 10-max Seat #8 is the button
Seat 8: belik555 ($133.59 in chips)
Seat 10: paulcantplay ($246.10 in chips)
belik555: posts small blind $1
paulcantplay: posts big blind $3
*** HOLE CARDS ***
belik555: raises $3 to $6
paulcantplay: calls $3
*** FLOP *** [7c 4s 6s]
paulcantplay: checks
belik555: bets $3
paulcantplay: calls $3
*** TURN *** [7c 4s 6s] [2h]
paulcantplay: checks
belik555: bets $6
paulcantplay: calls $6
*** RIVER *** [7c 4s 6s 2h] [7s]
paulcantplay: checks
belik555: bets $6
paulcantplay: calls $6
*** SHOW DOWN ***
belik555: shows [8d 6h] (two pair, Sevens and Sixes)
paulcantplay: mucks hand
belik555 collected $41.50 from pot
*** SUMMARY ***
Total pot $42 | Rake $0.50
Board [7c 4s 6s 2h 7s]
Seat 8: belik555 (button) (small blind) showed [8d 6h] and won ($41.50) with two pair, Sevens and Sixes
Seat 10: paulcantplay (big blind) mucked


PokerStars Hand #146446468684:  Hold'em Limit ($3/$6 USD) - 2016/01/04 8:43:56 ET
Table 'Lyyli II' 10-max Seat #10 is the button
Seat 8: belik555 ($151.59 in chips)
Seat 10: paulcantplay ($228.60 in chips)
paulcantplay: posts small blind $1
belik555: posts big blind $3
*** HOLE CARDS ***
paulcantplay: raises $3 to $6
belik555: raises $3 to $9
paulcantplay: calls $3
*** FLOP *** [4h Qc 3d]
belik555: bets $3
paulcantplay: calls $3
*** TURN *** [4h Qc 3d] [Td]
belik555: bets $6
paulcantplay: calls $6
*** RIVER *** [4h Qc 3d Td] [Jh]
belik555: checks
paulcantplay: checks
*** SHOW DOWN ***
belik555: shows [2h Ah] (high card Ace)
paulcantplay: shows [9d Jc] (a pair of Jacks)
paulcantplay collected $35.50 from pot
*** SUMMARY ***
Total pot $36 | Rake $0.50
Board [4h Qc 3d Td Jh]
Seat 8: belik555 (big blind) showed [2h Ah] and lost with high card Ace
Seat 10: paulcantplay (button) (small blind) showed [9d Jc] and won ($35.50) with a pair of Jacks


PokerStars Hand #146446452723:  Hold'em Limit ($3/$6 USD) - 2016/01/04 8:43:35 ET
Table 'Lyyli II' 10-max Seat #8 is the button
Seat 8: belik555 ($145.83 in chips)
Seat 10: paulcantplay ($234.60 in chips)
belik555: posts small blind $1
paulcantplay: posts big blind $3
*** HOLE CARDS ***
belik555: raises $3 to $6
paulcantplay: calls $3
*** FLOP *** [6h Jd Ts]
paulcantplay: checks
belik555: bets $3
paulcantplay: folds
Uncalled bet ($3) returned to belik555
belik555 collected $11.76 from pot
belik555: doesn't show hand
*** SUMMARY ***
Total pot $12 | Rake $0.24
Board [6h Jd Ts]
Seat 8: belik555 (button) (small blind) collected ($11.76)
Seat 10: paulcantplay (big blind) folded on the Flop


PokerStars Hand #146446510084:  Hold'em Limit ($3/$6 USD) - 2016/01/04 8:44:52 ET
Table 'Lyyli II' 10-max Seat #8 is the button
Seat 8: belik555 ($155.09 in chips)
Seat 10: paulcantplay ($224.10 in chips)
belik555: posts small blind $1
paulcantplay: posts big blind $3
*** HOLE CARDS ***
belik555: raises $3 to $6
paulcantplay: calls $3
*** FLOP *** [5h 2d Ks]
paulcantplay: checks
belik555: bets $3
paulcantplay: calls $3
*** TURN *** [5h 2d Ks] [Js]
paulcantplay: checks
belik555: checks
*** RIVER *** [5h 2d Ks Js] [Tc]
paulcantplay: checks
belik555: checks
*** SHOW DOWN ***
paulcantplay: shows [6h 5s] (a pair of Fives)
belik555: mucks hand
paulcantplay collected $17.64 from pot
*** SUMMARY ***
Total pot $18 | Rake $0.36
Board [5h 2d Ks Js Tc]
Seat 8: belik555 (button) (small blind) mucked
Seat 10: paulcantplay (big blind) showed [6h 5s] and won ($17.64) with a pair of Fives


PokerStars Hand #146446528470:  Hold'em Limit ($3/$6 USD) - 2016/01/04 8:45:17 ET
Table 'Lyyli II' 10-max Seat #10 is the button
Seat 8: belik555 ($146.09 in chips)
Seat 10: paulcantplay ($232.74 in chips)
paulcantplay: posts small blind $1
belik555: posts big blind $3
*** HOLE CARDS ***
paulcantplay: folds
Uncalled bet ($2) returned to belik555
belik555 collected $2 from pot
belik555: doesn't show hand
*** SUMMARY ***
Total pot $2 | Rake $0
Seat 8: belik555 (big blind) collected ($2)
Seat 10: paulcantplay (button) (small blind) folded before Flop


PokerStars Hand #146446505985:  Hold'em Limit ($3/$6 USD) - 2016/01/04 8:44:46 ET
Table 'Lyyli II' 10-max Seat #10 is the button
Seat 8: belik555 ($154.09 in chips)
Seat 10: paulcantplay ($225.10 in chips)
paulcantplay: posts small blind $1
belik555: posts big blind $3
*** HOLE CARDS ***
paulcantplay: folds
Uncalled bet ($2) returned to belik555
belik555 collected $2 from pot
belik555: doesn't show hand
*** SUMMARY ***
Total pot $2 | Rake $0
Seat 8: belik555 (big blind) collected ($2)
Seat 10: paulcantplay (button) (small blind) folded before Flop


PokerStars Hand #146446556556:  Hold'em Limit ($3/$6 USD) - 2016/01/04 8:45:54 ET
Table 'Lyyli II' 10-max Seat #8 is the button
Seat 8: belik555 ($162.59 in chips)
Seat 10: paulcantplay ($215.74 in chips)
belik555: posts small blind $1
paulcantplay: posts big blind $3
*** HOLE CARDS ***
belik555: raises $3 to $6
paulcantplay: calls $3
*** FLOP *** [Qc 2h 8s]
paulcantplay: checks
belik555: bets $3
paulcantplay: calls $3
*** TURN *** [Qc 2h 8s] [Ts]
paulcantplay: checks
belik555: bets $6
paulcantplay: raises $6 to $12
belik555: calls $6
*** RIVER *** [Qc 2h 8s Ts] [4s]
paulcantplay: bets $6
belik555: folds
Uncalled bet ($6) returned to paulcantplay
paulcantplay collected $41.50 from pot
*** SUMMARY ***
Total pot $42 | Rake $0.50
Board [Qc 2h 8s Ts 4s]
Seat 8: belik555 (button) (small blind) folded on the River
Seat 10: paulcantplay (big blind) collected ($41.50)


PokerStars Hand #146446580293:  Hold'em Limit ($3/$6 USD) - 2016/01/04 8:46:26 ET
Table 'Lyyli II' 10-max Seat #8 is the button
Seat 8: belik555 ($142.59 in chips)
Seat 10: paulcantplay ($235.24 in chips)
belik555: posts small blind $1
paulcantplay: posts big blind $3
*** HOLE CARDS ***
belik555: raises $3 to $6
paulcantplay: calls $3
*** FLOP *** [Ks 9c Qh]
paulcantplay: checks
belik555: bets $3
paulcantplay: calls $3
*** TURN *** [Ks 9c Qh] [3s]
paulcantplay: checks
belik555: checks
*** RIVER *** [Ks 9c Qh 3s] [9d]
paulcantplay: checks
belik555: checks
*** SHOW DOWN ***
paulcantplay: shows [8h Th] (a pair of Nines)
belik555: mucks hand
paulcantplay collected $17.64 from pot
*** SUMMARY ***
Total pot $18 | Rake $0.36
Board [Ks 9c Qh 3s 9d]
Seat 8: belik555 (button) (small blind) mucked
Seat 10: paulcantplay (big blind) showed [8h Th] and won ($17.64) with a pair of Nines


PokerStars Hand #146446552414:  Hold'em Limit ($3/$6 USD) - 2016/01/04 8:45:49 ET
Table 'Lyyli II' 10-max Seat #10 is the button
Seat 8: belik555 ($161.59 in chips)
Seat 10: paulcantplay ($216.74 in chips)
paulcantplay: posts small blind $1
belik555: posts big blind $3
*** HOLE CARDS ***
paulcantplay: folds
Uncalled bet ($2) returned to belik555
belik555 collected $2 from pot
belik555: doesn't show hand
*** SUMMARY ***
Total pot $2 | Rake $0
Seat 8: belik555 (big blind) collected ($2)
Seat 10: paulcantplay (button) (small blind) folded before Flop


PokerStars Hand #146446532953:  Hold'em Limit ($3/$6 USD) - 2016/01/04 8:45:23 ET
Table 'Lyyli II' 10-max Seat #8 is the button
Seat 8: belik555 ($147.09 in chips)
Seat 10: paulcantplay ($231.74 in chips)
belik555: posts small blind $1
paulcantplay: posts big blind $3
*** HOLE CARDS ***
belik555: raises $3 to $6
paulcantplay: calls $3
*** FLOP *** [5h As 3h]
paulcantplay: checks
belik555: bets $3
paulcantplay: calls $3
*** TURN *** [5h As 3h] [2s]
paulcantplay: checks
belik555: bets $6
paulcantplay: calls $6
*** RIVER *** [5h As 3h 2s] [8c]
paulcantplay: checks
belik555: bets $6
paulcantplay: folds
Uncalled bet ($6) returned to belik555
belik555 collected $29.50 from pot
belik555: doesn't show hand
*** SUMMARY ***
Total pot $30 | Rake $0.50
Board [5h As 3h 2s 8c]
Seat 8: belik555 (button) (small blind) collected ($29.50)
Seat 10: paulcantplay (big blind) folded on the River


PokerStars Hand #146446600022:  Hold'em Limit ($3/$6 USD) - 2016/01/04 8:46:52 ET
Table 'Lyyli II' 10-max Seat #8 is the button
Seat 8: belik555 ($134.59 in chips)
Seat 10: paulcantplay ($242.88 in chips)
belik555: posts small blind $1
paulcantplay: posts big blind $3
*** HOLE CARDS ***
belik555: raises $3 to $6
paulcantplay: calls $3
*** FLOP *** [9h 4h 4c]
paulcantplay: checks
belik555: bets $3
paulcantplay: calls $3
*** TURN *** [9h 4h 4c] [6d]
paulcantplay: checks
belik555: bets $6
paulcantplay: folds
Uncalled bet ($6) returned to belik555
belik555 collected $17.64 from pot
belik555: doesn't show hand
*** SUMMARY ***
Total pot $18 | Rake $0.36
Board [9h 4h 4c 6d]
Seat 8: belik555 (button) (small blind) collected ($17.64)
Seat 10: paulcantplay (big blind) folded on the Turn


PokerStars Hand #146446622745:  Hold'em Limit ($3/$6 USD) - 2016/01/04 8:47:15 ET
Table 'Lyyli II' 10-max Seat #10 is the button
Seat 8: belik555 ($143.23 in chips)
Seat 10: paulcantplay ($233.88 in chips)
paulcantplay: posts small blind $1
belik555: posts big blind $3
*** HOLE CARDS ***
paulcantplay: raises $3 to $6
belik555: calls $3
*** FLOP *** [Qs Jc 5c]
belik555: checks
paulcantplay: bets $3
belik555: folds
Uncalled bet ($3) returned to paulcantplay
paulcantplay collected $11.76 from pot
*** SUMMARY ***
Total pot $12 | Rake $0.24
Board [Qs Jc 5c]
Seat 8: belik555 (big blind) folded on the Flop
Seat 10: paulcantplay (button) (small blind) collected ($11.76)


PokerStars Hand #146446595601:  Hold'em Limit ($3/$6 USD) - 2016/01/04 8:46:47 ET
Table 'Lyyli II' 10-max Seat #10 is the button
Seat 8: belik555 ($133.59 in chips)
Seat 10: paulcantplay ($243.88 in chips)
paulcantplay: posts small blind $1
belik555: posts big blind $3
*** HOLE CARDS ***
paulcantplay: folds
Uncalled bet ($2) returned to belik555
belik555 collected $2 from pot
belik555: doesn't show hand
*** SUMMARY ***
Total pot $2 | Rake $0
Seat 8: belik555 (big blind) collected ($2)
Seat 10: paulcantplay (button) (small blind) folded before Flop


PokerStars Hand #146446648554:  Hold'em Limit ($3/$6 USD) - 2016/01/04 8:47:40 ET
Table 'Lyyli II' 10-max Seat #8 is the button
Seat 8: belik555 ($137.23 in chips)
Seat 10: paulcantplay ($239.64 in chips)
belik555: posts small blind $1
paulcantplay: posts big blind $3
*** HOLE CARDS ***
belik555: raises $3 to $6
paulcantplay: calls $3
*** FLOP *** [9h 8s Kc]
paulcantplay: checks
belik555: bets $3
paulcantplay: calls $3
*** TURN *** [9h 8s Kc] [5h]
paulcantplay: checks
belik555: bets $6
paulcantplay: folds
Uncalled bet ($6) returned to belik555
belik555 collected $17.64 from pot
belik555: doesn't show hand
*** SUMMARY ***
Total pot $18 | Rake $0.36
Board [9h 8s Kc 5h]
Seat 8: belik555 (button) (small blind) collected ($17.64)
Seat 10: paulcantplay (big blind) folded on the Turn


PokerStars Hand #146446705803:  Hold'em Limit ($3/$6 USD) - 2016/01/04 8:48:56 ET
Table 'Lyyli II' 10-max Seat #10 is the button
Seat 8: belik555 ($136.87 in chips)
Seat 10: paulcantplay ($239.16 in chips)
paulcantplay: posts small blind $1
belik555: posts big blind $3
*** HOLE CARDS ***
paulcantplay: raises $3 to $6
belik555: calls $3
*** FLOP *** [Tc 3c Qc]
belik555: checks
paulcantplay: bets $3
belik555: calls $3
*** TURN *** [Tc 3c Qc] [2s]
belik555: checks
paulcantplay: bets $6
belik555: folds
Uncalled bet ($6) returned to paulcantplay
paulcantplay collected $17.64 from pot
*** SUMMARY ***
Total pot $18 | Rake $0.36
Board [Tc 3c Qc 2s]
Seat 8: belik555 (big blind) folded on the Turn
Seat 10: paulcantplay (button) (small blind) collected ($17.64)


PokerStars Hand #146446724120:  Hold'em Limit ($3/$6 USD) - 2016/01/04 8:49:21 ET
Table 'Lyyli II' 10-max Seat #8 is the button
Seat 8: belik555 ($127.87 in chips)
Seat 10: paulcantplay ($247.80 in chips)
belik555: posts small blind $1
paulcantplay: posts big blind $3
*** HOLE CARDS ***
belik555: raises $3 to $6
paulcantplay: calls $3
*** FLOP *** [Qc Qh 4h]
paulcantplay: checks
belik555: bets $3
paulcantplay: calls $3
*** TURN *** [Qc Qh 4h] [8h]
paulcantplay: checks
belik555: bets $6
paulcantplay: calls $6
*** RIVER *** [Qc Qh 4h 8h] [9d]
paulcantplay: checks
belik555: checks
*** SHOW DOWN ***
paulcantplay: shows [Jh Td] (a straight, Eight to Queen)
belik555: mucks hand
paulcantplay collected $29.50 from pot
*** SUMMARY ***
Total pot $30 | Rake $0.50
Board [Qc Qh 4h 8h 9d]
Seat 8: belik555 (button) (small blind) mucked
Seat 10: paulcantplay (big blind) showed [Jh Td] and won ($29.50) with a straight, Eight to Queen


PokerStars Hand #146446700724:  Hold'em Limit ($3/$6 USD) - 2016/01/04 8:48:49 ET
Table 'Lyyli II' 10-max Seat #8 is the button
Seat 8: belik555 ($133.87 in chips)
Seat 10: paulcantplay ($242.16 in chips)
belik555: posts small blind $1
paulcantplay: posts big blind $3
*** HOLE CARDS ***
belik555: raises $3 to $6
paulcantplay: folds
Uncalled bet ($3) returned to belik555
belik555 collected $6 from pot
belik555: doesn't show hand
*** SUMMARY ***
Total pot $6 | Rake $0
Seat 8: belik555 (button) (small blind) collected ($6)
Seat 10: paulcantplay (big blind) folded before Flop


PokerStars Hand #146446674817:  Hold'em Limit ($3/$6 USD) - 2016/01/04 8:48:14 ET
Table 'Lyyli II' 10-max Seat #10 is the button
Seat 8: belik555 ($145.87 in chips)
Seat 10: paulcantplay ($230.64 in chips)
paulcantplay: posts small blind $1
belik555: posts big blind $3
*** HOLE CARDS ***
paulcantplay: raises $3 to $6
belik555: raises $3 to $9
paulcantplay: calls $3
*** FLOP *** [5h 4d Td]
belik555: bets $3
paulcantplay: calls $3
*** TURN *** [5h 4d Td] [3c]
belik555: checks
paulcantplay: bets $6
belik555: folds
Uncalled bet ($6) returned to paulcantplay
paulcantplay collected $23.52 from pot
*** SUMMARY ***
Total pot $24 | Rake $0.48
Board [5h 4d Td 3c]
Seat 8: belik555 (big blind) folded on the Turn
Seat 10: paulcantplay (button) (small blind) collected ($23.52)


PokerStars Hand #146446777201:  Hold'em Limit ($3/$6 USD) - 2016/01/04 8:50:33 ET
Table 'Lyyli II' 10-max Seat #10 is the button
Seat 8: belik555 ($130.37 in chips)
Seat 10: paulcantplay ($244.30 in chips)
paulcantplay: posts small blind $1
belik555: posts big blind $3
*** HOLE CARDS ***
paulcantplay: folds
Uncalled bet ($2) returned to belik555
belik555 collected $2 from pot
belik555: doesn't show hand
*** SUMMARY ***
Total pot $2 | Rake $0
Seat 8: belik555 (big blind) collected ($2)
Seat 10: paulcantplay (button) (small blind) folded before Flop


PokerStars Hand #146446746839:  Hold'em Limit ($3/$6 USD) - 2016/01/04 8:49:51 ET
Table 'Lyyli II' 10-max Seat #8 is the button
Seat 8: belik555 ($109.87 in chips)
Seat 10: paulcantplay ($265.30 in chips)
belik555: posts small blind $1
paulcantplay: posts big blind $3
*** HOLE CARDS ***
belik555: raises $3 to $6
paulcantplay: calls $3
*** FLOP *** [Ad Jd 8s]
paulcantplay: checks
belik555: bets $3
paulcantplay: calls $3
*** TURN *** [Ad Jd 8s] [7d]
paulcantplay: checks
belik555: bets $6
paulcantplay: calls $6
*** RIVER *** [Ad Jd 8s 7d] [9s]
paulcantplay: checks
belik555: bets $6
paulcantplay: calls $6
*** SHOW DOWN ***
belik555: shows [3d 6d] (a flush, Ace high)
paulcantplay: mucks hand
belik555 collected $41.50 from pot
*** SUMMARY ***
Total pot $42 | Rake $0.50
Board [Ad Jd 8s 7d 9s]
Seat 8: belik555 (button) (small blind) showed [3d 6d] and won ($41.50) with a flush, Ace high
Seat 10: paulcantplay (big blind) mucked


PokerStars Hand #146446740172:  Hold'em Limit ($3/$6 USD) - 2016/01/04 8:49:42 ET
Table 'Lyyli II' 10-max Seat #10 is the button
Seat 8: belik555 ($112.87 in chips)
Seat 10: paulcantplay ($262.30 in chips)
paulcantplay: posts small blind $1
belik555: posts big blind $3
*** HOLE CARDS ***
paulcantplay: raises $3 to $6
belik555: folds
Uncalled bet ($3) returned to paulcantplay
paulcantplay collected $6 from pot
*** SUMMARY ***
Total pot $6 | Rake $0
Seat 8: belik555 (big blind) folded before Flop
Seat 10: paulcantplay (button) (small blind) collected ($6)


PokerStars Hand #146446796121:  Hold'em Limit ($3/$6 USD) - 2016/01/04 8:50:58 ET
Table 'Lyyli II' 10-max Seat #10 is the button
Seat 8: belik555 ($122.37 in chips)
Seat 10: paulcantplay ($251.94 in chips)
paulcantplay: posts small blind $1
belik555: posts big blind $3
*** HOLE CARDS ***
paulcantplay: folds
Uncalled bet ($2) returned to belik555
belik555 collected $2 from pot
belik555: doesn't show hand
*** SUMMARY ***
Total pot $2 | Rake $0
Seat 8: belik555 (big blind) collected ($2)
Seat 10: paulcantplay (button) (small blind) folded before Flop


PokerStars Hand #146446800847:  Hold'em Limit ($3/$6 USD) - 2016/01/04 8:51:04 ET
Table 'Lyyli II' 10-max Seat #8 is the button
Seat 8: belik555 ($123.37 in chips)
Seat 10: paulcantplay ($250.94 in chips)
belik555: posts small blind $1
paulcantplay: posts big blind $3
*** HOLE CARDS ***
belik555: raises $3 to $6
paulcantplay: calls $3
*** FLOP *** [Kh 5h 2s]
paulcantplay: bets $3
belik555: calls $3
*** TURN *** [Kh 5h 2s] [7s]
paulcantplay: bets $6
belik555: folds
Uncalled bet ($6) returned to paulcantplay
paulcantplay collected $17.64 from pot
*** SUMMARY ***
Total pot $18 | Rake $0.36
Board [Kh 5h 2s 7s]
Seat 8: belik555 (button) (small blind) folded on the Turn
Seat 10: paulcantplay (big blind) collected ($17.64)


PokerStars Hand #146446812066:  Hold'em Limit ($3/$6 USD) - 2016/01/04 8:51:19 ET
Table 'Lyyli II' 10-max Seat #10 is the button
Seat 8: belik555 ($114.37 in chips)
Seat 10: paulcantplay ($259.58 in chips)
paulcantplay: posts small blind $1
belik555: posts big blind $3
*** HOLE CARDS ***
paulcantplay: folds
Uncalled bet ($2) returned to belik555
belik555 collected $2 from pot
belik555: doesn't show hand
*** SUMMARY ***
Total pot $2 | Rake $0
Seat 8: belik555 (big blind) collected ($2)
Seat 10: paulcantplay (button) (small blind) folded before Flop


PokerStars Hand #146446781353:  Hold'em Limit ($3/$6 USD) - 2016/01/04 8:50:38 ET
Table 'Lyyli II' 10-max Seat #8 is the button
Seat 8: belik555 ($131.37 in chips)
Seat 10: paulcantplay ($243.30 in chips)
belik555: posts small blind $1
paulcantplay: posts big blind $3
*** HOLE CARDS ***
belik555: raises $3 to $6
paulcantplay: calls $3
*** FLOP *** [7d 7s Kd]
paulcantplay: checks
belik555: bets $3
paulcantplay: calls $3
*** TURN *** [7d 7s Kd] [As]
paulcantplay: checks
belik555: checks
*** RIVER *** [7d 7s Kd As] [9s]
paulcantplay: bets $6
belik555: folds
Uncalled bet ($6) returned to paulcantplay
paulcantplay collected $17.64 from pot
*** SUMMARY ***
Total pot $18 | Rake $0.36
Board [7d 7s Kd As 9s]
Seat 8: belik555 (button) (small blind) folded on the River
Seat 10: paulcantplay (big blind) collected ($17.64)


PokerStars Hand #146446816274:  Hold'em Limit ($3/$6 USD) - 2016/01/04 8:51:25 ET
Table 'Lyyli II' 10-max Seat #8 is the button
Seat 8: belik555 ($115.37 in chips)
Seat 10: paulcantplay ($258.58 in chips)
belik555: posts small blind $1
paulcantplay: posts big blind $3
*** HOLE CARDS ***
belik555: raises $3 to $6
paulcantplay: calls $3
*** FLOP *** [9c Jh 7h]
paulcantplay: checks
belik555: bets $3
paulcantplay: raises $3 to $6
belik555: calls $3
*** TURN *** [9c Jh 7h] [Kc]
Johnliu joins the table at seat #1
paulcantplay: bets $6
belik555: raises $6 to $12
paulcantplay: calls $6
*** RIVER *** [9c Jh 7h Kc] [6s]
paulcantplay: checks
belik555: bets $6
paulcantplay: calls $6
*** SHOW DOWN ***
belik555: shows [Kd 9s] (two pair, Kings and Nines)
paulcantplay: mucks hand
belik555 collected $59.50 from pot
*** SUMMARY ***
Total pot $60 | Rake $0.50
Board [9c Jh 7h Kc 6s]
Seat 8: belik555 (button) (small blind) showed [Kd 9s] and won ($59.50) with two pair, Kings and Nines
Seat 10: paulcantplay (big blind) mucked


PokerStars Hand #146446885400:  Hold'em Limit ($3/$6 USD) - 2016/01/04 8:52:59 ET
Table 'Lyyli II' 10-max Seat #8 is the button
Seat 1: Johnliu ($230.29 in chips)
Seat 8: belik555 ($136.87 in chips)
belik555: posts small blind $1
Johnliu: posts big blind $3
*** HOLE CARDS ***
belik555: raises $3 to $6
paulcantplay leaves the table
Johnliu: folds
Uncalled bet ($3) returned to belik555
belik555 collected $6 from pot
belik555: doesn't show hand
*** SUMMARY ***
Total pot $6 | Rake $0
Seat 1: Johnliu (big blind) folded before Flop
Seat 8: belik555 (button) (small blind) collected ($6)


PokerStars Hand #146446902683:  Hold'em Limit ($3/$6 USD) - 2016/01/04 8:53:23 ET
Table 'Lyyli II' 10-max Seat #2 is the button
Seat 2: 40 ft cliff ($120 in chips)
Seat 8: belik555 ($139.87 in chips)
40 ft cliff: posts small blind $1
belik555: posts big blind $3
*** HOLE CARDS ***
40 ft cliff: raises $3 to $6
belik555: raises $3 to $9
40 ft cliff: calls $3
*** FLOP *** [Qc 9h Kc]
belik555: bets $3
40 ft cliff: calls $3
*** TURN *** [Qc 9h Kc] [6c]
belik555: bets $6
40 ft cliff: calls $6
*** RIVER *** [Qc 9h Kc 6c] [Ac]
belik555: bets $6
40 ft cliff: calls $6
*** SHOW DOWN ***
belik555: shows [Jc 9c] (a flush, Ace high)
40 ft cliff: mucks hand
belik555 collected $47.50 from pot
*** SUMMARY ***
Total pot $48 | Rake $0.50
Board [Qc 9h Kc 6c Ac]
Seat 2: 40 ft cliff (button) (small blind) mucked
Seat 8: belik555 (big blind) showed [Jc 9c] and won ($47.50) with a flush, Ace high


PokerStars Hand #146446926029:  Hold'em Limit ($3/$6 USD) - 2016/01/04 8:53:54 ET
Table 'Lyyli II' 10-max Seat #8 is the button
Seat 2: 40 ft cliff ($96 in chips)
Seat 8: belik555 ($163.37 in chips)
belik555: posts small blind $1
40 ft cliff: posts big blind $3
*** HOLE CARDS ***
belik555: raises $3 to $6
40 ft cliff: calls $3
*** FLOP *** [Ad 5h 6c]
40 ft cliff: checks
belik555: bets $3
40 ft cliff: calls $3
*** TURN *** [Ad 5h 6c] [Ts]
40 ft cliff: checks
belik555: checks
*** RIVER *** [Ad 5h 6c Ts] [4s]
40 ft cliff: checks
belik555: checks
*** SHOW DOWN ***
40 ft cliff: shows [Kh 8h] (high card Ace)
belik555: mucks hand
40 ft cliff collected $17.64 from pot
*** SUMMARY ***
Total pot $18 | Rake $0.36
Board [Ad 5h 6c Ts 4s]
Seat 2: 40 ft cliff (big blind) showed [Kh 8h] and won ($17.64) with high card Ace
Seat 8: belik555 (button) (small blind) mucked


PokerStars Hand #146446946644:  Hold'em Limit ($3/$6 USD) - 2016/01/04 8:54:22 ET
Table 'Lyyli II' 10-max Seat #2 is the button
Seat 2: 40 ft cliff ($104.64 in chips)
Seat 8: belik555 ($154.37 in chips)
40 ft cliff: posts small blind $1
belik555: posts big blind $3
*** HOLE CARDS ***
40 ft cliff: raises $3 to $6
belik555: calls $3
*** FLOP *** [3s Qs 4s]
belik555: checks
40 ft cliff: checks
*** TURN *** [3s Qs 4s] [Tc]
belik555: bets $6
40 ft cliff: folds
Uncalled bet ($6) returned to belik555
belik555 collected $11.76 from pot
belik555: doesn't show hand
*** SUMMARY ***
Total pot $12 | Rake $0.24
Board [3s Qs 4s Tc]
Seat 2: 40 ft cliff (button) (small blind) folded on the Turn
Seat 8: belik555 (big blind) collected ($11.76)


PokerStars Hand #146447061318:  Hold'em Limit ($3/$6 USD) - 2016/01/04 8:57:19 ET
Table 'Lyyli II' 10-max Seat #2 is the button
Seat 2: 40 ft cliff ($68.66 in chips)
Seat 8: belik555 ($187.89 in chips)
40 ft cliff: posts small blind $1
belik555: posts big blind $3
*** HOLE CARDS ***
40 ft cliff: folds
Uncalled bet ($2) returned to belik555
belik555 collected $2 from pot
belik555: doesn't show hand
*** SUMMARY ***
Total pot $2 | Rake $0
Seat 2: 40 ft cliff (button) (small blind) folded before Flop
Seat 8: belik555 (big blind) collected ($2)


PokerStars Hand #146447051230:  Hold'em Limit ($3/$6 USD) - 2016/01/04 8:57:03 ET
Table 'Lyyli II' 10-max Seat #8 is the button
Seat 2: 40 ft cliff ($74.66 in chips)
Seat 8: belik555 ($182.13 in chips)
belik555: posts small blind $1
40 ft cliff: posts big blind $3
*** HOLE CARDS ***
belik555: raises $3 to $6
40 ft cliff: calls $3
*** FLOP *** [Qs Qc 9s]
40 ft cliff: checks
belik555: bets $3
40 ft cliff: folds
Uncalled bet ($3) returned to belik555
belik555 collected $11.76 from pot
belik555: doesn't show hand
*** SUMMARY ***
Total pot $12 | Rake $0.24
Board [Qs Qc 9s]
Seat 2: 40 ft cliff (big blind) folded on the Flop
Seat 8: belik555 (button) (small blind) collected ($11.76)


PokerStars Hand #146447092049:  Hold'em Limit ($3/$6 USD) - 2016/01/04 8:58:09 ET
Table 'Lyyli II' 10-max Seat #2 is the button
Seat 2: 40 ft cliff ($37.66 in chips)
Seat 8: belik555 ($218.39 in chips)
40 ft cliff: posts small blind $1
belik555: posts big blind $3
*** HOLE CARDS ***
40 ft cliff: raises $3 to $6
belik555: calls $3
*** FLOP *** [7h 9c 5d]
belik555: checks
40 ft cliff: checks
*** TURN *** [7h 9c 5d] [4s]
belik555: bets $6
40 ft cliff: folds
Uncalled bet ($6) returned to belik555
belik555 collected $11.76 from pot
belik555: doesn't show hand
*** SUMMARY ***
Total pot $12 | Rake $0.24
Board [7h 9c 5d 4s]
Seat 2: 40 ft cliff (button) (small blind) folded on the Turn
Seat 8: belik555 (big blind) collected ($11.76)


PokerStars Hand #146447067057:  Hold'em Limit ($3/$6 USD) - 2016/01/04 8:57:28 ET
Table 'Lyyli II' 10-max Seat #8 is the button
Seat 2: 40 ft cliff ($67.66 in chips)
Seat 8: belik555 ($188.89 in chips)
belik555: posts small blind $1
40 ft cliff: posts big blind $3
*** HOLE CARDS ***
belik555: raises $3 to $6
40 ft cliff: raises $3 to $9
belik555: calls $3
*** FLOP *** [9s 2d Ts]
40 ft cliff: bets $3
belik555: calls $3
*** TURN *** [9s 2d Ts] [Qh]
40 ft cliff: bets $6
belik555: raises $6 to $12
40 ft cliff: calls $6
*** RIVER *** [9s 2d Ts Qh] [4d]
40 ft cliff: checks
belik555: bets $6
40 ft cliff: calls $6
*** SHOW DOWN ***
belik555: shows [Qs Kd] (a pair of Queens)
40 ft cliff: mucks hand
belik555 collected $59.50 from pot
*** SUMMARY ***
Total pot $60 | Rake $0.50
Board [9s 2d Ts Qh 4d]
Seat 2: 40 ft cliff (big blind) mucked
Seat 8: belik555 (button) (small blind) showed [Qs Kd] and won ($59.50) with a pair of Queens


PokerStars Hand #146447136669:  Hold'em Limit ($3/$6 USD) - 2016/01/04 8:59:21 ET
Table 'Lyyli II' 10-max Seat #2 is the button
Seat 2: 40 ft cliff ($96.29 in chips)
Seat 8: belik555 ($239.99 in chips)
40 ft cliff: posts small blind $1
belik555: posts big blind $3
*** HOLE CARDS ***
40 ft cliff: folds
Uncalled bet ($2) returned to belik555
belik555 collected $2 from pot
belik555: doesn't show hand
*** SUMMARY ***
Total pot $2 | Rake $0
Seat 2: 40 ft cliff (button) (small blind) folded before Flop
Seat 8: belik555 (big blind) collected ($2)


PokerStars Hand #146447131816:  Hold'em Limit ($3/$6 USD) - 2016/01/04 8:59:13 ET
Table 'Lyyli II' 10-max Seat #8 is the button
Seat 2: 40 ft cliff ($99.29 in chips)
Seat 8: belik555 ($236.99 in chips)
belik555: posts small blind $1
40 ft cliff: posts big blind $3
*** HOLE CARDS ***
belik555: raises $3 to $6
40 ft cliff: folds
Uncalled bet ($3) returned to belik555
belik555 collected $6 from pot
belik555: doesn't show hand
*** SUMMARY ***
Total pot $6 | Rake $0
Seat 2: 40 ft cliff (big blind) folded before Flop
Seat 8: belik555 (button) (small blind) collected ($6)


PokerStars Hand #146447128641:  Hold'em Limit ($3/$6 USD) - 2016/01/04 8:59:08 ET
Table 'Lyyli II' 10-max Seat #2 is the button
Seat 2: 40 ft cliff ($100.29 in chips)
Seat 8: belik555 ($235.99 in chips)
40 ft cliff: posts small blind $1
belik555: posts big blind $3
*** HOLE CARDS ***
40 ft cliff: folds
Uncalled bet ($2) returned to belik555
belik555 collected $2 from pot
belik555: doesn't show hand
*** SUMMARY ***
Total pot $2 | Rake $0
Seat 2: 40 ft cliff (button) (small blind) folded before Flop
Seat 8: belik555 (big blind) collected ($2)


PokerStars Hand #146447115158:  Hold'em Limit ($3/$6 USD) - 2016/01/04 8:58:46 ET
Table 'Lyyli II' 10-max Seat #8 is the button
Seat 2: 40 ft cliff ($9.66 in chips)
Seat 8: belik555 ($245.65 in chips)
belik555: posts small blind $1
40 ft cliff: posts big blind $3
*** HOLE CARDS ***
belik555: raises $3 to $6
40 ft cliff: raises $3 to $9
belik555: calls $3
*** FLOP *** [8s Kh 9s]
40 ft cliff: bets $0.66 and is all-in
belik555: calls $0.66
*** TURN *** [8s Kh 9s] [Ad]
*** RIVER *** [8s Kh 9s Ad] [9c]
*** SHOW DOWN ***
40 ft cliff: shows [6h 6c] (two pair, Nines and Sixes)
belik555: shows [6d 5d] (a pair of Nines)
40 ft cliff collected $18.93 from pot
*** SUMMARY ***
Total pot $19.32 | Rake $0.39
Board [8s Kh 9s Ad 9c]
Seat 2: 40 ft cliff (big blind) showed [6h 6c] and won ($18.93) with two pair, Nines and Sixes
Seat 8: belik555 (button) (small blind) showed [6d 5d] and lost with a pair of Nines


PokerStars Hand #146447111581:  Hold'em Limit ($3/$6 USD) - 2016/01/04 8:58:41 ET
Table 'Lyyli II' 10-max Seat #2 is the button
Seat 2: 40 ft cliff ($10.66 in chips)
Seat 8: belik555 ($244.65 in chips)
40 ft cliff: posts small blind $1
belik555: posts big blind $3
*** HOLE CARDS ***
40 ft cliff: folds
Uncalled bet ($2) returned to belik555
belik555 collected $2 from pot
belik555: doesn't show hand
*** SUMMARY ***
Total pot $2 | Rake $0
Seat 2: 40 ft cliff (button) (small blind) folded before Flop
Seat 8: belik555 (big blind) collected ($2)


PokerStars Hand #146447099793:  Hold'em Limit ($3/$6 USD) - 2016/01/04 8:58:21 ET
Table 'Lyyli II' 10-max Seat #8 is the button
Seat 2: 40 ft cliff ($31.66 in chips)
Seat 8: belik555 ($224.15 in chips)
belik555: posts small blind $1
40 ft cliff: posts big blind $3
*** HOLE CARDS ***
belik555: raises $3 to $6
40 ft cliff: calls $3
*** FLOP *** [6c 8c Ks]
40 ft cliff: bets $3
belik555: calls $3
*** TURN *** [6c 8c Ks] [7s]
40 ft cliff: bets $6
belik555: calls $6
*** RIVER *** [6c 8c Ks 7s] [Ad]
40 ft cliff: checks
belik555: bets $6
40 ft cliff: calls $6
*** SHOW DOWN ***
belik555: shows [8h Th] (a pair of Eights)
40 ft cliff: mucks hand
belik555 collected $41.50 from pot
*** SUMMARY ***
Total pot $42 | Rake $0.50
Board [6c 8c Ks 7s Ad]
Seat 2: 40 ft cliff (big blind) mucked
Seat 8: belik555 (button) (small blind) showed [8h Th] and won ($41.50) with a pair of Eights


PokerStars Hand #146446956762:  Hold'em Limit ($3/$6 USD) - 2016/01/04 8:54:36 ET
Table 'Lyyli II' 10-max Seat #8 is the button
Seat 2: 40 ft cliff ($98.64 in chips)
Seat 8: belik555 ($160.13 in chips)
belik555: posts small blind $1
40 ft cliff: posts big blind $3
*** HOLE CARDS ***
belik555: raises $3 to $6
40 ft cliff: raises $3 to $9
belik555: calls $3
*** FLOP *** [7d 6d 7c]
40 ft cliff: bets $3
belik555: raises $3 to $6
40 ft cliff: calls $3
*** TURN *** [7d 6d 7c] [2c]
40 ft cliff: checks
belik555: bets $6
40 ft cliff: calls $6
*** RIVER *** [7d 6d 7c 2c] [8c]
40 ft cliff: checks
belik555: bets $6
40 ft cliff: calls $6
*** SHOW DOWN ***
belik555: shows [6h 6s] (a full house, Sixes full of Sevens)
40 ft cliff: mucks hand
belik555 collected $53.50 from pot
*** SUMMARY ***
Total pot $54 | Rake $0.50
Board [7d 6d 7c 2c 8c]
Seat 2: 40 ft cliff (big blind) mucked
Seat 8: belik555 (button) (small blind) showed [6h 6s] and won ($53.50) with a full house, Sixes full of Sevens


PokerStars Hand #146446992794:  Hold'em Limit ($3/$6 USD) - 2016/01/04 8:55:27 ET
Table 'Lyyli II' 10-max Seat #2 is the button
Seat 2: 40 ft cliff ($71.64 in chips)
Seat 8: belik555 ($186.63 in chips)
40 ft cliff: posts small blind $1
belik555: posts big blind $3
*** HOLE CARDS ***
40 ft cliff: raises $3 to $6
belik555: calls $3
*** FLOP *** [Ts 8h 4c]
belik555: checks
40 ft cliff: bets $3
belik555: raises $3 to $6
40 ft cliff: raises $3 to $9
belik555: calls $3
*** TURN *** [Ts 8h 4c] [4d]
belik555: checks
40 ft cliff: checks
*** RIVER *** [Ts 8h 4c 4d] [9d]
belik555: bets $6
40 ft cliff: calls $6
*** SHOW DOWN ***
belik555: shows [Qs 8d] (two pair, Eights and Fours)
40 ft cliff: shows [Td Qh] (two pair, Tens and Fours)
40 ft cliff collected $41.50 from pot
*** SUMMARY ***
Total pot $42 | Rake $0.50
Board [Ts 8h 4c 4d 9d]
Seat 2: 40 ft cliff (button) (small blind) showed [Td Qh] and won ($41.50) with two pair, Tens and Fours
Seat 8: belik555 (big blind) showed [Qs 8d] and lost with two pair, Eights and Fours


PokerStars Hand #146447007064:  Hold'em Limit ($3/$6 USD) - 2016/01/04 8:55:50 ET
Table 'Lyyli II' 10-max Seat #8 is the button
Seat 2: 40 ft cliff ($92.14 in chips)
Seat 8: belik555 ($165.63 in chips)
belik555: posts small blind $1
40 ft cliff: posts big blind $3
*** HOLE CARDS ***
belik555: raises $3 to $6
40 ft cliff: calls $3
*** FLOP *** [8d 9c 4s]
40 ft cliff: bets $3
belik555: raises $3 to $6
40 ft cliff: calls $3
*** TURN *** [8d 9c 4s] [Ks]
40 ft cliff: checks
belik555: checks
*** RIVER *** [8d 9c 4s Ks] [3s]
40 ft cliff: bets $6
belik555: folds
Uncalled bet ($6) returned to 40 ft cliff
40 ft cliff collected $23.52 from pot
40 ft cliff: doesn't show hand
*** SUMMARY ***
Total pot $24 | Rake $0.48
Board [8d 9c 4s Ks 3s]
Seat 2: 40 ft cliff (big blind) collected ($23.52)
Seat 8: belik555 (button) (small blind) folded on the River


PokerStars Hand #146447018895:  Hold'em Limit ($3/$6 USD) - 2016/01/04 8:56:09 ET
Table 'Lyyli II' 10-max Seat #2 is the button
Seat 2: 40 ft cliff ($103.66 in chips)
Seat 8: belik555 ($153.63 in chips)
40 ft cliff: posts small blind $1
belik555: posts big blind $3
*** HOLE CARDS ***
40 ft cliff: folds
Uncalled bet ($2) returned to belik555
belik555 collected $2 from pot
belik555: doesn't show hand
*** SUMMARY ***
Total pot $2 | Rake $0
Seat 2: 40 ft cliff (button) (small blind) folded before Flop
Seat 8: belik555 (big blind) collected ($2)


PokerStars Hand #146447152821:  Hold'em Limit ($3/$6 USD) - 2016/01/04 8:59:47 ET
Table 'Lyyli II' 10-max Seat #2 is the button
Seat 2: 40 ft cliff ($89.29 in chips)
Seat 8: belik555 ($246.75 in chips)
40 ft cliff: posts small blind $1
belik555: posts big blind $3
*** HOLE CARDS ***
40 ft cliff: raises $3 to $6
belik555: calls $3
*** FLOP *** [Ac 3h 6h]
belik555: checks
40 ft cliff: bets $3
belik555: calls $3
*** TURN *** [Ac 3h 6h] [8d]
belik555: checks
40 ft cliff: bets $6
belik555: calls $6
*** RIVER *** [Ac 3h 6h 8d] [Td]
belik555: checks
40 ft cliff: checks
*** SHOW DOWN ***
belik555: shows [6s 2h] (a pair of Sixes)
40 ft cliff: shows [Jh 8s] (a pair of Eights)
40 ft cliff collected $29.50 from pot
*** SUMMARY ***
Total pot $30 | Rake $0.50
Board [Ac 3h 6h 8d Td]
Seat 2: 40 ft cliff (button) (small blind) showed [Jh 8s] and won ($29.50) with a pair of Eights
Seat 8: belik555 (big blind) showed [6s 2h] and lost with a pair of Sixes


PokerStars Hand #146447139940:  Hold'em Limit ($3/$6 USD) - 2016/01/04 8:59:26 ET
Table 'Lyyli II' 10-max Seat #8 is the button
Seat 2: 40 ft cliff ($95.29 in chips)
Seat 8: belik555 ($240.99 in chips)
belik555: posts small blind $1
40 ft cliff: posts big blind $3
*** HOLE CARDS ***
belik555: raises $3 to $6
40 ft cliff: calls $3
*** FLOP *** [Td 9s 9d]
40 ft cliff: checks
belik555: bets $3
40 ft cliff: folds
Uncalled bet ($3) returned to belik555
belik555 collected $11.76 from pot
belik555: doesn't show hand
*** SUMMARY ***
Total pot $12 | Rake $0.24
Board [Td 9s 9d]
Seat 2: 40 ft cliff (big blind) folded on the Flop
Seat 8: belik555 (button) (small blind) collected ($11.76)


PokerStars Hand #146447190461:  Hold'em Limit ($3/$6 USD) - 2016/01/04 9:00:46 ET
Table 'Lyyli II' 10-max Seat #2 is the button
Seat 2: 40 ft cliff ($118.29 in chips)
Seat 8: belik555 ($216.75 in chips)
40 ft cliff: posts small blind $1
belik555: posts big blind $3
*** HOLE CARDS ***
40 ft cliff: raises $3 to $6
belik555: calls $3
*** FLOP *** [2c 4c 4s]
belik555: checks
40 ft cliff: checks
*** TURN *** [2c 4c 4s] [2h]
belik555: bets $6
40 ft cliff: calls $6
*** RIVER *** [2c 4c 4s 2h] [Jc]
belik555: bets $6
sydd7 joins the table at seat #10
40 ft cliff: calls $6
*** SHOW DOWN ***
belik555: shows [Ks 2d] (a full house, Deuces full of Fours)
40 ft cliff: mucks hand
belik555 collected $35.50 from pot
*** SUMMARY ***
Total pot $36 | Rake $0.50
Board [2c 4c 4s 2h Jc]
Seat 2: 40 ft cliff (button) (small blind) mucked
Seat 8: belik555 (big blind) showed [Ks 2d] and won ($35.50) with a full house, Deuces full of Fours


PokerStars Hand #146447167299:  Hold'em Limit ($3/$6 USD) - 2016/01/04 9:00:10 ET
Table 'Lyyli II' 10-max Seat #8 is the button
Seat 2: 40 ft cliff ($103.79 in chips)
Seat 8: belik555 ($231.75 in chips)
belik555: posts small blind $1
40 ft cliff: posts big blind $3
*** HOLE CARDS ***
belik555: raises $3 to $6
40 ft cliff: raises $3 to $9
belik555: calls $3
*** FLOP *** [2h Js Tc]
40 ft cliff: bets $3
belik555: raises $3 to $6
40 ft cliff: calls $3
*** TURN *** [2h Js Tc] [Jh]
40 ft cliff: checks
belik555: checks
*** RIVER *** [2h Js Tc Jh] [4s]
40 ft cliff: bets $6
belik555: folds
Uncalled bet ($6) returned to 40 ft cliff
40 ft cliff collected $29.50 from pot
40 ft cliff: doesn't show hand
*** SUMMARY ***
Total pot $30 | Rake $0.50
Board [2h Js Tc Jh 4s]
Seat 2: 40 ft cliff (big blind) collected ($29.50)
Seat 8: belik555 (button) (small blind) folded on the River


PokerStars Hand #146452066743:  Hold'em Limit ($3/$6 USD) - 2016/01/04 10:45:21 ET
Table 'Lyyli II' 10-max Seat #10 is the button
Seat 6: SmellyToes4u ($263.24 in chips)
Seat 10: sydd7 ($160.49 in chips)
sydd7: posts small blind $1
komornik: is sitting out
SmellyToes4u: posts big blind $3
*** HOLE CARDS ***
sydd7: folds
Uncalled bet ($2) returned to SmellyToes4u
komornik leaves the table
SmellyToes4u collected $2 from pot
SmellyToes4u: doesn't show hand
*** SUMMARY ***
Total pot $2 | Rake $0
Seat 6: SmellyToes4u (big blind) collected ($2)
Seat 10: sydd7 (button) (small blind) folded before Flop


PokerStars Hand #146452072697:  Hold'em Limit ($3/$6 USD) - 2016/01/04 10:45:29 ET
Table 'Lyyli II' 10-max Seat #6 is the button
Seat 6: SmellyToes4u ($264.24 in chips)
Seat 10: sydd7 ($159.49 in chips)
SmellyToes4u: posts small blind $1
sydd7: posts big blind $3
*** HOLE CARDS ***
SmellyToes4u: raises $3 to $6
sydd7: folds
Uncalled bet ($3) returned to SmellyToes4u
SmellyToes4u collected $6 from pot
SmellyToes4u: doesn't show hand
*** SUMMARY ***
Total pot $6 | Rake $0
Seat 6: SmellyToes4u (button) (small blind) collected ($6)
Seat 10: sydd7 (big blind) folded before Flop


PokerStars Hand #146452082412:  Hold'em Limit ($3/$6 USD) - 2016/01/04 10:45:40 ET
Table 'Lyyli II' 10-max Seat #10 is the button
Seat 6: SmellyToes4u ($267.24 in chips)
Seat 10: sydd7 ($156.49 in chips)
sydd7: posts small blind $1
SmellyToes4u: posts big blind $3
*** HOLE CARDS ***
sydd7: raises $3 to $6
SmellyToes4u: calls $3
*** FLOP *** [Qs 5h 9c]
SmellyToes4u: checks
sydd7: bets $3
SmellyToes4u: raises $3 to $6
sydd7: calls $3
*** TURN *** [Qs 5h 9c] [6h]
SmellyToes4u: bets $6
sydd7: calls $6
*** RIVER *** [Qs 5h 9c 6h] [6c]
SmellyToes4u: bets $6
sydd7: calls $6
*** SHOW DOWN ***
SmellyToes4u: shows [Qd 9d] (two pair, Queens and Nines)
sydd7: mucks hand
SmellyToes4u collected $47.50 from pot
*** SUMMARY ***
Total pot $48 | Rake $0.50
Board [Qs 5h 9c 6h 6c]
Seat 6: SmellyToes4u (big blind) showed [Qd 9d] and won ($47.50) with two pair, Queens and Nines
Seat 10: sydd7 (button) (small blind) mucked


PokerStars Hand #146452131600:  Hold'em Limit ($3/$6 USD) - 2016/01/04 10:46:38 ET
Table 'Lyyli II' 10-max Seat #10 is the button
Seat 6: SmellyToes4u ($317.24 in chips)
Seat 10: sydd7 ($105.49 in chips)
sydd7: posts small blind $1
SmellyToes4u: posts big blind $3
*** HOLE CARDS ***
sydd7: folds
Uncalled bet ($2) returned to SmellyToes4u
SmellyToes4u collected $2 from pot
SmellyToes4u: doesn't show hand
*** SUMMARY ***
Total pot $2 | Rake $0
Seat 6: SmellyToes4u (big blind) collected ($2)
Seat 10: sydd7 (button) (small blind) folded before Flop


PokerStars Hand #146452110477:  Hold'em Limit ($3/$6 USD) - 2016/01/04 10:46:13 ET
Table 'Lyyli II' 10-max Seat #6 is the button
Seat 6: SmellyToes4u ($290.74 in chips)
Seat 10: sydd7 ($132.49 in chips)
SmellyToes4u: posts small blind $1
sydd7: posts big blind $3
*** HOLE CARDS ***
SmellyToes4u: raises $3 to $6
sydd7: calls $3
*** FLOP *** [5d 6d Jd]
sydd7: bets $3
SmellyToes4u: calls $3
*** TURN *** [5d 6d Jd] [8h]
sydd7: bets $6
SmellyToes4u: raises $6 to $12
sydd7: calls $6
*** RIVER *** [5d 6d Jd 8h] [Ac]
sydd7: bets $6
SmellyToes4u: calls $6
*** SHOW DOWN ***
sydd7: shows [Js 2c] (a pair of Jacks)
SmellyToes4u: shows [Td Jc] (a pair of Jacks - Ace+Ten kicker)
SmellyToes4u collected $53.50 from pot
*** SUMMARY ***
Total pot $54 | Rake $0.50
Board [5d 6d Jd 8h Ac]
Seat 6: SmellyToes4u (button) (small blind) showed [Td Jc] and won ($53.50) with a pair of Jacks
Seat 10: sydd7 (big blind) showed [Js 2c] and lost with a pair of Jacks


PokerStars Hand #146452147165:  Hold'em Limit ($3/$6 USD) - 2016/01/04 10:46:56 ET
Table 'Lyyli II' 10-max Seat #10 is the button
Seat 6: SmellyToes4u ($324 in chips)
Seat 10: sydd7 ($98.49 in chips)
sydd7: posts small blind $1
SmellyToes4u: posts big blind $3
*** HOLE CARDS ***
sydd7: folds
Uncalled bet ($2) returned to SmellyToes4u
SmellyToes4u collected $2 from pot
SmellyToes4u: doesn't show hand
*** SUMMARY ***
Total pot $2 | Rake $0
Seat 6: SmellyToes4u (big blind) collected ($2)
Seat 10: sydd7 (button) (small blind) folded before Flop


PokerStars Hand #146452135563:  Hold'em Limit ($3/$6 USD) - 2016/01/04 10:46:42 ET
Table 'Lyyli II' 10-max Seat #6 is the button
Seat 6: SmellyToes4u ($318.24 in chips)
Seat 10: sydd7 ($104.49 in chips)
SmellyToes4u: posts small blind $1
sydd7: posts big blind $3
*** HOLE CARDS ***
SmellyToes4u: raises $3 to $6
sydd7: calls $3
*** FLOP *** [Ad Kc Ac]
sydd7: checks
SmellyToes4u: bets $3
sydd7: folds
Uncalled bet ($3) returned to SmellyToes4u
SmellyToes4u collected $11.76 from pot
SmellyToes4u: doesn't show hand
*** SUMMARY ***
Total pot $12 | Rake $0.24
Board [Ad Kc Ac]
Seat 6: SmellyToes4u (button) (small blind) collected ($11.76)
Seat 10: sydd7 (big blind) folded on the Flop


PokerStars Hand #146452150875:  Hold'em Limit ($3/$6 USD) - 2016/01/04 10:47:00 ET
Table 'Lyyli II' 10-max Seat #6 is the button
Seat 6: SmellyToes4u ($325 in chips)
Seat 10: sydd7 ($97.49 in chips)
SmellyToes4u: posts small blind $1
sydd7: posts big blind $3
*** HOLE CARDS ***
SmellyToes4u: raises $3 to $6
sydd7: folds
Uncalled bet ($3) returned to SmellyToes4u
SmellyToes4u collected $6 from pot
SmellyToes4u: doesn't show hand
*** SUMMARY ***
Total pot $6 | Rake $0
Seat 6: SmellyToes4u (button) (small blind) collected ($6)
Seat 10: sydd7 (big blind) folded before Flop


PokerStars Hand #146452195956:  Hold'em Limit ($3/$6 USD) - 2016/01/04 10:47:38 ET
Table 'Lyyli II' 10-max Seat #6 is the button
Seat 6: SmellyToes4u ($322 in chips)
Seat 10: sydd7 ($100.25 in chips)
SmellyToes4u: posts small blind $1
sydd7: posts big blind $3
*** HOLE CARDS ***
SmellyToes4u: folds
Uncalled bet ($2) returned to sydd7
sydd7 collected $2 from pot
sydd7: doesn't show hand
*** SUMMARY ***
Total pot $2 | Rake $0
Seat 6: SmellyToes4u (button) (small blind) folded before Flop
Seat 10: sydd7 (big blind) collected ($2)


PokerStars Hand #146452160770:  Hold'em Limit ($3/$6 USD) - 2016/01/04 10:47:07 ET
Table 'Lyyli II' 10-max Seat #10 is the button
Seat 6: SmellyToes4u ($328 in chips)
Seat 10: sydd7 ($94.49 in chips)
sydd7: posts small blind $1
SmellyToes4u: posts big blind $3
*** HOLE CARDS ***
sydd7: raises $3 to $6
SmellyToes4u: calls $3
*** FLOP *** [Kh Qd Ac]
SmellyToes4u: checks
sydd7: bets $3
SmellyToes4u: folds
Uncalled bet ($3) returned to sydd7
sydd7 collected $11.76 from pot
sydd7: doesn't show hand
*** SUMMARY ***
Total pot $12 | Rake $0.24
Board [Kh Qd Ac]
Seat 6: SmellyToes4u (big blind) folded on the Flop
Seat 10: sydd7 (button) (small blind) collected ($11.76)


PokerStars Hand #146452201585:  Hold'em Limit ($3/$6 USD) - 2016/01/04 10:47:45 ET
Table 'Lyyli II' 10-max Seat #10 is the button
Seat 6: SmellyToes4u ($321 in chips)
Seat 10: sydd7 ($101.25 in chips)
sydd7: posts small blind $1
SmellyToes4u: posts big blind $3
*** HOLE CARDS ***
sydd7: raises $3 to $6
SmellyToes4u: calls $3
*** FLOP *** [Qh 8d 4h]
SmellyToes4u: checks
sydd7: bets $3
SmellyToes4u: folds
Uncalled bet ($3) returned to sydd7
sydd7 collected $11.76 from pot
sydd7: doesn't show hand
*** SUMMARY ***
Total pot $12 | Rake $0.24
Board [Qh 8d 4h]
Seat 6: SmellyToes4u (big blind) folded on the Flop
Seat 10: sydd7 (button) (small blind) collected ($11.76)


PokerStars Hand #146452238983:  Hold'em Limit ($3/$6 USD) - 2016/01/04 10:48:28 ET
Table 'Lyyli II' 10-max Seat #10 is the button
Seat 6: SmellyToes4u ($314 in chips)
Seat 10: sydd7 ($108.01 in chips)
sydd7: posts small blind $1
SmellyToes4u: posts big blind $3
*** HOLE CARDS ***
sydd7: folds
Uncalled bet ($2) returned to SmellyToes4u
SmellyToes4u collected $2 from pot
SmellyToes4u: doesn't show hand
*** SUMMARY ***
Total pot $2 | Rake $0
Seat 6: SmellyToes4u (big blind) collected ($2)
Seat 10: sydd7 (button) (small blind) folded before Flop


PokerStars Hand #146452233421:  Hold'em Limit ($3/$6 USD) - 2016/01/04 10:48:21 ET
Table 'Lyyli II' 10-max Seat #6 is the button
Seat 6: SmellyToes4u ($315 in chips)
Seat 10: sydd7 ($107.01 in chips)
SmellyToes4u: posts small blind $1
sydd7: posts big blind $3
*** HOLE CARDS ***
SmellyToes4u: folds
Uncalled bet ($2) returned to sydd7
sydd7 collected $2 from pot
sydd7: doesn't show hand
*** SUMMARY ***
Total pot $2 | Rake $0
Seat 6: SmellyToes4u (button) (small blind) folded before Flop
Seat 10: sydd7 (big blind) collected ($2)


PokerStars Hand #146452243133:  Hold'em Limit ($3/$6 USD) - 2016/01/04 10:48:33 ET
Table 'Lyyli II' 10-max Seat #6 is the button
Seat 6: SmellyToes4u ($315 in chips)
Seat 10: sydd7 ($107.01 in chips)
SmellyToes4u: posts small blind $1
sydd7: posts big blind $3
*** HOLE CARDS ***
SmellyToes4u: raises $3 to $6
sydd7: folds
Uncalled bet ($3) returned to SmellyToes4u
SmellyToes4u collected $6 from pot
SmellyToes4u: doesn't show hand
*** SUMMARY ***
Total pot $6 | Rake $0
Seat 6: SmellyToes4u (button) (small blind) collected ($6)
Seat 10: sydd7 (big blind) folded before Flop


