PokerStars Hand #155500016235:  Hold'em Limit ($3/$6 USD) - 2016/07/03 6:49:05 ET
Table 'Maartje' 6-max Seat #2 is the button
Seat 2: proth ($105 in chips)
Seat 4: VolkovDmitri ($134.52 in chips)
proth: posts small blind $1
VolkovDmitri: posts big blind $3
*** HOLE CARDS ***
proth: folds
Uncalled bet ($2) returned to VolkovDmitri
VolkovDmitri collected $2 from pot
VolkovDmitri: doesn't show hand
*** SUMMARY ***
Total pot $2 | Rake $0
Seat 2: proth (button) (small blind) folded before Flop
Seat 4: VolkovDmitri (big blind) collected ($2)


PokerStars Hand #155500011367:  Hold'em Limit ($3/$6 USD) - 2016/07/03 6:48:54 ET
Table 'Maartje' 6-max Seat #4 is the button
Seat 2: proth ($108 in chips)
Seat 4: VolkovDmitri ($131.52 in chips)
VolkovDmitri: posts small blind $1
proth: posts big blind $3
*** HOLE CARDS ***
Grieserix joins the table at seat #5
VolkovDmitri: raises $3 to $6
proth: folds
Uncalled bet ($3) returned to VolkovDmitri
VolkovDmitri collected $6 from pot
VolkovDmitri: doesn't show hand
*** SUMMARY ***
Total pot $6 | Rake $0
Seat 2: proth (big blind) folded before Flop
Seat 4: VolkovDmitri (button) (small blind) collected ($6)


PokerStars Hand #155499994264:  Hold'em Limit ($3/$6 USD) - 2016/07/03 6:48:16 ET
Table 'Maartje' 6-max Seat #2 is the button
Seat 2: proth ($120 in chips)
Seat 4: VolkovDmitri ($120 in chips)
proth: posts small blind $1
VolkovDmitri: posts big blind $3
*** HOLE CARDS ***
proth: raises $3 to $6
VolkovDmitri: raises $3 to $9
proth: calls $3
*** FLOP *** [9h 6c Kh]
VolkovDmitri: bets $3
proth: calls $3
*** TURN *** [9h 6c Kh] [5h]
VolkovDmitri: bets $6
proth: folds
Uncalled bet ($6) returned to VolkovDmitri
VolkovDmitri collected $23.52 from pot
VolkovDmitri: doesn't show hand
*** SUMMARY ***
Total pot $24 | Rake $0.48
Board [9h 6c Kh 5h]
Seat 2: proth (button) (small blind) folded on the Turn
Seat 4: VolkovDmitri (big blind) collected ($23.52)


PokerStars Hand #155500073984:  Hold'em Limit ($3/$6 USD) - 2016/07/03 6:51:16 ET
Table 'Maartje' 6-max Seat #5 is the button
Seat 2: proth ($95.61 in chips)
Seat 5: Grieserix ($142.53 in chips)
Grieserix: posts small blind $1
proth: posts big blind $3
*** HOLE CARDS ***
Grieserix: raises $3 to $6
proth: folds
Uncalled bet ($3) returned to Grieserix
Grieserix collected $6 from pot
*** SUMMARY ***
Total pot $6 | Rake $0
Seat 2: proth (big blind) folded before Flop
Seat 5: Grieserix (button) (small blind) collected ($6)


PokerStars Hand #155500071970:  Hold'em Limit ($3/$6 USD) - 2016/07/03 6:51:11 ET
Table 'Maartje' 6-max Seat #2 is the button
Seat 2: proth ($96.61 in chips)
Seat 5: Grieserix ($141.53 in chips)
proth: posts small blind $1
Grieserix: posts big blind $3
*** HOLE CARDS ***
proth: folds
Uncalled bet ($2) returned to Grieserix
Grieserix collected $2 from pot
*** SUMMARY ***
Total pot $2 | Rake $0
Seat 2: proth (button) (small blind) folded before Flop
Seat 5: Grieserix (big blind) collected ($2)


PokerStars Hand #155500069298:  Hold'em Limit ($3/$6 USD) - 2016/07/03 6:51:05 ET
Table 'Maartje' 6-max Seat #5 is the button
Seat 2: proth ($99.61 in chips)
Seat 5: Grieserix ($138.53 in chips)
Grieserix: posts small blind $1
proth: posts big blind $3
*** HOLE CARDS ***
Grieserix: raises $3 to $6
VolkovDmitri leaves the table
proth: folds
Uncalled bet ($3) returned to Grieserix
Grieserix collected $6 from pot
*** SUMMARY ***
Total pot $6 | Rake $0
Seat 2: proth (big blind) folded before Flop
Seat 5: Grieserix (button) (small blind) collected ($6)


PokerStars Hand #155500106110:  Hold'em Limit ($3/$6 USD) - 2016/07/03 6:52:29 ET
Table 'Maartje' 6-max Seat #5 is the button
Seat 2: proth ($123.39 in chips)
Seat 5: Grieserix ($113.29 in chips)
Grieserix: posts small blind $1
proth: posts big blind $3
*** HOLE CARDS ***
Grieserix: folds
Uncalled bet ($2) returned to proth
proth collected $2 from pot
*** SUMMARY ***
Total pot $2 | Rake $0
Seat 2: proth (big blind) collected ($2)
Seat 5: Grieserix (button) (small blind) folded before Flop


PokerStars Hand #155500097855:  Hold'em Limit ($3/$6 USD) - 2016/07/03 6:52:10 ET
Table 'Maartje' 6-max Seat #2 is the button
Seat 2: proth ($129.39 in chips)
Seat 5: Grieserix ($107.53 in chips)
proth: posts small blind $1
Grieserix: posts big blind $3
*** HOLE CARDS ***
Grieserix said, "klasse"
proth: raises $3 to $6
Grieserix: calls $3
*** FLOP *** [4s Js 4c]
Grieserix: checks
proth: checks
*** TURN *** [4s Js 4c] [Ks]
Grieserix: checks
proth: checks
*** RIVER *** [4s Js 4c Ks] [Qd]
Grieserix: checks
proth: checks
*** SHOW DOWN ***
Grieserix: shows [7d As] (a pair of Fours)
proth: mucks hand
Grieserix collected $11.76 from pot
*** SUMMARY ***
Total pot $12 | Rake $0.24
Board [4s Js 4c Ks Qd]
Seat 2: proth (button) (small blind) mucked
Seat 5: Grieserix (big blind) showed [7d As] and won ($11.76) with a pair of Fours


PokerStars Hand #155500090714:  Hold'em Limit ($3/$6 USD) - 2016/07/03 6:51:54 ET
Table 'Maartje' 6-max Seat #5 is the button
Seat 2: proth ($117.87 in chips)
Seat 5: Grieserix ($119.53 in chips)
Grieserix: posts small blind $1
proth: posts big blind $3
*** HOLE CARDS ***
Grieserix: raises $3 to $6
proth: calls $3
*** FLOP *** [4d Kh 6c]
proth: checks
Grieserix: checks
*** TURN *** [4d Kh 6c] [5d]
proth: bets $6
Grieserix: calls $6
*** RIVER *** [4d Kh 6c 5d] [Jd]
proth: checks
Grieserix: checks
*** SHOW DOWN ***
proth: shows [7h 5h] (a pair of Fives)
Grieserix: mucks hand
proth collected $23.52 from pot
*** SUMMARY ***
Total pot $24 | Rake $0.48
Board [4d Kh 6c 5d Jd]
Seat 2: proth (big blind) showed [7h 5h] and won ($23.52) with a pair of Fives
Seat 5: Grieserix (button) (small blind) mucked


PokerStars Hand #155500088655:  Hold'em Limit ($3/$6 USD) - 2016/07/03 6:51:49 ET
Table 'Maartje' 6-max Seat #2 is the button
Seat 2: proth ($118.87 in chips)
Seat 5: Grieserix ($118.53 in chips)
proth: posts small blind $1
Grieserix: posts big blind $3
*** HOLE CARDS ***
proth: folds
Uncalled bet ($2) returned to Grieserix
Grieserix collected $2 from pot
*** SUMMARY ***
Total pot $2 | Rake $0
Seat 2: proth (button) (small blind) folded before Flop
Seat 5: Grieserix (big blind) collected ($2)


PokerStars Hand #155500084049:  Hold'em Limit ($3/$6 USD) - 2016/07/03 6:51:39 ET
Table 'Maartje' 6-max Seat #5 is the button
Seat 2: proth ($113.11 in chips)
Seat 5: Grieserix ($124.53 in chips)
Grieserix: posts small blind $1
proth: posts big blind $3
*** HOLE CARDS ***
Grieserix: raises $3 to $6
proth: calls $3
*** FLOP *** [Th 3h 6d]
proth: checks
Grieserix: checks
*** TURN *** [Th 3h 6d] [4h]
proth: bets $6
Grieserix: folds
Uncalled bet ($6) returned to proth
proth collected $11.76 from pot
*** SUMMARY ***
Total pot $12 | Rake $0.24
Board [Th 3h 6d 4h]
Seat 2: proth (big blind) collected ($11.76)
Seat 5: Grieserix (button) (small blind) folded on the Turn


PokerStars Hand #155500076260:  Hold'em Limit ($3/$6 USD) - 2016/07/03 6:51:21 ET
Table 'Maartje' 6-max Seat #2 is the button
Seat 2: proth ($92.61 in chips)
Seat 5: Grieserix ($145.53 in chips)
proth: posts small blind $1
Grieserix: posts big blind $3
*** HOLE CARDS ***
proth: raises $3 to $6
Grieserix: calls $3
*** FLOP *** [As 8c 5h]
Grieserix: checks
proth: bets $3
Grieserix: calls $3
*** TURN *** [As 8c 5h] [Qc]
Grieserix: checks
proth: bets $6
Grieserix: calls $6
*** RIVER *** [As 8c 5h Qc] [8d]
Grieserix: bets $6
proth: raises $6 to $12
Grieserix: folds
Uncalled bet ($6) returned to proth
proth collected $41.50 from pot
*** SUMMARY ***
Total pot $42 | Rake $0.50
Board [As 8c 5h Qc 8d]
Seat 2: proth (button) (small blind) collected ($41.50)
Seat 5: Grieserix (big blind) folded on the River


PokerStars Hand #155500123252:  Hold'em Limit ($3/$6 USD) - 2016/07/03 6:53:07 ET
Table 'Maartje' 6-max Seat #5 is the button
Seat 2: proth ($132.89 in chips)
Seat 5: Grieserix ($102.93 in chips)
Grieserix: posts small blind $1
proth: posts big blind $3
*** HOLE CARDS ***
Grieserix: calls $2
proth: raises $3 to $6
Grieserix: raises $3 to $9
proth: calls $3
*** FLOP *** [2s Kd 9d]
proth: checks
Grieserix: bets $3
proth: calls $3
*** TURN *** [2s Kd 9d] [4h]
proth: checks
Grieserix: bets $6
proth: calls $6
*** RIVER *** [2s Kd 9d 4h] [Jh]
proth: checks
Grieserix: checks
*** SHOW DOWN ***
proth: shows [Jc Kh] (two pair, Kings and Jacks)
Grieserix: shows [Tc Ts] (a pair of Tens)
proth collected $35.50 from pot
*** SUMMARY ***
Total pot $36 | Rake $0.50
Board [2s Kd 9d 4h Jh]
Seat 2: proth (big blind) showed [Jc Kh] and won ($35.50) with two pair, Kings and Jacks
Seat 5: Grieserix (button) (small blind) showed [Tc Ts] and lost with a pair of Tens


PokerStars Hand #155500116920:  Hold'em Limit ($3/$6 USD) - 2016/07/03 6:52:53 ET
Table 'Maartje' 6-max Seat #2 is the button
Seat 2: proth ($141.89 in chips)
Seat 5: Grieserix ($94.29 in chips)
proth: posts small blind $1
Grieserix: posts big blind $3
*** HOLE CARDS ***
proth: calls $2
Grieserix: checks
*** FLOP *** [Ah Qd Jd]
Grieserix: checks
proth: checks
*** TURN *** [Ah Qd Jd] [Jh]
Grieserix: checks
proth: checks
*** RIVER *** [Ah Qd Jd Jh] [4h]
Grieserix: bets $6
proth: calls $6
*** SHOW DOWN ***
Grieserix: shows [4s 8c] (two pair, Jacks and Fours)
proth: mucks hand
Grieserix collected $17.64 from pot
*** SUMMARY ***
Total pot $18 | Rake $0.36
Board [Ah Qd Jd Jh 4h]
Seat 2: proth (button) (small blind) mucked
Seat 5: Grieserix (big blind) showed [4s 8c] and won ($17.64) with two pair, Jacks and Fours


PokerStars Hand #155500110232:  Hold'em Limit ($3/$6 USD) - 2016/07/03 6:52:38 ET
Table 'Maartje' 6-max Seat #5 is the button
Seat 2: proth ($127.39 in chips)
Seat 5: Grieserix ($109.29 in chips)
Grieserix: posts small blind $1
proth: posts big blind $3
*** HOLE CARDS ***
Grieserix: raises $3 to $6
proth: calls $3
*** FLOP *** [3d 5c 5h]
proth: checks
Grieserix: bets $3
proth: calls $3
*** TURN *** [3d 5c 5h] [6d]
proth: checks
Grieserix: bets $6
proth: calls $6
*** RIVER *** [3d 5c 5h 6d] [Qd]
proth: checks
Grieserix: checks
*** SHOW DOWN ***
proth: shows [7h 6h] (two pair, Sixes and Fives)
Grieserix: mucks hand
proth collected $29.50 from pot
*** SUMMARY ***
Total pot $30 | Rake $0.50
Board [3d 5c 5h 6d Qd]
Seat 2: proth (big blind) showed [7h 6h] and won ($29.50) with two pair, Sixes and Fives
Seat 5: Grieserix (button) (small blind) mucked


PokerStars Hand #155500108080:  Hold'em Limit ($3/$6 USD) - 2016/07/03 6:52:33 ET
Table 'Maartje' 6-max Seat #2 is the button
Seat 2: proth ($124.39 in chips)
Seat 5: Grieserix ($112.29 in chips)
proth: posts small blind $1
Grieserix: posts big blind $3
*** HOLE CARDS ***
proth: raises $3 to $6
Grieserix: folds
Uncalled bet ($3) returned to proth
proth collected $6 from pot
*** SUMMARY ***
Total pot $6 | Rake $0
Seat 2: proth (button) (small blind) collected ($6)
Seat 5: Grieserix (big blind) folded before Flop


PokerStars Hand #155500159048:  Hold'em Limit ($3/$6 USD) - 2016/07/03 6:54:28 ET
Table 'Maartje' 6-max Seat #5 is the button
Seat 2: proth ($196.79 in chips)
Seat 5: Grieserix ($36.93 in chips)
Grieserix: posts small blind $1
proth: posts big blind $3
*** HOLE CARDS ***
Grieserix: folds
Uncalled bet ($2) returned to proth
proth collected $2 from pot
*** SUMMARY ***
Total pot $2 | Rake $0
Seat 2: proth (big blind) collected ($2)
Seat 5: Grieserix (button) (small blind) folded before Flop


PokerStars Hand #155500153584:  Hold'em Limit ($3/$6 USD) - 2016/07/03 6:54:16 ET
Table 'Maartje' 6-max Seat #2 is the button
Seat 2: proth ($188.15 in chips)
Seat 5: Grieserix ($45.93 in chips)
proth: posts small blind $1
Grieserix: posts big blind $3
*** HOLE CARDS ***
proth: raises $3 to $6
Grieserix: calls $3
*** FLOP *** [6h 9h 8d]
Grieserix: checks
proth: bets $3
Grieserix: calls $3
*** TURN *** [6h 9h 8d] [9d]
Grieserix: checks
proth: bets $6
Grieserix: folds
Uncalled bet ($6) returned to proth
proth collected $17.64 from pot
*** SUMMARY ***
Total pot $18 | Rake $0.36
Board [6h 9h 8d 9d]
Seat 2: proth (button) (small blind) collected ($17.64)
Seat 5: Grieserix (big blind) folded on the Turn


PokerStars Hand #155500146680:  Hold'em Limit ($3/$6 USD) - 2016/07/03 6:54:00 ET
Table 'Maartje' 6-max Seat #5 is the button
Seat 2: proth ($182.39 in chips)
Seat 5: Grieserix ($51.93 in chips)
Grieserix: posts small blind $1
proth: posts big blind $3
*** HOLE CARDS ***
Grieserix: calls $2
proth: raises $3 to $6
Grieserix said, "is klar"
Grieserix: calls $3
*** FLOP *** [3d Tc 7d]
proth: checks
Grieserix: checks
*** TURN *** [3d Tc 7d] [5c]
proth: checks
Grieserix: checks
*** RIVER *** [3d Tc 7d 5c] [8d]
proth: checks
Grieserix: checks
*** SHOW DOWN ***
proth: shows [2s 2h] (a pair of Deuces)
Grieserix: mucks hand
proth collected $11.76 from pot
*** SUMMARY ***
Total pot $12 | Rake $0.24
Board [3d Tc 7d 5c 8d]
Seat 2: proth (big blind) showed [2s 2h] and won ($11.76) with a pair of Deuces
Seat 5: Grieserix (button) (small blind) mucked


PokerStars Hand #155500140216:  Hold'em Limit ($3/$6 USD) - 2016/07/03 6:53:45 ET
Table 'Maartje' 6-max Seat #2 is the button
Seat 2: proth ($161.89 in chips)
Seat 5: Grieserix ($72.93 in chips)
proth: posts small blind $1
Grieserix: posts big blind $3
*** HOLE CARDS ***
proth: raises $3 to $6
Grieserix: calls $3
*** FLOP *** [Ac 4c 2d]
Grieserix: bets $3
proth: calls $3
*** TURN *** [Ac 4c 2d] [6d]
Grieserix: bets $6
proth: calls $6
*** RIVER *** [Ac 4c 2d 6d] [Th]
Grieserix: bets $6
proth: calls $6
*** SHOW DOWN ***
Grieserix: shows [4d 5s] (a pair of Fours)
proth: shows [4h 8h] (a pair of Fours - Ace+Ten+Eight kicker)
proth collected $41.50 from pot
*** SUMMARY ***
Total pot $42 | Rake $0.50
Board [Ac 4c 2d 6d Th]
Seat 2: proth (button) (small blind) showed [4h 8h] and won ($41.50) with a pair of Fours
Seat 5: Grieserix (big blind) showed [4d 5s] and lost with a pair of Fours


PokerStars Hand #155500136724:  Hold'em Limit ($3/$6 USD) - 2016/07/03 6:53:38 ET
Table 'Maartje' 6-max Seat #5 is the button
Seat 2: proth ($164.89 in chips)
Seat 5: Grieserix ($69.93 in chips)
Grieserix: posts small blind $1
proth: posts big blind $3
*** HOLE CARDS ***
Grieserix: raises $3 to $6
proth: folds
Uncalled bet ($3) returned to Grieserix
Grieserix collected $6 from pot
*** SUMMARY ***
Total pot $6 | Rake $0
Seat 2: proth (big blind) folded before Flop
Seat 5: Grieserix (button) (small blind) collected ($6)


PokerStars Hand #155500130567:  Hold'em Limit ($3/$6 USD) - 2016/07/03 6:53:24 ET
Table 'Maartje' 6-max Seat #2 is the button
Seat 2: proth ($150.39 in chips)
Seat 5: Grieserix ($84.93 in chips)
proth: posts small blind $1
Grieserix: posts big blind $3
*** HOLE CARDS ***
proth: raises $3 to $6
Grieserix: calls $3
*** FLOP *** [Kh 6h 4h]
Grieserix: checks
proth: bets $3
Grieserix: calls $3
*** TURN *** [Kh 6h 4h] [Qs]
Grieserix: checks
proth: bets $6
Grieserix: calls $6
*** RIVER *** [Kh 6h 4h Qs] [Ac]
Grieserix: checks
proth: checks
*** SHOW DOWN ***
Grieserix: shows [9h Jc] (high card Ace)
proth: shows [Kc 5d] (a pair of Kings)
proth collected $29.50 from pot
*** SUMMARY ***
Total pot $30 | Rake $0.50
Board [Kh 6h 4h Qs Ac]
Seat 2: proth (button) (small blind) showed [Kc 5d] and won ($29.50) with a pair of Kings
Seat 5: Grieserix (big blind) showed [9h Jc] and lost with high card Ace


PokerStars Hand #155500184152:  Hold'em Limit ($3/$6 USD) - 2016/07/03 6:55:05 ET
Table 'Maartje' 6-max Seat #2 is the button
Seat 2: proth ($214.31 in chips)
Seat 5: Grieserix ($18.93 in chips)
proth: posts small blind $1
Grieserix: posts big blind $3
*** HOLE CARDS ***
proth: folds
Uncalled bet ($2) returned to Grieserix
proth leaves the table
Grieserix collected $2 from pot
*** SUMMARY ***
Total pot $2 | Rake $0
Seat 2: proth (button) (small blind) folded before Flop
Seat 5: Grieserix (big blind) collected ($2)


PokerStars Hand #155500182002:  Hold'em Limit ($3/$6 USD) - 2016/07/03 6:55:00 ET
Table 'Maartje' 6-max Seat #5 is the button
Seat 2: proth ($213.31 in chips)
Seat 5: Grieserix ($19.93 in chips)
Grieserix: posts small blind $1
proth: posts big blind $3
*** HOLE CARDS ***
Grieserix: folds
Uncalled bet ($2) returned to proth
proth collected $2 from pot
*** SUMMARY ***
Total pot $2 | Rake $0
Seat 2: proth (big blind) collected ($2)
Seat 5: Grieserix (button) (small blind) folded before Flop


PokerStars Hand #155500168999:  Hold'em Limit ($3/$6 USD) - 2016/07/03 6:54:50 ET
Table 'Maartje' 6-max Seat #2 is the button
Seat 2: proth ($210.31 in chips)
Seat 5: Grieserix ($22.93 in chips)
proth: posts small blind $1
Grieserix: posts big blind $3
*** HOLE CARDS ***
proth: raises $3 to $6
Grieserix: folds
Uncalled bet ($3) returned to proth
proth collected $6 from pot
*** SUMMARY ***
Total pot $6 | Rake $0
Seat 2: proth (button) (small blind) collected ($6)
Seat 5: Grieserix (big blind) folded before Flop


PokerStars Hand #155500167046:  Hold'em Limit ($3/$6 USD) - 2016/07/03 6:54:46 ET
Table 'Maartje' 6-max Seat #5 is the button
Seat 2: proth ($209.31 in chips)
Seat 5: Grieserix ($23.93 in chips)
Grieserix: posts small blind $1
proth: posts big blind $3
*** HOLE CARDS ***
Grieserix: folds
Uncalled bet ($2) returned to proth
proth collected $2 from pot
*** SUMMARY ***
Total pot $2 | Rake $0
Seat 2: proth (big blind) collected ($2)
Seat 5: Grieserix (button) (small blind) folded before Flop


PokerStars Hand #155500161035:  Hold'em Limit ($3/$6 USD) - 2016/07/03 6:54:33 ET
Table 'Maartje' 6-max Seat #2 is the button
Seat 2: proth ($197.79 in chips)
Seat 5: Grieserix ($35.93 in chips)
proth: posts small blind $1
Grieserix: posts big blind $3
*** HOLE CARDS ***
proth: raises $3 to $6
Grieserix: calls $3
*** FLOP *** [2c 9s 5c]
Grieserix: checks
proth: checks
*** TURN *** [2c 9s 5c] [2s]
Grieserix: bets $6
proth: calls $6
*** RIVER *** [2c 9s 5c 2s] [Jc]
Grieserix: checks
proth: bets $6
Grieserix: folds
Uncalled bet ($6) returned to proth
proth collected $23.52 from pot
*** SUMMARY ***
Total pot $24 | Rake $0.48
Board [2c 9s 5c 2s Jc]
Seat 2: proth (button) (small blind) collected ($23.52)
Seat 5: Grieserix (big blind) folded on the River


