PokerStars Hand #170971960497:  Hold'em Limit ($3/$6 USD) - 2017/05/27 4:23:15 ET
Table 'Maasym' 6-max Seat #2 is the button
Seat 2: scorpio04 ($150 in chips)
Seat 3: wizmo14 ($42.12 in chips)
scorpio04: posts small blind $1
wizmo14: posts big blind $3
*** HOLE CARDS ***
scorpio04: raises $3 to $6
VolkovDmitri joins the table at seat #4
wizmo14 is disconnected
wizmo14 is connected
wizmo14: calls $3
*** FLOP *** [9h 7s 8h]
wizmo14: checks
scorpio04: bets $3
wizmo14: calls $3
*** TURN *** [9h 7s 8h] [9d]
wizmo14: checks
scorpio04: bets $6
wizmo14: calls $6
*** RIVER *** [9h 7s 8h 9d] [3d]
wizmo14: checks
scorpio04: bets $6
wizmo14: calls $6
*** SHOW DOWN ***
scorpio04: shows [9c 2c] (three of a kind, Nines)
wizmo14: mucks hand
scorpio04 collected $41.50 from pot
*** SUMMARY ***
Total pot $42 | Rake $0.50
Board [9h 7s 8h 9d 3d]
Seat 2: scorpio04 (button) (small blind) showed [9c 2c] and won ($41.50) with three of a kind, Nines
Seat 3: wizmo14 (big blind) mucked


PokerStars Hand #170972006903:  Hold'em Limit ($3/$6 USD) - 2017/05/27 4:25:33 ET
Table 'Maasym' 6-max Seat #2 is the button
Seat 2: scorpio04 ($161.50 in chips)
Seat 3: wizmo14 ($29.76 in chips)
scorpio04: posts small blind $1
wizmo14: posts big blind $3
*** HOLE CARDS ***
scorpio04: folds
Uncalled bet ($2) returned to wizmo14
wizmo14 collected $2 from pot
wizmo14: doesn't show hand
*** SUMMARY ***
Total pot $2 | Rake $0
Seat 2: scorpio04 (button) (small blind) folded before Flop
Seat 3: wizmo14 (big blind) collected ($2)


PokerStars Hand #170971991245:  Hold'em Limit ($3/$6 USD) - 2017/05/27 4:24:47 ET
Table 'Maasym' 6-max Seat #3 is the button
Seat 2: scorpio04 ($170.50 in chips)
Seat 3: wizmo14 ($21.12 in chips)
wizmo14: posts small blind $1
scorpio04: posts big blind $3
*** HOLE CARDS ***
wizmo14: calls $2
scorpio04: raises $3 to $6
wizmo14: calls $3
*** FLOP *** [As Ah Js]
scorpio04: bets $3
wizmo14: calls $3
*** TURN *** [As Ah Js] [Tc]
scorpio04: checks
wizmo14: checks
*** RIVER *** [As Ah Js Tc] [9h]
scorpio04: checks
wizmo14: checks
*** SHOW DOWN ***
scorpio04: shows [7d Kd] (a pair of Aces)
wizmo14: shows [Qc Qd] (two pair, Aces and Queens)
wizmo14 collected $17.64 from pot
uknowwho101 joins the table at seat #5
*** SUMMARY ***
Total pot $18 | Rake $0.36
Board [As Ah Js Tc 9h]
Seat 2: scorpio04 (big blind) showed [7d Kd] and lost with a pair of Aces
Seat 3: wizmo14 (button) (small blind) showed [Qc Qd] and won ($17.64) with two pair, Aces and Queens


PokerStars Hand #170972015792:  Hold'em Limit ($3/$6 USD) - 2017/05/27 4:26:00 ET
Table 'Maasym' 6-max Seat #2 is the button
Seat 2: scorpio04 ($181 in chips)
Seat 3: wizmo14 ($9.76 in chips)
scorpio04: posts small blind $1
wizmo14: posts big blind $3
*** HOLE CARDS ***
scorpio04: raises $3 to $6
wizmo14: calls $3
*** FLOP *** [6s Kd As]
wizmo14: checks
scorpio04: bets $3
wizmo14: calls $3
*** TURN *** [6s Kd As] [9s]
wizmo14: bets $0.76 and is all-in
scorpio04: calls $0.76
*** RIVER *** [6s Kd As 9s] [2h]
uknowwho101 leaves the table
*** SHOW DOWN ***
wizmo14: shows [7s Qs] (a flush, Ace high)
scorpio04: shows [3h Ks] (a pair of Kings)
wizmo14 collected $19.13 from pot
*** SUMMARY ***
Total pot $19.52 | Rake $0.39
Board [6s Kd As 9s 2h]
Seat 2: scorpio04 (button) (small blind) showed [3h Ks] and lost with a pair of Kings
Seat 3: wizmo14 (big blind) showed [7s Qs] and won ($19.13) with a flush, Ace high


PokerStars Hand #170972009159:  Hold'em Limit ($3/$6 USD) - 2017/05/27 4:25:40 ET
Table 'Maasym' 6-max Seat #3 is the button
Seat 2: scorpio04 ($160.50 in chips)
Seat 3: wizmo14 ($30.76 in chips)
wizmo14: posts small blind $1
scorpio04: posts big blind $3
*** HOLE CARDS ***
wizmo14: calls $2
scorpio04: raises $3 to $6
wizmo14: calls $3
*** FLOP *** [4h 8h Ks]
scorpio04: bets $3
wizmo14: calls $3
*** TURN *** [4h 8h Ks] [4c]
scorpio04: bets $6
wizmo14: calls $6
*** RIVER *** [4h 8h Ks 4c] [Ts]
scorpio04: bets $6
wizmo14: calls $6
*** SHOW DOWN ***
scorpio04: shows [Ac 8c] (two pair, Eights and Fours)
wizmo14: mucks hand
scorpio04 collected $41.50 from pot
*** SUMMARY ***
Total pot $42 | Rake $0.50
Board [4h 8h Ks 4c Ts]
Seat 2: scorpio04 (big blind) showed [Ac 8c] and won ($41.50) with two pair, Eights and Fours
Seat 3: wizmo14 (button) (small blind) mucked


PokerStars Hand #170972033919:  Hold'em Limit ($3/$6 USD) - 2017/05/27 4:26:54 ET
Table 'Maasym' 6-max Seat #2 is the button
Seat 2: scorpio04 ($177 in chips)
Seat 3: wizmo14 ($13.13 in chips)
scorpio04: posts small blind $1
wizmo14: posts big blind $3
*** HOLE CARDS ***
scorpio04: raises $3 to $6
wizmo14: folds
Uncalled bet ($3) returned to scorpio04
scorpio04 collected $6 from pot
scorpio04: doesn't show hand
*** SUMMARY ***
Total pot $6 | Rake $0
Seat 2: scorpio04 (button) (small blind) collected ($6)
Seat 3: wizmo14 (big blind) folded before Flop


PokerStars Hand #170972023137:  Hold'em Limit ($3/$6 USD) - 2017/05/27 4:26:22 ET
Table 'Maasym' 6-max Seat #3 is the button
Seat 2: scorpio04 ($171.24 in chips)
Seat 3: wizmo14 ($19.13 in chips)
wizmo14: posts small blind $1
scorpio04: posts big blind $3
*** HOLE CARDS ***
wizmo14: calls $2
scorpio04: checks
*** FLOP *** [Kd 8c 2c]
scorpio04: bets $3
wizmo14: calls $3
*** TURN *** [Kd 8c 2c] [6h]
scorpio04: bets $6
Auge72 joins the table at seat #5
wizmo14: folds
Uncalled bet ($6) returned to scorpio04
scorpio04 collected $11.76 from pot
scorpio04: doesn't show hand
*** SUMMARY ***
Total pot $12 | Rake $0.24
Board [Kd 8c 2c 6h]
Seat 2: scorpio04 (big blind) collected ($11.76)
Seat 3: wizmo14 (button) (small blind) folded on the Turn


PokerStars Hand #170972123313:  Hold'em Limit ($3/$6 USD) - 2017/05/27 4:31:22 ET
Table 'Maasym' 6-max Seat #3 is the button
Seat 2: scorpio04 ($219.46 in chips)
Seat 3: wizmo14 ($16.56 in chips)
wizmo14: posts small blind $1
RockKillerTY: is sitting out
scorpio04: posts big blind $3
*** HOLE CARDS ***
wizmo14: folds
Uncalled bet ($2) returned to scorpio04
scorpio04 collected $2 from pot
scorpio04: doesn't show hand
*** SUMMARY ***
Total pot $2 | Rake $0
Seat 2: scorpio04 (big blind) collected ($2)
Seat 3: wizmo14 (button) (small blind) folded before Flop


PokerStars Hand #170972125812:  Hold'em Limit ($3/$6 USD) - 2017/05/27 4:31:30 ET
Table 'Maasym' 6-max Seat #2 is the button
Seat 2: scorpio04 ($220.46 in chips)
Seat 3: wizmo14 ($15.56 in chips)
scorpio04: posts small blind $1
wizmo14: posts big blind $3
*** HOLE CARDS ***
iamchit joins the table at seat #4
scorpio04: raises $3 to $6
RockKillerTY leaves the table
wizmo14: calls $3
*** FLOP *** [2d Js Ts]
wizmo14: checks
scorpio04: bets $3
wizmo14: calls $3
*** TURN *** [2d Js Ts] [3c]
wizmo14: checks
scorpio04: bets $6
wizmo14: calls $6
*** RIVER *** [2d Js Ts 3c] [5h]
wizmo14: bets $0.56 and is all-in
scorpio04: calls $0.56
*** SHOW DOWN ***
wizmo14: shows [5s 3s] (two pair, Fives and Threes)
scorpio04: shows [8s Qs] (high card Queen)
wizmo14 collected $30.62 from pot
*** SUMMARY ***
Total pot $31.12 | Rake $0.50
Board [2d Js Ts 3c 5h]
Seat 2: scorpio04 (button) (small blind) showed [8s Qs] and lost with high card Queen
Seat 3: wizmo14 (big blind) showed [5s 3s] and won ($30.62) with two pair, Fives and Threes


PokerStars Hand #170972215434:  Hold'em Limit ($3/$6 USD) - 2017/05/27 4:35:54 ET
Table 'Maasym' 6-max Seat #3 is the button
Seat 2: scorpio04 ($216.34 in chips)
Seat 3: wizmo14 ($14.62 in chips)
wizmo14: posts small blind $1
VolkovDmitri joins the table at seat #5
iamchit has timed out while being disconnected
iamchit: is sitting out
scorpio04: posts big blind $3
*** HOLE CARDS ***
wizmo14: calls $2
scorpio04: checks
*** FLOP *** [2c Ah 7d]
scorpio04: bets $3
wizmo14: folds
Uncalled bet ($3) returned to scorpio04
scorpio04 collected $5.88 from pot
scorpio04: doesn't show hand
*** SUMMARY ***
Total pot $6 | Rake $0.12
Board [2c Ah 7d]
Seat 2: scorpio04 (big blind) collected ($5.88)
Seat 3: wizmo14 (button) (small blind) folded on the Flop


PokerStars Hand #170972230160:  Hold'em Limit ($3/$6 USD) - 2017/05/27 4:36:37 ET
Table 'Maasym' 6-max Seat #2 is the button
Seat 2: scorpio04 ($219.22 in chips)
Seat 3: wizmo14 ($11.62 in chips)
scorpio04: posts small blind $1
wizmo14: posts big blind $3
*** HOLE CARDS ***
scorpio04: raises $3 to $6
wizmo14: folds
Uncalled bet ($3) returned to scorpio04
scorpio04 collected $6 from pot
scorpio04: doesn't show hand
*** SUMMARY ***
Total pot $6 | Rake $0
Seat 2: scorpio04 (button) (small blind) collected ($6)
Seat 3: wizmo14 (big blind) folded before Flop


PokerStars Hand #170972769470:  Hold'em Limit ($3/$6 USD) - 2017/05/27 5:02:51 ET
Table 'Maasym' 6-max Seat #6 is the button
Seat 2: scorpio04 ($297.79 in chips)
Seat 6: zsomz ($94.99 in chips)
zsomz: posts small blind $1
uknowwho101: is sitting out
scorpio04: posts big blind $3
*** HOLE CARDS ***
zsomz: folds
Uncalled bet ($2) returned to scorpio04
scorpio04 collected $2 from pot
scorpio04: doesn't show hand
*** SUMMARY ***
Total pot $2 | Rake $0
Seat 2: scorpio04 (big blind) collected ($2)
Seat 6: zsomz (button) (small blind) folded before Flop


PokerStars Hand #170972773436:  Hold'em Limit ($3/$6 USD) - 2017/05/27 5:03:02 ET
Table 'Maasym' 6-max Seat #2 is the button
Seat 2: scorpio04 ($298.79 in chips)
Seat 6: zsomz ($93.99 in chips)
scorpio04: posts small blind $1
zsomz: posts big blind $3
*** HOLE CARDS ***
scorpio04: raises $3 to $6
zsomz: calls $3
*** FLOP *** [Jh Ac 7d]
zsomz: checks
uknowwho101 leaves the table
scorpio04: bets $3
zsomz: folds
Uncalled bet ($3) returned to scorpio04
scorpio04 collected $11.76 from pot
scorpio04: doesn't show hand
*** SUMMARY ***
Total pot $12 | Rake $0.24
Board [Jh Ac 7d]
Seat 2: scorpio04 (button) (small blind) collected ($11.76)
Seat 6: zsomz (big blind) folded on the Flop


PokerStars Hand #170972779332:  Hold'em Limit ($3/$6 USD) - 2017/05/27 5:03:18 ET
Table 'Maasym' 6-max Seat #6 is the button
Seat 2: scorpio04 ($304.55 in chips)
Seat 6: zsomz ($87.99 in chips)
zsomz: posts small blind $1
scorpio04: posts big blind $3
*** HOLE CARDS ***
zsomz: folds
Uncalled bet ($2) returned to scorpio04
scorpio04 collected $2 from pot
scorpio04: doesn't show hand
*** SUMMARY ***
Total pot $2 | Rake $0
Seat 2: scorpio04 (big blind) collected ($2)
Seat 6: zsomz (button) (small blind) folded before Flop


PokerStars Hand #170972815383:  Hold'em Limit ($3/$6 USD) - 2017/05/27 5:04:59 ET
Table 'Maasym' 6-max Seat #2 is the button
Seat 2: scorpio04 ($305.55 in chips)
Seat 3: Laci112 ($85.99 in chips)
scorpio04: posts small blind $1
Laci112: posts big blind $3
*** HOLE CARDS ***
scorpio04: raises $3 to $6
CatPuppy1999 joins the table at seat #4
Laci112: folds
Uncalled bet ($3) returned to scorpio04
scorpio04 collected $6 from pot
scorpio04: doesn't show hand
*** SUMMARY ***
Total pot $6 | Rake $0
Seat 2: scorpio04 (button) (small blind) collected ($6)
Seat 3: Laci112 (big blind) folded before Flop


PokerStars Hand #170974236015:  Hold'em Limit ($3/$6 USD) - 2017/05/27 6:05:55 ET
Table 'Maasym' 6-max Seat #3 is the button
Seat 2: scorpio04 ($150 in chips)
Seat 3: HAL9QQQ ($120 in chips)
HAL9QQQ: posts small blind $1
CatPuppy1999: is sitting out
krossguard: is sitting out
scorpio04: posts big blind $3
*** HOLE CARDS ***
HAL9QQQ: folds
Uncalled bet ($2) returned to scorpio04
scorpio04 collected $2 from pot
scorpio04: doesn't show hand
krossguard leaves the table
HAL9QQQ leaves the table
*** SUMMARY ***
Total pot $2 | Rake $0
Seat 2: scorpio04 (big blind) collected ($2)
Seat 3: HAL9QQQ (button) (small blind) folded before Flop


PokerStars Hand #170974245796:  Hold'em Limit ($3/$6 USD) - 2017/05/27 6:06:19 ET
Table 'Maasym' 6-max Seat #2 is the button
Seat 2: scorpio04 ($151 in chips)
Seat 4: CatPuppy1999 ($48 in chips)
scorpio04: posts small blind $1
CatPuppy1999: posts big blind $3
*** HOLE CARDS ***
scorpio04: raises $3 to $6
CatPuppy1999: calls $3
*** FLOP *** [3h 8s 6d]
CatPuppy1999: checks
scorpio04: bets $3
CatPuppy1999: calls $3
*** TURN *** [3h 8s 6d] [Ah]
CatPuppy1999: checks
scorpio04: checks
*** RIVER *** [3h 8s 6d Ah] [Ks]
CatPuppy1999: checks
scorpio04: checks
*** SHOW DOWN ***
CatPuppy1999: shows [7d Jc] (high card Ace)
scorpio04: shows [Qc 3c] (a pair of Threes)
scorpio04 collected $17.64 from pot
*** SUMMARY ***
Total pot $18 | Rake $0.36
Board [3h 8s 6d Ah Ks]
Seat 2: scorpio04 (button) (small blind) showed [Qc 3c] and won ($17.64) with a pair of Threes
Seat 4: CatPuppy1999 (big blind) showed [7d Jc] and lost with high card Ace


PokerStars Hand #170974257577:  Hold'em Limit ($3/$6 USD) - 2017/05/27 6:06:47 ET
Table 'Maasym' 6-max Seat #4 is the button
Seat 2: scorpio04 ($159.64 in chips)
Seat 4: CatPuppy1999 ($72 in chips)
CatPuppy1999: posts small blind $1
scorpio04: posts big blind $3
*** HOLE CARDS ***
CatPuppy1999: raises $3 to $6
scorpio04: calls $3
*** FLOP *** [8h Qd Ks]
scorpio04: checks
CatPuppy1999: bets $3
scorpio04: calls $3
*** TURN *** [8h Qd Ks] [4d]
scorpio04: checks
CatPuppy1999: bets $6
scorpio04: calls $6
*** RIVER *** [8h Qd Ks 4d] [7s]
scorpio04: checks
CatPuppy1999: checks
*** SHOW DOWN ***
scorpio04: shows [Qc 9d] (a pair of Queens)
CatPuppy1999: mucks hand
scorpio04 collected $29.50 from pot
*** SUMMARY ***
Total pot $30 | Rake $0.50
Board [8h Qd Ks 4d 7s]
Seat 2: scorpio04 (big blind) showed [Qc 9d] and won ($29.50) with a pair of Queens
Seat 4: CatPuppy1999 (button) (small blind) mucked


