PokerStars Hand #167340384220:  Hold'em Limit ($3/$6 USD) - 2017/03/09 11:38:26 ET
Table 'Mabella II' 6-max Seat #2 is the button
Seat 2: Krillbjörn ($41.70 in chips)
Seat 6: Pelurile ($79.46 in chips)
Krillbjörn: posts small blind $1
kolaz03: is sitting out
AzureCaper: is sitting out
Pelurile: posts big blind $3
*** HOLE CARDS ***
AzureCaper leaves the table
Krillbjörn: folds
Uncalled bet ($2) returned to Pelurile
Pelurile collected $2 from pot
Pelurile: doesn't show hand
kolaz03 leaves the table
*** SUMMARY ***
Total pot $2 | Rake $0
Seat 2: Krillbjörn (button) (small blind) folded before Flop
Seat 6: Pelurile (big blind) collected ($2)


PokerStars Hand #167340421425:  Hold'em Limit ($3/$6 USD) - 2017/03/09 11:39:19 ET
Table 'Mabella II' 6-max Seat #6 is the button
Seat 2: Krillbjörn ($18.70 in chips)
Seat 6: Pelurile ($101.96 in chips)
Pelurile: posts small blind $1
Krillbjörn: posts big blind $3
*** HOLE CARDS ***
Pelurile: raises $3 to $6
Krillbjörn: calls $3
*** FLOP *** [2d 9h 2c]
Krillbjörn: checks
Pelurile: bets $3
Krillbjörn: calls $3
*** TURN *** [2d 9h 2c] [Jc]
Krillbjörn: checks
Pelurile: bets $6
Krillbjörn: raises $3.70 to $9.70 and is all-in
Pelurile: calls $3.70
*** RIVER *** [2d 9h 2c Jc] [7d]
*** SHOW DOWN ***
Krillbjörn: shows [4d 2h] (three of a kind, Deuces)
Pelurile: shows [Qd Qh] (two pair, Queens and Deuces)
Krillbjörn collected $36.90 from pot
*** SUMMARY ***
Total pot $37.40 | Rake $0.50
Board [2d 9h 2c Jc 7d]
Seat 2: Krillbjörn (big blind) showed [4d 2h] and won ($36.90) with three of a kind, Deuces
Seat 6: Pelurile (button) (small blind) showed [Qd Qh] and lost with two pair, Queens and Deuces


PokerStars Hand #167340416830:  Hold'em Limit ($3/$6 USD) - 2017/03/09 11:39:13 ET
Table 'Mabella II' 6-max Seat #2 is the button
Seat 2: Krillbjörn ($19.70 in chips)
Seat 6: Pelurile ($100.96 in chips)
Krillbjörn: posts small blind $1
Pelurile: posts big blind $3
*** HOLE CARDS ***
Krillbjörn: folds
Uncalled bet ($2) returned to Pelurile
Pelurile collected $2 from pot
Pelurile: doesn't show hand
*** SUMMARY ***
Total pot $2 | Rake $0
Seat 2: Krillbjörn (button) (small blind) folded before Flop
Seat 6: Pelurile (big blind) collected ($2)


PokerStars Hand #167340388843:  Hold'em Limit ($3/$6 USD) - 2017/03/09 11:38:32 ET
Table 'Mabella II' 6-max Seat #6 is the button
Seat 2: Krillbjörn ($40.70 in chips)
Seat 6: Pelurile ($80.46 in chips)
Pelurile: posts small blind $1
Krillbjörn: posts big blind $3
*** HOLE CARDS ***
Pelurile: raises $3 to $6
Krillbjörn: calls $3
*** FLOP *** [Qs 7s 6c]
Krillbjörn: checks
Pelurile: bets $3
Krillbjörn: calls $3
*** TURN *** [Qs 7s 6c] [Ad]
Krillbjörn: checks
Pelurile: bets $6
Krillbjörn: calls $6
*** RIVER *** [Qs 7s 6c Ad] [Ac]
Krillbjörn: checks
Pelurile: bets $6
Krillbjörn: calls $6
*** SHOW DOWN ***
Pelurile: shows [2d As] (three of a kind, Aces)
Krillbjörn: mucks hand
Pelurile collected $41.50 from pot
*** SUMMARY ***
Total pot $42 | Rake $0.50
Board [Qs 7s 6c Ad Ac]
Seat 2: Krillbjörn (big blind) mucked
Seat 6: Pelurile (button) (small blind) showed [2d As] and won ($41.50) with three of a kind, Aces


PokerStars Hand #167340460677:  Hold'em Limit ($3/$6 USD) - 2017/03/09 11:40:16 ET
Table 'Mabella II' 6-max Seat #6 is the button
Seat 2: Krillbjörn ($42.66 in chips)
Seat 6: Pelurile ($77.26 in chips)
Pelurile: posts small blind $1
Krillbjörn: posts big blind $3
*** HOLE CARDS ***
Pelurile: raises $3 to $6
Krillbjörn: folds
Uncalled bet ($3) returned to Pelurile
Pelurile collected $6 from pot
Pelurile: doesn't show hand
*** SUMMARY ***
Total pot $6 | Rake $0
Seat 2: Krillbjörn (big blind) folded before Flop
Seat 6: Pelurile (button) (small blind) collected ($6)


PokerStars Hand #167340443718:  Hold'em Limit ($3/$6 USD) - 2017/03/09 11:39:52 ET
Table 'Mabella II' 6-max Seat #2 is the button
Seat 2: Krillbjörn ($36.90 in chips)
Seat 6: Pelurile ($83.26 in chips)
Krillbjörn: posts small blind $1
Pelurile: posts big blind $3
*** HOLE CARDS ***
Krillbjörn: raises $3 to $6
Pelurile: calls $3
*** FLOP *** [Ad 7s Qc]
Pelurile: checks
Krillbjörn: bets $3
Pelurile: folds
Uncalled bet ($3) returned to Krillbjörn
Krillbjörn collected $11.76 from pot
Krillbjörn: doesn't show hand
*** SUMMARY ***
Total pot $12 | Rake $0.24
Board [Ad 7s Qc]
Seat 2: Krillbjörn (button) (small blind) collected ($11.76)
Seat 6: Pelurile (big blind) folded on the Flop


