PokerStars Hand #162181572862:  Hold'em Limit ($3/$6 USD) - 2016/11/30 6:24:01 ET
Table 'Machado' 6-max Seat #3 is the button
Seat 3: kleinemikey ($60 in chips)
Seat 4: VolkovDmitri ($120 in chips)
kleinemikey: posts small blind $1
VolkovDmitri: posts big blind $3
*** HOLE CARDS ***
kleinemikey: calls $2
VolkovDmitri: raises $3 to $6
kleinemikey: calls $3
*** FLOP *** [Ah 7d 7s]
VolkovDmitri: bets $3
kleinemikey: folds
Uncalled bet ($3) returned to VolkovDmitri
VolkovDmitri collected $11.76 from pot
VolkovDmitri: doesn't show hand
*** SUMMARY ***
Total pot $12 | Rake $0.24
Board [Ah 7d 7s]
Seat 3: kleinemikey (button) (small blind) folded on the Flop
Seat 4: VolkovDmitri (big blind) collected ($11.76)


PokerStars Hand #162181600830:  Hold'em Limit ($3/$6 USD) - 2016/11/30 6:25:08 ET
Table 'Machado' 6-max Seat #3 is the button
Seat 3: kleinemikey ($83.50 in chips)
Seat 4: VolkovDmitri ($120 in chips)
kleinemikey: posts small blind $1
VolkovDmitri: posts big blind $3
*** HOLE CARDS ***
kleinemikey: raises $3 to $6
VolkovDmitri: calls $3
*** FLOP *** [As Jd 5d]
VolkovDmitri: checks
kleinemikey: bets $3
VolkovDmitri: raises $3 to $6
kleinemikey: calls $3
*** TURN *** [As Jd 5d] [Js]
VolkovDmitri: checks
kleinemikey: checks
*** RIVER *** [As Jd 5d Js] [Jc]
Bilgics joins the table at seat #5
VolkovDmitri: bets $6
kleinemikey: calls $6
*** SHOW DOWN ***
VolkovDmitri: shows [2h Ad] (a full house, Jacks full of Aces)
kleinemikey: mucks hand
VolkovDmitri collected $35.50 from pot
*** SUMMARY ***
Total pot $36 | Rake $0.50
Board [As Jd 5d Js Jc]
Seat 3: kleinemikey (button) (small blind) mucked
Seat 4: VolkovDmitri (big blind) showed [2h Ad] and won ($35.50) with a full house, Jacks full of Aces


PokerStars Hand #162181580002:  Hold'em Limit ($3/$6 USD) - 2016/11/30 6:24:19 ET
Table 'Machado' 6-max Seat #4 is the button
Seat 3: kleinemikey ($54 in chips)
Seat 4: VolkovDmitri ($125.76 in chips)
VolkovDmitri: posts small blind $1
kleinemikey: posts big blind $3
*** HOLE CARDS ***
VolkovDmitri: raises $3 to $6
kleinemikey: calls $3
*** FLOP *** [Qh 4d Tc]
kleinemikey: bets $3
VolkovDmitri: raises $3 to $6
kleinemikey: calls $3
*** TURN *** [Qh 4d Tc] [Th]
kleinemikey: checks
VolkovDmitri: bets $6
kleinemikey: raises $6 to $12
VolkovDmitri: calls $6
*** RIVER *** [Qh 4d Tc Th] [7h]
kleinemikey: bets $6
VolkovDmitri: calls $6
*** SHOW DOWN ***
kleinemikey: shows [5h Jh] (a flush, Queen high)
VolkovDmitri: mucks hand
kleinemikey collected $59.50 from pot
*** SUMMARY ***
Total pot $60 | Rake $0.50
Board [Qh 4d Tc Th 7h]
Seat 3: kleinemikey (big blind) showed [5h Jh] and won ($59.50) with a flush, Queen high
Seat 4: VolkovDmitri (button) (small blind) mucked


PokerStars Hand #162181897785:  Hold'em Limit ($3/$6 USD) - 2016/11/30 6:36:58 ET
Table 'Machado' 6-max Seat #5 is the button
Seat 4: VolkovDmitri ($203.15 in chips)
Seat 5: Bilgics ($117.05 in chips)
Bilgics: posts small blind $1
VolkovDmitri: posts big blind $3
*** HOLE CARDS ***
kleinemikey leaves the table
Bilgics: calls $2
Appendix Z said, "wow"
VolkovDmitri: raises $3 to $6
Bilgics: calls $3
*** FLOP *** [5c 3c 7s]
Appendix Z said, "he probably banged his own sis"
VolkovDmitri: bets $3
Bilgics: calls $3
*** TURN *** [5c 3c 7s] [Ts]
VolkovDmitri: bets $6
Bilgics: folds
Uncalled bet ($6) returned to VolkovDmitri
VolkovDmitri collected $17.64 from pot
Appendix Z said, "2 sensitive"
VolkovDmitri: doesn't show hand
*** SUMMARY ***
Total pot $18 | Rake $0.36
Board [5c 3c 7s Ts]
Seat 4: VolkovDmitri (big blind) collected ($17.64)
Seat 5: Bilgics (button) (small blind) folded on the Turn


PokerStars Hand #162181915196:  Hold'em Limit ($3/$6 USD) - 2016/11/30 6:37:40 ET
Table 'Machado' 6-max Seat #4 is the button
Seat 4: VolkovDmitri ($211.79 in chips)
Seat 5: Bilgics ($108.05 in chips)
VolkovDmitri: posts small blind $1
Bilgics: posts big blind $3
*** HOLE CARDS ***
VolkovDmitri: raises $3 to $6
Bilgics: calls $3
*** FLOP *** [Kh 3h Tc]
Bilgics: checks
VolkovDmitri: bets $3
Bilgics: raises $3 to $6
VolkovDmitri: calls $3
*** TURN *** [Kh 3h Tc] [6c]
Bilgics: bets $6
mishosauga34 joins the table at seat #2
VolkovDmitri: calls $6
*** RIVER *** [Kh 3h Tc 6c] [As]
Appendix Z said, "mississauga is full of shtskinned peasants"
Bilgics: bets $6
Appendix Z said, "faggot cops"
VolkovDmitri: calls $6
*** SHOW DOWN ***
Bilgics: shows [6d 9d] (a pair of Sixes)
VolkovDmitri: shows [Ac 8s] (a pair of Aces)
Appendix Z said, "and absolutely reetarded immigrants"
VolkovDmitri collected $47.50 from pot
*** SUMMARY ***
Total pot $48 | Rake $0.50
Board [Kh 3h Tc 6c As]
Seat 4: VolkovDmitri (button) (small blind) showed [Ac 8s] and won ($47.50) with a pair of Aces
Seat 5: Bilgics (big blind) showed [6d 9d] and lost with a pair of Sixes


