PokerStars Hand #144905961845:  Hold'em Limit ($3/$6 USD) - 2015/12/06 8:02:21 ET
Table 'Machado' 2-max Seat #1 is the button
Seat 1: Kurganski ($73 in chips)
Seat 2: Ultrafranke ($132.50 in chips)
Kurganski: posts small blind $1
Ultrafranke: posts big blind $3
*** HOLE CARDS ***
Kurganski: raises $3 to $6
Ultrafranke: folds
Uncalled bet ($3) returned to Kurganski
Kurganski collected $6 from pot
*** SUMMARY ***
Total pot $6 | Rake $0
Seat 1: Kurganski (button) (small blind) collected ($6)
Seat 2: Ultrafranke (big blind) folded before Flop


PokerStars Hand #144905958597:  Hold'em Limit ($3/$6 USD) - 2015/12/06 8:02:16 ET
Table 'Machado' 2-max Seat #2 is the button
Seat 1: Kurganski ($72 in chips)
Seat 2: Ultrafranke ($133.50 in chips)
Ultrafranke: posts small blind $1
Kurganski: posts big blind $3
*** HOLE CARDS ***
Ultrafranke: folds
Uncalled bet ($2) returned to Kurganski
Kurganski collected $2 from pot
*** SUMMARY ***
Total pot $2 | Rake $0
Seat 1: Kurganski (big blind) collected ($2)
Seat 2: Ultrafranke (button) (small blind) folded before Flop


PokerStars Hand #144905965098:  Hold'em Limit ($3/$6 USD) - 2015/12/06 8:02:27 ET
Table 'Machado' 2-max Seat #2 is the button
Seat 1: Kurganski ($76 in chips)
Seat 2: Ultrafranke ($129.50 in chips)
Ultrafranke: posts small blind $1
Kurganski: posts big blind $3
*** HOLE CARDS ***
Ultrafranke: raises $3 to $6
Kurganski: folds
Uncalled bet ($3) returned to Ultrafranke
Ultrafranke collected $6 from pot
*** SUMMARY ***
Total pot $6 | Rake $0
Seat 1: Kurganski (big blind) folded before Flop
Seat 2: Ultrafranke (button) (small blind) collected ($6)


PokerStars Hand #144905989355:  Hold'em Limit ($3/$6 USD) - 2015/12/06 8:03:04 ET
Table 'Machado' 2-max Seat #2 is the button
Seat 1: Kurganski ($72 in chips)
Seat 2: Ultrafranke ($144.02 in chips)
Ultrafranke: posts small blind $1
Kurganski: posts big blind $3
*** HOLE CARDS ***
Ultrafranke: folds
Uncalled bet ($2) returned to Kurganski
Kurganski collected $2 from pot
*** SUMMARY ***
Total pot $2 | Rake $0
Seat 1: Kurganski (big blind) collected ($2)
Seat 2: Ultrafranke (button) (small blind) folded before Flop


PokerStars Hand #144905972343:  Hold'em Limit ($3/$6 USD) - 2015/12/06 8:02:37 ET
Table 'Machado' 2-max Seat #1 is the button
Seat 1: Kurganski ($73 in chips)
Seat 2: Ultrafranke ($132.50 in chips)
Kurganski: posts small blind $1
Ultrafranke: posts big blind $3
*** HOLE CARDS ***
Kurganski: raises $3 to $6
Ultrafranke: calls $3
*** FLOP *** [Qs Qd 8c]
Ultrafranke: bets $3
Kurganski: raises $3 to $6
Ultrafranke: calls $3
*** TURN *** [Qs Qd 8c] [Ts]
Ultrafranke: checks
Kurganski: checks
*** RIVER *** [Qs Qd 8c Ts] [Ad]
Ultrafranke: bets $6
Kurganski: folds
Uncalled bet ($6) returned to Ultrafranke
Ultrafranke collected $23.52 from pot
*** SUMMARY ***
Total pot $24 | Rake $0.48
Board [Qs Qd 8c Ts Ad]
Seat 1: Kurganski (button) (small blind) folded on the River
Seat 2: Ultrafranke (big blind) collected ($23.52)


PokerStars Hand #144905992742:  Hold'em Limit ($3/$6 USD) - 2015/12/06 8:03:09 ET
Table 'Machado' 2-max Seat #1 is the button
Seat 1: Kurganski ($73 in chips)
Seat 2: Ultrafranke ($143.02 in chips)
Kurganski: posts small blind $1
Ultrafranke: posts big blind $3
*** HOLE CARDS ***
Kurganski: raises $3 to $6
Ultrafranke: calls $3
*** FLOP *** [Ks 5d Tc]
Ultrafranke: checks
Kurganski: bets $3
Ultrafranke: raises $3 to $6
Kurganski: calls $3
*** TURN *** [Ks 5d Tc] [8d]
Ultrafranke: checks
Kurganski: bets $6
Ultrafranke: calls $6
*** RIVER *** [Ks 5d Tc 8d] [8h]
Ultrafranke: checks
Kurganski: bets $6
Ultrafranke: calls $6
*** SHOW DOWN ***
Kurganski: shows [Js Td] (two pair, Tens and Eights)
Ultrafranke: shows [Qh Kc] (two pair, Kings and Eights)
Ultrafranke collected $47.50 from pot
*** SUMMARY ***
Total pot $48 | Rake $0.50
Board [Ks 5d Tc 8d 8h]
Seat 1: Kurganski (button) (small blind) showed [Js Td] and lost with two pair, Tens and Eights
Seat 2: Ultrafranke (big blind) showed [Qh Kc] and won ($47.50) with two pair, Kings and Eights


PokerStars Hand #144906011561:  Hold'em Limit ($3/$6 USD) - 2015/12/06 8:03:38 ET
Table 'Machado' 2-max Seat #2 is the button
Seat 1: Kurganski ($72 in chips)
Seat 2: Ultrafranke ($166.52 in chips)
Ultrafranke: posts small blind $1
Kurganski: posts big blind $3
*** HOLE CARDS ***
Ultrafranke: raises $3 to $6
Kurganski: calls $3
*** FLOP *** [9d Jd Ks]
Kurganski: bets $3
Ultrafranke: calls $3
*** TURN *** [9d Jd Ks] [Ad]
Kurganski: bets $6
Ultrafranke: calls $6
*** RIVER *** [9d Jd Ks Ad] [4s]
Kurganski: checks
Ultrafranke: bets $6
Kurganski: calls $6
*** SHOW DOWN ***
Ultrafranke: shows [5s Ah] (a pair of Aces)
Kurganski: mucks hand
Ultrafranke collected $41.50 from pot
*** SUMMARY ***
Total pot $42 | Rake $0.50
Board [9d Jd Ks Ad 4s]
Seat 1: Kurganski (big blind) mucked
Seat 2: Ultrafranke (button) (small blind) showed [5s Ah] and won ($41.50) with a pair of Aces


PokerStars Hand #144908997693:  Hold'em Limit ($3/$6 USD) - 2015/12/06 9:15:39 ET
Table 'Machado' 2-max Seat #2 is the button
Seat 1: Kurganski ($72 in chips)
Seat 2: MobyDickDK ($58.64 in chips)
MobyDickDK: posts small blind $1
Kurganski: posts big blind $3
*** HOLE CARDS ***
MobyDickDK: folds
Uncalled bet ($2) returned to Kurganski
MobyDickDK leaves the table
Kurganski collected $2 from pot
*** SUMMARY ***
Total pot $2 | Rake $0
Seat 1: Kurganski (big blind) collected ($2)
Seat 2: MobyDickDK (button) (small blind) folded before Flop


PokerStars Hand #144908994300:  Hold'em Limit ($3/$6 USD) - 2015/12/06 9:15:34 ET
Table 'Machado' 2-max Seat #1 is the button
Seat 1: Kurganski ($72 in chips)
Seat 2: MobyDickDK ($57.64 in chips)
Kurganski: posts small blind $1
MobyDickDK: posts big blind $3
*** HOLE CARDS ***
Kurganski: folds
Uncalled bet ($2) returned to MobyDickDK
MobyDickDK collected $2 from pot
*** SUMMARY ***
Total pot $2 | Rake $0
Seat 1: Kurganski (button) (small blind) folded before Flop
Seat 2: MobyDickDK (big blind) collected ($2)


