PokerStars Hand #145653145632:  Hold'em Limit ($3/$6 USD) - 2015/12/20 15:35:23 ET
Table 'Machado II' 2-max Seat #2 is the button
Seat 1: echsecution ($85.76 in chips)
Seat 2: Swe_OlssoN ($45.76 in chips)
Swe_OlssoN: posts small blind $1
echsecution: posts big blind $3
*** HOLE CARDS ***
Swe_OlssoN: raises $3 to $6
echsecution: calls $3
*** FLOP *** [Ts Js 6h]
echsecution: checks
Swe_OlssoN: bets $3
echsecution: calls $3
*** TURN *** [Ts Js 6h] [9d]
echsecution: checks
Swe_OlssoN: checks
*** RIVER *** [Ts Js 6h 9d] [Kd]
echsecution: checks
Swe_OlssoN: bets $6
echsecution: folds
Uncalled bet ($6) returned to Swe_OlssoN
Swe_OlssoN collected $17.64 from pot
Swe_OlssoN: doesn't show hand
*** SUMMARY ***
Total pot $18 | Rake $0.36
Board [Ts Js 6h 9d Kd]
Seat 1: echsecution (big blind) folded on the River
Seat 2: Swe_OlssoN (button) (small blind) collected ($17.64)


PokerStars Hand #145653132968:  Hold'em Limit ($3/$6 USD) - 2015/12/20 15:35:12 ET
Table 'Machado II' 2-max Seat #1 is the button
Seat 1: echsecution ($82.76 in chips)
Seat 2: Swe_OlssoN ($48.76 in chips)
echsecution: posts small blind $1
Swe_OlssoN: posts big blind $3
*** HOLE CARDS ***
echsecution: raises $3 to $6
Swe_OlssoN: folds
Uncalled bet ($3) returned to echsecution
echsecution collected $6 from pot
echsecution: doesn't show hand
*** SUMMARY ***
Total pot $6 | Rake $0
Seat 1: echsecution (button) (small blind) collected ($6)
Seat 2: Swe_OlssoN (big blind) folded before Flop


PokerStars Hand #145653193619:  Hold'em Limit ($3/$6 USD) - 2015/12/20 15:36:07 ET
Table 'Machado II' 2-max Seat #2 is the button
Seat 1: echsecution ($72 in chips)
Seat 2: Swe_OlssoN ($71.90 in chips)
Swe_OlssoN: posts small blind $1
echsecution: posts big blind $3
*** HOLE CARDS ***
Swe_OlssoN: folds
Uncalled bet ($2) returned to echsecution
echsecution collected $2 from pot
echsecution: doesn't show hand
*** SUMMARY ***
Total pot $2 | Rake $0
Seat 1: echsecution (big blind) collected ($2)
Seat 2: Swe_OlssoN (button) (small blind) folded before Flop


PokerStars Hand #145653168100:  Hold'em Limit ($3/$6 USD) - 2015/12/20 15:35:44 ET
Table 'Machado II' 2-max Seat #1 is the button
Seat 1: echsecution ($76.76 in chips)
Seat 2: Swe_OlssoN ($54.40 in chips)
echsecution: posts small blind $1
Swe_OlssoN: posts big blind $3
*** HOLE CARDS ***
echsecution: raises $3 to $6
Swe_OlssoN: raises $3 to $9
echsecution: calls $3
*** FLOP *** [Tc Th Qh]
Swe_OlssoN: bets $3
echsecution: calls $3
*** TURN *** [Tc Th Qh] [5d]
Swe_OlssoN: bets $6
echsecution: calls $6
*** RIVER *** [Tc Th Qh 5d] [7d]
Swe_OlssoN: bets $6
echsecution: folds
Uncalled bet ($6) returned to Swe_OlssoN
Swe_OlssoN collected $35.50 from pot
Swe_OlssoN: doesn't show hand
*** SUMMARY ***
Total pot $36 | Rake $0.50
Board [Tc Th Qh 5d 7d]
Seat 1: echsecution (button) (small blind) folded on the River
Seat 2: Swe_OlssoN (big blind) collected ($35.50)


PokerStars Hand #145653293242:  Hold'em Limit ($3/$6 USD) - 2015/12/20 15:37:38 ET
Table 'Machado II' 2-max Seat #2 is the button
Seat 1: echsecution ($97.26 in chips)
Seat 2: Swe_OlssoN ($45.40 in chips)
Swe_OlssoN: posts small blind $1
echsecution: posts big blind $3
*** HOLE CARDS ***
Swe_OlssoN: folds
Uncalled bet ($2) returned to echsecution
echsecution collected $2 from pot
echsecution: doesn't show hand
*** SUMMARY ***
Total pot $2 | Rake $0
Seat 1: echsecution (big blind) collected ($2)
Seat 2: Swe_OlssoN (button) (small blind) folded before Flop


PokerStars Hand #145653285433:  Hold'em Limit ($3/$6 USD) - 2015/12/20 15:37:31 ET
Table 'Machado II' 2-max Seat #1 is the button
Seat 1: echsecution ($94.26 in chips)
Seat 2: Swe_OlssoN ($48.40 in chips)
echsecution: posts small blind $1
Swe_OlssoN: posts big blind $3
*** HOLE CARDS ***
echsecution: raises $3 to $6
Swe_OlssoN: folds
Uncalled bet ($3) returned to echsecution
echsecution collected $6 from pot
echsecution: doesn't show hand
*** SUMMARY ***
Total pot $6 | Rake $0
Seat 1: echsecution (button) (small blind) collected ($6)
Seat 2: Swe_OlssoN (big blind) folded before Flop


PokerStars Hand #145653279455:  Hold'em Limit ($3/$6 USD) - 2015/12/20 15:37:26 ET
Table 'Machado II' 2-max Seat #2 is the button
Seat 1: echsecution ($93.26 in chips)
Seat 2: Swe_OlssoN ($49.40 in chips)
Swe_OlssoN: posts small blind $1
echsecution: posts big blind $3
*** HOLE CARDS ***
Swe_OlssoN: folds
Uncalled bet ($2) returned to echsecution
echsecution collected $2 from pot
echsecution: doesn't show hand
*** SUMMARY ***
Total pot $2 | Rake $0
Seat 1: echsecution (big blind) collected ($2)
Seat 2: Swe_OlssoN (button) (small blind) folded before Flop


PokerStars Hand #145653262547:  Hold'em Limit ($3/$6 USD) - 2015/12/20 15:37:10 ET
Table 'Machado II' 2-max Seat #1 is the button
Seat 1: echsecution ($87.50 in chips)
Seat 2: Swe_OlssoN ($55.40 in chips)
echsecution: posts small blind $1
Swe_OlssoN: posts big blind $3
*** HOLE CARDS ***
echsecution: raises $3 to $6
Swe_OlssoN: calls $3
*** FLOP *** [6c 2h Jh]
Swe_OlssoN: checks
echsecution: bets $3
Swe_OlssoN: folds
Uncalled bet ($3) returned to echsecution
echsecution collected $11.76 from pot
echsecution: doesn't show hand
*** SUMMARY ***
Total pot $12 | Rake $0.24
Board [6c 2h Jh]
Seat 1: echsecution (button) (small blind) collected ($11.76)
Seat 2: Swe_OlssoN (big blind) folded on the Flop


PokerStars Hand #145653236487:  Hold'em Limit ($3/$6 USD) - 2015/12/20 15:36:46 ET
Table 'Machado II' 2-max Seat #2 is the button
Seat 1: echsecution ($102.50 in chips)
Seat 2: Swe_OlssoN ($40.90 in chips)
Swe_OlssoN: posts small blind $1
echsecution: posts big blind $3
*** HOLE CARDS ***
Swe_OlssoN: raises $3 to $6
echsecution: calls $3
*** FLOP *** [4h Js Kc]
echsecution: checks
Swe_OlssoN: bets $3
echsecution: calls $3
*** TURN *** [4h Js Kc] [2d]
echsecution: checks
Swe_OlssoN: bets $6
echsecution: calls $6
*** RIVER *** [4h Js Kc 2d] [5c]
echsecution: checks
Swe_OlssoN: checks
*** SHOW DOWN ***
echsecution: shows [Td Qh] (high card King)
Swe_OlssoN: shows [6h 6c] (a pair of Sixes)
Swe_OlssoN collected $29.50 from pot
*** SUMMARY ***
Total pot $30 | Rake $0.50
Board [4h Js Kc 2d 5c]
Seat 1: echsecution (big blind) showed [Td Qh] and lost with high card King
Seat 2: Swe_OlssoN (button) (small blind) showed [6h 6c] and won ($29.50) with a pair of Sixes


PokerStars Hand #145653203509:  Hold'em Limit ($3/$6 USD) - 2015/12/20 15:36:17 ET
Table 'Machado II' 2-max Seat #1 is the button
Seat 1: echsecution ($73 in chips)
Seat 2: Swe_OlssoN ($70.90 in chips)
echsecution: posts small blind $1
Swe_OlssoN: posts big blind $3
*** HOLE CARDS ***
echsecution: raises $3 to $6
Swe_OlssoN: raises $3 to $9
echsecution: calls $3
*** FLOP *** [Kc 5d 7h]
Swe_OlssoN: bets $3
echsecution: calls $3
*** TURN *** [Kc 5d 7h] [6d]
Swe_OlssoN: bets $6
echsecution: raises $6 to $12
Swe_OlssoN: calls $6
*** RIVER *** [Kc 5d 7h 6d] [Td]
Swe_OlssoN: checks
echsecution: bets $6
Swe_OlssoN: calls $6
*** SHOW DOWN ***
echsecution: shows [4s Kd] (a pair of Kings)
Swe_OlssoN: mucks hand
echsecution collected $59.50 from pot
*** SUMMARY ***
Total pot $60 | Rake $0.50
Board [Kc 5d 7h 6d Td]
Seat 1: echsecution (button) (small blind) showed [4s Kd] and won ($59.50) with a pair of Kings
Seat 2: Swe_OlssoN (big blind) mucked


PokerStars Hand #145653351526:  Hold'em Limit ($3/$6 USD) - 2015/12/20 15:38:31 ET
Table 'Machado II' 2-max Seat #1 is the button
Seat 1: echsecution ($72.26 in chips)
Seat 2: Swe_OlssoN ($69.66 in chips)
echsecution: posts small blind $1
Swe_OlssoN: posts big blind $3
*** HOLE CARDS ***
echsecution: raises $3 to $6
Swe_OlssoN: raises $3 to $9
echsecution: calls $3
*** FLOP *** [Ad 6s Jc]
Swe_OlssoN: bets $3
echsecution: folds
Uncalled bet ($3) returned to Swe_OlssoN
Swe_OlssoN collected $17.64 from pot
Swe_OlssoN: doesn't show hand
*** SUMMARY ***
Total pot $18 | Rake $0.36
Board [Ad 6s Jc]
Seat 1: echsecution (button) (small blind) folded on the Flop
Seat 2: Swe_OlssoN (big blind) collected ($17.64)


PokerStars Hand #145653343472:  Hold'em Limit ($3/$6 USD) - 2015/12/20 15:38:24 ET
Table 'Machado II' 2-max Seat #2 is the button
Seat 1: echsecution ($75.26 in chips)
Seat 2: Swe_OlssoN ($66.66 in chips)
Swe_OlssoN: posts small blind $1
echsecution: posts big blind $3
*** HOLE CARDS ***
Swe_OlssoN: raises $3 to $6
echsecution: folds
Uncalled bet ($3) returned to Swe_OlssoN
Swe_OlssoN collected $6 from pot
Swe_OlssoN: doesn't show hand
*** SUMMARY ***
Total pot $6 | Rake $0
Seat 1: echsecution (big blind) folded before Flop
Seat 2: Swe_OlssoN (button) (small blind) collected ($6)


PokerStars Hand #145653321699:  Hold'em Limit ($3/$6 USD) - 2015/12/20 15:38:04 ET
Table 'Machado II' 2-max Seat #1 is the button
Seat 1: echsecution ($93.26 in chips)
Seat 2: Swe_OlssoN ($49.16 in chips)
echsecution: posts small blind $1
Swe_OlssoN: posts big blind $3
*** HOLE CARDS ***
echsecution: raises $3 to $6
Swe_OlssoN: raises $3 to $9
echsecution: calls $3
*** FLOP *** [Jh 3h 6c]
Swe_OlssoN: bets $3
echsecution: calls $3
*** TURN *** [Jh 3h 6c] [Ac]
Swe_OlssoN: bets $6
echsecution: calls $6
*** RIVER *** [Jh 3h 6c Ac] [Ah]
Swe_OlssoN: checks
echsecution: checks
*** SHOW DOWN ***
Swe_OlssoN: shows [Kd Jc] (two pair, Aces and Jacks)
echsecution: mucks hand
Swe_OlssoN collected $35.50 from pot
*** SUMMARY ***
Total pot $36 | Rake $0.50
Board [Jh 3h 6c Ac Ah]
Seat 1: echsecution (button) (small blind) mucked
Seat 2: Swe_OlssoN (big blind) showed [Kd Jc] and won ($35.50) with two pair, Aces and Jacks


PokerStars Hand #145653313960:  Hold'em Limit ($3/$6 USD) - 2015/12/20 15:37:57 ET
Table 'Machado II' 2-max Seat #2 is the button
Seat 1: echsecution ($92.26 in chips)
Seat 2: Swe_OlssoN ($50.16 in chips)
Swe_OlssoN: posts small blind $1
echsecution: posts big blind $3
*** HOLE CARDS ***
Swe_OlssoN: folds
Uncalled bet ($2) returned to echsecution
echsecution collected $2 from pot
echsecution: doesn't show hand
*** SUMMARY ***
Total pot $2 | Rake $0
Seat 1: echsecution (big blind) collected ($2)
Seat 2: Swe_OlssoN (button) (small blind) folded before Flop


PokerStars Hand #145653298735:  Hold'em Limit ($3/$6 USD) - 2015/12/20 15:37:43 ET
Table 'Machado II' 2-max Seat #1 is the button
Seat 1: echsecution ($98.26 in chips)
Seat 2: Swe_OlssoN ($44.40 in chips)
echsecution: posts small blind $1
Swe_OlssoN: posts big blind $3
*** HOLE CARDS ***
echsecution: raises $3 to $6
Swe_OlssoN: calls $3
*** FLOP *** [4s 5d Kc]
Swe_OlssoN: bets $3
echsecution: folds
Uncalled bet ($3) returned to Swe_OlssoN
Swe_OlssoN collected $11.76 from pot
Swe_OlssoN: doesn't show hand
*** SUMMARY ***
Total pot $12 | Rake $0.24
Board [4s 5d Kc]
Seat 1: echsecution (button) (small blind) folded on the Flop
Seat 2: Swe_OlssoN (big blind) collected ($11.76)


PokerStars Hand #145653390246:  Hold'em Limit ($3/$6 USD) - 2015/12/20 15:39:06 ET
Table 'Machado II' 2-max Seat #1 is the button
Seat 1: echsecution ($74.88 in chips)
Seat 2: Swe_OlssoN ($75.30 in chips)
echsecution: posts small blind $1
Swe_OlssoN: posts big blind $3
*** HOLE CARDS ***
echsecution: raises $3 to $6
Swe_OlssoN: raises $3 to $9
echsecution: calls $3
*** FLOP *** [Kh 2d As]
Swe_OlssoN: bets $3
echsecution: calls $3
*** TURN *** [Kh 2d As] [2h]
Swe_OlssoN: bets $6
echsecution: raises $6 to $12
Swe_OlssoN: raises $6 to $18
echsecution: raises $6 to $24
Betting is capped
Swe_OlssoN: calls $6
*** RIVER *** [Kh 2d As 2h] [Qd]
Swe_OlssoN: bets $6
echsecution: raises $6 to $12
Swe_OlssoN: raises $6 to $18
echsecution: calls $6
*** SHOW DOWN ***
Swe_OlssoN: shows [2c Qh] (a full house, Deuces full of Queens)
echsecution: shows [2s Ks] (a full house, Deuces full of Kings)
echsecution collected $107.50 from pot
*** SUMMARY ***
Total pot $108 | Rake $0.50
Board [Kh 2d As 2h Qd]
Seat 1: echsecution (button) (small blind) showed [2s Ks] and won ($107.50) with a full house, Deuces full of Kings
Seat 2: Swe_OlssoN (big blind) showed [2c Qh] and lost with a full house, Deuces full of Queens


PokerStars Hand #145653367168:  Hold'em Limit ($3/$6 USD) - 2015/12/20 15:38:45 ET
Table 'Machado II' 2-max Seat #2 is the button
Seat 1: echsecution ($72 in chips)
Seat 2: Swe_OlssoN ($78.30 in chips)
Swe_OlssoN: posts small blind $1
echsecution: posts big blind $3
*** HOLE CARDS ***
Swe_OlssoN: calls $2
echsecution: checks
*** FLOP *** [6h 2d Jd]
echsecution: checks
Swe_OlssoN: checks
*** TURN *** [6h 2d Jd] [8h]
echsecution: bets $6
Swe_OlssoN: folds
Uncalled bet ($6) returned to echsecution
echsecution collected $5.88 from pot
echsecution: doesn't show hand
*** SUMMARY ***
Total pot $6 | Rake $0.12
Board [6h 2d Jd 8h]
Seat 1: echsecution (big blind) collected ($5.88)
Seat 2: Swe_OlssoN (button) (small blind) folded on the Turn


PokerStars Hand #145653488638:  Hold'em Limit ($3/$6 USD) - 2015/12/20 15:40:36 ET
Table 'Machado II' 2-max Seat #2 is the button
Seat 1: echsecution ($127.58 in chips)
Seat 2: Swe_OlssoN ($21.10 in chips)
Swe_OlssoN: posts small blind $1
echsecution: posts big blind $3
*** HOLE CARDS ***
Swe_OlssoN: raises $3 to $6
echsecution: folds
Uncalled bet ($3) returned to Swe_OlssoN
Swe_OlssoN collected $6 from pot
Swe_OlssoN: doesn't show hand
*** SUMMARY ***
Total pot $6 | Rake $0
Seat 1: echsecution (big blind) folded before Flop
Seat 2: Swe_OlssoN (button) (small blind) collected ($6)


PokerStars Hand #145653459580:  Hold'em Limit ($3/$6 USD) - 2015/12/20 15:40:09 ET
Table 'Machado II' 2-max Seat #1 is the button
Seat 1: echsecution ($107.08 in chips)
Seat 2: Swe_OlssoN ($42.10 in chips)
echsecution: posts small blind $1
Swe_OlssoN: posts big blind $3
*** HOLE CARDS ***
echsecution: raises $3 to $6
Swe_OlssoN: calls $3
*** FLOP *** [4s 5d Ts]
Swe_OlssoN: bets $3
echsecution: calls $3
*** TURN *** [4s 5d Ts] [Kd]
Swe_OlssoN: bets $6
echsecution: calls $6
*** RIVER *** [4s 5d Ts Kd] [9s]
Swe_OlssoN: checks
echsecution: bets $6
Swe_OlssoN: calls $6
*** SHOW DOWN ***
echsecution: shows [3s Tc] (a pair of Tens)
Swe_OlssoN: mucks hand
echsecution collected $41.50 from pot
*** SUMMARY ***
Total pot $42 | Rake $0.50
Board [4s 5d Ts Kd 9s]
Seat 1: echsecution (button) (small blind) showed [3s Tc] and won ($41.50) with a pair of Tens
Seat 2: Swe_OlssoN (big blind) mucked


PokerStars Hand #145653425537:  Hold'em Limit ($3/$6 USD) - 2015/12/20 15:39:38 ET
Table 'Machado II' 2-max Seat #2 is the button
Seat 1: echsecution ($128.38 in chips)
Seat 2: Swe_OlssoN ($21.30 in chips)
Swe_OlssoN: posts small blind $1
echsecution: posts big blind $3
*** HOLE CARDS ***
Swe_OlssoN: raises $3 to $6
echsecution: raises $3 to $9
Swe_OlssoN: calls $3
*** FLOP *** [7h 8s 9h]
echsecution: bets $3
Swe_OlssoN: raises $3 to $6
echsecution: calls $3
*** TURN *** [7h 8s 9h] [Js]
echsecution: checks
Swe_OlssoN: bets $6
echsecution: calls $6
*** RIVER *** [7h 8s 9h Js] [9c]
echsecution: checks
Swe_OlssoN: bets $0.30 and is all-in
echsecution: calls $0.30
*** SHOW DOWN ***
Swe_OlssoN: shows [7d 6d] (two pair, Nines and Sevens)
echsecution: shows [Ah Qc] (a pair of Nines)
Swe_OlssoN collected $42.10 from pot
*** SUMMARY ***
Total pot $42.60 | Rake $0.50
Board [7h 8s 9h Js 9c]
Seat 1: echsecution (big blind) showed [Ah Qc] and lost with a pair of Nines
Seat 2: Swe_OlssoN (button) (small blind) showed [7d 6d] and won ($42.10) with two pair, Nines and Sevens


PokerStars Hand #145653545121:  Hold'em Limit ($3/$6 USD) - 2015/12/20 15:41:28 ET
Table 'Machado II' 2-max Seat #1 is the button
Seat 1: echsecution ($126.22 in chips)
Seat 2: Swe_OlssoN ($21.74 in chips)
echsecution: posts small blind $1
Swe_OlssoN: posts big blind $3
*** HOLE CARDS ***
echsecution: raises $3 to $6
Swe_OlssoN: calls $3
*** FLOP *** [3s 9s 5d]
Swe_OlssoN: bets $3
echsecution: calls $3
*** TURN *** [3s 9s 5d] [5c]
Swe_OlssoN: bets $6
echsecution: folds
Uncalled bet ($6) returned to Swe_OlssoN
Swe_OlssoN collected $17.64 from pot
Swe_OlssoN: doesn't show hand
*** SUMMARY ***
Total pot $18 | Rake $0.36
Board [3s 9s 5d 5c]
Seat 1: echsecution (button) (small blind) folded on the Turn
Seat 2: Swe_OlssoN (big blind) collected ($17.64)


PokerStars Hand #145653540153:  Hold'em Limit ($3/$6 USD) - 2015/12/20 15:41:23 ET
Table 'Machado II' 2-max Seat #2 is the button
Seat 1: echsecution ($125.22 in chips)
Seat 2: Swe_OlssoN ($22.74 in chips)
Swe_OlssoN: posts small blind $1
echsecution: posts big blind $3
*** HOLE CARDS ***
Swe_OlssoN: folds
Uncalled bet ($2) returned to echsecution
echsecution collected $2 from pot
echsecution: doesn't show hand
*** SUMMARY ***
Total pot $2 | Rake $0
Seat 1: echsecution (big blind) collected ($2)
Seat 2: Swe_OlssoN (button) (small blind) folded before Flop


PokerStars Hand #145653525756:  Hold'em Limit ($3/$6 USD) - 2015/12/20 15:41:10 ET
Table 'Machado II' 2-max Seat #1 is the button
Seat 1: echsecution ($134.22 in chips)
Seat 2: Swe_OlssoN ($14.10 in chips)
echsecution: posts small blind $1
Swe_OlssoN: posts big blind $3
*** HOLE CARDS ***
echsecution: raises $3 to $6
Swe_OlssoN: raises $3 to $9
echsecution: calls $3
*** FLOP *** [9d 9c Kh]
Swe_OlssoN: bets $3
echsecution: folds
Uncalled bet ($3) returned to Swe_OlssoN
Swe_OlssoN collected $17.64 from pot
Swe_OlssoN: doesn't show hand
*** SUMMARY ***
Total pot $18 | Rake $0.36
Board [9d 9c Kh]
Seat 1: echsecution (button) (small blind) folded on the Flop
Seat 2: Swe_OlssoN (big blind) collected ($17.64)


PokerStars Hand #145653518409:  Hold'em Limit ($3/$6 USD) - 2015/12/20 15:41:03 ET
Table 'Machado II' 2-max Seat #2 is the button
Seat 1: echsecution ($133.22 in chips)
Seat 2: Swe_OlssoN ($15.10 in chips)
Swe_OlssoN: posts small blind $1
echsecution: posts big blind $3
*** HOLE CARDS ***
Swe_OlssoN: folds
Uncalled bet ($2) returned to echsecution
echsecution collected $2 from pot
echsecution: doesn't show hand
*** SUMMARY ***
Total pot $2 | Rake $0
Seat 1: echsecution (big blind) collected ($2)
Seat 2: Swe_OlssoN (button) (small blind) folded before Flop


PokerStars Hand #145653496501:  Hold'em Limit ($3/$6 USD) - 2015/12/20 15:40:43 ET
Table 'Machado II' 2-max Seat #1 is the button
Seat 1: echsecution ($124.58 in chips)
Seat 2: Swe_OlssoN ($24.10 in chips)
echsecution: posts small blind $1
Swe_OlssoN: posts big blind $3
*** HOLE CARDS ***
echsecution: raises $3 to $6
Swe_OlssoN: calls $3
*** FLOP *** [9h 6c 9c]
Swe_OlssoN: bets $3
echsecution: calls $3
*** TURN *** [9h 6c 9c] [7s]
Swe_OlssoN: checks
echsecution: bets $6
Swe_OlssoN: folds
Uncalled bet ($6) returned to echsecution
echsecution collected $17.64 from pot
echsecution: doesn't show hand
*** SUMMARY ***
Total pot $18 | Rake $0.36
Board [9h 6c 9c 7s]
Seat 1: echsecution (button) (small blind) collected ($17.64)
Seat 2: Swe_OlssoN (big blind) folded on the Turn


PokerStars Hand #145653562482:  Hold'em Limit ($3/$6 USD) - 2015/12/20 15:41:44 ET
Table 'Machado II' 2-max Seat #2 is the button
Seat 1: echsecution ($117.22 in chips)
Seat 2: Swe_OlssoN ($30.38 in chips)
Swe_OlssoN: posts small blind $1
echsecution: posts big blind $3
*** HOLE CARDS ***
Swe_OlssoN: raises $3 to $6
echsecution: raises $3 to $9
Swe_OlssoN: raises $3 to $12
Betting is capped
echsecution: calls $3
*** FLOP *** [8s 5d 6d]
echsecution: checks
Swe_OlssoN: bets $3
echsecution: raises $3 to $6
Swe_OlssoN: raises $3 to $9
echsecution: raises $3 to $12
Betting is capped
Swe_OlssoN: calls $3
*** TURN *** [8s 5d 6d] [8c]
echsecution: bets $6
Swe_OlssoN: raises $0.38 to $6.38 and is all-in
echsecution: calls $0.38
*** RIVER *** [8s 5d 6d 8c] [4s]
*** SHOW DOWN ***
echsecution: shows [Kc Ks] (two pair, Kings and Eights)
Swe_OlssoN: shows [Qc Qd] (two pair, Queens and Eights)
echsecution collected $60.26 from pot
*** SUMMARY ***
Total pot $60.76 | Rake $0.50
Board [8s 5d 6d 8c 4s]
Seat 1: echsecution (big blind) showed [Kc Ks] and won ($60.26) with two pair, Kings and Eights
Seat 2: Swe_OlssoN (button) (small blind) showed [Qc Qd] and lost with two pair, Queens and Eights


