PokerStars Hand #150699418439:  Hold'em Limit ($3/$6 USD) - 2016/03/21 8:30:42 ET
Table 'Magaclite II' 6-max Seat #2 is the button
Seat 2: PinchMaster ($74.35 in chips)
Seat 4: Mudager ($120 in chips)
PinchMaster: posts small blind $1
Mudager: posts big blind $3
*** HOLE CARDS ***
PinchMaster: folds
Uncalled bet ($2) returned to Mudager
Mudager collected $2 from pot
Mudager: doesn't show hand
*** SUMMARY ***
Total pot $2 | Rake $0
Seat 2: PinchMaster (button) (small blind) folded before Flop
Seat 4: Mudager (big blind) collected ($2)


PokerStars Hand #150699459744:  Hold'em Limit ($3/$6 USD) - 2016/03/21 8:31:57 ET
Table 'Magaclite II' 6-max Seat #4 is the button
Seat 2: PinchMaster ($87.87 in chips)
Seat 4: Mudager ($120 in chips)
Mudager: posts small blind $1
PinchMaster: posts big blind $3
*** HOLE CARDS ***
Mudager: raises $3 to $6
PinchMaster: folds
Uncalled bet ($3) returned to Mudager
Mudager collected $6 from pot
Mudager: doesn't show hand
*** SUMMARY ***
Total pot $6 | Rake $0
Seat 2: PinchMaster (big blind) folded before Flop
Seat 4: Mudager (button) (small blind) collected ($6)


PokerStars Hand #150699450221:  Hold'em Limit ($3/$6 USD) - 2016/03/21 8:31:40 ET
Table 'Magaclite II' 6-max Seat #2 is the button
Seat 2: PinchMaster ($84.87 in chips)
Seat 4: Mudager ($120 in chips)
PinchMaster: posts small blind $1
Mudager: posts big blind $3
*** HOLE CARDS ***
PinchMaster: raises $3 to $6
Mudager: folds
Uncalled bet ($3) returned to PinchMaster
PinchMaster collected $6 from pot
PinchMaster: doesn't show hand
*** SUMMARY ***
Total pot $6 | Rake $0
Seat 2: PinchMaster (button) (small blind) collected ($6)
Seat 4: Mudager (big blind) folded before Flop


PokerStars Hand #150699483762:  Hold'em Limit ($3/$6 USD) - 2016/03/21 8:32:40 ET
Table 'Magaclite II' 6-max Seat #4 is the button
Seat 2: PinchMaster ($114.37 in chips)
Seat 4: Mudager ($120 in chips)
Mudager: posts small blind $1
PinchMaster: posts big blind $3
*** HOLE CARDS ***
SmellyToes4u joins the table at seat #5
Mudager: raises $3 to $6
PinchMaster: calls $3
*** FLOP *** [8d 9d 4c]
PinchMaster: checks
Mudager: checks
*** TURN *** [8d 9d 4c] [Js]
PinchMaster: checks
Mudager: bets $6
PinchMaster: folds
Uncalled bet ($6) returned to Mudager
Mudager collected $11.76 from pot
Mudager: doesn't show hand
*** SUMMARY ***
Total pot $12 | Rake $0.24
Board [8d 9d 4c Js]
Seat 2: PinchMaster (big blind) folded on the Turn
Seat 4: Mudager (button) (small blind) collected ($11.76)


PokerStars Hand #150699463656:  Hold'em Limit ($3/$6 USD) - 2016/03/21 8:32:04 ET
Table 'Magaclite II' 6-max Seat #2 is the button
Seat 2: PinchMaster ($84.87 in chips)
Seat 4: Mudager ($123 in chips)
PinchMaster: posts small blind $1
Mudager: posts big blind $3
*** HOLE CARDS ***
PinchMaster: raises $3 to $6
Mudager: calls $3
*** FLOP *** [8h Td Tc]
Mudager: checks
PinchMaster: bets $3
Mudager: raises $3 to $6
PinchMaster: calls $3
*** TURN *** [8h Td Tc] [9c]
Mudager: bets $6
PinchMaster: raises $6 to $12
Mudager: calls $6
*** RIVER *** [8h Td Tc 9c] [4d]
Mudager: checks
PinchMaster: bets $6
Mudager: calls $6
*** SHOW DOWN ***
PinchMaster: shows [6d 7d] (a straight, Six to Ten)
Mudager: mucks hand
PinchMaster collected $59.50 from pot
*** SUMMARY ***
Total pot $60 | Rake $0.50
Board [8h Td Tc 9c 4d]
Seat 2: PinchMaster (button) (small blind) showed [6d 7d] and won ($59.50) with a straight, Six to Ten
Seat 4: Mudager (big blind) mucked


PokerStars Hand #150699498509:  Hold'em Limit ($3/$6 USD) - 2016/03/21 8:33:07 ET
Table 'Magaclite II' 6-max Seat #2 is the button
Seat 2: PinchMaster ($108.37 in chips)
Seat 4: Mudager ($125.76 in chips)
PinchMaster: posts small blind $1
Mudager: posts big blind $3
*** HOLE CARDS ***
PinchMaster: raises $3 to $6
Mudager: calls $3
*** FLOP *** [8c 6h 5h]
Mudager: checks
PinchMaster: checks
*** TURN *** [8c 6h 5h] [4s]
glottis88 joins the table at seat #3
Mudager: bets $6
PinchMaster: folds
Uncalled bet ($6) returned to Mudager
Mudager collected $11.76 from pot
Mudager: doesn't show hand
*** SUMMARY ***
Total pot $12 | Rake $0.24
Board [8c 6h 5h 4s]
Seat 2: PinchMaster (button) (small blind) folded on the Turn
Seat 4: Mudager (big blind) collected ($11.76)


PokerStars Hand #150699902552:  Hold'em Limit ($3/$6 USD) - 2016/03/21 8:45:14 ET
Table 'Magaclite II' 6-max Seat #3 is the button
Seat 2: masterblstr8 ($120 in chips)
Seat 3: glottis88 ($190.39 in chips)
glottis88: posts small blind $1
Mudager: is sitting out
B_loJkl: is sitting out
masterblstr8: posts big blind $3
*** HOLE CARDS ***
glottis88: raises $3 to $6
masterblstr8: calls $3
*** FLOP *** [8c 7c Ac]
masterblstr8: checks
glottis88: bets $3
masterblstr8: calls $3
*** TURN *** [8c 7c Ac] [4h]
masterblstr8: checks
glottis88: bets $6
masterblstr8: raises $6 to $12
glottis88: calls $6
*** RIVER *** [8c 7c Ac 4h] [9h]
masterblstr8: checks
glottis88: checks
*** SHOW DOWN ***
masterblstr8: shows [3s Kh] (high card Ace)
glottis88: shows [8d 4c] (two pair, Eights and Fours)
glottis88 collected $41.50 from pot
*** SUMMARY ***
Total pot $42 | Rake $0.50
Board [8c 7c Ac 4h 9h]
Seat 2: masterblstr8 (big blind) showed [3s Kh] and lost with high card Ace
Seat 3: glottis88 (button) (small blind) showed [8d 4c] and won ($41.50) with two pair, Eights and Fours


PokerStars Hand #150699917897:  Hold'em Limit ($3/$6 USD) - 2016/03/21 8:45:41 ET
Table 'Magaclite II' 6-max Seat #2 is the button
Seat 2: masterblstr8 ($99 in chips)
Seat 3: glottis88 ($210.89 in chips)
masterblstr8: posts small blind $1
glottis88: posts big blind $3
*** HOLE CARDS ***
masterblstr8: raises $3 to $6
glottis88: calls $3
*** FLOP *** [6s 6h 7c]
glottis88: checks
masterblstr8: bets $3
glottis88: calls $3
*** TURN *** [6s 6h 7c] [Ah]
glottis88: checks
masterblstr8: checks
*** RIVER *** [6s 6h 7c Ah] [Tc]
glottis88: checks
masterblstr8: checks
*** SHOW DOWN ***
glottis88: shows [Qc 7s] (two pair, Sevens and Sixes)
masterblstr8: mucks hand
glottis88 collected $17.64 from pot
*** SUMMARY ***
Total pot $18 | Rake $0.36
Board [6s 6h 7c Ah Tc]
Seat 2: masterblstr8 (button) (small blind) mucked
Seat 3: glottis88 (big blind) showed [Qc 7s] and won ($17.64) with two pair, Sevens and Sixes


PokerStars Hand #150700029186:  Hold'em Limit ($3/$6 USD) - 2016/03/21 8:48:59 ET
Table 'Magaclite II' 6-max Seat #5 is the button
Seat 4: Mudager ($120.73 in chips)
Seat 5: ice0034 ($87 in chips)
ice0034: posts small blind $1
masterblstr8: is sitting out
glottis88: is sitting out
Mudager: posts big blind $3
*** HOLE CARDS ***
glottis88 leaves the table
ice0034: raises $3 to $6
Mudager: folds
Uncalled bet ($3) returned to ice0034
ice0034 collected $6 from pot
ice0034: doesn't show hand
*** SUMMARY ***
Total pot $6 | Rake $0
Seat 4: Mudager (big blind) folded before Flop
Seat 5: ice0034 (button) (small blind) collected ($6)


