PokerStars Hand #145878558844:  Hold'em Limit ($3/$6 USD) - 2015/12/25 0:20:40 ET
Table 'Magaclite' 6-max Seat #1 is the button
Seat 1: VolkovDmitri ($120 in chips)
Seat 3: tango46725 ($120 in chips)
VolkovDmitri: posts small blind $1
tango46725: posts big blind $3
*** HOLE CARDS ***
VolkovDmitri: raises $3 to $6
tango46725: calls $3
*** FLOP *** [8h 7d Ah]
tango46725: checks
VolkovDmitri: bets $3
tango46725: calls $3
*** TURN *** [8h 7d Ah] [8s]
tango46725: checks
VolkovDmitri: checks
*** RIVER *** [8h 7d Ah 8s] [5s]
tango46725: bets $6
VolkovDmitri: calls $6
*** SHOW DOWN ***
tango46725: shows [Kc 7s] (two pair, Eights and Sevens)
VolkovDmitri: shows [Ad 7h] (two pair, Aces and Eights)
VolkovDmitri collected $29.50 from pot
*** SUMMARY ***
Total pot $30 | Rake $0.50
Board [8h 7d Ah 8s 5s]
Seat 1: VolkovDmitri (button) (small blind) showed [Ad 7h] and won ($29.50) with two pair, Aces and Eights
Seat 3: tango46725 (big blind) showed [Kc 7s] and lost with two pair, Eights and Sevens


PokerStars Hand #145878568364:  Hold'em Limit ($3/$6 USD) - 2015/12/25 0:21:16 ET
Table 'Magaclite' 6-max Seat #3 is the button
Seat 1: VolkovDmitri ($134.50 in chips)
Seat 3: tango46725 ($105 in chips)
tango46725: posts small blind $1
VolkovDmitri: posts big blind $3
*** HOLE CARDS ***
tango46725: calls $2
VolkovDmitri: raises $3 to $6
tango46725: calls $3
*** FLOP *** [Jd Jc Ac]
VolkovDmitri: checks
tango46725: checks
*** TURN *** [Jd Jc Ac] [4d]
VolkovDmitri: bets $6
tango46725: calls $6
*** RIVER *** [Jd Jc Ac 4d] [6s]
VolkovDmitri: bets $6
tango46725: calls $6
*** SHOW DOWN ***
VolkovDmitri: shows [4h As] (two pair, Aces and Jacks)
tango46725: mucks hand
VolkovDmitri collected $35.50 from pot
*** SUMMARY ***
Total pot $36 | Rake $0.50
Board [Jd Jc Ac 4d 6s]
Seat 1: VolkovDmitri (big blind) showed [4h As] and won ($35.50) with two pair, Aces and Jacks
Seat 3: tango46725 (button) (small blind) mucked


PokerStars Hand #145878579511:  Hold'em Limit ($3/$6 USD) - 2015/12/25 0:21:59 ET
Table 'Magaclite' 6-max Seat #1 is the button
Seat 1: VolkovDmitri ($152 in chips)
Seat 3: tango46725 ($87 in chips)
VolkovDmitri: posts small blind $1
tango46725: posts big blind $3
*** HOLE CARDS ***
VolkovDmitri: raises $3 to $6
tango46725: calls $3
*** FLOP *** [9c Kc Ts]
tango46725: checks
VolkovDmitri: bets $3
tango46725: calls $3
*** TURN *** [9c Kc Ts] [8d]
tango46725: checks
VolkovDmitri: bets $6
tango46725: calls $6
*** RIVER *** [9c Kc Ts 8d] [6h]
tango46725: checks
VolkovDmitri: bets $6
tango46725: folds
Uncalled bet ($6) returned to VolkovDmitri
VolkovDmitri collected $29.50 from pot
VolkovDmitri: doesn't show hand
*** SUMMARY ***
Total pot $30 | Rake $0.50
Board [9c Kc Ts 8d 6h]
Seat 1: VolkovDmitri (button) (small blind) collected ($29.50)
Seat 3: tango46725 (big blind) folded on the River


PokerStars Hand #145878590854:  Hold'em Limit ($3/$6 USD) - 2015/12/25 0:22:43 ET
Table 'Magaclite' 6-max Seat #3 is the button
Seat 1: VolkovDmitri ($166.50 in chips)
Seat 3: tango46725 ($72 in chips)
tango46725: posts small blind $1
VolkovDmitri: posts big blind $3
*** HOLE CARDS ***
tango46725: calls $2
VolkovDmitri: raises $3 to $6
tango46725: raises $3 to $9
VolkovDmitri: raises $3 to $12
Betting is capped
tango46725: calls $3
*** FLOP *** [4s 7c Kd]
VolkovDmitri: bets $3
tango46725: calls $3
*** TURN *** [4s 7c Kd] [8s]
VolkovDmitri: bets $6
tango46725: raises $6 to $12
VolkovDmitri: calls $6
*** RIVER *** [4s 7c Kd 8s] [4c]
VolkovDmitri: checks
tango46725: bets $6
VolkovDmitri: raises $6 to $12
assitoni joins the table at seat #4
tango46725: calls $6
*** SHOW DOWN ***
VolkovDmitri: shows [Ah Ac] (two pair, Aces and Fours)
tango46725: mucks hand
VolkovDmitri collected $77.50 from pot
*** SUMMARY ***
Total pot $78 | Rake $0.50
Board [4s 7c Kd 8s 4c]
Seat 1: VolkovDmitri (big blind) showed [Ah Ac] and won ($77.50) with two pair, Aces and Fours
Seat 3: tango46725 (button) (small blind) mucked


PokerStars Hand #145878600200:  Hold'em Limit ($3/$6 USD) - 2015/12/25 0:23:18 ET
Table 'Magaclite' 6-max Seat #1 is the button
Seat 1: VolkovDmitri ($205 in chips)
Seat 3: tango46725 ($33 in chips)
VolkovDmitri: posts small blind $1
tango46725: posts big blind $3
*** HOLE CARDS ***
VolkovDmitri: raises $3 to $6
tango46725: folds
Uncalled bet ($3) returned to VolkovDmitri
VolkovDmitri collected $6 from pot
VolkovDmitri: doesn't show hand
*** SUMMARY ***
Total pot $6 | Rake $0
Seat 1: VolkovDmitri (button) (small blind) collected ($6)
Seat 3: tango46725 (big blind) folded before Flop


