PokerStars Hand #147846640408:  Hold'em Limit ($3/$6 USD) - 2016/01/28 17:46:14 ET
Table 'Magaclite II' 2-max Seat #2 is the button
Seat 1: tan.yem ($30.38 in chips)
Seat 2: elifnur2008 ($172.36 in chips)
elifnur2008: posts small blind $1
tan.yem: posts big blind $3
*** HOLE CARDS ***
elifnur2008: folds
Uncalled bet ($2) returned to tan.yem
tan.yem collected $2 from pot
tan.yem: doesn't show hand
*** SUMMARY ***
Total pot $2 | Rake $0
Seat 1: tan.yem (big blind) collected ($2)
Seat 2: elifnur2008 (button) (small blind) folded before Flop


PokerStars Hand #147846625935:  Hold'em Limit ($3/$6 USD) - 2016/01/28 17:46:00 ET
Table 'Magaclite II' 2-max Seat #1 is the button
Seat 1: tan.yem ($42.38 in chips)
Seat 2: elifnur2008 ($160.84 in chips)
tan.yem: posts small blind $1
elifnur2008: posts big blind $3
*** HOLE CARDS ***
tan.yem: raises $3 to $6
elifnur2008: raises $3 to $9
tan.yem: calls $3
*** FLOP *** [Js 9s 4d]
elifnur2008: bets $3
tan.yem: calls $3
*** TURN *** [Js 9s 4d] [9c]
elifnur2008: bets $6
tan.yem: folds
Uncalled bet ($6) returned to elifnur2008
elifnur2008 collected $23.52 from pot
elifnur2008: doesn't show hand
*** SUMMARY ***
Total pot $24 | Rake $0.48
Board [Js 9s 4d 9c]
Seat 1: tan.yem (button) (small blind) folded on the Turn
Seat 2: elifnur2008 (big blind) collected ($23.52)


PokerStars Hand #147846645578:  Hold'em Limit ($3/$6 USD) - 2016/01/28 17:46:20 ET
Table 'Magaclite II' 2-max Seat #1 is the button
Seat 1: tan.yem ($31.38 in chips)
Seat 2: elifnur2008 ($171.36 in chips)
tan.yem: posts small blind $1
elifnur2008: posts big blind $3
*** HOLE CARDS ***
tan.yem: raises $3 to $6
elifnur2008: raises $3 to $9
tan.yem: calls $3
*** FLOP *** [Ks Ah 4d]
elifnur2008: bets $3
tan.yem: calls $3
*** TURN *** [Ks Ah 4d] [Qh]
elifnur2008: bets $6
tan.yem: raises $6 to $12
elifnur2008: calls $6
*** RIVER *** [Ks Ah 4d Qh] [2s]
elifnur2008: checks
tan.yem: bets $6
elifnur2008: raises $6 to $12
tan.yem: calls $1.38 and is all-in
Uncalled bet ($4.62) returned to elifnur2008
*** SHOW DOWN ***
elifnur2008: shows [Ad 8s] (a pair of Aces)
tan.yem: shows [2h 5d] (a pair of Deuces)
elifnur2008 collected $62.26 from pot
*** SUMMARY ***
Total pot $62.76 | Rake $0.50
Board [Ks Ah 4d Qh 2s]
Seat 1: tan.yem (button) (small blind) showed [2h 5d] and lost with a pair of Deuces
Seat 2: elifnur2008 (big blind) showed [Ad 8s] and won ($62.26) with a pair of Aces


