PokerStars Hand #148325490377:  Hold'em Limit ($3/$6 USD) - 2016/02/06 6:46:01 ET
Table 'Magaclite II' 10-max Seat #1 is the button
Seat 1: VolkovDmitri ($120 in chips)
Seat 6: sledderf100 ($120 in chips)
VolkovDmitri: posts small blind $1
sledderf100: posts big blind $3
*** HOLE CARDS ***
VolkovDmitri: raises $3 to $6
sledderf100: folds
Uncalled bet ($3) returned to VolkovDmitri
VolkovDmitri collected $6 from pot
VolkovDmitri: doesn't show hand
*** SUMMARY ***
Total pot $6 | Rake $0
Seat 1: VolkovDmitri (button) (small blind) collected ($6)
Seat 6: sledderf100 (big blind) folded before Flop


PokerStars Hand #148325499103:  Hold'em Limit ($3/$6 USD) - 2016/02/06 6:46:15 ET
Table 'Magaclite II' 10-max Seat #6 is the button
Seat 1: VolkovDmitri ($123 in chips)
Seat 6: sledderf100 ($117 in chips)
sledderf100: posts small blind $1
VolkovDmitri: posts big blind $3
*** HOLE CARDS ***
sledderf100: raises $3 to $6
VolkovDmitri: calls $3
*** FLOP *** [9h 3c Qs]
VolkovDmitri: checks
sledderf100: bets $3
VolkovDmitri: raises $3 to $6
sledderf100: calls $3
*** TURN *** [9h 3c Qs] [8c]
VolkovDmitri: bets $6
sledderf100: calls $6
*** RIVER *** [9h 3c Qs 8c] [3h]
VolkovDmitri: bets $6
sledderf100: calls $6
*** SHOW DOWN ***
VolkovDmitri: shows [3d As] (three of a kind, Threes)
sledderf100: mucks hand
VolkovDmitri collected $47.50 from pot
*** SUMMARY ***
Total pot $48 | Rake $0.50
Board [9h 3c Qs 8c 3h]
Seat 1: VolkovDmitri (big blind) showed [3d As] and won ($47.50) with three of a kind, Threes
Seat 6: sledderf100 (button) (small blind) mucked


PokerStars Hand #148325513531:  Hold'em Limit ($3/$6 USD) - 2016/02/06 6:46:40 ET
Table 'Magaclite II' 10-max Seat #1 is the button
Seat 1: VolkovDmitri ($146.50 in chips)
Seat 6: sledderf100 ($93 in chips)
VolkovDmitri: posts small blind $1
sledderf100: posts big blind $3
*** HOLE CARDS ***
VolkovDmitri: raises $3 to $6
sledderf100: calls $3
*** FLOP *** [9h Js 9d]
sledderf100: checks
VolkovDmitri: bets $3
sledderf100: folds
Uncalled bet ($3) returned to VolkovDmitri
VolkovDmitri collected $11.76 from pot
VolkovDmitri: doesn't show hand
*** SUMMARY ***
Total pot $12 | Rake $0.24
Board [9h Js 9d]
Seat 1: VolkovDmitri (button) (small blind) collected ($11.76)
Seat 6: sledderf100 (big blind) folded on the Flop


PokerStars Hand #148325537054:  Hold'em Limit ($3/$6 USD) - 2016/02/06 6:47:19 ET
Table 'Magaclite II' 10-max Seat #1 is the button
Seat 1: VolkovDmitri ($143.26 in chips)
Seat 6: sledderf100 ($95.64 in chips)
VolkovDmitri: posts small blind $1
sledderf100: posts big blind $3
*** HOLE CARDS ***
VolkovDmitri: folds
Uncalled bet ($2) returned to sledderf100
sledderf100 collected $2 from pot
*** SUMMARY ***
Total pot $2 | Rake $0
Seat 1: VolkovDmitri (button) (small blind) folded before Flop
Seat 6: sledderf100 (big blind) collected ($2)


PokerStars Hand #148325519737:  Hold'em Limit ($3/$6 USD) - 2016/02/06 6:46:50 ET
Table 'Magaclite II' 10-max Seat #6 is the button
Seat 1: VolkovDmitri ($152.26 in chips)
Seat 6: sledderf100 ($87 in chips)
sledderf100: posts small blind $1
VolkovDmitri: posts big blind $3
*** HOLE CARDS ***
sledderf100: calls $2
julenchu joins the table at seat #8
VolkovDmitri: raises $3 to $6
sledderf100: calls $3
*** FLOP *** [Qd Td 8d]
VolkovDmitri: bets $3
sledderf100: calls $3
*** TURN *** [Qd Td 8d] [2d]
VolkovDmitri: checks
sledderf100: bets $6
VolkovDmitri: folds
Uncalled bet ($6) returned to sledderf100
sledderf100 collected $17.64 from pot
*** SUMMARY ***
Total pot $18 | Rake $0.36
Board [Qd Td 8d 2d]
Seat 1: VolkovDmitri (big blind) folded on the Turn
Seat 6: sledderf100 (button) (small blind) collected ($17.64)


PokerStars Hand #148326727307:  Hold'em Limit ($3/$6 USD) - 2016/02/06 7:20:12 ET
Table 'Magaclite II' 10-max Seat #3 is the button
Seat 3: guus2007 ($124.06 in chips)
Seat 5: bongo65 ($289.47 in chips)
guus2007: posts small blind $1
bongo65: posts big blind $3
*** HOLE CARDS ***
guus2007: raises $3 to $6
bongo65: calls $3
*** FLOP *** [As 2h Kd]
bongo65: checks
guus2007: bets $3
bongo65: calls $3
*** TURN *** [As 2h Kd] [Js]
bongo65: checks
guus2007: checks
*** RIVER *** [As 2h Kd Js] [7d]
bongo65: bets $6
guus2007: calls $6
*** SHOW DOWN ***
bongo65: shows [Kc Td] (a pair of Kings)
guus2007: mucks hand
bongo65 collected $29.50 from pot
*** SUMMARY ***
Total pot $30 | Rake $0.50
Board [As 2h Kd Js 7d]
Seat 3: guus2007 (button) (small blind) mucked
Seat 5: bongo65 (big blind) showed [Kc Td] and won ($29.50) with a pair of Kings


PokerStars Hand #148326717839:  Hold'em Limit ($3/$6 USD) - 2016/02/06 7:19:57 ET
Table 'Magaclite II' 10-max Seat #5 is the button
Seat 3: guus2007 ($103.56 in chips)
Seat 5: bongo65 ($310.47 in chips)
bongo65: posts small blind $1
VolkovDmitri: is sitting out
guus2007: posts big blind $3
*** HOLE CARDS ***
bongo65: calls $2
guus2007: raises $3 to $6
VolkovDmitri leaves the table
bongo65: calls $3
*** FLOP *** [8d 4s 6s]
guus2007: bets $3
bongo65: calls $3
*** TURN *** [8d 4s 6s] [Ts]
guus2007: bets $6
bongo65: calls $6
*** RIVER *** [8d 4s 6s Ts] [3s]
guus2007: bets $6
bongo65: calls $6
*** SHOW DOWN ***
guus2007: shows [8s 8h] (a flush, Ten high)
bongo65: mucks hand
guus2007 collected $41.50 from pot
*** SUMMARY ***
Total pot $42 | Rake $0.50
Board [8d 4s 6s Ts 3s]
Seat 3: guus2007 (big blind) showed [8s 8h] and won ($41.50) with a flush, Ten high
Seat 5: bongo65 (button) (small blind) mucked


