PokerStars Hand #159407181586:  Hold'em Limit ($3/$6 USD) - 2016/10/03 2:09:02 ET
Table 'Magaclite' 6-max Seat #6 is the button
Seat 4: Agrotait ($75 in chips)
Seat 6: prallimall ($41.24 in chips)
prallimall: posts small blind $1
Agrotait: posts big blind $3
*** HOLE CARDS ***
prallimall: raises $3 to $6
Agrotait: calls $3
*** FLOP *** [As 4h 6c]
Agrotait: checks
prallimall: bets $3
Agrotait: calls $3
*** TURN *** [As 4h 6c] [2s]
Agrotait: checks
prallimall: bets $6
Agrotait: raises $6 to $12
prallimall: calls $6
*** RIVER *** [As 4h 6c 2s] [Tc]
Agrotait: bets $6
prallimall: calls $6
*** SHOW DOWN ***
Agrotait: shows [2h 2c] (three of a kind, Deuces)
prallimall: mucks hand
Agrotait collected $53.50 from pot
*** SUMMARY ***
Total pot $54 | Rake $0.50
Board [As 4h 6c 2s Tc]
Seat 4: Agrotait (big blind) showed [2h 2c] and won ($53.50) with three of a kind, Deuces
Seat 6: prallimall (button) (small blind) mucked


PokerStars Hand #159407186713:  Hold'em Limit ($3/$6 USD) - 2016/10/03 2:09:24 ET
Table 'Magaclite' 6-max Seat #4 is the button
Seat 4: Agrotait ($101.50 in chips)
Seat 6: prallimall ($14.24 in chips)
Agrotait: posts small blind $1
prallimall: posts big blind $3
*** HOLE CARDS ***
Agrotait: raises $3 to $6
prallimall: calls $3
*** FLOP *** [As 4s 2d]
prallimall: checks
Agrotait: checks
*** TURN *** [As 4s 2d] [Td]
prallimall: checks
Agrotait: checks
*** RIVER *** [As 4s 2d Td] [5h]
prallimall: bets $6
Agrotait: calls $6
*** SHOW DOWN ***
prallimall: shows [7h 8c] (high card Ace)
Agrotait: shows [Ks 6h] (high card Ace - King kicker)
Agrotait collected $23.52 from pot
*** SUMMARY ***
Total pot $24 | Rake $0.48
Board [As 4s 2d Td 5h]
Seat 4: Agrotait (button) (small blind) showed [Ks 6h] and won ($23.52) with high card Ace
Seat 6: prallimall (big blind) showed [7h 8c] and lost with high card Ace


PokerStars Hand #159407213869:  Hold'em Limit ($3/$6 USD) - 2016/10/03 2:11:25 ET
Table 'Magaclite' 6-max Seat #4 is the button
Seat 4: Agrotait ($114.02 in chips)
Seat 6: prallimall ($32.92 in chips)
Agrotait: posts small blind $1
prallimall: posts big blind $3
*** HOLE CARDS ***
Agrotait: folds
Uncalled bet ($2) returned to prallimall
prallimall collected $2 from pot
prallimall: doesn't show hand
*** SUMMARY ***
Total pot $2 | Rake $0
Seat 4: Agrotait (button) (small blind) folded before Flop
Seat 6: prallimall (big blind) collected ($2)


PokerStars Hand #159407211523:  Hold'em Limit ($3/$6 USD) - 2016/10/03 2:11:15 ET
Table 'Magaclite' 6-max Seat #6 is the button
Seat 4: Agrotait ($113.02 in chips)
Seat 6: prallimall ($33.92 in chips)
prallimall: posts small blind $1
Agrotait: posts big blind $3
*** HOLE CARDS ***
prallimall: folds
Uncalled bet ($2) returned to Agrotait
Agrotait collected $2 from pot
Agrotait: doesn't show hand
*** SUMMARY ***
Total pot $2 | Rake $0
Seat 4: Agrotait (big blind) collected ($2)
Seat 6: prallimall (button) (small blind) folded before Flop


PokerStars Hand #159408357615:  Hold'em Limit ($3/$6 USD) - 2016/10/03 3:31:28 ET
Table 'Magaclite' 6-max Seat #3 is the button
Seat 3: bennny420 ($80 in chips)
Seat 4: Agrotait ($113.02 in chips)
bennny420: posts small blind $1
DieEXE joins the table at seat #2
Agrotait: posts big blind $3
*** HOLE CARDS ***
bennny420: calls $2
Agrotait: checks
*** FLOP *** [Js Qc Tc]
Agrotait: checks
bennny420: bets $3
Agrotait: folds
Uncalled bet ($3) returned to bennny420
bennny420 collected $5.88 from pot
*** SUMMARY ***
Total pot $6 | Rake $0.12
Board [Js Qc Tc]
Seat 3: bennny420 (button) (small blind) collected ($5.88)
Seat 4: Agrotait (big blind) folded on the Flop


