PokerStars Hand #170163576815:  Hold'em Limit ($3/$6 USD) - 2017/05/09 3:57:58 ET
Table 'Magdalena' 6-max Seat #6 is the button
Seat 4: MTails ($120 in chips)
Seat 6: Paulllchen ($120 in chips)
Paulllchen: posts small blind $1
MTails: posts big blind $3
*** HOLE CARDS ***
Paulllchen: calls $2
MTails: raises $3 to $6
Paulllchen: calls $3
*** FLOP *** [6h 3h 5c]
MTails: bets $3
Paulllchen: calls $3
*** TURN *** [6h 3h 5c] [5s]
MTails: bets $6
Paulllchen: folds
Uncalled bet ($6) returned to MTails
MTails collected $17.64 from pot
*** SUMMARY ***
Total pot $18 | Rake $0.36
Board [6h 3h 5c 5s]
Seat 4: MTails (big blind) collected ($17.64)
Seat 6: Paulllchen (button) (small blind) folded on the Turn


PokerStars Hand #170163589322:  Hold'em Limit ($3/$6 USD) - 2017/05/09 3:58:44 ET
Table 'Magdalena' 6-max Seat #6 is the button
Seat 4: MTails ($137.28 in chips)
Seat 6: Paulllchen ($102 in chips)
Paulllchen: posts small blind $1
MTails: posts big blind $3
*** HOLE CARDS ***
Paulllchen: folds
Uncalled bet ($2) returned to MTails
MTails collected $2 from pot
*** SUMMARY ***
Total pot $2 | Rake $0
Seat 4: MTails (big blind) collected ($2)
Seat 6: Paulllchen (button) (small blind) folded before Flop


PokerStars Hand #170163584143:  Hold'em Limit ($3/$6 USD) - 2017/05/09 3:58:25 ET
Table 'Magdalena' 6-max Seat #4 is the button
Seat 4: MTails ($128.64 in chips)
Seat 6: Paulllchen ($111 in chips)
MTails: posts small blind $1
Paulllchen: posts big blind $3
*** HOLE CARDS ***
MTails: raises $3 to $6
Paulllchen: calls $3
*** FLOP *** [Ts 2s 9d]
Paulllchen: bets $3
MTails: calls $3
*** TURN *** [Ts 2s 9d] [Jd]
Paulllchen: checks
MTails: bets $6
Paulllchen: folds
Uncalled bet ($6) returned to MTails
MTails collected $17.64 from pot
*** SUMMARY ***
Total pot $18 | Rake $0.36
Board [Ts 2s 9d Jd]
Seat 4: MTails (button) (small blind) collected ($17.64)
Seat 6: Paulllchen (big blind) folded on the Turn


PokerStars Hand #170163595698:  Hold'em Limit ($3/$6 USD) - 2017/05/09 3:59:08 ET
Table 'Magdalena' 6-max Seat #4 is the button
Seat 4: MTails ($145.04 in chips)
Seat 6: Paulllchen ($94 in chips)
MTails: posts small blind $1
Paulllchen: posts big blind $3
*** HOLE CARDS ***
MTails: raises $3 to $6
Paulllchen: folds
Uncalled bet ($3) returned to MTails
MTails collected $6 from pot
*** SUMMARY ***
Total pot $6 | Rake $0
Seat 4: MTails (button) (small blind) collected ($6)
Seat 6: Paulllchen (big blind) folded before Flop


PokerStars Hand #170163605492:  Hold'em Limit ($3/$6 USD) - 2017/05/09 3:59:45 ET
Table 'Magdalena' 6-max Seat #4 is the button
Seat 4: MTails ($177.54 in chips)
Seat 6: Paulllchen ($61 in chips)
MTails: posts small blind $1
Paulllchen: posts big blind $3
*** HOLE CARDS ***
MTails: raises $3 to $6
Paulllchen: folds
Uncalled bet ($3) returned to MTails
MTails collected $6 from pot
*** SUMMARY ***
Total pot $6 | Rake $0
Seat 4: MTails (button) (small blind) collected ($6)
Seat 6: Paulllchen (big blind) folded before Flop


PokerStars Hand #170163598129:  Hold'em Limit ($3/$6 USD) - 2017/05/09 3:59:17 ET
Table 'Magdalena' 6-max Seat #6 is the button
Seat 4: MTails ($148.04 in chips)
Seat 6: Paulllchen ($91 in chips)
Paulllchen: posts small blind $1
MTails: posts big blind $3
*** HOLE CARDS ***
Paulllchen: raises $3 to $6
MTails: calls $3
*** FLOP *** [Qc Jh 6h]
MTails: checks
Paulllchen: checks
*** TURN *** [Qc Jh 6h] [4h]
MTails: bets $6
Paulllchen: calls $6
*** RIVER *** [Qc Jh 6h 4h] [4s]
MTails: bets $6
Paulllchen: raises $6 to $12
MTails: raises $6 to $18
Paulllchen: calls $6
*** SHOW DOWN ***
MTails: shows [Jd 4c] (a full house, Fours full of Jacks)
Paulllchen: mucks hand
MTails collected $59.50 from pot
*** SUMMARY ***
Total pot $60 | Rake $0.50
Board [Qc Jh 6h 4h 4s]
Seat 4: MTails (big blind) showed [Jd 4c] and won ($59.50) with a full house, Fours full of Jacks
Seat 6: Paulllchen (button) (small blind) mucked


PokerStars Hand #170163594152:  Hold'em Limit ($3/$6 USD) - 2017/05/09 3:59:02 ET
Table 'Magdalena' 6-max Seat #6 is the button
Seat 4: MTails ($144.04 in chips)
Seat 6: Paulllchen ($95 in chips)
Paulllchen: posts small blind $1
MTails: posts big blind $3
*** HOLE CARDS ***
Paulllchen: folds
Uncalled bet ($2) returned to MTails
MTails collected $2 from pot
*** SUMMARY ***
Total pot $2 | Rake $0
Seat 4: MTails (big blind) collected ($2)
Seat 6: Paulllchen (button) (small blind) folded before Flop


PokerStars Hand #170163590767:  Hold'em Limit ($3/$6 USD) - 2017/05/09 3:58:50 ET
Table 'Magdalena' 6-max Seat #4 is the button
Seat 4: MTails ($138.28 in chips)
Seat 6: Paulllchen ($101 in chips)
MTails: posts small blind $1
Paulllchen: posts big blind $3
*** HOLE CARDS ***
MTails: raises $3 to $6
Paulllchen: calls $3
*** FLOP *** [Jd Js 5d]
Paulllchen: checks
MTails: bets $3
Paulllchen: folds
Uncalled bet ($3) returned to MTails
MTails collected $11.76 from pot
*** SUMMARY ***
Total pot $12 | Rake $0.24
Board [Jd Js 5d]
Seat 4: MTails (button) (small blind) collected ($11.76)
Seat 6: Paulllchen (big blind) folded on the Flop


PokerStars Hand #170163607757:  Hold'em Limit ($3/$6 USD) - 2017/05/09 3:59:53 ET
Table 'Magdalena' 6-max Seat #6 is the button
Seat 4: MTails ($180.54 in chips)
Seat 6: Paulllchen ($58 in chips)
Paulllchen: posts small blind $1
MTails: posts big blind $3
*** HOLE CARDS ***
Paulllchen: raises $3 to $6
MTails: calls $3
*** FLOP *** [8c Kc 9c]
MTails: checks
Paulllchen: checks
*** TURN *** [8c Kc 9c] [Jd]
MTails: bets $6
Paulllchen: raises $6 to $12
MTails: folds
Uncalled bet ($6) returned to Paulllchen
Paulllchen collected $23.52 from pot
*** SUMMARY ***
Total pot $24 | Rake $0.48
Board [8c Kc 9c Jd]
Seat 4: MTails (big blind) folded on the Turn
Seat 6: Paulllchen (button) (small blind) collected ($23.52)


PokerStars Hand #170163614904:  Hold'em Limit ($3/$6 USD) - 2017/05/09 4:00:19 ET
Table 'Magdalena' 6-max Seat #6 is the button
Seat 4: MTails ($171.54 in chips)
Seat 6: Paulllchen ($66.52 in chips)
Paulllchen: posts small blind $1
MTails: posts big blind $3
*** HOLE CARDS ***
Paulllchen: calls $2
MTails: raises $3 to $6
Paulllchen: calls $3
*** FLOP *** [9d Ks Kd]
MTails: bets $3
Paulllchen: folds
Uncalled bet ($3) returned to MTails
MTails collected $11.76 from pot
*** SUMMARY ***
Total pot $12 | Rake $0.24
Board [9d Ks Kd]
Seat 4: MTails (big blind) collected ($11.76)
Seat 6: Paulllchen (button) (small blind) folded on the Flop


PokerStars Hand #170163612807:  Hold'em Limit ($3/$6 USD) - 2017/05/09 4:00:11 ET
Table 'Magdalena' 6-max Seat #4 is the button
Seat 4: MTails ($168.54 in chips)
Seat 6: Paulllchen ($69.52 in chips)
MTails: posts small blind $1
Paulllchen: posts big blind $3
*** HOLE CARDS ***
MTails: raises $3 to $6
Paulllchen: folds
Uncalled bet ($3) returned to MTails
MTails collected $6 from pot
*** SUMMARY ***
Total pot $6 | Rake $0
Seat 4: MTails (button) (small blind) collected ($6)
Seat 6: Paulllchen (big blind) folded before Flop


PokerStars Hand #170163619763:  Hold'em Limit ($3/$6 USD) - 2017/05/09 4:00:36 ET
Table 'Magdalena' 6-max Seat #6 is the button
Seat 4: MTails ($180.30 in chips)
Seat 6: Paulllchen ($57.52 in chips)
Paulllchen: posts small blind $1
MTails: posts big blind $3
*** HOLE CARDS ***
Paulllchen: calls $2
MTails: raises $3 to $6
Paulllchen: calls $3
*** FLOP *** [7d 3s 4c]
MTails: bets $3
Paulllchen: calls $3
*** TURN *** [7d 3s 4c] [6c]
MTails: bets $6
Paulllchen: calls $6
*** RIVER *** [7d 3s 4c 6c] [5c]
MTails: checks
Paulllchen: bets $6
MTails: calls $6
*** SHOW DOWN ***
Paulllchen: shows [Qc Ac] (a flush, Ace high)
MTails: mucks hand
Paulllchen collected $41.50 from pot
*** SUMMARY ***
Total pot $42 | Rake $0.50
Board [7d 3s 4c 6c 5c]
Seat 4: MTails (big blind) mucked
Seat 6: Paulllchen (button) (small blind) showed [Qc Ac] and won ($41.50) with a flush, Ace high


PokerStars Hand #170163617918:  Hold'em Limit ($3/$6 USD) - 2017/05/09 4:00:30 ET
Table 'Magdalena' 6-max Seat #4 is the button
Seat 4: MTails ($177.30 in chips)
Seat 6: Paulllchen ($60.52 in chips)
MTails: posts small blind $1
Paulllchen: posts big blind $3
*** HOLE CARDS ***
MTails: raises $3 to $6
Paulllchen: folds
Uncalled bet ($3) returned to MTails
MTails collected $6 from pot
*** SUMMARY ***
Total pot $6 | Rake $0
Seat 4: MTails (button) (small blind) collected ($6)
Seat 6: Paulllchen (big blind) folded before Flop


PokerStars Hand #170163634946:  Hold'em Limit ($3/$6 USD) - 2017/05/09 4:01:28 ET
Table 'Magdalena' 6-max Seat #4 is the button
Seat 4: MTails ($153.30 in chips)
Seat 6: Paulllchen ($83.66 in chips)
MTails: posts small blind $1
Paulllchen: posts big blind $3
*** HOLE CARDS ***
MTails: raises $3 to $6
Paulllchen: calls $3
*** FLOP *** [4h 2d 3s]
Paulllchen: bets $3
MTails: raises $3 to $6
Paulllchen: calls $3
*** TURN *** [4h 2d 3s] [8h]
Paulllchen: checks
MTails: bets $6
Paulllchen: calls $6
*** RIVER *** [4h 2d 3s 8h] [Qh]
Paulllchen: checks
MTails: bets $6
Paulllchen: folds
Uncalled bet ($6) returned to MTails
MTails collected $35.50 from pot
*** SUMMARY ***
Total pot $36 | Rake $0.50
Board [4h 2d 3s 8h Qh]
Seat 4: MTails (button) (small blind) collected ($35.50)
Seat 6: Paulllchen (big blind) folded on the River


PokerStars Hand #170163628777:  Hold'em Limit ($3/$6 USD) - 2017/05/09 4:01:07 ET
Table 'Magdalena' 6-max Seat #6 is the button
Seat 4: MTails ($162.30 in chips)
Seat 6: Paulllchen ($75.02 in chips)
Paulllchen: posts small blind $1
MTails: posts big blind $3
*** HOLE CARDS ***
Paulllchen: calls $2
MTails: raises $3 to $6
Paulllchen: calls $3
*** FLOP *** [Qh 7s Js]
MTails: bets $3
Paulllchen: calls $3
*** TURN *** [Qh 7s Js] [2s]
MTails: checks
Paulllchen: bets $6
MTails: folds
Uncalled bet ($6) returned to Paulllchen
Paulllchen collected $17.64 from pot
*** SUMMARY ***
Total pot $18 | Rake $0.36
Board [Qh 7s Js 2s]
Seat 4: MTails (big blind) folded on the Turn
Seat 6: Paulllchen (button) (small blind) collected ($17.64)


PokerStars Hand #170163626874:  Hold'em Limit ($3/$6 USD) - 2017/05/09 4:01:01 ET
Table 'Magdalena' 6-max Seat #4 is the button
Seat 4: MTails ($159.30 in chips)
Seat 6: Paulllchen ($78.02 in chips)
MTails: posts small blind $1
Paulllchen: posts big blind $3
*** HOLE CARDS ***
MTails: raises $3 to $6
Paulllchen: folds
Uncalled bet ($3) returned to MTails
MTails collected $6 from pot
*** SUMMARY ***
Total pot $6 | Rake $0
Seat 4: MTails (button) (small blind) collected ($6)
Seat 6: Paulllchen (big blind) folded before Flop


PokerStars Hand #170163658610:  Hold'em Limit ($3/$6 USD) - 2017/05/09 4:02:48 ET
Table 'Magdalena' 6-max Seat #6 is the button
Seat 4: MTails ($176.32 in chips)
Seat 6: Paulllchen ($59.30 in chips)
Paulllchen: posts small blind $1
MTails: posts big blind $3
*** HOLE CARDS ***
Paulllchen: raises $3 to $6
MTails: calls $3
*** FLOP *** [Td 6c Ac]
MTails: checks
Paulllchen: bets $3
MTails: folds
Uncalled bet ($3) returned to Paulllchen
Paulllchen collected $11.76 from pot
*** SUMMARY ***
Total pot $12 | Rake $0.24
Board [Td 6c Ac]
Seat 4: MTails (big blind) folded on the Flop
Seat 6: Paulllchen (button) (small blind) collected ($11.76)


PokerStars Hand #170163650412:  Hold'em Limit ($3/$6 USD) - 2017/05/09 4:02:20 ET
Table 'Magdalena' 6-max Seat #6 is the button
Seat 4: MTails ($179.56 in chips)
Seat 6: Paulllchen ($56.66 in chips)
Paulllchen: posts small blind $1
MTails: posts big blind $3
*** HOLE CARDS ***
Paulllchen: calls $2
MTails: raises $3 to $6
Paulllchen: calls $3
*** FLOP *** [7h Td Qh]
MTails: bets $3
Paulllchen: folds
Uncalled bet ($3) returned to MTails
MTails collected $11.76 from pot
*** SUMMARY ***
Total pot $12 | Rake $0.24
Board [7h Td Qh]
Seat 4: MTails (big blind) collected ($11.76)
Seat 6: Paulllchen (button) (small blind) folded on the Flop


PokerStars Hand #170163653867:  Hold'em Limit ($3/$6 USD) - 2017/05/09 4:02:32 ET
Table 'Magdalena' 6-max Seat #4 is the button
Seat 4: MTails ($185.32 in chips)
Seat 6: Paulllchen ($50.66 in chips)
MTails: posts small blind $1
Paulllchen: posts big blind $3
*** HOLE CARDS ***
MTails: raises $3 to $6
Paulllchen: calls $3
*** FLOP *** [Th 6c 6s]
Paulllchen: checks
MTails: bets $3
Paulllchen: raises $3 to $6
MTails: folds
Uncalled bet ($3) returned to Paulllchen
Paulllchen collected $17.64 from pot
*** SUMMARY ***
Total pot $18 | Rake $0.36
Board [Th 6c 6s]
Seat 4: MTails (button) (small blind) folded on the Flop
Seat 6: Paulllchen (big blind) collected ($17.64)


PokerStars Hand #170163642691:  Hold'em Limit ($3/$6 USD) - 2017/05/09 4:01:54 ET
Table 'Magdalena' 6-max Seat #6 is the button
Seat 4: MTails ($170.80 in chips)
Seat 6: Paulllchen ($65.66 in chips)
Paulllchen: posts small blind $1
MTails: posts big blind $3
*** HOLE CARDS ***
Paulllchen: raises $3 to $6
MTails: calls $3
*** FLOP *** [5c Kc Js]
MTails: checks
Paulllchen: checks
*** TURN *** [5c Kc Js] [8c]
MTails: bets $6
Paulllchen: folds
Uncalled bet ($6) returned to MTails
MTails collected $11.76 from pot
*** SUMMARY ***
Total pot $12 | Rake $0.24
Board [5c Kc Js 8c]
Seat 4: MTails (big blind) collected ($11.76)
Seat 6: Paulllchen (button) (small blind) folded on the Turn


PokerStars Hand #170163679255:  Hold'em Limit ($3/$6 USD) - 2017/05/09 4:03:57 ET
Table 'Magdalena' 6-max Seat #4 is the button
Seat 4: MTails ($153.08 in chips)
Seat 6: Paulllchen ($81.56 in chips)
MTails: posts small blind $1
Paulllchen: posts big blind $3
*** HOLE CARDS ***
MTails: folds
Uncalled bet ($2) returned to Paulllchen
Paulllchen collected $2 from pot
*** SUMMARY ***
Total pot $2 | Rake $0
Seat 4: MTails (button) (small blind) folded before Flop
Seat 6: Paulllchen (big blind) collected ($2)


PokerStars Hand #170163670607:  Hold'em Limit ($3/$6 USD) - 2017/05/09 4:03:28 ET
Table 'Magdalena' 6-max Seat #6 is the button
Seat 4: MTails ($180.08 in chips)
Seat 6: Paulllchen ($55.06 in chips)
Paulllchen: posts small blind $1
MTails: posts big blind $3
*** HOLE CARDS ***
Paulllchen: raises $3 to $6
MTails: calls $3
*** FLOP *** [Qd 2c 5d]
MTails: checks
Paulllchen: bets $3
MTails: raises $3 to $6
Paulllchen: raises $3 to $9
MTails: calls $3
*** TURN *** [Qd 2c 5d] [9h]
MTails: checks
Paulllchen: checks
*** RIVER *** [Qd 2c 5d 9h] [2d]
MTails: bets $6
Paulllchen: raises $6 to $12
MTails: calls $6
*** SHOW DOWN ***
Paulllchen: shows [7d 3d] (a flush, Queen high)
MTails: mucks hand
Paulllchen collected $53.50 from pot
*** SUMMARY ***
Total pot $54 | Rake $0.50
Board [Qd 2c 5d 9h 2d]
Seat 4: MTails (big blind) mucked
Seat 6: Paulllchen (button) (small blind) showed [7d 3d] and won ($53.50) with a flush, Queen high


PokerStars Hand #170163664292:  Hold'em Limit ($3/$6 USD) - 2017/05/09 4:03:07 ET
Table 'Magdalena' 6-max Seat #6 is the button
Seat 4: MTails ($173.32 in chips)
Seat 6: Paulllchen ($62.06 in chips)
Paulllchen: posts small blind $1
MTails: posts big blind $3
*** HOLE CARDS ***
Paulllchen: folds
Uncalled bet ($2) returned to MTails
MTails collected $2 from pot
*** SUMMARY ***
Total pot $2 | Rake $0
Seat 4: MTails (big blind) collected ($2)
Seat 6: Paulllchen (button) (small blind) folded before Flop


PokerStars Hand #170163662315:  Hold'em Limit ($3/$6 USD) - 2017/05/09 4:03:00 ET
Table 'Magdalena' 6-max Seat #4 is the button
Seat 4: MTails ($170.32 in chips)
Seat 6: Paulllchen ($65.06 in chips)
MTails: posts small blind $1
Paulllchen: posts big blind $3
*** HOLE CARDS ***
MTails: raises $3 to $6
Paulllchen: folds
Uncalled bet ($3) returned to MTails
MTails collected $6 from pot
*** SUMMARY ***
Total pot $6 | Rake $0
Seat 4: MTails (button) (small blind) collected ($6)
Seat 6: Paulllchen (big blind) folded before Flop


PokerStars Hand #170163665814:  Hold'em Limit ($3/$6 USD) - 2017/05/09 4:03:12 ET
Table 'Magdalena' 6-max Seat #4 is the button
Seat 4: MTails ($174.32 in chips)
Seat 6: Paulllchen ($61.06 in chips)
MTails: posts small blind $1
Paulllchen: posts big blind $3
*** HOLE CARDS ***
MTails: raises $3 to $6
Paulllchen: calls $3
*** FLOP *** [Qc 6h 4h]
Paulllchen: checks
MTails: bets $3
Paulllchen: folds
Uncalled bet ($3) returned to MTails
MTails collected $11.76 from pot
*** SUMMARY ***
Total pot $12 | Rake $0.24
Board [Qc 6h 4h]
Seat 4: MTails (button) (small blind) collected ($11.76)
Seat 6: Paulllchen (big blind) folded on the Flop


PokerStars Hand #170163680920:  Hold'em Limit ($3/$6 USD) - 2017/05/09 4:04:02 ET
Table 'Magdalena' 6-max Seat #6 is the button
Seat 4: MTails ($152.08 in chips)
Seat 6: Paulllchen ($82.56 in chips)
Paulllchen: posts small blind $1
MTails: posts big blind $3
*** HOLE CARDS ***
Paulllchen: raises $3 to $6
MTails: calls $3
*** FLOP *** [6d 8c 4h]
MTails: checks
Paulllchen: checks
*** TURN *** [6d 8c 4h] [Ks]
MTails: bets $6
Paulllchen: raises $6 to $12
MTails: calls $6
*** RIVER *** [6d 8c 4h Ks] [Ts]
MTails: checks
Paulllchen: bets $6
MTails: raises $6 to $12
Paulllchen: calls $6
*** SHOW DOWN ***
MTails: shows [6s Td] (two pair, Tens and Sixes)
Paulllchen: shows [Kc Th] (two pair, Kings and Tens)
Paulllchen collected $59.50 from pot
*** SUMMARY ***
Total pot $60 | Rake $0.50
Board [6d 8c 4h Ks Ts]
Seat 4: MTails (big blind) showed [6s Td] and lost with two pair, Tens and Sixes
Seat 6: Paulllchen (button) (small blind) showed [Kc Th] and won ($59.50) with two pair, Kings and Tens


PokerStars Hand #170163689870:  Hold'em Limit ($3/$6 USD) - 2017/05/09 4:04:32 ET
Table 'Magdalena' 6-max Seat #4 is the button
Seat 4: MTails ($122.08 in chips)
Seat 6: Paulllchen ($112.06 in chips)
MTails: posts small blind $1
Paulllchen: posts big blind $3
*** HOLE CARDS ***
MTails: raises $3 to $6
Paulllchen: calls $3
*** FLOP *** [2c 9c 8h]
Paulllchen: checks
MTails: bets $3
Paulllchen: raises $3 to $6
MTails: raises $3 to $9
Paulllchen: calls $3
*** TURN *** [2c 9c 8h] [Jd]
Paulllchen: checks
MTails: checks
*** RIVER *** [2c 9c 8h Jd] [2s]
Paulllchen: checks
MTails: bets $6
Paulllchen: folds
Uncalled bet ($6) returned to MTails
MTails collected $29.50 from pot
*** SUMMARY ***
Total pot $30 | Rake $0.50
Board [2c 9c 8h Jd 2s]
Seat 4: MTails (button) (small blind) collected ($29.50)
Seat 6: Paulllchen (big blind) folded on the River


