PokerStars Hand #163330957901:  Hold'em Limit ($3/$6 USD) - 2016/12/22 3:37:39 ET
Table 'Magoeba' 6-max Seat #6 is the button
Seat 1: ToDaFelt ($120 in chips)
Seat 6: Petersnr ($120 in chips)
Petersnr: posts small blind $1
ToDaFelt: posts big blind $3
*** HOLE CARDS ***
Petersnr: folds
Uncalled bet ($2) returned to ToDaFelt
ToDaFelt collected $2 from pot
ToDaFelt: doesn't show hand
*** SUMMARY ***
Total pot $2 | Rake $0
Seat 1: ToDaFelt (big blind) collected ($2)
Seat 6: Petersnr (button) (small blind) folded before Flop


PokerStars Hand #163330978748:  Hold'em Limit ($3/$6 USD) - 2016/12/22 3:38:43 ET
Table 'Magoeba' 6-max Seat #1 is the button
Seat 1: ToDaFelt ($113 in chips)
Seat 6: Petersnr ($126.64 in chips)
ToDaFelt: posts small blind $1
Petersnr: posts big blind $3
*** HOLE CARDS ***
ToDaFelt: raises $3 to $6
Petersnr: folds
Uncalled bet ($3) returned to ToDaFelt
ToDaFelt collected $6 from pot
ToDaFelt: doesn't show hand
*** SUMMARY ***
Total pot $6 | Rake $0
Seat 1: ToDaFelt (button) (small blind) collected ($6)
Seat 6: Petersnr (big blind) folded before Flop


PokerStars Hand #163330976935:  Hold'em Limit ($3/$6 USD) - 2016/12/22 3:38:37 ET
Table 'Magoeba' 6-max Seat #6 is the button
Seat 1: ToDaFelt ($112 in chips)
Seat 6: Petersnr ($127.64 in chips)
Petersnr: posts small blind $1
ToDaFelt: posts big blind $3
*** HOLE CARDS ***
Petersnr: folds
Uncalled bet ($2) returned to ToDaFelt
ToDaFelt collected $2 from pot
ToDaFelt: doesn't show hand
*** SUMMARY ***
Total pot $2 | Rake $0
Seat 1: ToDaFelt (big blind) collected ($2)
Seat 6: Petersnr (button) (small blind) folded before Flop


PokerStars Hand #163330962855:  Hold'em Limit ($3/$6 USD) - 2016/12/22 3:37:54 ET
Table 'Magoeba' 6-max Seat #1 is the button
Seat 1: ToDaFelt ($121 in chips)
Seat 6: Petersnr ($119 in chips)
ToDaFelt: posts small blind $1
Petersnr: posts big blind $3
*** HOLE CARDS ***
ToDaFelt: raises $3 to $6
Petersnr: raises $3 to $9
ToDaFelt: calls $3
*** FLOP *** [Ad 9h Kh]
Petersnr: bets $3
ToDaFelt: folds
Uncalled bet ($3) returned to Petersnr
Petersnr collected $17.64 from pot
Petersnr: doesn't show hand
*** SUMMARY ***
Total pot $18 | Rake $0.36
Board [Ad 9h Kh]
Seat 1: ToDaFelt (button) (small blind) folded on the Flop
Seat 6: Petersnr (big blind) collected ($17.64)


PokerStars Hand #163331012574:  Hold'em Limit ($3/$6 USD) - 2016/12/22 3:40:28 ET
Table 'Magoeba' 6-max Seat #6 is the button
Seat 1: ToDaFelt ($151.26 in chips)
Seat 6: Petersnr ($87.64 in chips)
Petersnr: posts small blind $1
ToDaFelt: posts big blind $3
*** HOLE CARDS ***
Petersnr: raises $3 to $6
ToDaFelt: calls $3
*** FLOP *** [Qc 3d Ah]
ToDaFelt: checks
Petersnr: bets $3
ToDaFelt: folds
Uncalled bet ($3) returned to Petersnr
Petersnr collected $11.76 from pot
Petersnr: doesn't show hand
*** SUMMARY ***
Total pot $12 | Rake $0.24
Board [Qc 3d Ah]
Seat 1: ToDaFelt (big blind) folded on the Flop
Seat 6: Petersnr (button) (small blind) collected ($11.76)


PokerStars Hand #163331005871:  Hold'em Limit ($3/$6 USD) - 2016/12/22 3:40:07 ET
Table 'Magoeba' 6-max Seat #1 is the button
Seat 1: ToDaFelt ($145.50 in chips)
Seat 6: Petersnr ($93.64 in chips)
ToDaFelt: posts small blind $1
Petersnr: posts big blind $3
*** HOLE CARDS ***
ToDaFelt: raises $3 to $6
Petersnr: calls $3
*** FLOP *** [Qc Kh 5c]
Petersnr: checks
ToDaFelt: bets $3
Petersnr: folds
Uncalled bet ($3) returned to ToDaFelt
ToDaFelt collected $11.76 from pot
ToDaFelt: doesn't show hand
*** SUMMARY ***
Total pot $12 | Rake $0.24
Board [Qc Kh 5c]
Seat 1: ToDaFelt (button) (small blind) collected ($11.76)
Seat 6: Petersnr (big blind) folded on the Flop


PokerStars Hand #163330984980:  Hold'em Limit ($3/$6 USD) - 2016/12/22 3:39:02 ET
Table 'Magoeba' 6-max Seat #6 is the button
Seat 1: ToDaFelt ($116 in chips)
Seat 6: Petersnr ($123.64 in chips)
Petersnr: posts small blind $1
ToDaFelt: posts big blind $3
*** HOLE CARDS ***
Petersnr: raises $3 to $6
ToDaFelt: calls $3
*** FLOP *** [2s 3h 8h]
ToDaFelt: checks
Petersnr: checks
*** TURN *** [2s 3h 8h] [2h]
ToDaFelt: bets $6
Petersnr: raises $6 to $12
ToDaFelt: raises $6 to $18
Petersnr: calls $6
*** RIVER *** [2s 3h 8h 2h] [Tc]
ToDaFelt: bets $6
Petersnr: calls $6
*** SHOW DOWN ***
ToDaFelt: shows [Ah 2d] (three of a kind, Deuces)
Petersnr: mucks hand
ToDaFelt collected $59.50 from pot
*** SUMMARY ***
Total pot $60 | Rake $0.50
Board [2s 3h 8h 2h Tc]
Seat 1: ToDaFelt (big blind) showed [Ah 2d] and won ($59.50) with three of a kind, Deuces
Seat 6: Petersnr (button) (small blind) mucked


PokerStars Hand #163331036768:  Hold'em Limit ($3/$6 USD) - 2016/12/22 3:41:42 ET
Table 'Magoeba' 6-max Seat #6 is the button
Seat 1: ToDaFelt ($133.26 in chips)
Seat 6: Petersnr ($104.92 in chips)
Petersnr: posts small blind $1
ToDaFelt: posts big blind $3
*** HOLE CARDS ***
Petersnr: folds
Uncalled bet ($2) returned to ToDaFelt
ToDaFelt collected $2 from pot
ToDaFelt: doesn't show hand
*** SUMMARY ***
Total pot $2 | Rake $0
Seat 1: ToDaFelt (big blind) collected ($2)
Seat 6: Petersnr (button) (small blind) folded before Flop


PokerStars Hand #163331032842:  Hold'em Limit ($3/$6 USD) - 2016/12/22 3:41:30 ET
Table 'Magoeba' 6-max Seat #1 is the button
Seat 1: ToDaFelt ($134.26 in chips)
Seat 6: Petersnr ($103.92 in chips)
ToDaFelt: posts small blind $1
Petersnr: posts big blind $3
*** HOLE CARDS ***
ToDaFelt: folds
Uncalled bet ($2) returned to Petersnr
Petersnr collected $2 from pot
Petersnr: doesn't show hand
*** SUMMARY ***
Total pot $2 | Rake $0
Seat 1: ToDaFelt (button) (small blind) folded before Flop
Seat 6: Petersnr (big blind) collected ($2)


PokerStars Hand #163331031135:  Hold'em Limit ($3/$6 USD) - 2016/12/22 3:41:25 ET
Table 'Magoeba' 6-max Seat #6 is the button
Seat 1: ToDaFelt ($133.26 in chips)
Seat 6: Petersnr ($104.92 in chips)
Petersnr: posts small blind $1
ToDaFelt: posts big blind $3
*** HOLE CARDS ***
Petersnr: folds
Uncalled bet ($2) returned to ToDaFelt
ToDaFelt collected $2 from pot
ToDaFelt: doesn't show hand
*** SUMMARY ***
Total pot $2 | Rake $0
Seat 1: ToDaFelt (big blind) collected ($2)
Seat 6: Petersnr (button) (small blind) folded before Flop


PokerStars Hand #163331019688:  Hold'em Limit ($3/$6 USD) - 2016/12/22 3:40:50 ET
Table 'Magoeba' 6-max Seat #1 is the button
Seat 1: ToDaFelt ($145.26 in chips)
Seat 6: Petersnr ($93.40 in chips)
ToDaFelt: posts small blind $1
Petersnr: posts big blind $3
*** HOLE CARDS ***
ToDaFelt: raises $3 to $6
Petersnr: raises $3 to $9
ToDaFelt: calls $3
*** FLOP *** [3c 6d Ah]
Petersnr: bets $3
ToDaFelt: calls $3
*** TURN *** [3c 6d Ah] [5s]
Petersnr: bets $6
ToDaFelt: folds
Uncalled bet ($6) returned to Petersnr
Petersnr collected $23.52 from pot
Petersnr: doesn't show hand
*** SUMMARY ***
Total pot $24 | Rake $0.48
Board [3c 6d Ah 5s]
Seat 1: ToDaFelt (button) (small blind) folded on the Turn
Seat 6: Petersnr (big blind) collected ($23.52)


PokerStars Hand #163331038544:  Hold'em Limit ($3/$6 USD) - 2016/12/22 3:41:47 ET
Table 'Magoeba' 6-max Seat #1 is the button
Seat 1: ToDaFelt ($134.26 in chips)
Seat 6: Petersnr ($103.92 in chips)
ToDaFelt: posts small blind $1
Petersnr: posts big blind $3
*** HOLE CARDS ***
ToDaFelt: raises $3 to $6
Petersnr: calls $3
*** FLOP *** [Jd Th 7d]
Petersnr: checks
ToDaFelt: bets $3
Petersnr: folds
Uncalled bet ($3) returned to ToDaFelt
ToDaFelt collected $11.76 from pot
ToDaFelt: doesn't show hand
*** SUMMARY ***
Total pot $12 | Rake $0.24
Board [Jd Th 7d]
Seat 1: ToDaFelt (button) (small blind) collected ($11.76)
Seat 6: Petersnr (big blind) folded on the Flop


PokerStars Hand #163331043646:  Hold'em Limit ($3/$6 USD) - 2016/12/22 3:42:03 ET
Table 'Magoeba' 6-max Seat #6 is the button
Seat 1: ToDaFelt ($140.02 in chips)
Seat 6: Petersnr ($97.92 in chips)
Petersnr: posts small blind $1
ToDaFelt: posts big blind $3
*** HOLE CARDS ***
Petersnr: raises $3 to $6
ToDaFelt: folds
Uncalled bet ($3) returned to Petersnr
Petersnr collected $6 from pot
Petersnr: doesn't show hand
*** SUMMARY ***
Total pot $6 | Rake $0
Seat 1: ToDaFelt (big blind) folded before Flop
Seat 6: Petersnr (button) (small blind) collected ($6)


PokerStars Hand #163331067813:  Hold'em Limit ($3/$6 USD) - 2016/12/22 3:43:19 ET
Table 'Magoeba' 6-max Seat #6 is the button
Seat 1: ToDaFelt ($145.66 in chips)
Seat 6: Petersnr ($91.92 in chips)
Petersnr: posts small blind $1
ToDaFelt: posts big blind $3
*** HOLE CARDS ***
Petersnr: calls $2
ToDaFelt: checks
*** FLOP *** [Ts Jc 6s]
ToDaFelt: checks
Petersnr: bets $3
ToDaFelt: folds
Uncalled bet ($3) returned to Petersnr
Petersnr collected $5.88 from pot
Petersnr: doesn't show hand
*** SUMMARY ***
Total pot $6 | Rake $0.12
Board [Ts Jc 6s]
Seat 1: ToDaFelt (big blind) folded on the Flop
Seat 6: Petersnr (button) (small blind) collected ($5.88)


PokerStars Hand #163331048479:  Hold'em Limit ($3/$6 USD) - 2016/12/22 3:42:18 ET
Table 'Magoeba' 6-max Seat #1 is the button
Seat 1: ToDaFelt ($137.02 in chips)
Seat 6: Petersnr ($100.92 in chips)
ToDaFelt: posts small blind $1
Petersnr: posts big blind $3
*** HOLE CARDS ***
ToDaFelt: raises $3 to $6
Petersnr: calls $3
*** FLOP *** [2s 7h 4c]
Petersnr: checks
ToDaFelt: bets $3
Petersnr: calls $3
*** TURN *** [2s 7h 4c] [9d]
Petersnr: checks
ToDaFelt: checks
*** RIVER *** [2s 7h 4c 9d] [9s]
Petersnr: checks
ToDaFelt: checks
*** SHOW DOWN ***
Petersnr: shows [Js 3s] (a pair of Nines)
ToDaFelt: shows [5c Qs] (a pair of Nines - Queen kicker)
ToDaFelt collected $17.64 from pot
*** SUMMARY ***
Total pot $18 | Rake $0.36
Board [2s 7h 4c 9d 9s]
Seat 1: ToDaFelt (button) (small blind) showed [5c Qs] and won ($17.64) with a pair of Nines
Seat 6: Petersnr (big blind) showed [Js 3s] and lost with a pair of Nines


PokerStars Hand #163331078851:  Hold'em Limit ($3/$6 USD) - 2016/12/22 3:43:52 ET
Table 'Magoeba' 6-max Seat #1 is the button
Seat 1: ToDaFelt ($142.66 in chips)
Seat 6: Petersnr ($94.80 in chips)
ToDaFelt: posts small blind $1
Petersnr: posts big blind $3
*** HOLE CARDS ***
ToDaFelt: raises $3 to $6
Petersnr: raises $3 to $9
ToDaFelt: calls $3
*** FLOP *** [Kc 6h 2d]
Petersnr: bets $3
ToDaFelt: calls $3
*** TURN *** [Kc 6h 2d] [Jh]
Petersnr: bets $6
ToDaFelt: folds
Uncalled bet ($6) returned to Petersnr
Petersnr collected $23.52 from pot
Petersnr: doesn't show hand
*** SUMMARY ***
Total pot $24 | Rake $0.48
Board [Kc 6h 2d Jh]
Seat 1: ToDaFelt (button) (small blind) folded on the Turn
Seat 6: Petersnr (big blind) collected ($23.52)


PokerStars Hand #163331106353:  Hold'em Limit ($3/$6 USD) - 2016/12/22 3:45:17 ET
Table 'Magoeba' 6-max Seat #1 is the button
Seat 1: ToDaFelt ($124.66 in chips)
Seat 6: Petersnr ($112.08 in chips)
ToDaFelt: posts small blind $1
Petersnr: posts big blind $3
*** HOLE CARDS ***
ToDaFelt: raises $3 to $6
Petersnr: folds
Uncalled bet ($3) returned to ToDaFelt
ToDaFelt collected $6 from pot
ToDaFelt: doesn't show hand
*** SUMMARY ***
Total pot $6 | Rake $0
Seat 1: ToDaFelt (button) (small blind) collected ($6)
Seat 6: Petersnr (big blind) folded before Flop


PokerStars Hand #163331090969:  Hold'em Limit ($3/$6 USD) - 2016/12/22 3:44:30 ET
Table 'Magoeba' 6-max Seat #6 is the button
Seat 1: ToDaFelt ($130.66 in chips)
Seat 6: Petersnr ($106.32 in chips)
Petersnr: posts small blind $1
ToDaFelt: posts big blind $3
*** HOLE CARDS ***
Petersnr: raises $3 to $6
ToDaFelt: calls $3
*** FLOP *** [7s 2d 7d]
ToDaFelt: checks
Petersnr: checks
*** TURN *** [7s 2d 7d] [8d]
ToDaFelt: checks
Petersnr: checks
*** RIVER *** [7s 2d 7d 8d] [2s]
ToDaFelt: checks
Petersnr: checks
*** SHOW DOWN ***
ToDaFelt: shows [4s Th] (two pair, Sevens and Deuces)
Petersnr: shows [Jh Ks] (two pair, Sevens and Deuces - King kicker)
Petersnr collected $11.76 from pot
*** SUMMARY ***
Total pot $12 | Rake $0.24
Board [7s 2d 7d 8d 2s]
Seat 1: ToDaFelt (big blind) showed [4s Th] and lost with two pair, Sevens and Deuces
Seat 6: Petersnr (button) (small blind) showed [Jh Ks] and won ($11.76) with two pair, Sevens and Deuces


PokerStars Hand #163331108709:  Hold'em Limit ($3/$6 USD) - 2016/12/22 3:45:24 ET
Table 'Magoeba' 6-max Seat #6 is the button
Seat 1: ToDaFelt ($127.66 in chips)
Seat 6: Petersnr ($109.08 in chips)
Petersnr: posts small blind $1
ToDaFelt: posts big blind $3
*** HOLE CARDS ***
Petersnr: raises $3 to $6
ToDaFelt: raises $3 to $9
Petersnr: calls $3
*** FLOP *** [2h Js 9h]
ToDaFelt: bets $3
Petersnr: calls $3
*** TURN *** [2h Js 9h] [Ts]
ToDaFelt: bets $6
Petersnr: raises $6 to $12
ToDaFelt: calls $6
*** RIVER *** [2h Js 9h Ts] [6h]
ToDaFelt: checks
Petersnr: bets $6
ToDaFelt: calls $6
*** SHOW DOWN ***
Petersnr: shows [8c 7d] (a straight, Seven to Jack)
ToDaFelt: mucks hand
Petersnr collected $59.50 from pot
*** SUMMARY ***
Total pot $60 | Rake $0.50
Board [2h Js 9h Ts 6h]
Seat 1: ToDaFelt (big blind) mucked
Seat 6: Petersnr (button) (small blind) showed [8c 7d] and won ($59.50) with a straight, Seven to Jack


PokerStars Hand #163331122641:  Hold'em Limit ($3/$6 USD) - 2016/12/22 3:46:07 ET
Table 'Magoeba' 6-max Seat #1 is the button
Seat 1: ToDaFelt ($97.66 in chips)
Seat 6: Petersnr ($138.58 in chips)
ToDaFelt: posts small blind $1
Petersnr: posts big blind $3
*** HOLE CARDS ***
ToDaFelt: raises $3 to $6
Petersnr: calls $3
*** FLOP *** [6s 7h Td]
Petersnr: checks
ToDaFelt: bets $3
Petersnr: calls $3
*** TURN *** [6s 7h Td] [6h]
Petersnr: checks
ToDaFelt: bets $6
Petersnr: folds
Uncalled bet ($6) returned to ToDaFelt
ToDaFelt collected $17.64 from pot
ToDaFelt: doesn't show hand
*** SUMMARY ***
Total pot $18 | Rake $0.36
Board [6s 7h Td 6h]
Seat 1: ToDaFelt (button) (small blind) collected ($17.64)
Seat 6: Petersnr (big blind) folded on the Turn


PokerStars Hand #163331130173:  Hold'em Limit ($3/$6 USD) - 2016/12/22 3:46:30 ET
Table 'Magoeba' 6-max Seat #6 is the button
Seat 1: ToDaFelt ($106.30 in chips)
Seat 6: Petersnr ($129.58 in chips)
Petersnr: posts small blind $1
ToDaFelt: posts big blind $3
*** HOLE CARDS ***
Petersnr: calls $2
ToDaFelt: raises $3 to $6
Petersnr: calls $3
*** FLOP *** [Ah 3c 8c]
ToDaFelt: bets $3
Petersnr: folds
Uncalled bet ($3) returned to ToDaFelt
ToDaFelt collected $11.76 from pot
ToDaFelt: doesn't show hand
*** SUMMARY ***
Total pot $12 | Rake $0.24
Board [Ah 3c 8c]
Seat 1: ToDaFelt (big blind) collected ($11.76)
Seat 6: Petersnr (button) (small blind) folded on the Flop


PokerStars Hand #163331138562:  Hold'em Limit ($3/$6 USD) - 2016/12/22 3:46:55 ET
Table 'Magoeba' 6-max Seat #1 is the button
Seat 1: ToDaFelt ($112.06 in chips)
Seat 6: Petersnr ($123.58 in chips)
ToDaFelt: posts small blind $1
Petersnr: posts big blind $3
*** HOLE CARDS ***
ToDaFelt: raises $3 to $6
Petersnr: calls $3
*** FLOP *** [2h 5d Qc]
Petersnr: checks
ToDaFelt: bets $3
Petersnr: calls $3
*** TURN *** [2h 5d Qc] [8h]
Petersnr: checks
ToDaFelt: checks
*** RIVER *** [2h 5d Qc 8h] [As]
Petersnr: bets $6
ToDaFelt: calls $6
*** SHOW DOWN ***
Petersnr: shows [Ts Tc] (a pair of Tens)
ToDaFelt: mucks hand
Petersnr collected $29.50 from pot
*** SUMMARY ***
Total pot $30 | Rake $0.50
Board [2h 5d Qc 8h As]
Seat 1: ToDaFelt (button) (small blind) mucked
Seat 6: Petersnr (big blind) showed [Ts Tc] and won ($29.50) with a pair of Tens


PokerStars Hand #163331150846:  Hold'em Limit ($3/$6 USD) - 2016/12/22 3:47:33 ET
Table 'Magoeba' 6-max Seat #6 is the button
Seat 1: ToDaFelt ($97.06 in chips)
Seat 6: Petersnr ($138.08 in chips)
Petersnr: posts small blind $1
ToDaFelt: posts big blind $3
*** HOLE CARDS ***
Petersnr: folds
Uncalled bet ($2) returned to ToDaFelt
ToDaFelt collected $2 from pot
ToDaFelt: doesn't show hand
*** SUMMARY ***
Total pot $2 | Rake $0
Seat 1: ToDaFelt (big blind) collected ($2)
Seat 6: Petersnr (button) (small blind) folded before Flop


PokerStars Hand #163331177298:  Hold'em Limit ($3/$6 USD) - 2016/12/22 3:48:54 ET
Table 'Magoeba' 6-max Seat #1 is the button
Seat 1: ToDaFelt ($79.82 in chips)
Seat 6: Petersnr ($154.58 in chips)
ToDaFelt: posts small blind $1
Petersnr: posts big blind $3
*** HOLE CARDS ***
ToDaFelt: raises $3 to $6
Petersnr: folds
Uncalled bet ($3) returned to ToDaFelt
ToDaFelt collected $6 from pot
ToDaFelt: doesn't show hand
*** SUMMARY ***
Total pot $6 | Rake $0
Seat 1: ToDaFelt (button) (small blind) collected ($6)
Seat 6: Petersnr (big blind) folded before Flop


PokerStars Hand #163331152744:  Hold'em Limit ($3/$6 USD) - 2016/12/22 3:47:38 ET
Table 'Magoeba' 6-max Seat #1 is the button
Seat 1: ToDaFelt ($98.06 in chips)
Seat 6: Petersnr ($137.08 in chips)
ToDaFelt: posts small blind $1
Petersnr: posts big blind $3
*** HOLE CARDS ***
ToDaFelt: raises $3 to $6
Petersnr: raises $3 to $9
ToDaFelt: calls $3
*** FLOP *** [Ad 5c 7s]
Petersnr: bets $3
ToDaFelt: calls $3
*** TURN *** [Ad 5c 7s] [9s]
Petersnr: bets $6
ToDaFelt: calls $6
*** RIVER *** [Ad 5c 7s 9s] [Jd]
Petersnr: bets $6
ToDaFelt: calls $6
*** SHOW DOWN ***
Petersnr: shows [Ks Kh] (a pair of Kings)
ToDaFelt: mucks hand
Petersnr collected $47.50 from pot
*** SUMMARY ***
Total pot $48 | Rake $0.50
Board [Ad 5c 7s 9s Jd]
Seat 1: ToDaFelt (button) (small blind) mucked
Seat 6: Petersnr (big blind) showed [Ks Kh] and won ($47.50) with a pair of Kings


PokerStars Hand #163331168870:  Hold'em Limit ($3/$6 USD) - 2016/12/22 3:48:28 ET
Table 'Magoeba' 6-max Seat #6 is the button
Seat 1: ToDaFelt ($74.06 in chips)
Seat 6: Petersnr ($160.58 in chips)
Petersnr: posts small blind $1
ToDaFelt: posts big blind $3
*** HOLE CARDS ***
Petersnr: calls $2
ToDaFelt: raises $3 to $6
Petersnr: calls $3
*** FLOP *** [Kd Qc Jh]
ToDaFelt: bets $3
Petersnr: folds
Uncalled bet ($3) returned to ToDaFelt
ToDaFelt collected $11.76 from pot
ToDaFelt: doesn't show hand
*** SUMMARY ***
Total pot $12 | Rake $0.24
Board [Kd Qc Jh]
Seat 1: ToDaFelt (big blind) collected ($11.76)
Seat 6: Petersnr (button) (small blind) folded on the Flop


