PokerStars Hand #151050027030:  Hold'em Limit ($3/$6 USD) - 2016/03/28 2:50:10 ET
Table 'Magoeba' 6-max Seat #3 is the button
Seat 3: FabronxRJ ($33 in chips)
Seat 5: AzureCaper ($72 in chips)
FabronxRJ: posts small blind $1
VolkovDmitri: is sitting out
AzureCaper: posts big blind $3
*** HOLE CARDS ***
VolkovDmitri leaves the table
FabronxRJ: raises $3 to $6
AzureCaper: folds
Uncalled bet ($3) returned to FabronxRJ
FabronxRJ collected $6 from pot
FabronxRJ: doesn't show hand
*** SUMMARY ***
Total pot $6 | Rake $0
Seat 3: FabronxRJ (button) (small blind) collected ($6)
Seat 5: AzureCaper (big blind) folded before Flop


PokerStars Hand #151050051626:  Hold'em Limit ($3/$6 USD) - 2016/03/28 2:51:38 ET
Table 'Magoeba' 6-max Seat #5 is the button
Seat 4: Agrotait ($99.20 in chips)
Seat 5: AzureCaper ($79.55 in chips)
AzureCaper: posts small blind $1
Agrotait: posts big blind $3
*** HOLE CARDS ***
AzureCaper: folds
Uncalled bet ($2) returned to Agrotait
Agrotait collected $2 from pot
Agrotait: doesn't show hand
*** SUMMARY ***
Total pot $2 | Rake $0
Seat 4: Agrotait (big blind) collected ($2)
Seat 5: AzureCaper (button) (small blind) folded before Flop


