PokerStars Hand #176259032668:  Hold'em Limit ($3/$6 USD) - 2017/09/29 5:13:56 ET
Table 'Magoeba' 6-max Seat #2 is the button
Seat 2: Georges181 ($44.16 in chips)
Seat 4: VolkovDmitri ($120 in chips)
Georges181: posts small blind $1
VolkovDmitri: posts big blind $3
*** HOLE CARDS ***
Georges181: folds
Uncalled bet ($2) returned to VolkovDmitri
VolkovDmitri collected $2 from pot
VolkovDmitri: doesn't show hand
*** SUMMARY ***
Total pot $2 | Rake $0
Seat 2: Georges181 (button) (small blind) folded before Flop
Seat 4: VolkovDmitri (big blind) collected ($2)


PokerStars Hand #176259026095:  Hold'em Limit ($3/$6 USD) - 2017/09/29 5:13:36 ET
Table 'Magoeba' 6-max Seat #4 is the button
Seat 2: Georges181 ($35.52 in chips)
Seat 4: VolkovDmitri ($120 in chips)
VolkovDmitri: posts small blind $1
Georges181: posts big blind $3
*** HOLE CARDS ***
VolkovDmitri: raises $3 to $6
Georges181: calls $3
*** FLOP *** [Js Td Th]
Georges181: checks
VolkovDmitri: bets $3
Georges181: calls $3
*** TURN *** [Js Td Th] [3h]
Georges181: checks
VolkovDmitri: checks
*** RIVER *** [Js Td Th 3h] [8h]
Georges181: bets $6
VolkovDmitri: folds
Uncalled bet ($6) returned to Georges181
Georges181 collected $17.64 from pot
*** SUMMARY ***
Total pot $18 | Rake $0.36
Board [Js Td Th 3h 8h]
Seat 2: Georges181 (big blind) collected ($17.64)
Seat 4: VolkovDmitri (button) (small blind) folded on the River


PokerStars Hand #176259020126:  Hold'em Limit ($3/$6 USD) - 2017/09/29 5:13:17 ET
Table 'Magoeba' 6-max Seat #2 is the button
Seat 2: Georges181 ($24 in chips)
Seat 4: VolkovDmitri ($120 in chips)
Georges181: posts small blind $1
Whatze Phuck leaves the table
VolkovDmitri: posts big blind $3
*** HOLE CARDS ***
Georges181: raises $3 to $6
VolkovDmitri: raises $3 to $9
Georges181: calls $3
*** FLOP *** [As 4h Jc]
VolkovDmitri: bets $3
Georges181: calls $3
*** TURN *** [As 4h Jc] [Qs]
VolkovDmitri: checks
Georges181: bets $6
VolkovDmitri: folds
Uncalled bet ($6) returned to Georges181
Georges181 collected $23.52 from pot
*** SUMMARY ***
Total pot $24 | Rake $0.48
Board [As 4h Jc Qs]
Seat 2: Georges181 (button) (small blind) collected ($23.52)
Seat 4: VolkovDmitri (big blind) folded on the Turn


PokerStars Hand #176259043678:  Hold'em Limit ($3/$6 USD) - 2017/09/29 5:14:30 ET
Table 'Magoeba' 6-max Seat #2 is the button
Seat 2: Georges181 ($51.80 in chips)
Seat 4: VolkovDmitri ($120 in chips)
Georges181: posts small blind $1
VolkovDmitri: posts big blind $3
*** HOLE CARDS ***
Georges181: folds
Uncalled bet ($2) returned to VolkovDmitri
VolkovDmitri collected $2 from pot
VolkovDmitri: doesn't show hand
*** SUMMARY ***
Total pot $2 | Rake $0
Seat 2: Georges181 (button) (small blind) folded before Flop
Seat 4: VolkovDmitri (big blind) collected ($2)


PokerStars Hand #176259053907:  Hold'em Limit ($3/$6 USD) - 2017/09/29 5:15:02 ET
Table 'Magoeba' 6-max Seat #2 is the button
Seat 2: Georges181 ($35.80 in chips)
Seat 4: VolkovDmitri ($135.50 in chips)
Georges181: posts small blind $1
VolkovDmitri: posts big blind $3
*** HOLE CARDS ***
Georges181: raises $3 to $6
VolkovDmitri: raises $3 to $9
Georges181: calls $3
*** FLOP *** [7d 5c 6d]
VolkovDmitri: bets $3
Georges181: calls $3
*** TURN *** [7d 5c 6d] [9s]
VolkovDmitri: bets $6
Georges181: calls $6
*** RIVER *** [7d 5c 6d 9s] [8d]
VolkovDmitri: checks
Georges181: bets $6
VolkovDmitri: calls $6
*** SHOW DOWN ***
Georges181: shows [8c Kh] (a straight, Five to Nine)
VolkovDmitri: shows [Ah 9c] (a straight, Five to Nine)
VolkovDmitri collected $23.75 from pot
Georges181 collected $23.75 from pot
*** SUMMARY ***
Total pot $48 | Rake $0.50
Board [7d 5c 6d 9s 8d]
Seat 2: Georges181 (button) (small blind) showed [8c Kh] and won ($23.75) with a straight, Five to Nine
Seat 4: VolkovDmitri (big blind) showed [Ah 9c] and won ($23.75) with a straight, Five to Nine


PokerStars Hand #176259045405:  Hold'em Limit ($3/$6 USD) - 2017/09/29 5:14:36 ET
Table 'Magoeba' 6-max Seat #4 is the button
Seat 2: Georges181 ($50.80 in chips)
Seat 4: VolkovDmitri ($121 in chips)
VolkovDmitri: posts small blind $1
Georges181: posts big blind $3
*** HOLE CARDS ***
VolkovDmitri: raises $3 to $6
Georges181: calls $3
*** FLOP *** [8s Th 2c]
Georges181: checks
VolkovDmitri: bets $3
Georges181: calls $3
*** TURN *** [8s Th 2c] [4h]
Georges181: checks
VolkovDmitri: checks
*** RIVER *** [8s Th 2c 4h] [5h]
Georges181: bets $6
VolkovDmitri: calls $6
*** SHOW DOWN ***
Georges181: shows [7c Kd] (high card King)
VolkovDmitri: shows [5s 9d] (a pair of Fives)
VolkovDmitri collected $29.50 from pot
*** SUMMARY ***
Total pot $30 | Rake $0.50
Board [8s Th 2c 4h 5h]
Seat 2: Georges181 (big blind) showed [7c Kd] and lost with high card King
Seat 4: VolkovDmitri (button) (small blind) showed [5s 9d] and won ($29.50) with a pair of Fives


PokerStars Hand #176259034570:  Hold'em Limit ($3/$6 USD) - 2017/09/29 5:14:02 ET
Table 'Magoeba' 6-max Seat #4 is the button
Seat 2: Georges181 ($43.16 in chips)
Seat 4: VolkovDmitri ($121 in chips)
VolkovDmitri: posts small blind $1
Georges181: posts big blind $3
*** HOLE CARDS ***
VolkovDmitri: raises $3 to $6
Georges181: calls $3
*** FLOP *** [7s 5c Qd]
Georges181: checks
VolkovDmitri: bets $3
Georges181: calls $3
*** TURN *** [7s 5c Qd] [Kh]
Georges181: checks
VolkovDmitri: checks
*** RIVER *** [7s 5c Qd Kh] [Th]
Georges181: bets $6
VolkovDmitri: folds
Uncalled bet ($6) returned to Georges181
Georges181 collected $17.64 from pot
*** SUMMARY ***
Total pot $18 | Rake $0.36
Board [7s 5c Qd Kh Th]
Seat 2: Georges181 (big blind) collected ($17.64)
Seat 4: VolkovDmitri (button) (small blind) folded on the River


PokerStars Hand #176259073022:  Hold'em Limit ($3/$6 USD) - 2017/09/29 5:16:01 ET
Table 'Magoeba' 6-max Seat #2 is the button
Seat 2: Georges181 ($56.05 in chips)
Seat 4: VolkovDmitri ($120 in chips)
Georges181: posts small blind $1
VolkovDmitri: posts big blind $3
*** HOLE CARDS ***
Georges181: raises $3 to $6
VolkovDmitri: calls $3
*** FLOP *** [Tc As Kd]
VolkovDmitri: checks
Georges181: bets $3
VolkovDmitri: folds
Uncalled bet ($3) returned to Georges181
Georges181 collected $11.76 from pot
*** SUMMARY ***
Total pot $12 | Rake $0.24
Board [Tc As Kd]
Seat 2: Georges181 (button) (small blind) collected ($11.76)
Seat 4: VolkovDmitri (big blind) folded on the Flop


PokerStars Hand #176259061662:  Hold'em Limit ($3/$6 USD) - 2017/09/29 5:15:26 ET
Table 'Magoeba' 6-max Seat #4 is the button
Seat 2: Georges181 ($35.55 in chips)
Seat 4: VolkovDmitri ($135.25 in chips)
VolkovDmitri: posts small blind $1
Georges181: posts big blind $3
*** HOLE CARDS ***
VolkovDmitri: raises $3 to $6
Georges181: calls $3
*** FLOP *** [Th 8s 3h]
Georges181: checks
VolkovDmitri: bets $3
Georges181: calls $3
*** TURN *** [Th 8s 3h] [6d]
Georges181: checks
VolkovDmitri: bets $6
Georges181: raises $6 to $12
VolkovDmitri: calls $6
*** RIVER *** [Th 8s 3h 6d] [Qc]
Georges181: bets $6
VolkovDmitri: folds
Uncalled bet ($6) returned to Georges181
Georges181 collected $41.50 from pot
*** SUMMARY ***
Total pot $42 | Rake $0.50
Board [Th 8s 3h 6d Qc]
Seat 2: Georges181 (big blind) collected ($41.50)
Seat 4: VolkovDmitri (button) (small blind) folded on the River


PokerStars Hand #176259077505:  Hold'em Limit ($3/$6 USD) - 2017/09/29 5:16:15 ET
Table 'Magoeba' 6-max Seat #4 is the button
Seat 2: Georges181 ($61.81 in chips)
Seat 4: VolkovDmitri ($120 in chips)
VolkovDmitri: posts small blind $1
Georges181: posts big blind $3
*** HOLE CARDS ***
VolkovDmitri: raises $3 to $6
Georges181: calls $3
*** FLOP *** [As 2h Tc]
Georges181: checks
VolkovDmitri: bets $3
Georges181: folds
Uncalled bet ($3) returned to VolkovDmitri
VolkovDmitri collected $11.76 from pot
VolkovDmitri: doesn't show hand
*** SUMMARY ***
Total pot $12 | Rake $0.24
Board [As 2h Tc]
Seat 2: Georges181 (big blind) folded on the Flop
Seat 4: VolkovDmitri (button) (small blind) collected ($11.76)


PokerStars Hand #176259124554:  Hold'em Limit ($3/$6 USD) - 2017/09/29 5:18:38 ET
Table 'Magoeba' 6-max Seat #2 is the button
Seat 2: Georges181 ($33.31 in chips)
Seat 4: VolkovDmitri ($164.90 in chips)
Georges181: posts small blind $1
VolkovDmitri: posts big blind $3
*** HOLE CARDS ***
Georges181: raises $3 to $6
VolkovDmitri: calls $3
*** FLOP *** [4c 5s Ah]
VolkovDmitri: checks
Georges181: bets $3
VolkovDmitri: calls $3
*** TURN *** [4c 5s Ah] [Qd]
VolkovDmitri: checks
Georges181: bets $6
VolkovDmitri: folds
Uncalled bet ($6) returned to Georges181
Georges181 collected $17.64 from pot
*** SUMMARY ***
Total pot $18 | Rake $0.36
Board [4c 5s Ah Qd]
Seat 2: Georges181 (button) (small blind) collected ($17.64)
Seat 4: VolkovDmitri (big blind) folded on the Turn


PokerStars Hand #176259114874:  Hold'em Limit ($3/$6 USD) - 2017/09/29 5:18:09 ET
Table 'Magoeba' 6-max Seat #4 is the button
Seat 2: Georges181 ($60.31 in chips)
Seat 4: VolkovDmitri ($138.40 in chips)
VolkovDmitri: posts small blind $1
Georges181: posts big blind $3
*** HOLE CARDS ***
VolkovDmitri: raises $3 to $6
Georges181: calls $3
*** FLOP *** [Ah 4d 7c]
Georges181: bets $3
VolkovDmitri: calls $3
*** TURN *** [Ah 4d 7c] [Qh]
Georges181: bets $6
VolkovDmitri: calls $6
*** RIVER *** [Ah 4d 7c Qh] [9h]
Georges181: bets $6
VolkovDmitri: raises $6 to $12
Georges181: calls $6
*** SHOW DOWN ***
VolkovDmitri: shows [4h 2h] (a flush, Ace high)
Georges181: mucks hand
VolkovDmitri collected $53.50 from pot
*** SUMMARY ***
Total pot $54 | Rake $0.50
Board [Ah 4d 7c Qh 9h]
Seat 2: Georges181 (big blind) mucked
Seat 4: VolkovDmitri (button) (small blind) showed [4h 2h] and won ($53.50) with a flush, Ace high


PokerStars Hand #176259104433:  Hold'em Limit ($3/$6 USD) - 2017/09/29 5:17:37 ET
Table 'Magoeba' 6-max Seat #2 is the button
Seat 2: Georges181 ($69.31 in chips)
Seat 4: VolkovDmitri ($129.76 in chips)
Georges181: posts small blind $1
VolkovDmitri: posts big blind $3
*** HOLE CARDS ***
Georges181: raises $3 to $6
VolkovDmitri: calls $3
*** FLOP *** [Qc 9c 7h]
VolkovDmitri: checks
Georges181: bets $3
VolkovDmitri: calls $3
*** TURN *** [Qc 9c 7h] [Qh]
VolkovDmitri: checks
Georges181: checks
*** RIVER *** [Qc 9c 7h Qh] [Js]
VolkovDmitri: bets $6
Georges181: folds
Uncalled bet ($6) returned to VolkovDmitri
VolkovDmitri collected $17.64 from pot
VolkovDmitri: doesn't show hand
*** SUMMARY ***
Total pot $18 | Rake $0.36
Board [Qc 9c 7h Qh Js]
Seat 2: Georges181 (button) (small blind) folded on the River
Seat 4: VolkovDmitri (big blind) collected ($17.64)


PokerStars Hand #176259101406:  Hold'em Limit ($3/$6 USD) - 2017/09/29 5:17:28 ET
Table 'Magoeba' 6-max Seat #4 is the button
Seat 2: Georges181 ($72.31 in chips)
Seat 4: VolkovDmitri ($126.76 in chips)
VolkovDmitri: posts small blind $1
Georges181: posts big blind $3
*** HOLE CARDS ***
VolkovDmitri: raises $3 to $6
Georges181: folds
Uncalled bet ($3) returned to VolkovDmitri
VolkovDmitri collected $6 from pot
VolkovDmitri: doesn't show hand
*** SUMMARY ***
Total pot $6 | Rake $0
Seat 2: Georges181 (big blind) folded before Flop
Seat 4: VolkovDmitri (button) (small blind) collected ($6)


PokerStars Hand #176259099664:  Hold'em Limit ($3/$6 USD) - 2017/09/29 5:17:23 ET
Table 'Magoeba' 6-max Seat #2 is the button
Seat 2: Georges181 ($73.31 in chips)
Seat 4: VolkovDmitri ($125.76 in chips)
Georges181: posts small blind $1
VolkovDmitri: posts big blind $3
*** HOLE CARDS ***
Georges181: folds
Uncalled bet ($2) returned to VolkovDmitri
VolkovDmitri collected $2 from pot
VolkovDmitri: doesn't show hand
*** SUMMARY ***
Total pot $2 | Rake $0
Seat 2: Georges181 (button) (small blind) folded before Flop
Seat 4: VolkovDmitri (big blind) collected ($2)


PokerStars Hand #176259097820:  Hold'em Limit ($3/$6 USD) - 2017/09/29 5:17:17 ET
Table 'Magoeba' 6-max Seat #4 is the button
Seat 2: Georges181 ($72.31 in chips)
Seat 4: VolkovDmitri ($126.76 in chips)
VolkovDmitri: posts small blind $1
Georges181: posts big blind $3
*** HOLE CARDS ***
VolkovDmitri: folds
Uncalled bet ($2) returned to Georges181
Georges181 collected $2 from pot
*** SUMMARY ***
Total pot $2 | Rake $0
Seat 2: Georges181 (big blind) collected ($2)
Seat 4: VolkovDmitri (button) (small blind) folded before Flop


PokerStars Hand #176259096117:  Hold'em Limit ($3/$6 USD) - 2017/09/29 5:17:12 ET
Table 'Magoeba' 6-max Seat #2 is the button
Seat 2: Georges181 ($73.31 in chips)
Seat 4: VolkovDmitri ($125.76 in chips)
Georges181: posts small blind $1
VolkovDmitri: posts big blind $3
*** HOLE CARDS ***
Georges181: folds
Uncalled bet ($2) returned to VolkovDmitri
VolkovDmitri collected $2 from pot
VolkovDmitri: doesn't show hand
*** SUMMARY ***
Total pot $2 | Rake $0
Seat 2: Georges181 (button) (small blind) folded before Flop
Seat 4: VolkovDmitri (big blind) collected ($2)


PokerStars Hand #176259089154:  Hold'em Limit ($3/$6 USD) - 2017/09/29 5:16:51 ET
Table 'Magoeba' 6-max Seat #4 is the button
Seat 2: Georges181 ($79.31 in chips)
Seat 4: VolkovDmitri ($120 in chips)
VolkovDmitri: posts small blind $1
Georges181: posts big blind $3
*** HOLE CARDS ***
VolkovDmitri: raises $3 to $6
Georges181: calls $3
*** FLOP *** [5h Ad Kh]
Georges181: checks
VolkovDmitri: bets $3
Georges181: folds
Uncalled bet ($3) returned to VolkovDmitri
VolkovDmitri collected $11.76 from pot
VolkovDmitri: doesn't show hand
*** SUMMARY ***
Total pot $12 | Rake $0.24
Board [5h Ad Kh]
Seat 2: Georges181 (big blind) folded on the Flop
Seat 4: VolkovDmitri (button) (small blind) collected ($11.76)


PokerStars Hand #176259081999:  Hold'em Limit ($3/$6 USD) - 2017/09/29 5:16:29 ET
Table 'Magoeba' 6-max Seat #2 is the button
Seat 2: Georges181 ($55.81 in chips)
Seat 4: VolkovDmitri ($125.76 in chips)
Georges181: posts small blind $1
VolkovDmitri: posts big blind $3
*** HOLE CARDS ***
Georges181: raises $3 to $6
VolkovDmitri: raises $3 to $9
Georges181: calls $3
*** FLOP *** [Kc 8d 8h]
VolkovDmitri: bets $3
Georges181: calls $3
*** TURN *** [Kc 8d 8h] [Ks]
VolkovDmitri: checks
Georges181: bets $6
VolkovDmitri: calls $6
*** RIVER *** [Kc 8d 8h Ks] [3d]
VolkovDmitri: checks
Georges181: bets $6
VolkovDmitri: calls $6
*** SHOW DOWN ***
Georges181: shows [Jd 8c] (a full house, Eights full of Kings)
VolkovDmitri: mucks hand
Georges181 collected $47.50 from pot
*** SUMMARY ***
Total pot $48 | Rake $0.50
Board [Kc 8d 8h Ks 3d]
Seat 2: Georges181 (button) (small blind) showed [Jd 8c] and won ($47.50) with a full house, Eights full of Kings
Seat 4: VolkovDmitri (big blind) mucked


PokerStars Hand #176259134101:  Hold'em Limit ($3/$6 USD) - 2017/09/29 5:19:07 ET
Table 'Magoeba' 6-max Seat #4 is the button
Seat 2: Georges181 ($41.95 in chips)
Seat 4: VolkovDmitri ($155.90 in chips)
VolkovDmitri: posts small blind $1
Georges181: posts big blind $3
*** HOLE CARDS ***
VolkovDmitri: raises $3 to $6
Georges181: calls $3
*** FLOP *** [3c Jd 4d]
Georges181: checks
VolkovDmitri: bets $3
Georges181: calls $3
*** TURN *** [3c Jd 4d] [2d]
Georges181: checks
VolkovDmitri: checks
*** RIVER *** [3c Jd 4d 2d] [5s]
Georges181: bets $6
VolkovDmitri: folds
Uncalled bet ($6) returned to Georges181
Georges181 collected $17.64 from pot
*** SUMMARY ***
Total pot $18 | Rake $0.36
Board [3c Jd 4d 2d 5s]
Seat 2: Georges181 (big blind) collected ($17.64)
Seat 4: VolkovDmitri (button) (small blind) folded on the River


PokerStars Hand #176259153522:  Hold'em Limit ($3/$6 USD) - 2017/09/29 5:20:07 ET
Table 'Magoeba' 6-max Seat #4 is the button
Seat 2: Georges181 ($35.59 in chips)
Seat 4: VolkovDmitri ($161.40 in chips)
VolkovDmitri: posts small blind $1
Georges181: posts big blind $3
*** HOLE CARDS ***
VolkovDmitri: raises $3 to $6
Georges181: calls $3
*** FLOP *** [5d Ac As]
Georges181: checks
VolkovDmitri: bets $3
Georges181: folds
Uncalled bet ($3) returned to VolkovDmitri
VolkovDmitri collected $11.76 from pot
VolkovDmitri: doesn't show hand
*** SUMMARY ***
Total pot $12 | Rake $0.24
Board [5d Ac As]
Seat 2: Georges181 (big blind) folded on the Flop
Seat 4: VolkovDmitri (button) (small blind) collected ($11.76)


PokerStars Hand #176259142299:  Hold'em Limit ($3/$6 USD) - 2017/09/29 5:19:32 ET
Table 'Magoeba' 6-max Seat #2 is the button
Seat 2: Georges181 ($50.59 in chips)
Seat 4: VolkovDmitri ($146.90 in chips)
Georges181: posts small blind $1
VolkovDmitri: posts big blind $3
*** HOLE CARDS ***
Georges181: raises $3 to $6
VolkovDmitri: calls $3
*** FLOP *** [Ac 9h 7c]
VolkovDmitri: checks
Georges181: bets $3
VolkovDmitri: calls $3
*** TURN *** [Ac 9h 7c] [2h]
VolkovDmitri: checks
Georges181: bets $6
VolkovDmitri: calls $6
*** RIVER *** [Ac 9h 7c 2h] [Ks]
VolkovDmitri: checks
Georges181: checks
*** SHOW DOWN ***
VolkovDmitri: shows [3d Kh] (a pair of Kings)
Georges181: mucks hand
VolkovDmitri collected $29.50 from pot
*** SUMMARY ***
Total pot $30 | Rake $0.50
Board [Ac 9h 7c 2h Ks]
Seat 2: Georges181 (button) (small blind) mucked
Seat 4: VolkovDmitri (big blind) showed [3d Kh] and won ($29.50) with a pair of Kings


PokerStars Hand #176259158871:  Hold'em Limit ($3/$6 USD) - 2017/09/29 5:20:23 ET
Table 'Magoeba' 6-max Seat #2 is the button
Seat 2: Georges181 ($29.59 in chips)
Seat 4: VolkovDmitri ($167.16 in chips)
Georges181: posts small blind $1
VolkovDmitri: posts big blind $3
*** HOLE CARDS ***
Georges181: raises $3 to $6
VolkovDmitri: raises $3 to $9
Georges181: calls $3
*** FLOP *** [5c Th 7s]
VolkovDmitri: bets $3
Georges181: calls $3
*** TURN *** [5c Th 7s] [6h]
VolkovDmitri: checks
Georges181: bets $6
VolkovDmitri: folds
Uncalled bet ($6) returned to Georges181
Georges181 collected $23.52 from pot
*** SUMMARY ***
Total pot $24 | Rake $0.48
Board [5c Th 7s 6h]
Seat 2: Georges181 (button) (small blind) collected ($23.52)
Seat 4: VolkovDmitri (big blind) folded on the Turn


PokerStars Hand #176259172467:  Hold'em Limit ($3/$6 USD) - 2017/09/29 5:21:04 ET
Table 'Magoeba' 6-max Seat #4 is the button
Seat 2: Georges181 ($41.11 in chips)
Seat 4: VolkovDmitri ($155.16 in chips)
VolkovDmitri: posts small blind $1
Georges181: posts big blind $3
*** HOLE CARDS ***
VolkovDmitri: raises $3 to $6
Georges181: calls $3
*** FLOP *** [Ah Jd 7h]
Georges181: checks
VolkovDmitri: bets $3
Georges181: calls $3
*** TURN *** [Ah Jd 7h] [6s]
Georges181: checks
VolkovDmitri: checks
*** RIVER *** [Ah Jd 7h 6s] [4h]
Georges181: bets $6
VolkovDmitri: raises $6 to $12
Georges181: folds
Uncalled bet ($6) returned to VolkovDmitri
VolkovDmitri collected $29.50 from pot
VolkovDmitri: doesn't show hand
*** SUMMARY ***
Total pot $30 | Rake $0.50
Board [Ah Jd 7h 6s 4h]
Seat 2: Georges181 (big blind) folded on the River
Seat 4: VolkovDmitri (button) (small blind) collected ($29.50)


PokerStars Hand #176259191961:  Hold'em Limit ($3/$6 USD) - 2017/09/29 5:22:03 ET
Table 'Magoeba' 6-max Seat #2 is the button
Seat 2: Georges181 ($26.11 in chips)
Seat 4: VolkovDmitri ($169.66 in chips)
Georges181: posts small blind $1
VolkovDmitri: posts big blind $3
*** HOLE CARDS ***
Georges181: raises $3 to $6
VolkovDmitri: folds
Uncalled bet ($3) returned to Georges181
Georges181 collected $6 from pot
*** SUMMARY ***
Total pot $6 | Rake $0
Seat 2: Georges181 (button) (small blind) collected ($6)
Seat 4: VolkovDmitri (big blind) folded before Flop


PokerStars Hand #176259196183:  Hold'em Limit ($3/$6 USD) - 2017/09/29 5:22:15 ET
Table 'Magoeba' 6-max Seat #4 is the button
Seat 2: Georges181 ($29.11 in chips)
Seat 4: VolkovDmitri ($166.66 in chips)
VolkovDmitri: posts small blind $1
Georges181: posts big blind $3
*** HOLE CARDS ***
VolkovDmitri: raises $3 to $6
Georges181: calls $3
*** FLOP *** [Ad 6d Ks]
Georges181: checks
VolkovDmitri: bets $3
Georges181: calls $3
*** TURN *** [Ad 6d Ks] [8d]
Georges181: checks
VolkovDmitri: checks
*** RIVER *** [Ad 6d Ks 8d] [5h]
Georges181: bets $6
VolkovDmitri: calls $6
*** SHOW DOWN ***
Georges181: shows [4d 6h] (a pair of Sixes)
VolkovDmitri: shows [2d 6c] (a pair of Sixes)
Georges181 collected $14.75 from pot
VolkovDmitri collected $14.75 from pot
*** SUMMARY ***
Total pot $30 | Rake $0.50
Board [Ad 6d Ks 8d 5h]
Seat 2: Georges181 (big blind) showed [4d 6h] and won ($14.75) with a pair of Sixes
Seat 4: VolkovDmitri (button) (small blind) showed [2d 6c] and won ($14.75) with a pair of Sixes


PokerStars Hand #176259364759:  Hold'em Limit ($3/$6 USD) - 2017/09/29 5:30:43 ET
Table 'Magoeba' 6-max Seat #2 is the button
Seat 2: Georges181 ($30.57 in chips)
Seat 4: VolkovDmitri ($150.59 in chips)
Georges181: posts small blind $1
VolkovDmitri: posts big blind $3
*** HOLE CARDS ***
Georges181: raises $3 to $6
uglyghost101 joins the table at seat #1
VolkovDmitri: calls $3
*** FLOP *** [5s As Tc]
VolkovDmitri: checks
Georges181: bets $3
VolkovDmitri: calls $3
*** TURN *** [5s As Tc] [9s]
VolkovDmitri: checks
Georges181: bets $6
VolkovDmitri: folds
Uncalled bet ($6) returned to Georges181
Georges181 collected $17.64 from pot
*** SUMMARY ***
Total pot $18 | Rake $0.36
Board [5s As Tc 9s]
Seat 2: Georges181 (button) (small blind) collected ($17.64)
Seat 4: VolkovDmitri (big blind) folded on the Turn


PokerStars Hand #176259887614:  Hold'em Limit ($3/$6 USD) - 2017/09/29 5:56:46 ET
Table 'Magoeba' 6-max Seat #2 is the button
Seat 2: Georges181 ($68.61 in chips)
Seat 6: knas4 ($157.70 in chips)
Georges181: posts small blind $1
knas4: posts big blind $3
*** HOLE CARDS ***
Georges181: raises $3 to $6
knas4: calls $3
*** FLOP *** [Kd 7h Ts]
knas4: checks
Georges181: bets $3
knas4: folds
Uncalled bet ($3) returned to Georges181
Georges181 collected $11.76 from pot
*** SUMMARY ***
Total pot $12 | Rake $0.24
Board [Kd 7h Ts]
Seat 2: Georges181 (button) (small blind) collected ($11.76)
Seat 6: knas4 (big blind) folded on the Flop


PokerStars Hand #176259879331:  Hold'em Limit ($3/$6 USD) - 2017/09/29 5:56:18 ET
Table 'Magoeba' 6-max Seat #6 is the button
Seat 2: Georges181 ($54.11 in chips)
Seat 6: knas4 ($172.70 in chips)
knas4: posts small blind $1
Georges181: posts big blind $3
*** HOLE CARDS ***
knas4: raises $3 to $6
Georges181: calls $3
*** FLOP *** [6d Th Jc]
Georges181: checks
Saloxidin leaves the table
knas4: bets $3
Georges181: calls $3
*** TURN *** [6d Th Jc] [Qs]
Georges181: checks
knas4: bets $6
Georges181: calls $6
*** RIVER *** [6d Th Jc Qs] [9d]
Georges181: checks
knas4: checks
*** SHOW DOWN ***
Georges181: shows [Ks Js] (a straight, Nine to King)
knas4: mucks hand
Georges181 collected $29.50 from pot
*** SUMMARY ***
Total pot $30 | Rake $0.50
Board [6d Th Jc Qs 9d]
Seat 2: Georges181 (big blind) showed [Ks Js] and won ($29.50) with a straight, Nine to King
Seat 6: knas4 (button) (small blind) mucked


PokerStars Hand #176259891359:  Hold'em Limit ($3/$6 USD) - 2017/09/29 5:56:58 ET
Table 'Magoeba' 6-max Seat #6 is the button
Seat 2: Georges181 ($74.37 in chips)
Seat 6: knas4 ($151.70 in chips)
knas4: posts small blind $1
Georges181: posts big blind $3
*** HOLE CARDS ***
knas4: raises $3 to $6
Georges181: calls $3
*** FLOP *** [7h Ac 2h]
Georges181: checks
knas4: bets $3
Georges181: calls $3
*** TURN *** [7h Ac 2h] [9s]
Georges181: checks
knas4: checks
*** RIVER *** [7h Ac 2h 9s] [2s]
Georges181: bets $6
knas4: folds
Uncalled bet ($6) returned to Georges181
Georges181 collected $17.64 from pot
*** SUMMARY ***
Total pot $18 | Rake $0.36
Board [7h Ac 2h 9s 2s]
Seat 2: Georges181 (big blind) collected ($17.64)
Seat 6: knas4 (button) (small blind) folded on the River


PokerStars Hand #176259896574:  Hold'em Limit ($3/$6 USD) - 2017/09/29 5:57:16 ET
Table 'Magoeba' 6-max Seat #2 is the button
Seat 2: Georges181 ($83.01 in chips)
Seat 6: knas4 ($142.70 in chips)
Georges181: posts small blind $1
knas4: posts big blind $3
*** HOLE CARDS ***
Georges181: raises $3 to $6
knas4: calls $3
*** FLOP *** [Jd 4c Th]
knas4: checks
Georges181: bets $3
knas4: folds
Uncalled bet ($3) returned to Georges181
knas4 leaves the table
Georges181 collected $11.76 from pot
*** SUMMARY ***
Total pot $12 | Rake $0.24
Board [Jd 4c Th]
Seat 2: Georges181 (button) (small blind) collected ($11.76)
Seat 6: knas4 (big blind) folded on the Flop


PokerStars Hand #176259955962:  Hold'em Limit ($3/$6 USD) - 2017/09/29 6:00:31 ET
Table 'Magoeba' 6-max Seat #2 is the button
Seat 1: igorkabmw ($60 in chips)
Seat 2: VolkovDmitri ($160.51 in chips)
VolkovDmitri: posts small blind $1
Ale4o: is sitting out
igorkabmw: posts big blind $3
*** HOLE CARDS ***
VolkovDmitri: folds
Uncalled bet ($2) returned to igorkabmw
igorkabmw collected $2 from pot
*** SUMMARY ***
Total pot $2 | Rake $0
Seat 1: igorkabmw (big blind) collected ($2)
Seat 2: VolkovDmitri (button) (small blind) folded before Flop


PokerStars Hand #176259957660:  Hold'em Limit ($3/$6 USD) - 2017/09/29 6:00:37 ET
Table 'Magoeba' 6-max Seat #1 is the button
Seat 1: igorkabmw ($61 in chips)
Seat 2: VolkovDmitri ($159.51 in chips)
igorkabmw: posts small blind $1
VolkovDmitri: posts big blind $3
*** HOLE CARDS ***
igorkabmw: calls $2
VolkovDmitri: raises $3 to $6
igorkabmw: calls $3
*** FLOP *** [8d Qh Ad]
VolkovDmitri: bets $3
igorkabmw: calls $3
*** TURN *** [8d Qh Ad] [2s]
Denisstar64 joins the table at seat #5
VolkovDmitri: bets $6
igorkabmw: folds
Uncalled bet ($6) returned to VolkovDmitri
VolkovDmitri collected $17.64 from pot
VolkovDmitri: doesn't show hand
*** SUMMARY ***
Total pot $18 | Rake $0.36
Board [8d Qh Ad 2s]
Seat 1: igorkabmw (button) (small blind) folded on the Turn
Seat 2: VolkovDmitri (big blind) collected ($17.64)


PokerStars Hand #176260686097:  Hold'em Limit ($3/$6 USD) - 2017/09/29 6:34:59 ET
Table 'Magoeba' 6-max Seat #5 is the button
Seat 2: VolkovDmitri ($231.33 in chips)
Seat 5: Denisstar64 ($104.51 in chips)
Widegermany will be allowed to play after the button
Denisstar64: posts small blind $1
VolkovDmitri: posts big blind $3
*** HOLE CARDS ***
Denisstar64: raises $3 to $6
VolkovDmitri: calls $3
*** FLOP *** [Th 6s Jc]
VolkovDmitri: checks
Denisstar64: checks
*** TURN *** [Th 6s Jc] [Kd]
VolkovDmitri: checks
Denisstar64: checks
*** RIVER *** [Th 6s Jc Kd] [3s]
VolkovDmitri: bets $6
Denisstar64: calls $6
*** SHOW DOWN ***
VolkovDmitri: shows [2d 6d] (a pair of Sixes)
Denisstar64: mucks hand
VolkovDmitri collected $23.52 from pot
*** SUMMARY ***
Total pot $24 | Rake $0.48
Board [Th 6s Jc Kd 3s]
Seat 2: VolkovDmitri (big blind) showed [2d 6d] and won ($23.52) with a pair of Sixes
Seat 5: Denisstar64 (button) (small blind) mucked


