PokerStars Hand #144498540594:  Hold'em Limit ($3/$6 USD) - 2015/11/28 5:40:20 ET
Table 'Mahasim' 6-max Seat #2 is the button
Seat 1: hairy1961 ($60 in chips)
Seat 2: kolaz03 ($72 in chips)
kolaz03: posts small blind $1
TbIP-TbIP 88: is sitting out
TbIP-TbIP 88 leaves the table
hairy1961: posts big blind $3
*** HOLE CARDS ***
kolaz03: raises $3 to $6
hairy1961: calls $3
*** FLOP *** [Ac 6c Tc]
hairy1961: checks
kolaz03: bets $3
hairy1961: raises $3 to $6
kolaz03: calls $3
*** TURN *** [Ac 6c Tc] [Ks]
hairy1961: bets $6
kolaz03: calls $6
*** RIVER *** [Ac 6c Tc Ks] [9h]
hairy1961: bets $6
kolaz03: raises $6 to $12
hairy1961: calls $6
*** SHOW DOWN ***
kolaz03: shows [8c 7s] (a straight, Six to Ten)
hairy1961: mucks hand
kolaz03 collected $59.50 from pot
*** SUMMARY ***
Total pot $60 | Rake $0.50
Board [Ac 6c Tc Ks 9h]
Seat 1: hairy1961 (big blind) mucked
Seat 2: kolaz03 (button) (small blind) showed [8c 7s] and won ($59.50) with a straight, Six to Ten


PokerStars Hand #144498563435:  Hold'em Limit ($3/$6 USD) - 2015/11/28 5:41:11 ET
Table 'Mahasim' 6-max Seat #1 is the button
Seat 1: hairy1961 ($30 in chips)
Seat 2: kolaz03 ($101.50 in chips)
hairy1961: posts small blind $1
kolaz03: posts big blind $3
*** HOLE CARDS ***
hairy1961: raises $3 to $6
kolaz03: raises $3 to $9
hairy1961: calls $3
*** FLOP *** [4s Ah 8s]
kolaz03: bets $3
hairy1961: raises $3 to $6
kolaz03: raises $3 to $9
hairy1961: calls $3
*** TURN *** [4s Ah 8s] [4c]
kolaz03: bets $6
hairy1961: calls $6
*** RIVER *** [4s Ah 8s 4c] [6c]
kolaz03: bets $6
hairy1961: calls $6 and is all-in
*** SHOW DOWN ***
kolaz03: shows [Ad 7h] (two pair, Aces and Fours)
hairy1961: shows [Ac 7d] (two pair, Aces and Fours)
kolaz03 collected $29.75 from pot
hairy1961 collected $29.75 from pot
*** SUMMARY ***
Total pot $60 | Rake $0.50
Board [4s Ah 8s 4c 6c]
Seat 1: hairy1961 (button) (small blind) showed [Ac 7d] and won ($29.75) with two pair, Aces and Fours
Seat 2: kolaz03 (big blind) showed [Ad 7h] and won ($29.75) with two pair, Aces and Fours


PokerStars Hand #144498591888:  Hold'em Limit ($3/$6 USD) - 2015/11/28 5:42:14 ET
Table 'Mahasim' 6-max Seat #1 is the button
Seat 1: hairy1961 ($38.39 in chips)
Seat 2: kolaz03 ($92.25 in chips)
hairy1961: posts small blind $1
kolaz03: posts big blind $3
*** HOLE CARDS ***
hairy1961: folds
Uncalled bet ($2) returned to kolaz03
kolaz03 collected $2 from pot
kolaz03: doesn't show hand
*** SUMMARY ***
Total pot $2 | Rake $0
Seat 1: hairy1961 (button) (small blind) folded before Flop
Seat 2: kolaz03 (big blind) collected ($2)


PokerStars Hand #144498583469:  Hold'em Limit ($3/$6 USD) - 2015/11/28 5:41:55 ET
Table 'Mahasim' 6-max Seat #2 is the button
Seat 1: hairy1961 ($29.75 in chips)
Seat 2: kolaz03 ($101.25 in chips)
kolaz03: posts small blind $1
hairy1961: posts big blind $3
*** HOLE CARDS ***
kolaz03: raises $3 to $6
hairy1961: raises $3 to $9
kolaz03: calls $3
*** FLOP *** [5s Kd Ad]
hairy1961: bets $3
kolaz03: folds
Uncalled bet ($3) returned to hairy1961
hairy1961 collected $17.64 from pot
hairy1961: doesn't show hand
*** SUMMARY ***
Total pot $18 | Rake $0.36
Board [5s Kd Ad]
Seat 1: hairy1961 (big blind) collected ($17.64)
Seat 2: kolaz03 (button) (small blind) folded on the Flop


PokerStars Hand #144498623250:  Hold'em Limit ($3/$6 USD) - 2015/11/28 5:43:23 ET
Table 'Mahasim' 6-max Seat #2 is the button
Seat 1: hairy1961 ($43.91 in chips)
Seat 2: kolaz03 ($86.25 in chips)
kolaz03: posts small blind $1
hairy1961: posts big blind $3
*** HOLE CARDS ***
kolaz03: folds
Uncalled bet ($2) returned to hairy1961
hairy1961 collected $2 from pot
hairy1961: doesn't show hand
*** SUMMARY ***
Total pot $2 | Rake $0
Seat 1: hairy1961 (big blind) collected ($2)
Seat 2: kolaz03 (button) (small blind) folded before Flop


PokerStars Hand #144498620135:  Hold'em Limit ($3/$6 USD) - 2015/11/28 5:43:16 ET
Table 'Mahasim' 6-max Seat #1 is the button
Seat 1: hairy1961 ($44.91 in chips)
Seat 2: kolaz03 ($85.25 in chips)
hairy1961: posts small blind $1
kolaz03: posts big blind $3
*** HOLE CARDS ***
hairy1961: folds
Uncalled bet ($2) returned to kolaz03
kolaz03 collected $2 from pot
kolaz03: doesn't show hand
*** SUMMARY ***
Total pot $2 | Rake $0
Seat 1: hairy1961 (button) (small blind) folded before Flop
Seat 2: kolaz03 (big blind) collected ($2)


PokerStars Hand #144498625581:  Hold'em Limit ($3/$6 USD) - 2015/11/28 5:43:28 ET
Table 'Mahasim' 6-max Seat #1 is the button
Seat 1: hairy1961 ($44.91 in chips)
Seat 2: kolaz03 ($85.25 in chips)
hairy1961: posts small blind $1
kolaz03: posts big blind $3
*** HOLE CARDS ***
hairy1961: raises $3 to $6
kolaz03: calls $3
*** FLOP *** [5h 2c Ad]
kolaz03: checks
hairy1961: bets $3
kolaz03: folds
Uncalled bet ($3) returned to hairy1961
hairy1961 collected $11.76 from pot
hairy1961: doesn't show hand
*** SUMMARY ***
Total pot $12 | Rake $0.24
Board [5h 2c Ad]
Seat 1: hairy1961 (button) (small blind) collected ($11.76)
Seat 2: kolaz03 (big blind) folded on the Flop


PokerStars Hand #144498617368:  Hold'em Limit ($3/$6 USD) - 2015/11/28 5:43:10 ET
Table 'Mahasim' 6-max Seat #2 is the button
Seat 1: hairy1961 ($47.91 in chips)
Seat 2: kolaz03 ($82.25 in chips)
kolaz03: posts small blind $1
hairy1961: posts big blind $3
*** HOLE CARDS ***
kolaz03: raises $3 to $6
hairy1961: folds
Uncalled bet ($3) returned to kolaz03
kolaz03 collected $6 from pot
kolaz03: doesn't show hand
*** SUMMARY ***
Total pot $6 | Rake $0
Seat 1: hairy1961 (big blind) folded before Flop
Seat 2: kolaz03 (button) (small blind) collected ($6)


PokerStars Hand #144498614875:  Hold'em Limit ($3/$6 USD) - 2015/11/28 5:43:04 ET
Table 'Mahasim' 6-max Seat #1 is the button
Seat 1: hairy1961 ($48.91 in chips)
Seat 2: kolaz03 ($81.25 in chips)
hairy1961: posts small blind $1
kolaz03: posts big blind $3
*** HOLE CARDS ***
hairy1961: folds
Uncalled bet ($2) returned to kolaz03
kolaz03 collected $2 from pot
kolaz03: doesn't show hand
*** SUMMARY ***
Total pot $2 | Rake $0
Seat 1: hairy1961 (button) (small blind) folded before Flop
Seat 2: kolaz03 (big blind) collected ($2)


PokerStars Hand #144498594945:  Hold'em Limit ($3/$6 USD) - 2015/11/28 5:42:20 ET
Table 'Mahasim' 6-max Seat #2 is the button
Seat 1: hairy1961 ($37.39 in chips)
Seat 2: kolaz03 ($93.25 in chips)
kolaz03: posts small blind $1
hairy1961: posts big blind $3
*** HOLE CARDS ***
kolaz03: raises $3 to $6
hairy1961: calls $3
*** FLOP *** [4s 2h 8d]
hairy1961: checks
kolaz03: bets $3
hairy1961: raises $3 to $6
kolaz03: calls $3
*** TURN *** [4s 2h 8d] [Qh]
hairy1961: bets $6
kolaz03: folds
Uncalled bet ($6) returned to hairy1961
hairy1961 collected $23.52 from pot
hairy1961: doesn't show hand
*** SUMMARY ***
Total pot $24 | Rake $0.48
Board [4s 2h 8d Qh]
Seat 1: hairy1961 (big blind) collected ($23.52)
Seat 2: kolaz03 (button) (small blind) folded on the Turn


PokerStars Hand #144498660025:  Hold'em Limit ($3/$6 USD) - 2015/11/28 5:44:43 ET
Table 'Mahasim' 6-max Seat #1 is the button
Seat 1: hairy1961 ($66.07 in chips)
Seat 2: kolaz03 ($72 in chips)
hairy1961: posts small blind $1
kolaz03: posts big blind $3
*** HOLE CARDS ***
hairy1961: folds
Uncalled bet ($2) returned to kolaz03
kolaz03 collected $2 from pot
kolaz03: doesn't show hand
*** SUMMARY ***
Total pot $2 | Rake $0
Seat 1: hairy1961 (button) (small blind) folded before Flop
Seat 2: kolaz03 (big blind) collected ($2)


PokerStars Hand #144498648496:  Hold'em Limit ($3/$6 USD) - 2015/11/28 5:44:18 ET
Table 'Mahasim' 6-max Seat #2 is the button
Seat 1: hairy1961 ($57.43 in chips)
Seat 2: kolaz03 ($72.25 in chips)
kolaz03: posts small blind $1
hairy1961: posts big blind $3
*** HOLE CARDS ***
kolaz03: raises $3 to $6
hairy1961: calls $3
*** FLOP *** [Qh 6d 2d]
hairy1961: checks
kolaz03: bets $3
hairy1961: raises $3 to $6
kolaz03: folds
Uncalled bet ($3) returned to hairy1961
hairy1961 collected $17.64 from pot
*** SUMMARY ***
Total pot $18 | Rake $0.36
Board [Qh 6d 2d]
Seat 1: hairy1961 (big blind) collected ($17.64)
Seat 2: kolaz03 (button) (small blind) folded on the Flop


PokerStars Hand #144498636752:  Hold'em Limit ($3/$6 USD) - 2015/11/28 5:43:52 ET
Table 'Mahasim' 6-max Seat #1 is the button
Seat 1: hairy1961 ($51.67 in chips)
Seat 2: kolaz03 ($78.25 in chips)
hairy1961: posts small blind $1
kolaz03: posts big blind $3
*** HOLE CARDS ***
hairy1961: raises $3 to $6
kolaz03: calls $3
*** FLOP *** [5h Jc As]
kolaz03: checks
hairy1961: bets $3
kolaz03: folds
Uncalled bet ($3) returned to hairy1961
hairy1961 collected $11.76 from pot
hairy1961: doesn't show hand
*** SUMMARY ***
Total pot $12 | Rake $0.24
Board [5h Jc As]
Seat 1: hairy1961 (button) (small blind) collected ($11.76)
Seat 2: kolaz03 (big blind) folded on the Flop


PokerStars Hand #144498633424:  Hold'em Limit ($3/$6 USD) - 2015/11/28 5:43:45 ET
Table 'Mahasim' 6-max Seat #2 is the button
Seat 1: hairy1961 ($50.67 in chips)
Seat 2: kolaz03 ($79.25 in chips)
kolaz03: posts small blind $1
hairy1961: posts big blind $3
*** HOLE CARDS ***
kolaz03: folds
Uncalled bet ($2) returned to hairy1961
hairy1961 collected $2 from pot
hairy1961: doesn't show hand
*** SUMMARY ***
Total pot $2 | Rake $0
Seat 1: hairy1961 (big blind) collected ($2)
Seat 2: kolaz03 (button) (small blind) folded before Flop


PokerStars Hand #144498677001:  Hold'em Limit ($3/$6 USD) - 2015/11/28 5:45:21 ET
Table 'Mahasim' 6-max Seat #1 is the button
Seat 1: hairy1961 ($76.59 in chips)
Seat 2: kolaz03 ($72 in chips)
hairy1961: posts small blind $1
kolaz03: posts big blind $3
*** HOLE CARDS ***
hairy1961: raises $3 to $6
kolaz03: raises $3 to $9
hairy1961: calls $3
*** FLOP *** [As 6d Qc]
kolaz03: bets $3
hairy1961: calls $3
*** TURN *** [As 6d Qc] [2d]
kolaz03: bets $6
hairy1961: folds
Uncalled bet ($6) returned to kolaz03
kolaz03 collected $23.52 from pot
kolaz03: doesn't show hand
*** SUMMARY ***
Total pot $24 | Rake $0.48
Board [As 6d Qc 2d]
Seat 1: hairy1961 (button) (small blind) folded on the Turn
Seat 2: kolaz03 (big blind) collected ($23.52)


PokerStars Hand #144498688140:  Hold'em Limit ($3/$6 USD) - 2015/11/28 5:45:45 ET
Table 'Mahasim' 6-max Seat #2 is the button
Seat 1: hairy1961 ($64.59 in chips)
Seat 2: kolaz03 ($83.52 in chips)
kolaz03: posts small blind $1
hairy1961: posts big blind $3
*** HOLE CARDS ***
kolaz03: raises $3 to $6
hairy1961: folds
Uncalled bet ($3) returned to kolaz03
kolaz03 collected $6 from pot
kolaz03: doesn't show hand
*** SUMMARY ***
Total pot $6 | Rake $0
Seat 1: hairy1961 (big blind) folded before Flop
Seat 2: kolaz03 (button) (small blind) collected ($6)


PokerStars Hand #144498691837:  Hold'em Limit ($3/$6 USD) - 2015/11/28 5:45:53 ET
Table 'Mahasim' 6-max Seat #1 is the button
Seat 1: hairy1961 ($61.59 in chips)
Seat 2: kolaz03 ($86.52 in chips)
hairy1961: posts small blind $1
kolaz03: posts big blind $3
*** HOLE CARDS ***
hairy1961: raises $3 to $6
kolaz03: calls $3
*** FLOP *** [Ac 9h 5c]
kolaz03: checks
hairy1961: bets $3
kolaz03: folds
Uncalled bet ($3) returned to hairy1961
hairy1961 collected $11.76 from pot
hairy1961: doesn't show hand
*** SUMMARY ***
Total pot $12 | Rake $0.24
Board [Ac 9h 5c]
Seat 1: hairy1961 (button) (small blind) collected ($11.76)
Seat 2: kolaz03 (big blind) folded on the Flop


