PokerStars Hand #160691983905:  Hold'em Limit ($3/$6 USD) - 2016/10/31 10:03:06 ET
Table 'Mahasim' 6-max Seat #2 is the button
Seat 2: andrey0709 ($82.18 in chips)
Seat 4: Zubasa07 ($500 in chips)
andrey0709: posts small blind $1
Zubasa07: posts big blind $3
*** HOLE CARDS ***
andrey0709: folds
Uncalled bet ($2) returned to Zubasa07
Zubasa07 collected $2 from pot
Zubasa07: doesn't show hand
*** SUMMARY ***
Total pot $2 | Rake $0
Seat 2: andrey0709 (button) (small blind) folded before Flop
Seat 4: Zubasa07 (big blind) collected ($2)


PokerStars Hand #160691988958:  Hold'em Limit ($3/$6 USD) - 2016/10/31 10:03:15 ET
Table 'Mahasim' 6-max Seat #4 is the button
Seat 2: andrey0709 ($81.18 in chips)
Seat 4: Zubasa07 ($501 in chips)
Zubasa07: posts small blind $1
andrey0709: posts big blind $3
*** HOLE CARDS ***
Zubasa07: raises $3 to $6
andrey0709: calls $3
*** FLOP *** [3h Td As]
andrey0709: checks
Zubasa07: bets $3
andrey0709: calls $3
*** TURN *** [3h Td As] [2d]
andrey0709: checks
Zubasa07: checks
*** RIVER *** [3h Td As 2d] [9c]
andrey0709: bets $6
Zubasa07: calls $6
*** SHOW DOWN ***
andrey0709: shows [Ad 4s] (a pair of Aces)
Zubasa07: mucks hand
andrey0709 collected $29.50 from pot
*** SUMMARY ***
Total pot $30 | Rake $0.50
Board [3h Td As 2d 9c]
Seat 2: andrey0709 (big blind) showed [Ad 4s] and won ($29.50) with a pair of Aces
Seat 4: Zubasa07 (button) (small blind) mucked


PokerStars Hand #160692007931:  Hold'em Limit ($3/$6 USD) - 2016/10/31 10:03:47 ET
Table 'Mahasim' 6-max Seat #2 is the button
Seat 2: andrey0709 ($95.68 in chips)
Seat 4: Zubasa07 ($486 in chips)
andrey0709: posts small blind $1
Zubasa07: posts big blind $3
*** HOLE CARDS ***
andrey0709: folds
Uncalled bet ($2) returned to Zubasa07
Zubasa07 collected $2 from pot
Zubasa07: doesn't show hand
*** SUMMARY ***
Total pot $2 | Rake $0
Seat 2: andrey0709 (button) (small blind) folded before Flop
Seat 4: Zubasa07 (big blind) collected ($2)


PokerStars Hand #160692023330:  Hold'em Limit ($3/$6 USD) - 2016/10/31 10:04:13 ET
Table 'Mahasim' 6-max Seat #2 is the button
Seat 2: andrey0709 ($91.68 in chips)
Seat 4: Zubasa07 ($490 in chips)
andrey0709: posts small blind $1
Zubasa07: posts big blind $3
*** HOLE CARDS ***
andrey0709: folds
Uncalled bet ($2) returned to Zubasa07
Zubasa07 collected $2 from pot
Zubasa07: doesn't show hand
*** SUMMARY ***
Total pot $2 | Rake $0
Seat 2: andrey0709 (button) (small blind) folded before Flop
Seat 4: Zubasa07 (big blind) collected ($2)


PokerStars Hand #160692015334:  Hold'em Limit ($3/$6 USD) - 2016/10/31 10:04:00 ET
Table 'Mahasim' 6-max Seat #4 is the button
Seat 2: andrey0709 ($94.68 in chips)
Seat 4: Zubasa07 ($487 in chips)
Zubasa07: posts small blind $1
andrey0709: posts big blind $3
*** HOLE CARDS ***
Zubasa07: raises $3 to $6
andrey0709: folds
Uncalled bet ($3) returned to Zubasa07
Zubasa07 collected $6 from pot
Zubasa07: doesn't show hand
*** SUMMARY ***
Total pot $6 | Rake $0
Seat 2: andrey0709 (big blind) folded before Flop
Seat 4: Zubasa07 (button) (small blind) collected ($6)


PokerStars Hand #160692025851:  Hold'em Limit ($3/$6 USD) - 2016/10/31 10:04:18 ET
Table 'Mahasim' 6-max Seat #4 is the button
Seat 2: andrey0709 ($90.68 in chips)
Seat 4: Zubasa07 ($491 in chips)
Zubasa07: posts small blind $1
andrey0709: posts big blind $3
*** HOLE CARDS ***
Zubasa07: raises $3 to $6
andrey0709: calls $3
*** FLOP *** [8s 2h 7c]
andrey0709: checks
Zubasa07: bets $3
andrey0709: calls $3
*** TURN *** [8s 2h 7c] [5d]
andrey0709: checks
Zubasa07: bets $6
andrey0709: raises $6 to $12
Zubasa07: calls $6
*** RIVER *** [8s 2h 7c 5d] [Jc]
andrey0709: bets $6
melyh82 joins the table at seat #3
Krazy90 joins the table at seat #5
Zubasa07: calls $6
*** SHOW DOWN ***
andrey0709: shows [7d 8d] (two pair, Eights and Sevens)
Zubasa07: shows [Jh 8h] (two pair, Jacks and Eights)
Zubasa07 collected $53.50 from pot
*** SUMMARY ***
Total pot $54 | Rake $0.50
Board [8s 2h 7c 5d Jc]
Seat 2: andrey0709 (big blind) showed [7d 8d] and lost with two pair, Eights and Sevens
Seat 4: Zubasa07 (button) (small blind) showed [Jh 8h] and won ($53.50) with two pair, Jacks and Eights


PokerStars Hand #160695780960:  Hold'em Limit ($3/$6 USD) - 2016/10/31 11:45:09 ET
Table 'Mahasim' 6-max Seat #3 is the button
Seat 1: Psynto ($75 in chips)
Seat 3: fire852181 ($63.06 in chips)
fire852181: posts small blind $1
Psynto: posts big blind $3
*** HOLE CARDS ***
fire852181: raises $3 to $6
Psynto: calls $3
*** FLOP *** [Ah 3c 7c]
Psynto: checks
fire852181: bets $3
Psynto: folds
Uncalled bet ($3) returned to fire852181
fire852181 collected $11.76 from pot
fire852181: doesn't show hand
*** SUMMARY ***
Total pot $12 | Rake $0.24
Board [Ah 3c 7c]
Seat 1: Psynto (big blind) folded on the Flop
Seat 3: fire852181 (button) (small blind) collected ($11.76)


PokerStars Hand #160695767523:  Hold'em Limit ($3/$6 USD) - 2016/10/31 11:44:49 ET
Table 'Mahasim' 6-max Seat #3 is the button
Seat 1: Psynto ($77.64 in chips)
Seat 3: fire852181 ($60.30 in chips)
fire852181: posts small blind $1
iskambil: is sitting out
Psynto: posts big blind $3
*** HOLE CARDS ***
fire852181: raises $3 to $6
Psynto: calls $3
*** FLOP *** [Ac Jh 7d]
Psynto: checks
fire852181: bets $3
Psynto: folds
Uncalled bet ($3) returned to fire852181
fire852181 collected $11.76 from pot
fire852181: doesn't show hand
*** SUMMARY ***
Total pot $12 | Rake $0.24
Board [Ac Jh 7d]
Seat 1: Psynto (big blind) folded on the Flop
Seat 3: fire852181 (button) (small blind) collected ($11.76)


PokerStars Hand #160695776640:  Hold'em Limit ($3/$6 USD) - 2016/10/31 11:45:02 ET
Table 'Mahasim' 6-max Seat #1 is the button
Seat 1: Psynto ($72 in chips)
Seat 3: fire852181 ($66.06 in chips)
Psynto: posts small blind $1
fire852181: posts big blind $3
*** HOLE CARDS ***
Psynto: raises $3 to $6
fire852181: folds
Uncalled bet ($3) returned to Psynto
Psynto collected $6 from pot
Psynto: doesn't show hand
*** SUMMARY ***
Total pot $6 | Rake $0
Seat 1: Psynto (button) (small blind) collected ($6)
Seat 3: fire852181 (big blind) folded before Flop


PokerStars Hand #160695828905:  Hold'em Limit ($3/$6 USD) - 2016/10/31 11:46:20 ET
Table 'Mahasim' 6-max Seat #3 is the button
Seat 1: Psynto ($72 in chips)
Seat 3: fire852181 ($100.60 in chips)
fire852181: posts small blind $1
Bueffel was removed from the table for failing to post
Psynto: posts big blind $3
*** HOLE CARDS ***
fire852181: raises $3 to $6
Psynto: calls $3
*** FLOP *** [8s 3d Jh]
Psynto: checks
fire852181: bets $3
Psynto: calls $3
*** TURN *** [8s 3d Jh] [3c]
Psynto: checks
fire852181: checks
*** RIVER *** [8s 3d Jh 3c] [7d]
Psynto: bets $6
fire852181: calls $6
*** SHOW DOWN ***
Psynto: shows [7s Qc] (two pair, Sevens and Threes)
fire852181: shows [8h 6h] (two pair, Eights and Threes)
fire852181 collected $29.50 from pot
*** SUMMARY ***
Total pot $30 | Rake $0.50
Board [8s 3d Jh 3c 7d]
Seat 1: Psynto (big blind) showed [7s Qc] and lost with two pair, Sevens and Threes
Seat 3: fire852181 (button) (small blind) showed [8h 6h] and won ($29.50) with two pair, Eights and Threes


PokerStars Hand #160695805667:  Hold'em Limit ($3/$6 USD) - 2016/10/31 11:45:45 ET
Table 'Mahasim' 6-max Seat #3 is the button
Seat 1: Psynto ($72 in chips)
Seat 3: fire852181 ($80.34 in chips)
fire852181: posts small blind $1
Psynto: posts big blind $3
*** HOLE CARDS ***
fire852181: raises $3 to $6
Psynto: calls $3
*** FLOP *** [2c 3h 9c]
Psynto: checks
fire852181: bets $3
Psynto: folds
Uncalled bet ($3) returned to fire852181
fire852181 collected $11.76 from pot
fire852181: doesn't show hand
*** SUMMARY ***
Total pot $12 | Rake $0.24
Board [2c 3h 9c]
Seat 1: Psynto (big blind) folded on the Flop
Seat 3: fire852181 (button) (small blind) collected ($11.76)


PokerStars Hand #160695789778:  Hold'em Limit ($3/$6 USD) - 2016/10/31 11:45:22 ET
Table 'Mahasim' 6-max Seat #1 is the button
Seat 1: Psynto ($72 in chips)
Seat 3: fire852181 ($68.82 in chips)
Psynto: posts small blind $1
fire852181: posts big blind $3
*** HOLE CARDS ***
Psynto: raises $3 to $6
fire852181: calls $3
*** FLOP *** [6h 8s Kd]
fire852181: checks
Psynto: bets $3
fire852181: raises $3 to $6
Psynto: calls $3
*** TURN *** [6h 8s Kd] [Qh]
fire852181: bets $6
Psynto: folds
Uncalled bet ($6) returned to fire852181
fire852181 collected $23.52 from pot
fire852181: doesn't show hand
*** SUMMARY ***
Total pot $24 | Rake $0.48
Board [6h 8s Kd Qh]
Seat 1: Psynto (button) (small blind) folded on the Turn
Seat 3: fire852181 (big blind) collected ($23.52)


PokerStars Hand #160695813951:  Hold'em Limit ($3/$6 USD) - 2016/10/31 11:45:57 ET
Table 'Mahasim' 6-max Seat #1 is the button
Seat 1: Psynto ($72 in chips)
Seat 3: fire852181 ($86.10 in chips)
Psynto: posts small blind $1
fire852181: posts big blind $3
*** HOLE CARDS ***
Psynto: raises $3 to $6
fire852181: calls $3
*** FLOP *** [8h Th 5s]
fire852181: checks
Psynto: bets $3
fire852181: calls $3
*** TURN *** [8h Th 5s] [As]
fire852181: checks
Psynto: checks
*** RIVER *** [8h Th 5s As] [Jh]
fire852181: bets $6
Psynto: calls $6
*** SHOW DOWN ***
fire852181: shows [9h Jd] (a pair of Jacks)
Psynto: mucks hand
fire852181 collected $29.50 from pot
*** SUMMARY ***
Total pot $30 | Rake $0.50
Board [8h Th 5s As Jh]
Seat 1: Psynto (button) (small blind) mucked
Seat 3: fire852181 (big blind) showed [9h Jd] and won ($29.50) with a pair of Jacks


PokerStars Hand #160695840979:  Hold'em Limit ($3/$6 USD) - 2016/10/31 11:46:37 ET
Table 'Mahasim' 6-max Seat #1 is the button
Seat 1: Psynto ($72 in chips)
Seat 3: fire852181 ($115.10 in chips)
Psynto: posts small blind $1
SLK500 was removed from the table for failing to post
fire852181: posts big blind $3
*** HOLE CARDS ***
Psynto: raises $3 to $6
fire852181: calls $3
*** FLOP *** [9c 8s Qh]
SLK500 joins the table at seat #2
fire852181: checks
Psynto: bets $3
fire852181: folds
Uncalled bet ($3) returned to Psynto
Psynto collected $11.76 from pot
Psynto: doesn't show hand
*** SUMMARY ***
Total pot $12 | Rake $0.24
Board [9c 8s Qh]
Seat 1: Psynto (button) (small blind) collected ($11.76)
Seat 3: fire852181 (big blind) folded on the Flop


PokerStars Hand #160695849886:  Hold'em Limit ($3/$6 USD) - 2016/10/31 11:46:51 ET
Table 'Mahasim' 6-max Seat #3 is the button
Seat 1: Psynto ($77.76 in chips)
Seat 3: fire852181 ($109.10 in chips)
fire852181: posts small blind $1
Psynto: posts big blind $3
*** HOLE CARDS ***
fire852181: raises $3 to $6
Psynto: calls $3
*** FLOP *** [As 5c 4s]
Psynto: checks
fire852181: bets $3
Psynto: calls $3
*** TURN *** [As 5c 4s] [Kc]
Psynto: checks
fire852181: checks
*** RIVER *** [As 5c 4s Kc] [5d]
Psynto: bets $6
fire852181: calls $6
*** SHOW DOWN ***
Psynto: shows [2s Kd] (two pair, Kings and Fives)
fire852181: mucks hand
Psynto collected $29.50 from pot
*** SUMMARY ***
Total pot $30 | Rake $0.50
Board [As 5c 4s Kc 5d]
Seat 1: Psynto (big blind) showed [2s Kd] and won ($29.50) with two pair, Kings and Fives
Seat 3: fire852181 (button) (small blind) mucked


PokerStars Hand #160695984246:  Hold'em Limit ($3/$6 USD) - 2016/10/31 11:50:10 ET
Table 'Mahasim' 6-max Seat #1 is the button
Seat 1: Psynto ($72 in chips)
Seat 3: fire852181 ($93.90 in chips)
Psynto: posts small blind $1
SLK500: is sitting out
fire852181: posts big blind $3
*** HOLE CARDS ***
Psynto: raises $3 to $6
SLK500 leaves the table
fire852181: calls $3
*** FLOP *** [Ah 9h 7c]
fire852181: checks
Psynto: bets $3
fire852181: raises $3 to $6
Psynto: calls $3
*** TURN *** [Ah 9h 7c] [Ts]
fire852181: bets $6
Psynto: raises $6 to $12
fire852181: folds
Uncalled bet ($6) returned to Psynto
Psynto collected $35.50 from pot
Psynto: doesn't show hand
*** SUMMARY ***
Total pot $36 | Rake $0.50
Board [Ah 9h 7c Ts]
Seat 1: Psynto (button) (small blind) collected ($35.50)
Seat 3: fire852181 (big blind) folded on the Turn


PokerStars Hand #160696022959:  Hold'em Limit ($3/$6 USD) - 2016/10/31 11:51:07 ET
Table 'Mahasim' 6-max Seat #3 is the button
Seat 1: Psynto ($115.76 in chips)
Seat 3: fire852181 ($48.90 in chips)
fire852181: posts small blind $1
Psynto: posts big blind $3
*** HOLE CARDS ***
fire852181: raises $3 to $6
Psynto: raises $3 to $9
fire852181: calls $3
*** FLOP *** [9c Ks 7h]
Psynto: bets $3
fire852181: calls $3
*** TURN *** [9c Ks 7h] [2c]
Psynto: bets $6
fire852181: raises $6 to $12
Psynto: calls $6
*** RIVER *** [9c Ks 7h 2c] [5h]
Psynto: checks
fire852181: bets $6
Psynto: calls $6
*** SHOW DOWN ***
fire852181: shows [Kc 6c] (a pair of Kings)
Psynto: shows [Kd Qc] (a pair of Kings - Queen kicker)
Psynto collected $59.50 from pot
*** SUMMARY ***
Total pot $60 | Rake $0.50
Board [9c Ks 7h 2c 5h]
Seat 1: Psynto (big blind) showed [Kd Qc] and won ($59.50) with a pair of Kings
Seat 3: fire852181 (button) (small blind) showed [Kc 6c] and lost with a pair of Kings


PokerStars Hand #160696010586:  Hold'em Limit ($3/$6 USD) - 2016/10/31 11:50:49 ET
Table 'Mahasim' 6-max Seat #1 is the button
Seat 1: Psynto ($110 in chips)
Seat 3: fire852181 ($54.90 in chips)
Psynto: posts small blind $1
fire852181: posts big blind $3
*** HOLE CARDS ***
Psynto: raises $3 to $6
fire852181: calls $3
*** FLOP *** [Ks Kc 6c]
fire852181: checks
Psynto: bets $3
fire852181: folds
Uncalled bet ($3) returned to Psynto
Psynto collected $11.76 from pot
Psynto: doesn't show hand
*** SUMMARY ***
Total pot $12 | Rake $0.24
Board [Ks Kc 6c]
Seat 1: Psynto (button) (small blind) collected ($11.76)
Seat 3: fire852181 (big blind) folded on the Flop


PokerStars Hand #160695997268:  Hold'em Limit ($3/$6 USD) - 2016/10/31 11:50:29 ET
Table 'Mahasim' 6-max Seat #3 is the button
Seat 1: Psynto ($89.50 in chips)
Seat 3: fire852181 ($75.90 in chips)
fire852181: posts small blind $1
iskambil leaves the table
Psynto: posts big blind $3
*** HOLE CARDS ***
fire852181: raises $3 to $6
Psynto: calls $3
*** FLOP *** [Ks 2s Ad]
Psynto: checks
fire852181: bets $3
Psynto: calls $3
*** TURN *** [Ks 2s Ad] [7h]
Psynto: checks
fire852181: checks
*** RIVER *** [Ks 2s Ad 7h] [Qd]
Psynto: bets $6
fire852181: raises $6 to $12
Psynto: calls $6
*** SHOW DOWN ***
fire852181: shows [Kc Qh] (two pair, Kings and Queens)
Psynto: shows [7d As] (two pair, Aces and Sevens)
Psynto collected $41.50 from pot
*** SUMMARY ***
Total pot $42 | Rake $0.50
Board [Ks 2s Ad 7h Qd]
Seat 1: Psynto (big blind) showed [7d As] and won ($41.50) with two pair, Aces and Sevens
Seat 3: fire852181 (button) (small blind) showed [Kc Qh] and lost with two pair, Kings and Queens


PokerStars Hand #160696045173:  Hold'em Limit ($3/$6 USD) - 2016/10/31 11:51:40 ET
Table 'Mahasim' 6-max Seat #3 is the button
Seat 1: Psynto ($144.26 in chips)
Seat 3: fire852181 ($219.90 in chips)
fire852181: posts small blind $1
Psynto: posts big blind $3
*** HOLE CARDS ***
fire852181: folds
Uncalled bet ($2) returned to Psynto
Psynto collected $2 from pot
Psynto: doesn't show hand
*** SUMMARY ***
Total pot $2 | Rake $0
Seat 1: Psynto (big blind) collected ($2)
Seat 3: fire852181 (button) (small blind) folded before Flop


PokerStars Hand #160696040850:  Hold'em Limit ($3/$6 USD) - 2016/10/31 11:51:34 ET
Table 'Mahasim' 6-max Seat #1 is the button
Seat 1: Psynto ($145.26 in chips)
Seat 3: fire852181 ($18.90 in chips)
Psynto: posts small blind $1
fire852181: posts big blind $3
*** HOLE CARDS ***
Psynto: folds
Uncalled bet ($2) returned to fire852181
fire852181 collected $2 from pot
fire852181: doesn't show hand
*** SUMMARY ***
Total pot $2 | Rake $0
Seat 1: Psynto (button) (small blind) folded before Flop
Seat 3: fire852181 (big blind) collected ($2)


PokerStars Hand #160696048935:  Hold'em Limit ($3/$6 USD) - 2016/10/31 11:51:46 ET
Table 'Mahasim' 6-max Seat #1 is the button
Seat 1: Psynto ($145.26 in chips)
Seat 3: fire852181 ($218.90 in chips)
Psynto: posts small blind $1
fire852181: posts big blind $3
*** HOLE CARDS ***
Psynto: raises $3 to $6
fire852181: folds
Uncalled bet ($3) returned to Psynto
Psynto collected $6 from pot
Psynto: doesn't show hand
*** SUMMARY ***
Total pot $6 | Rake $0
Seat 1: Psynto (button) (small blind) collected ($6)
Seat 3: fire852181 (big blind) folded before Flop


PokerStars Hand #160696062674:  Hold'em Limit ($3/$6 USD) - 2016/10/31 11:52:06 ET
Table 'Mahasim' 6-max Seat #3 is the button
Seat 1: Psynto ($152.26 in chips)
Seat 3: fire852181 ($211.90 in chips)
fire852181: posts small blind $1
Psynto: posts big blind $3
*** HOLE CARDS ***
fire852181: raises $3 to $6
Psynto: calls $3
*** FLOP *** [Qh Qs 8h]
Psynto: checks
fire852181: checks
*** TURN *** [Qh Qs 8h] [Ah]
Psynto: checks
fire852181: checks
*** RIVER *** [Qh Qs 8h Ah] [4d]
Psynto: checks
fire852181: bets $6
Psynto: calls $6
*** SHOW DOWN ***
fire852181: shows [4c 9c] (two pair, Queens and Fours)
Psynto: mucks hand
fire852181 collected $23.52 from pot
*** SUMMARY ***
Total pot $24 | Rake $0.48
Board [Qh Qs 8h Ah 4d]
Seat 1: Psynto (big blind) mucked
Seat 3: fire852181 (button) (small blind) showed [4c 9c] and won ($23.52) with two pair, Queens and Fours


PokerStars Hand #160696053647:  Hold'em Limit ($3/$6 USD) - 2016/10/31 11:51:53 ET
Table 'Mahasim' 6-max Seat #3 is the button
Seat 1: Psynto ($148.26 in chips)
Seat 3: fire852181 ($215.90 in chips)
fire852181: posts small blind $1
Psynto: posts big blind $3
*** HOLE CARDS ***
fire852181: folds
Uncalled bet ($2) returned to Psynto
Psynto collected $2 from pot
Psynto: doesn't show hand
*** SUMMARY ***
Total pot $2 | Rake $0
Seat 1: Psynto (big blind) collected ($2)
Seat 3: fire852181 (button) (small blind) folded before Flop


PokerStars Hand #160696096578:  Hold'em Limit ($3/$6 USD) - 2016/10/31 11:52:56 ET
Table 'Mahasim' 6-max Seat #3 is the button
Seat 1: Psynto ($146.02 in chips)
Seat 3: fire852181 ($217.42 in chips)
fire852181: posts small blind $1
Psynto: posts big blind $3
*** HOLE CARDS ***
fire852181: raises $3 to $6
Psynto: calls $3
*** FLOP *** [Qh Kd 2c]
Psynto: checks
fire852181: bets $3
Psynto: raises $3 to $6
fire852181: raises $3 to $9
Psynto: calls $3
*** TURN *** [Qh Kd 2c] [7c]
Psynto: checks
fire852181: checks
*** RIVER *** [Qh Kd 2c 7c] [Td]
Psynto: bets $6
fire852181: calls $6
*** SHOW DOWN ***
Psynto: shows [9d 6d] (high card King)
fire852181: shows [Qd 8c] (a pair of Queens)
fire852181 collected $41.50 from pot
*** SUMMARY ***
Total pot $42 | Rake $0.50
Board [Qh Kd 2c 7c Td]
Seat 1: Psynto (big blind) showed [9d 6d] and lost with high card King
Seat 3: fire852181 (button) (small blind) showed [Qd 8c] and won ($41.50) with a pair of Queens


PokerStars Hand #160696081196:  Hold'em Limit ($3/$6 USD) - 2016/10/31 11:52:33 ET
Table 'Mahasim' 6-max Seat #1 is the button
Seat 1: Psynto ($140.26 in chips)
Seat 3: fire852181 ($223.42 in chips)
Psynto: posts small blind $1
fire852181: posts big blind $3
*** HOLE CARDS ***
Psynto: raises $3 to $6
fire852181: calls $3
*** FLOP *** [Kc 4d Tc]
fire852181: checks
Psynto: bets $3
fire852181: folds
Uncalled bet ($3) returned to Psynto
Psynto collected $11.76 from pot
Psynto: doesn't show hand
*** SUMMARY ***
Total pot $12 | Rake $0.24
Board [Kc 4d Tc]
Seat 1: Psynto (button) (small blind) collected ($11.76)
Seat 3: fire852181 (big blind) folded on the Flop


PokerStars Hand #160696126694:  Hold'em Limit ($3/$6 USD) - 2016/10/31 11:53:41 ET
Table 'Mahasim' 6-max Seat #1 is the button
Seat 1: Psynto ($136.66 in chips)
Seat 3: fire852181 ($225.92 in chips)
Psynto: posts small blind $1
fire852181: posts big blind $3
*** HOLE CARDS ***
Psynto: raises $3 to $6
fire852181: calls $3
*** FLOP *** [9d 5s 6c]
fire852181: checks
Psynto: checks
*** TURN *** [9d 5s 6c] [Td]
fire852181: checks
Psynto: checks
*** RIVER *** [9d 5s 6c Td] [Ts]
fire852181: bets $6
Psynto: calls $6
*** SHOW DOWN ***
fire852181: shows [7h 9h] (two pair, Tens and Nines)
Psynto: mucks hand
fire852181 collected $23.52 from pot
*** SUMMARY ***
Total pot $24 | Rake $0.48
Board [9d 5s 6c Td Ts]
Seat 1: Psynto (button) (small blind) mucked
Seat 3: fire852181 (big blind) showed [7h 9h] and won ($23.52) with two pair, Tens and Nines


PokerStars Hand #160696116767:  Hold'em Limit ($3/$6 USD) - 2016/10/31 11:53:26 ET
Table 'Mahasim' 6-max Seat #3 is the button
Seat 1: Psynto ($128.02 in chips)
Seat 3: fire852181 ($234.92 in chips)
fire852181: posts small blind $1
Psynto: posts big blind $3
*** HOLE CARDS ***
fire852181: raises $3 to $6
Psynto: raises $3 to $9
fire852181: calls $3
*** FLOP *** [Kc 9s 2s]
Psynto: bets $3
fire852181: folds
Uncalled bet ($3) returned to Psynto
Psynto collected $17.64 from pot
Psynto: doesn't show hand
*** SUMMARY ***
Total pot $18 | Rake $0.36
Board [Kc 9s 2s]
Seat 1: Psynto (big blind) collected ($17.64)
Seat 3: fire852181 (button) (small blind) folded on the Flop


PokerStars Hand #160696140350:  Hold'em Limit ($3/$6 USD) - 2016/10/31 11:54:01 ET
Table 'Mahasim' 6-max Seat #3 is the button
Seat 1: Psynto ($124.66 in chips)
Seat 3: fire852181 ($237.44 in chips)
fire852181: posts small blind $1
Psynto: posts big blind $3
*** HOLE CARDS ***
fire852181: raises $3 to $6
Psynto: calls $3
*** FLOP *** [5c Ad Qd]
Psynto: checks
fire852181: bets $3
Psynto: calls $3
*** TURN *** [5c Ad Qd] [2d]
Psynto: checks
fire852181: checks
*** RIVER *** [5c Ad Qd 2d] [Qs]
Psynto: checks
fire852181: bets $6
Psynto: calls $6
*** SHOW DOWN ***
fire852181: shows [Qc 7s] (three of a kind, Queens)
Psynto: mucks hand
fire852181 collected $29.50 from pot
*** SUMMARY ***
Total pot $30 | Rake $0.50
Board [5c Ad Qd 2d Qs]
Seat 1: Psynto (big blind) mucked
Seat 3: fire852181 (button) (small blind) showed [Qc 7s] and won ($29.50) with three of a kind, Queens


PokerStars Hand #160696160960:  Hold'em Limit ($3/$6 USD) - 2016/10/31 11:54:32 ET
Table 'Mahasim' 6-max Seat #1 is the button
Seat 1: Psynto ($109.66 in chips)
Seat 3: fire852181 ($251.94 in chips)
Psynto: posts small blind $1
fire852181: posts big blind $3
*** HOLE CARDS ***
Psynto: raises $3 to $6
fire852181: calls $3
*** FLOP *** [3d 4h Qh]
fire852181: checks
Psynto: bets $3
fire852181: calls $3
*** TURN *** [3d 4h Qh] [Js]
fire852181: checks
Psynto: bets $6
fire852181: calls $6
*** RIVER *** [3d 4h Qh Js] [2s]
fire852181: checks
Psynto: bets $6
fire852181: folds
Uncalled bet ($6) returned to Psynto
Psynto collected $29.50 from pot
Psynto: doesn't show hand
*** SUMMARY ***
Total pot $30 | Rake $0.50
Board [3d 4h Qh Js 2s]
Seat 1: Psynto (button) (small blind) collected ($29.50)
Seat 3: fire852181 (big blind) folded on the River


PokerStars Hand #160696180034:  Hold'em Limit ($3/$6 USD) - 2016/10/31 11:55:00 ET
Table 'Mahasim' 6-max Seat #3 is the button
Seat 1: Psynto ($124.16 in chips)
Seat 3: fire852181 ($236.94 in chips)
fire852181: posts small blind $1
Psynto: posts big blind $3
*** HOLE CARDS ***
fire852181: raises $3 to $6
Psynto: calls $3
*** FLOP *** [2d 9d 3h]
Psynto: checks
fire852181: bets $3
Psynto: calls $3
*** TURN *** [2d 9d 3h] [Jd]
Psynto: checks
fire852181: bets $6
Psynto: folds
Uncalled bet ($6) returned to fire852181
fire852181 collected $17.64 from pot
fire852181: doesn't show hand
*** SUMMARY ***
Total pot $18 | Rake $0.36
Board [2d 9d 3h Jd]
Seat 1: Psynto (big blind) folded on the Turn
Seat 3: fire852181 (button) (small blind) collected ($17.64)


PokerStars Hand #160696192834:  Hold'em Limit ($3/$6 USD) - 2016/10/31 11:55:20 ET
Table 'Mahasim' 6-max Seat #3 is the button
Seat 1: Psynto ($114.16 in chips)
Seat 3: fire852181 ($246.58 in chips)
fire852181: posts small blind $1
Psynto: posts big blind $3
*** HOLE CARDS ***
fire852181: raises $3 to $6
Psynto: calls $3
*** FLOP *** [2d Jc 5h]
Psynto: checks
fire852181: bets $3
Psynto: folds
Uncalled bet ($3) returned to fire852181
fire852181 collected $11.76 from pot
fire852181: doesn't show hand
*** SUMMARY ***
Total pot $12 | Rake $0.24
Board [2d Jc 5h]
Seat 1: Psynto (big blind) folded on the Flop
Seat 3: fire852181 (button) (small blind) collected ($11.76)


PokerStars Hand #160696190097:  Hold'em Limit ($3/$6 USD) - 2016/10/31 11:55:15 ET
Table 'Mahasim' 6-max Seat #1 is the button
Seat 1: Psynto ($115.16 in chips)
Seat 3: fire852181 ($245.58 in chips)
Psynto: posts small blind $1
fire852181: posts big blind $3
*** HOLE CARDS ***
Psynto: folds
Uncalled bet ($2) returned to fire852181
fire852181 collected $2 from pot
fire852181: doesn't show hand
*** SUMMARY ***
Total pot $2 | Rake $0
Seat 1: Psynto (button) (small blind) folded before Flop
Seat 3: fire852181 (big blind) collected ($2)


PokerStars Hand #160696204542:  Hold'em Limit ($3/$6 USD) - 2016/10/31 11:55:40 ET
Table 'Mahasim' 6-max Seat #3 is the button
Seat 1: Psynto ($111.16 in chips)
Seat 3: fire852181 ($249.34 in chips)
fire852181: posts small blind $1
Psynto: posts big blind $3
*** HOLE CARDS ***
fire852181: folds
Uncalled bet ($2) returned to Psynto
Psynto collected $2 from pot
Psynto: doesn't show hand
*** SUMMARY ***
Total pot $2 | Rake $0
Seat 1: Psynto (big blind) collected ($2)
Seat 3: fire852181 (button) (small blind) folded before Flop


PokerStars Hand #160696207973:  Hold'em Limit ($3/$6 USD) - 2016/10/31 11:55:46 ET
Table 'Mahasim' 6-max Seat #1 is the button
Seat 1: Psynto ($112.16 in chips)
Seat 3: fire852181 ($248.34 in chips)
Psynto: posts small blind $1
fire852181: posts big blind $3
*** HOLE CARDS ***
Psynto: raises $3 to $6
fire852181: calls $3
*** FLOP *** [5s 4s 6c]
fire852181: checks
Psynto: bets $3
fire852181: calls $3
*** TURN *** [5s 4s 6c] [Qs]
fire852181: checks
Psynto: checks
*** RIVER *** [5s 4s 6c Qs] [8s]
fire852181: bets $6
Psynto: calls $6
*** SHOW DOWN ***
fire852181: shows [Jc Ts] (a flush, Queen high)
Psynto: mucks hand
fire852181 collected $29.50 from pot
*** SUMMARY ***
Total pot $30 | Rake $0.50
Board [5s 4s 6c Qs 8s]
Seat 1: Psynto (button) (small blind) mucked
Seat 3: fire852181 (big blind) showed [Jc Ts] and won ($29.50) with a flush, Queen high


PokerStars Hand #160696223177:  Hold'em Limit ($3/$6 USD) - 2016/10/31 11:56:12 ET
Table 'Mahasim' 6-max Seat #3 is the button
Seat 1: Psynto ($97.16 in chips)
Seat 3: fire852181 ($262.84 in chips)
fire852181: posts small blind $1
Psynto: posts big blind $3
*** HOLE CARDS ***
fire852181: folds
Uncalled bet ($2) returned to Psynto
Psynto collected $2 from pot
Psynto: doesn't show hand
*** SUMMARY ***
Total pot $2 | Rake $0
Seat 1: Psynto (big blind) collected ($2)
Seat 3: fire852181 (button) (small blind) folded before Flop


PokerStars Hand #160696227019:  Hold'em Limit ($3/$6 USD) - 2016/10/31 11:56:19 ET
Table 'Mahasim' 6-max Seat #1 is the button
Seat 1: Psynto ($98.16 in chips)
Seat 3: fire852181 ($261.84 in chips)
Psynto: posts small blind $1
fire852181: posts big blind $3
*** HOLE CARDS ***
Psynto: raises $3 to $6
fire852181: calls $3
*** FLOP *** [8d 2c 5c]
fire852181: checks
Psynto: bets $3
fire852181: folds
Uncalled bet ($3) returned to Psynto
Psynto collected $11.76 from pot
Psynto: doesn't show hand
*** SUMMARY ***
Total pot $12 | Rake $0.24
Board [8d 2c 5c]
Seat 1: Psynto (button) (small blind) collected ($11.76)
Seat 3: fire852181 (big blind) folded on the Flop


PokerStars Hand #160696240204:  Hold'em Limit ($3/$6 USD) - 2016/10/31 11:56:41 ET
Table 'Mahasim' 6-max Seat #1 is the button
Seat 1: Psynto ($104.92 in chips)
Seat 3: fire852181 ($254.84 in chips)
Psynto: posts small blind $1
fire852181: posts big blind $3
*** HOLE CARDS ***
Psynto: raises $3 to $6
fire852181: calls $3
*** FLOP *** [7c 6d 9h]
fire852181: checks
Psynto: bets $3
fire852181: raises $3 to $6
Psynto: calls $3
*** TURN *** [7c 6d 9h] [Kh]
fire852181: checks
wojkam9091 joins the table at seat #2
Psynto: bets $6
fire852181: calls $6
*** RIVER *** [7c 6d 9h Kh] [8d]
fire852181: bets $6
Psynto: calls $6
*** SHOW DOWN ***
fire852181: shows [8s 6h] (two pair, Eights and Sixes)
Psynto: mucks hand
fire852181 collected $47.50 from pot
*** SUMMARY ***
Total pot $48 | Rake $0.50
Board [7c 6d 9h Kh 8d]
Seat 1: Psynto (button) (small blind) mucked
Seat 3: fire852181 (big blind) showed [8s 6h] and won ($47.50) with two pair, Eights and Sixes


PokerStars Hand #160696236540:  Hold'em Limit ($3/$6 USD) - 2016/10/31 11:56:35 ET
Table 'Mahasim' 6-max Seat #3 is the button
Seat 1: Psynto ($103.92 in chips)
Seat 3: fire852181 ($255.84 in chips)
fire852181: posts small blind $1
Psynto: posts big blind $3
*** HOLE CARDS ***
fire852181: folds
Uncalled bet ($2) returned to Psynto
Psynto collected $2 from pot
Psynto: doesn't show hand
*** SUMMARY ***
Total pot $2 | Rake $0
Seat 1: Psynto (big blind) collected ($2)
Seat 3: fire852181 (button) (small blind) folded before Flop


PokerStars Hand #160696259089:  Hold'em Limit ($3/$6 USD) - 2016/10/31 11:57:14 ET
Table 'Mahasim' 6-max Seat #3 is the button
Seat 1: Psynto ($80.92 in chips)
Seat 3: fire852181 ($278.34 in chips)
fire852181: posts small blind $1
Psynto: posts big blind $3
*** HOLE CARDS ***
fire852181: raises $3 to $6
Psynto: calls $3
*** FLOP *** [9d As 4c]
Psynto: checks
fire852181: bets $3
Psynto: calls $3
*** TURN *** [9d As 4c] [Ac]
Psynto: checks
fire852181: bets $6
Psynto: calls $6
*** RIVER *** [9d As 4c Ac] [Ts]
Psynto: checks
fire852181: checks
*** SHOW DOWN ***
Psynto: shows [4h Qs] (two pair, Aces and Fours)
fire852181: shows [9h Td] (two pair, Aces and Tens)
fire852181 collected $29.50 from pot
*** SUMMARY ***
Total pot $30 | Rake $0.50
Board [9d As 4c Ac Ts]
Seat 1: Psynto (big blind) showed [4h Qs] and lost with two pair, Aces and Fours
Seat 3: fire852181 (button) (small blind) showed [9h Td] and won ($29.50) with two pair, Aces and Tens


PokerStars Hand #160700728584:  Hold'em Limit ($3/$6 USD) - 2016/10/31 13:38:15 ET
Table 'Mahasim' 6-max Seat #5 is the button
Seat 5: Kajind ($132.48 in chips)
Seat 6: pianopoker ($118.24 in chips)
Kajind: posts small blind $1
pianopoker: posts big blind $3
*** HOLE CARDS ***
Kajind: raises $3 to $6
pianopoker: calls $3
*** FLOP *** [Jh 6s 8h]
pianopoker: checks
Kajind: bets $3
pianopoker: folds
Uncalled bet ($3) returned to Kajind
Kajind collected $11.76 from pot
Kajind: doesn't show hand
*** SUMMARY ***
Total pot $12 | Rake $0.24
Board [Jh 6s 8h]
Seat 5: Kajind (button) (small blind) collected ($11.76)
Seat 6: pianopoker (big blind) folded on the Flop


PokerStars Hand #160700742599:  Hold'em Limit ($3/$6 USD) - 2016/10/31 13:38:32 ET
Table 'Mahasim' 6-max Seat #6 is the button
Seat 5: Kajind ($138.24 in chips)
Seat 6: pianopoker ($112.24 in chips)
pianopoker: posts small blind $1
Kajind: posts big blind $3
*** HOLE CARDS ***
pianopoker: folds
Uncalled bet ($2) returned to Kajind
pianopoker leaves the table
Kajind collected $2 from pot
Kajind: doesn't show hand
*** SUMMARY ***
Total pot $2 | Rake $0
Seat 5: Kajind (big blind) collected ($2)
Seat 6: pianopoker (button) (small blind) folded before Flop


