PokerStars Hand #168710690263:  Hold'em Limit ($3/$6 USD) - 2017/04/07 13:48:01 ET
Table 'Mahasim' 6-max Seat #3 is the button
Seat 3: minigus575 ($120 in chips)
Seat 4: MTails ($120 in chips)
minigus575: posts small blind $1
MTails: posts big blind $3
*** HOLE CARDS ***
minigus575: raises $3 to $6
MTails: calls $3
*** FLOP *** [2h Kc 9c]
Whatze Phuck joins the table at seat #5
MTails: checks
minigus575: bets $3
MTails: raises $3 to $6
minigus575: folds
Uncalled bet ($3) returned to MTails
MTails collected $17.64 from pot
*** SUMMARY ***
Total pot $18 | Rake $0.36
Board [2h Kc 9c]
Seat 3: minigus575 (button) (small blind) folded on the Flop
Seat 4: MTails (big blind) collected ($17.64)


PokerStars Hand #168710722845:  Hold'em Limit ($3/$6 USD) - 2017/04/07 13:48:45 ET
Table 'Mahasim' 6-max Seat #3 is the button
Seat 3: minigus575 ($100 in chips)
Seat 5: Whatze Phuck ($131.25 in chips)
minigus575: posts small blind $1
MTails: is sitting out
Whatze Phuck: posts big blind $3
*** HOLE CARDS ***
minigus575: folds
Uncalled bet ($2) returned to Whatze Phuck
Whatze Phuck collected $2 from pot
Whatze Phuck: doesn't show hand
*** SUMMARY ***
Total pot $2 | Rake $0
Seat 3: minigus575 (button) (small blind) folded before Flop
Seat 5: Whatze Phuck (big blind) collected ($2)


PokerStars Hand #168710727266:  Hold'em Limit ($3/$6 USD) - 2017/04/07 13:48:51 ET
Table 'Mahasim' 6-max Seat #5 is the button
Seat 3: minigus575 ($99 in chips)
Seat 5: Whatze Phuck ($132.25 in chips)
Whatze Phuck: posts small blind $1
minigus575: posts big blind $3
*** HOLE CARDS ***
Whatze Phuck: raises $3 to $6
minigus575: raises $3 to $9
Whatze Phuck: calls $3
*** FLOP *** [Ac Qc 5s]
minigus575: bets $3
Whatze Phuck: calls $3
*** TURN *** [Ac Qc 5s] [4d]
minigus575: bets $6
Whatze Phuck: calls $6
*** RIVER *** [Ac Qc 5s 4d] [Js]
AzureCaper joins the table at seat #2
minigus575: checks
Whatze Phuck: bets $6
minigus575: folds
Uncalled bet ($6) returned to Whatze Phuck
Whatze Phuck collected $35.50 from pot
Whatze Phuck: doesn't show hand
*** SUMMARY ***
Total pot $36 | Rake $0.50
Board [Ac Qc 5s 4d Js]
Seat 3: minigus575 (big blind) folded on the River
Seat 5: Whatze Phuck (button) (small blind) collected ($35.50)


PokerStars Hand #168710741536:  Hold'em Limit ($3/$6 USD) - 2017/04/07 13:49:10 ET
Table 'Mahasim' 6-max Seat #3 is the button
Seat 3: minigus575 ($81 in chips)
Seat 5: Whatze Phuck ($149.75 in chips)
minigus575: posts small blind $1
Whatze Phuck: posts big blind $3
*** HOLE CARDS ***
minigus575: raises $3 to $6
Whatze Phuck: calls $3
*** FLOP *** [8d Qh Kh]
Whatze Phuck: checks
minigus575: bets $3
Whatze Phuck: calls $3
*** TURN *** [8d Qh Kh] [5d]
Whatze Phuck: checks
minigus575: bets $6
Whatze Phuck: folds
Uncalled bet ($6) returned to minigus575
minigus575 collected $17.64 from pot
minigus575: doesn't show hand
*** SUMMARY ***
Total pot $18 | Rake $0.36
Board [8d Qh Kh 5d]
Seat 3: minigus575 (button) (small blind) collected ($17.64)
Seat 5: Whatze Phuck (big blind) folded on the Turn


