PokerStars Hand #154466087861:  Hold'em Limit ($3/$6 USD) - 2016/06/08 13:01:01 ET
Table 'Maia III' 6-max Seat #3 is the button
Seat 3: NiktheDon ($35 in chips)
Seat 4: Agrotait ($72 in chips)
NiktheDon: posts small blind $1
Agrotait: posts big blind $3
*** HOLE CARDS ***
NiktheDon: folds
Uncalled bet ($2) returned to Agrotait
Agrotait collected $2 from pot
Agrotait: doesn't show hand
*** SUMMARY ***
Total pot $2 | Rake $0
Seat 3: NiktheDon (button) (small blind) folded before Flop
Seat 4: Agrotait (big blind) collected ($2)


PokerStars Hand #154466113236:  Hold'em Limit ($3/$6 USD) - 2016/06/08 13:01:39 ET
Table 'Maia III' 6-max Seat #4 is the button
Seat 3: NiktheDon ($27 in chips)
Seat 4: Agrotait ($79.76 in chips)
Agrotait: posts small blind $1
NiktheDon: posts big blind $3
*** HOLE CARDS ***
Agrotait: raises $3 to $6
NiktheDon: raises $3 to $9
Agrotait: calls $3
*** FLOP *** [9d Td 5c]
NiktheDon: bets $3
Agrotait: raises $3 to $6
NiktheDon: calls $3
*** TURN *** [9d Td 5c] [Jh]
NiktheDon: bets $6
Agrotait: raises $6 to $12
NiktheDon: calls $6 and is all-in
*** RIVER *** [9d Td 5c Jh] [2d]
Butifara4416 joins the table at seat #5
*** SHOW DOWN ***
NiktheDon: shows [Qd Jc] (a pair of Jacks)
Agrotait: shows [5d 9h] (two pair, Nines and Fives)
Agrotait collected $53.50 from pot
*** SUMMARY ***
Total pot $54 | Rake $0.50
Board [9d Td 5c Jh 2d]
Seat 3: NiktheDon (big blind) showed [Qd Jc] and lost with a pair of Jacks
Seat 4: Agrotait (button) (small blind) showed [5d 9h] and won ($53.50) with two pair, Nines and Fives


PokerStars Hand #154466109988:  Hold'em Limit ($3/$6 USD) - 2016/06/08 13:01:34 ET
Table 'Maia III' 6-max Seat #3 is the button
Seat 3: NiktheDon ($28 in chips)
Seat 4: Agrotait ($78.76 in chips)
NiktheDon: posts small blind $1
Agrotait: posts big blind $3
*** HOLE CARDS ***
NiktheDon: folds
Uncalled bet ($2) returned to Agrotait
Agrotait collected $2 from pot
Agrotait: doesn't show hand
*** SUMMARY ***
Total pot $2 | Rake $0
Seat 3: NiktheDon (button) (small blind) folded before Flop
Seat 4: Agrotait (big blind) collected ($2)


PokerStars Hand #154466093251:  Hold'em Limit ($3/$6 USD) - 2016/06/08 13:01:10 ET
Table 'Maia III' 6-max Seat #4 is the button
Seat 3: NiktheDon ($34 in chips)
Seat 4: Agrotait ($73 in chips)
Agrotait: posts small blind $1
NiktheDon: posts big blind $3
*** HOLE CARDS ***
Agrotait: raises $3 to $6
NiktheDon: calls $3
*** FLOP *** [Jc As 7c]
NiktheDon: checks
Agrotait: bets $3
NiktheDon: folds
Uncalled bet ($3) returned to Agrotait
Agrotait collected $11.76 from pot
Agrotait: doesn't show hand
*** SUMMARY ***
Total pot $12 | Rake $0.24
Board [Jc As 7c]
Seat 3: NiktheDon (big blind) folded on the Flop
Seat 4: Agrotait (button) (small blind) collected ($11.76)


