PokerStars Hand #151204941447:  Hold'em Limit ($3/$6 USD) - 2016/03/31 4:48:18 ET
Table 'Maia' 6-max Seat #3 is the button
Seat 3: VolkovDmitri ($135.50 in chips)
Seat 4: hubschi ($104 in chips)
VolkovDmitri: posts small blind $1
hubschi: posts big blind $3
*** HOLE CARDS ***
VolkovDmitri: folds
Uncalled bet ($2) returned to hubschi
hubschi collected $2 from pot
hubschi: doesn't show hand
*** SUMMARY ***
Total pot $2 | Rake $0
Seat 3: VolkovDmitri (button) (small blind) folded before Flop
Seat 4: hubschi (big blind) collected ($2)


PokerStars Hand #151204939737:  Hold'em Limit ($3/$6 USD) - 2016/03/31 4:48:14 ET
Table 'Maia' 6-max Seat #4 is the button
Seat 3: VolkovDmitri ($134.50 in chips)
Seat 4: hubschi ($105 in chips)
hubschi: posts small blind $1
VolkovDmitri: posts big blind $3
*** HOLE CARDS ***
hubschi: folds
Uncalled bet ($2) returned to VolkovDmitri
VolkovDmitri collected $2 from pot
VolkovDmitri: doesn't show hand
*** SUMMARY ***
Total pot $2 | Rake $0
Seat 3: VolkovDmitri (big blind) collected ($2)
Seat 4: hubschi (button) (small blind) folded before Flop


PokerStars Hand #151204921763:  Hold'em Limit ($3/$6 USD) - 2016/03/31 4:47:26 ET
Table 'Maia' 6-max Seat #3 is the button
Seat 3: VolkovDmitri ($120 in chips)
Seat 4: hubschi ($120 in chips)
VolkovDmitri: posts small blind $1
hubschi: posts big blind $3
*** HOLE CARDS ***
VolkovDmitri: raises $3 to $6
hubschi: calls $3
*** FLOP *** [7d 2h Th]
hubschi: checks
VolkovDmitri: bets $3
hubschi: calls $3
*** TURN *** [7d 2h Th] [Ts]
hubschi: checks
VolkovDmitri: bets $6
hubschi: calls $6
*** RIVER *** [7d 2h Th Ts] [Qd]
hubschi: checks
VolkovDmitri: bets $6
hubschi: folds
Uncalled bet ($6) returned to VolkovDmitri
VolkovDmitri collected $29.50 from pot
VolkovDmitri: doesn't show hand
*** SUMMARY ***
Total pot $30 | Rake $0.50
Board [7d 2h Th Ts Qd]
Seat 3: VolkovDmitri (button) (small blind) collected ($29.50)
Seat 4: hubschi (big blind) folded on the River


PokerStars Hand #151204943671:  Hold'em Limit ($3/$6 USD) - 2016/03/31 4:48:24 ET
Table 'Maia' 6-max Seat #4 is the button
Seat 3: VolkovDmitri ($134.50 in chips)
Seat 4: hubschi ($105 in chips)
hubschi: posts small blind $1
VolkovDmitri: posts big blind $3
*** HOLE CARDS ***
hubschi: raises $3 to $6
VolkovDmitri: raises $3 to $9
hubschi: calls $3
*** FLOP *** [3h 3c 9h]
VolkovDmitri: bets $3
hubschi: calls $3
*** TURN *** [3h 3c 9h] [7h]
VolkovDmitri: bets $6
hubschi: raises $6 to $12
VolkovDmitri: calls $6
*** RIVER *** [3h 3c 9h 7h] [2h]
VolkovDmitri: bets $6
hubschi: calls $6
*** SHOW DOWN ***
VolkovDmitri: shows [Ah Jd] (a flush, Ace high)
hubschi: mucks hand
VolkovDmitri collected $59.50 from pot
*** SUMMARY ***
Total pot $60 | Rake $0.50
Board [3h 3c 9h 7h 2h]
Seat 3: VolkovDmitri (big blind) showed [Ah Jd] and won ($59.50) with a flush, Ace high
Seat 4: hubschi (button) (small blind) mucked


PokerStars Hand #151204959210:  Hold'em Limit ($3/$6 USD) - 2016/03/31 4:49:06 ET
Table 'Maia' 6-max Seat #3 is the button
Seat 3: VolkovDmitri ($164 in chips)
Seat 4: hubschi ($75 in chips)
VolkovDmitri: posts small blind $1
hubschi: posts big blind $3
*** HOLE CARDS ***
VolkovDmitri: raises $3 to $6
hubschi: calls $3
*** FLOP *** [Kc Jc Th]
hubschi: checks
VolkovDmitri: checks
*** TURN *** [Kc Jc Th] [5h]
hubschi: bets $6
VolkovDmitri: calls $6
*** RIVER *** [Kc Jc Th 5h] [3c]
hubschi: bets $6
VolkovDmitri: calls $6
*** SHOW DOWN ***
hubschi: shows [3h Qc] (a pair of Threes)
VolkovDmitri: mucks hand
hubschi collected $35.50 from pot
*** SUMMARY ***
Total pot $36 | Rake $0.50
Board [Kc Jc Th 5h 3c]
Seat 3: VolkovDmitri (button) (small blind) mucked
Seat 4: hubschi (big blind) showed [3h Qc] and won ($35.50) with a pair of Threes


PokerStars Hand #151204969924:  Hold'em Limit ($3/$6 USD) - 2016/03/31 4:49:34 ET
Table 'Maia' 6-max Seat #4 is the button
Seat 3: VolkovDmitri ($146 in chips)
Seat 4: hubschi ($92.50 in chips)
hubschi: posts small blind $1
VolkovDmitri: posts big blind $3
*** HOLE CARDS ***
hubschi: raises $3 to $6
VolkovDmitri: calls $3
*** FLOP *** [Js Ah 9s]
VolkovDmitri: checks
hubschi: bets $3
VolkovDmitri: folds
Uncalled bet ($3) returned to hubschi
hubschi collected $11.76 from pot
hubschi: doesn't show hand
*** SUMMARY ***
Total pot $12 | Rake $0.24
Board [Js Ah 9s]
Seat 3: VolkovDmitri (big blind) folded on the Flop
Seat 4: hubschi (button) (small blind) collected ($11.76)


PokerStars Hand #151204976741:  Hold'em Limit ($3/$6 USD) - 2016/03/31 4:49:52 ET
Table 'Maia' 6-max Seat #3 is the button
Seat 3: VolkovDmitri ($140 in chips)
Seat 4: hubschi ($98.26 in chips)
VolkovDmitri: posts small blind $1
hubschi: posts big blind $3
*** HOLE CARDS ***
VolkovDmitri: raises $3 to $6
hubschi: folds
Uncalled bet ($3) returned to VolkovDmitri
VolkovDmitri collected $6 from pot
VolkovDmitri: doesn't show hand
*** SUMMARY ***
Total pot $6 | Rake $0
Seat 3: VolkovDmitri (button) (small blind) collected ($6)
Seat 4: hubschi (big blind) folded before Flop


PokerStars Hand #151204980358:  Hold'em Limit ($3/$6 USD) - 2016/03/31 4:50:01 ET
Table 'Maia' 6-max Seat #4 is the button
Seat 3: VolkovDmitri ($143 in chips)
Seat 4: hubschi ($95.26 in chips)
hubschi: posts small blind $1
VolkovDmitri: posts big blind $3
*** HOLE CARDS ***
hubschi: calls $2
VolkovDmitri: raises $3 to $6
hubschi: calls $3
*** FLOP *** [3h Ts 8s]
VolkovDmitri: bets $3
hubschi: raises $3 to $6
VolkovDmitri: calls $3
*** TURN *** [3h Ts 8s] [6s]
VolkovDmitri: checks
hubschi: bets $6
VolkovDmitri: calls $6
*** RIVER *** [3h Ts 8s 6s] [Qs]
VolkovDmitri: bets $6
hubschi: calls $6
*** SHOW DOWN ***
VolkovDmitri: shows [Ah 7s] (a flush, Queen high)
hubschi: mucks hand
VolkovDmitri collected $47.50 from pot
*** SUMMARY ***
Total pot $48 | Rake $0.50
Board [3h Ts 8s 6s Qs]
Seat 3: VolkovDmitri (big blind) showed [Ah 7s] and won ($47.50) with a flush, Queen high
Seat 4: hubschi (button) (small blind) mucked


PokerStars Hand #151204996848:  Hold'em Limit ($3/$6 USD) - 2016/03/31 4:50:45 ET
Table 'Maia' 6-max Seat #3 is the button
Seat 3: VolkovDmitri ($166.50 in chips)
Seat 4: hubschi ($71.26 in chips)
VolkovDmitri: posts small blind $1
hubschi: posts big blind $3
*** HOLE CARDS ***
VolkovDmitri: raises $3 to $6
hubschi: folds
Uncalled bet ($3) returned to VolkovDmitri
hubschi leaves the table
VolkovDmitri collected $6 from pot
VolkovDmitri: doesn't show hand
*** SUMMARY ***
Total pot $6 | Rake $0
Seat 3: VolkovDmitri (button) (small blind) collected ($6)
Seat 4: hubschi (big blind) folded before Flop


