PokerStars Hand #152175862143:  Hold'em Limit ($3/$6 USD) - 2016/04/20 1:33:42 ET
Table 'Maia II' 10-max Seat #6 is the button
Seat 6: tangxueke ($120 in chips)
Seat 7: VolkovDmitri ($120 in chips)
tangxueke: posts small blind $1
VolkovDmitri: posts big blind $3
*** HOLE CARDS ***
tangxueke: raises $3 to $6
VolkovDmitri: raises $3 to $9
tangxueke: calls $3
*** FLOP *** [7d 6d Qd]
VolkovDmitri: bets $3
tangxueke: raises $3 to $6
VolkovDmitri: raises $3 to $9
tangxueke: calls $3
*** TURN *** [7d 6d Qd] [4s]
VolkovDmitri: bets $6
tangxueke: calls $6
*** RIVER *** [7d 6d Qd 4s] [5s]
VolkovDmitri: bets $6
tangxueke: calls $6
*** SHOW DOWN ***
VolkovDmitri: shows [Kc Ks] (a pair of Kings)
tangxueke: mucks hand
VolkovDmitri collected $59.50 from pot
*** SUMMARY ***
Total pot $60 | Rake $0.50
Board [7d 6d Qd 4s 5s]
Seat 6: tangxueke (button) (small blind) mucked
Seat 7: VolkovDmitri (big blind) showed [Kc Ks] and won ($59.50) with a pair of Kings


PokerStars Hand #152175871391:  Hold'em Limit ($3/$6 USD) - 2016/04/20 1:34:18 ET
Table 'Maia II' 10-max Seat #7 is the button
Seat 6: tangxueke ($90 in chips)
Seat 7: VolkovDmitri ($149.50 in chips)
VolkovDmitri: posts small blind $1
tangxueke: posts big blind $3
*** HOLE CARDS ***
VolkovDmitri: folds
Uncalled bet ($2) returned to tangxueke
tangxueke collected $2 from pot
*** SUMMARY ***
Total pot $2 | Rake $0
Seat 6: tangxueke (big blind) collected ($2)
Seat 7: VolkovDmitri (button) (small blind) folded before Flop


