PokerStars Hand #153564989092:  Hold'em Limit ($3/$6 USD) - 2016/05/19 20:11:35 ET
Table 'Maja' 10-max Seat #5 is the button
Seat 2: Zubasa07 ($494 in chips)
Seat 5: SathKuga ($68.43 in chips)
SathKuga: posts small blind $1
Zubasa07: posts big blind $3
*** HOLE CARDS ***
SathKuga: raises $3 to $6
Zubasa07: calls $3
*** FLOP *** [2d Qs 4d]
Zubasa07: checks
SathKuga: bets $3
Zubasa07: calls $3
*** TURN *** [2d Qs 4d] [Ts]
Zubasa07: checks
SathKuga: bets $6
Zubasa07: folds
Uncalled bet ($6) returned to SathKuga
SathKuga collected $17.64 from pot
SathKuga: doesn't show hand
*** SUMMARY ***
Total pot $18 | Rake $0.36
Board [2d Qs 4d Ts]
Seat 2: Zubasa07 (big blind) folded on the Turn
Seat 5: SathKuga (button) (small blind) collected ($17.64)


PokerStars Hand #153564975517:  Hold'em Limit ($3/$6 USD) - 2016/05/19 20:11:09 ET
Table 'Maja' 10-max Seat #2 is the button
Seat 2: Zubasa07 ($500 in chips)
Seat 5: SathKuga ($62.67 in chips)
Zubasa07: posts small blind $1
SathKuga: posts big blind $3
*** HOLE CARDS ***
Zubasa07: raises $3 to $6
SathKuga: calls $3
*** FLOP *** [8s 5c Td]
SathKuga: bets $3
Zubasa07: folds
Uncalled bet ($3) returned to SathKuga
SathKuga collected $11.76 from pot
SathKuga: doesn't show hand
*** SUMMARY ***
Total pot $12 | Rake $0.24
Board [8s 5c Td]
Seat 2: Zubasa07 (button) (small blind) folded on the Flop
Seat 5: SathKuga (big blind) collected ($11.76)


PokerStars Hand #153565020084:  Hold'em Limit ($3/$6 USD) - 2016/05/19 20:12:33 ET
Table 'Maja' 10-max Seat #5 is the button
Seat 2: Zubasa07 ($490.76 in chips)
Seat 5: SathKuga ($71.07 in chips)
SathKuga: posts small blind $1
Zubasa07: posts big blind $3
*** HOLE CARDS ***
SathKuga: raises $3 to $6
Zubasa07: calls $3
*** FLOP *** [9c 9h 4h]
Zubasa07: checks
SathKuga: checks
*** TURN *** [9c 9h 4h] [Jc]
Zubasa07: checks
SathKuga: bets $6
Zubasa07: folds
Uncalled bet ($6) returned to SathKuga
SathKuga collected $11.76 from pot
SathKuga: doesn't show hand
*** SUMMARY ***
Total pot $12 | Rake $0.24
Board [9c 9h 4h Jc]
Seat 2: Zubasa07 (big blind) folded on the Turn
Seat 5: SathKuga (button) (small blind) collected ($11.76)


PokerStars Hand #153565009365:  Hold'em Limit ($3/$6 USD) - 2016/05/19 20:12:13 ET
Table 'Maja' 10-max Seat #2 is the button
Seat 2: Zubasa07 ($485 in chips)
Seat 5: SathKuga ($77.07 in chips)
Zubasa07: posts small blind $1
SathKuga: posts big blind $3
*** HOLE CARDS ***
Zubasa07: raises $3 to $6
SathKuga: calls $3
*** FLOP *** [2d 8c Qc]
SathKuga: checks
Zubasa07: bets $3
SathKuga: folds
Uncalled bet ($3) returned to Zubasa07
Zubasa07 collected $11.76 from pot
Zubasa07: doesn't show hand
*** SUMMARY ***
Total pot $12 | Rake $0.24
Board [2d 8c Qc]
Seat 2: Zubasa07 (button) (small blind) collected ($11.76)
Seat 5: SathKuga (big blind) folded on the Flop


