PokerStars Hand #168707371094:  Hold'em Limit ($3/$6 USD) - 2017/04/07 12:31:32 ET
Table 'Maja' 6-max Seat #1 is the button
Seat 1: Agrotait ($92.50 in chips)
Seat 6: prallimall ($90.07 in chips)
Agrotait: posts small blind $1
prallimall: posts big blind $3
*** HOLE CARDS ***
Agrotait: folds
Uncalled bet ($2) returned to prallimall
prallimall collected $2 from pot
prallimall: doesn't show hand
*** SUMMARY ***
Total pot $2 | Rake $0
Seat 1: Agrotait (button) (small blind) folded before Flop
Seat 6: prallimall (big blind) collected ($2)


PokerStars Hand #168707334189:  Hold'em Limit ($3/$6 USD) - 2017/04/07 12:30:39 ET
Table 'Maja' 6-max Seat #6 is the button
Seat 1: Agrotait ($72 in chips)
Seat 6: prallimall ($111.07 in chips)
prallimall: posts small blind $1
Agrotait: posts big blind $3
*** HOLE CARDS ***
prallimall: raises $3 to $6
Agrotait: calls $3
*** FLOP *** [5h 4c Jd]
Agrotait: checks
prallimall: bets $3
Agrotait: calls $3
*** TURN *** [5h 4c Jd] [7c]
Agrotait: checks
prallimall: checks
*** RIVER *** [5h 4c Jd 7c] [9c]
Agrotait: bets $6
prallimall: raises $6 to $12
Agrotait: calls $6
*** SHOW DOWN ***
prallimall: shows [5s 9h] (two pair, Nines and Fives)
Agrotait: shows [Jh 9s] (two pair, Jacks and Nines)
Agrotait collected $41.50 from pot
*** SUMMARY ***
Total pot $42 | Rake $0.50
Board [5h 4c Jd 7c 9c]
Seat 1: Agrotait (big blind) showed [Jh 9s] and won ($41.50) with two pair, Jacks and Nines
Seat 6: prallimall (button) (small blind) showed [5s 9h] and lost with two pair, Nines and Fives


PokerStars Hand #168707377862:  Hold'em Limit ($3/$6 USD) - 2017/04/07 12:31:42 ET
Table 'Maja' 6-max Seat #1 is the button
Seat 1: Agrotait ($92.50 in chips)
Seat 6: prallimall ($90.07 in chips)
Agrotait: posts small blind $1
prallimall: posts big blind $3
*** HOLE CARDS ***
Agrotait: raises $3 to $6
prallimall: calls $3
*** FLOP *** [8c 6h 9d]
prallimall: checks
Agrotait: bets $3
prallimall: raises $3 to $6
Agrotait: calls $3
*** TURN *** [8c 6h 9d] [Ad]
prallimall: bets $6
Agrotait: calls $6
*** RIVER *** [8c 6h 9d Ad] [4s]
prallimall: bets $6
Agrotait: folds
Uncalled bet ($6) returned to prallimall
prallimall collected $35.50 from pot
prallimall: doesn't show hand
*** SUMMARY ***
Total pot $36 | Rake $0.50
Board [8c 6h 9d Ad 4s]
Seat 1: Agrotait (button) (small blind) folded on the River
Seat 6: prallimall (big blind) collected ($35.50)


PokerStars Hand #168707374855:  Hold'em Limit ($3/$6 USD) - 2017/04/07 12:31:38 ET
Table 'Maja' 6-max Seat #6 is the button
Seat 1: Agrotait ($91.50 in chips)
Seat 6: prallimall ($91.07 in chips)
prallimall: posts small blind $1
Agrotait: posts big blind $3
*** HOLE CARDS ***
prallimall: folds
Uncalled bet ($2) returned to Agrotait
Agrotait collected $2 from pot
*** SUMMARY ***
Total pot $2 | Rake $0
Seat 1: Agrotait (big blind) collected ($2)
Seat 6: prallimall (button) (small blind) folded before Flop


PokerStars Hand #168707406866:  Hold'em Limit ($3/$6 USD) - 2017/04/07 12:32:24 ET
Table 'Maja' 6-max Seat #6 is the button
Seat 1: Agrotait ($74.50 in chips)
Seat 6: prallimall ($107.57 in chips)
prallimall: posts small blind $1
Agrotait: posts big blind $3
*** HOLE CARDS ***
prallimall: raises $3 to $6
Agrotait: calls $3
*** FLOP *** [4h Js 7h]
Agrotait: checks
prallimall: bets $3
Agrotait: raises $3 to $6
prallimall: calls $3
*** TURN *** [4h Js 7h] [Qc]
Agrotait: bets $6
prallimall: calls $6
*** RIVER *** [4h Js 7h Qc] [Qd]
Agrotait: bets $6
prallimall: calls $6
*** SHOW DOWN ***
Agrotait: shows [3h 5h] (a pair of Queens)
prallimall: shows [7s 6c] (two pair, Queens and Sevens)
prallimall collected $47.50 from pot
*** SUMMARY ***
Total pot $48 | Rake $0.50
Board [4h Js 7h Qc Qd]
Seat 1: Agrotait (big blind) showed [3h 5h] and lost with a pair of Queens
Seat 6: prallimall (button) (small blind) showed [7s 6c] and won ($47.50) with two pair, Queens and Sevens


PokerStars Hand #168707429414:  Hold'em Limit ($3/$6 USD) - 2017/04/07 12:32:56 ET
Table 'Maja' 6-max Seat #1 is the button
Seat 1: Agrotait ($72 in chips)
Seat 6: prallimall ($131.07 in chips)
Agrotait: posts small blind $1
prallimall: posts big blind $3
*** HOLE CARDS ***
Agrotait: raises $3 to $6
prallimall: raises $3 to $9
Agrotait: calls $3
*** FLOP *** [9c 7d 8h]
ASSOSRIGAS joins the table at seat #3
prallimall: bets $3
Agrotait: calls $3
*** TURN *** [9c 7d 8h] [Qs]
prallimall: bets $6
vestimokrec joins the table at seat #4
B_loJkl joins the table at seat #5
Agrotait: calls $6
*** RIVER *** [9c 7d 8h Qs] [Qd]
prallimall: checks
Agrotait: bets $6
prallimall: calls $6
*** SHOW DOWN ***
Agrotait: shows [Ac 8d] (two pair, Queens and Eights)
prallimall: mucks hand
Agrotait collected $47.50 from pot
*** SUMMARY ***
Total pot $48 | Rake $0.50
Board [9c 7d 8h Qs Qd]
Seat 1: Agrotait (button) (small blind) showed [Ac 8d] and won ($47.50) with two pair, Queens and Eights
Seat 6: prallimall (big blind) mucked


PokerStars Hand #168707449469:  Hold'em Limit ($3/$6 USD) - 2017/04/07 12:33:25 ET
Table 'Maja' 6-max Seat #6 is the button
Seat 1: Agrotait ($95.50 in chips)
Seat 6: prallimall ($107.07 in chips)
prallimall: posts small blind $1
Agrotait: posts big blind $3
*** HOLE CARDS ***
prallimall: folds
Uncalled bet ($2) returned to Agrotait
Agrotait collected $2 from pot
Agrotait: doesn't show hand
*** SUMMARY ***
Total pot $2 | Rake $0
Seat 1: Agrotait (big blind) collected ($2)
Seat 6: prallimall (button) (small blind) folded before Flop


