PokerStars Hand #148728952581:  Hold'em Limit ($3/$6 USD) - 2016/02/13 9:59:01 ET
Table 'Majuba' 6-max Seat #3 is the button
Seat 3: kr.poker8029 ($136.50 in chips)
Seat 5: krytalex ($103 in chips)
kr.poker8029: posts small blind $1
krytalex: posts big blind $3
*** HOLE CARDS ***
kr.poker8029: raises $3 to $6
krytalex: calls $3
*** FLOP *** [9h Ts Td]
krytalex: checks
kr.poker8029: bets $3
krytalex: folds
Uncalled bet ($3) returned to kr.poker8029
kr.poker8029 collected $11.76 from pot
*** SUMMARY ***
Total pot $12 | Rake $0.24
Board [9h Ts Td]
Seat 3: kr.poker8029 (button) (small blind) collected ($11.76)
Seat 5: krytalex (big blind) folded on the Flop


PokerStars Hand #148728920974:  Hold'em Limit ($3/$6 USD) - 2016/02/13 9:58:24 ET
Table 'Majuba' 6-max Seat #5 is the button
Seat 3: kr.poker8029 ($119 in chips)
Seat 5: krytalex ($121 in chips)
krytalex: posts small blind $1
kr.poker8029: posts big blind $3
*** HOLE CARDS ***
krytalex: raises $3 to $6
kr.poker8029: calls $3
*** FLOP *** [9s Qd 6s]
kr.poker8029: checks
krytalex: bets $3
kr.poker8029: raises $3 to $6
krytalex: calls $3
*** TURN *** [9s Qd 6s] [4h]
kr.poker8029: bets $6
krytalex: calls $6
*** RIVER *** [9s Qd 6s 4h] [7s]
kr.poker8029: bets $6
peder333 joins the table at seat #2
krytalex: folds
Uncalled bet ($6) returned to kr.poker8029
kr.poker8029 collected $35.50 from pot
*** SUMMARY ***
Total pot $36 | Rake $0.50
Board [9s Qd 6s 4h 7s]
Seat 3: kr.poker8029 (big blind) collected ($35.50)
Seat 5: krytalex (button) (small blind) folded on the River


