PokerStars Hand #152507112339:  Hold'em Limit ($3/$6 USD) - 2016/04/27 3:26:30 ET
Table 'Majuba II' 10-max Seat #7 is the button
Seat 7: VolkovDmitri ($120 in chips)
Seat 8: ctinee ($30 in chips)
VolkovDmitri: posts small blind $1
ctinee: posts big blind $3
*** HOLE CARDS ***
VolkovDmitri: folds
Uncalled bet ($2) returned to ctinee
ctinee collected $2 from pot
ctinee: doesn't show hand
Ag3r0n joins the table at seat #9
*** SUMMARY ***
Total pot $2 | Rake $0
Seat 7: VolkovDmitri (button) (small blind) folded before Flop
Seat 8: ctinee (big blind) collected ($2)


PokerStars Hand #152507134390:  Hold'em Limit ($3/$6 USD) - 2016/04/27 3:27:45 ET
Table 'Majuba II' 10-max Seat #7 is the button
Seat 7: VolkovDmitri ($135.50 in chips)
Seat 8: ctinee ($33 in chips)
VolkovDmitri: posts small blind $1
ctinee: posts big blind $3
*** HOLE CARDS ***
VolkovDmitri: folds
Uncalled bet ($2) returned to ctinee
ctinee collected $2 from pot
ctinee: doesn't show hand
*** SUMMARY ***
Total pot $2 | Rake $0
Seat 7: VolkovDmitri (button) (small blind) folded before Flop
Seat 8: ctinee (big blind) collected ($2)


PokerStars Hand #152507123962:  Hold'em Limit ($3/$6 USD) - 2016/04/27 3:27:09 ET
Table 'Majuba II' 10-max Seat #8 is the button
Seat 7: VolkovDmitri ($120 in chips)
Seat 8: ctinee ($16 in chips)
ctinee: posts small blind $1
VolkovDmitri: posts big blind $3
*** HOLE CARDS ***
Ag3r0n leaves the table
ctinee: raises $3 to $6
VolkovDmitri: calls $3
*** FLOP *** [5d Qh 2d]
VolkovDmitri: checks
ctinee: bets $3
VolkovDmitri: raises $3 to $6
ctinee: raises $3 to $9
VolkovDmitri: raises $3 to $12
Betting is capped
ctinee: calls $1 and is all-in
Uncalled bet ($2) returned to VolkovDmitri
*** TURN *** [5d Qh 2d] [8c]
*** RIVER *** [5d Qh 2d 8c] [4d]
*** SHOW DOWN ***
VolkovDmitri: shows [7d Qs] (a pair of Queens)
ctinee: shows [2s Ts] (a pair of Deuces)
VolkovDmitri collected $31.50 from pot
*** SUMMARY ***
Total pot $32 | Rake $0.50
Board [5d Qh 2d 8c 4d]
Seat 7: VolkovDmitri (big blind) showed [7d Qs] and won ($31.50) with a pair of Queens
Seat 8: ctinee (button) (small blind) showed [2s Ts] and lost with a pair of Deuces


PokerStars Hand #152507137340:  Hold'em Limit ($3/$6 USD) - 2016/04/27 3:27:55 ET
Table 'Majuba II' 10-max Seat #8 is the button
Seat 7: VolkovDmitri ($134.50 in chips)
Seat 8: ctinee ($34 in chips)
ctinee: posts small blind $1
VolkovDmitri: posts big blind $3
*** HOLE CARDS ***
ctinee: raises $3 to $6
VolkovDmitri: calls $3
*** FLOP *** [4s Qh 6c]
VolkovDmitri: checks
ctinee: bets $3
VolkovDmitri: calls $3
*** TURN *** [4s Qh 6c] [2c]
VolkovDmitri: checks
ctinee: bets $6
VolkovDmitri: folds
Uncalled bet ($6) returned to ctinee
ctinee collected $17.64 from pot
ctinee: doesn't show hand
*** SUMMARY ***
Total pot $18 | Rake $0.36
Board [4s Qh 6c 2c]
Seat 7: VolkovDmitri (big blind) folded on the Turn
Seat 8: ctinee (button) (small blind) collected ($17.64)


PokerStars Hand #152507150755:  Hold'em Limit ($3/$6 USD) - 2016/04/27 3:28:41 ET
Table 'Majuba II' 10-max Seat #8 is the button
Seat 7: VolkovDmitri ($120 in chips)
Seat 8: ctinee ($51.28 in chips)
ctinee: posts small blind $1
VolkovDmitri: posts big blind $3
*** HOLE CARDS ***
ctinee: raises $3 to $6
VolkovDmitri: raises $3 to $9
ctinee: calls $3
*** FLOP *** [6s As 4c]
VolkovDmitri: bets $3
ctinee: calls $3
*** TURN *** [6s As 4c] [9c]
VolkovDmitri: bets $6
ctinee: folds
Uncalled bet ($6) returned to VolkovDmitri
VolkovDmitri collected $23.52 from pot
VolkovDmitri: doesn't show hand
*** SUMMARY ***
Total pot $24 | Rake $0.48
Board [6s As 4c 9c]
Seat 7: VolkovDmitri (big blind) collected ($23.52)
Seat 8: ctinee (button) (small blind) folded on the Turn


PokerStars Hand #152507145031:  Hold'em Limit ($3/$6 USD) - 2016/04/27 3:28:22 ET
Table 'Majuba II' 10-max Seat #7 is the button
Seat 7: VolkovDmitri ($125.50 in chips)
Seat 8: ctinee ($42.64 in chips)
VolkovDmitri: posts small blind $1
ctinee: posts big blind $3
*** HOLE CARDS ***
VolkovDmitri: raises $3 to $6
ctinee: raises $3 to $9
VolkovDmitri: calls $3
*** FLOP *** [Tc 2d 6d]
ctinee: bets $3
VolkovDmitri: folds
Uncalled bet ($3) returned to ctinee
ctinee collected $17.64 from pot
ctinee: doesn't show hand
*** SUMMARY ***
Total pot $18 | Rake $0.36
Board [Tc 2d 6d]
Seat 7: VolkovDmitri (button) (small blind) folded on the Flop
Seat 8: ctinee (big blind) collected ($17.64)


PokerStars Hand #152507154754:  Hold'em Limit ($3/$6 USD) - 2016/04/27 3:28:55 ET
Table 'Majuba II' 10-max Seat #7 is the button
Seat 7: VolkovDmitri ($131.52 in chips)
Seat 8: ctinee ($39.28 in chips)
VolkovDmitri: posts small blind $1
ctinee: posts big blind $3
*** HOLE CARDS ***
VolkovDmitri: raises $3 to $6
ctinee: raises $3 to $9
VolkovDmitri: calls $3
*** FLOP *** [2s 8d Qs]
ctinee: bets $3
VolkovDmitri: calls $3
*** TURN *** [2s 8d Qs] [6d]
ctinee: bets $6
VolkovDmitri: raises $6 to $12
ctinee: raises $6 to $18
VolkovDmitri: calls $6
*** RIVER *** [2s 8d Qs 6d] [Ah]
ctinee: bets $6
VolkovDmitri: calls $6
*** SHOW DOWN ***
ctinee: shows [9d 3d] (high card Ace)
VolkovDmitri: shows [Qc 4h] (a pair of Queens)
VolkovDmitri collected $71.50 from pot
*** SUMMARY ***
Total pot $72 | Rake $0.50
Board [2s 8d Qs 6d Ah]
Seat 7: VolkovDmitri (button) (small blind) showed [Qc 4h] and won ($71.50) with a pair of Queens
Seat 8: ctinee (big blind) showed [9d 3d] and lost with high card Ace


PokerStars Hand #152507163144:  Hold'em Limit ($3/$6 USD) - 2016/04/27 3:29:21 ET
Table 'Majuba II' 10-max Seat #8 is the button
Seat 7: VolkovDmitri ($167.02 in chips)
Seat 8: ctinee ($3.28 in chips)
ctinee: posts small blind $1
VolkovDmitri: posts big blind $3
*** HOLE CARDS ***
ctinee: raises $0.28 to $3.28 and is all-in
VolkovDmitri: calls $0.28
*** FLOP *** [4h 4c 2d]
*** TURN *** [4h 4c 2d] [Ad]
*** RIVER *** [4h 4c 2d Ad] [Jh]
*** SHOW DOWN ***
VolkovDmitri: shows [4s Qd] (three of a kind, Fours)
ctinee: shows [Kd 3h] (a pair of Fours)
VolkovDmitri collected $6.43 from pot
*** SUMMARY ***
Total pot $6.56 | Rake $0.13
Board [4h 4c 2d Ad Jh]
Seat 7: VolkovDmitri (big blind) showed [4s Qd] and won ($6.43) with three of a kind, Fours
Seat 8: ctinee (button) (small blind) showed [Kd 3h] and lost with a pair of Fours


PokerStars Hand #152507174143:  Hold'em Limit ($3/$6 USD) - 2016/04/27 3:29:59 ET
Table 'Majuba II' 10-max Seat #9 is the button
Seat 7: VolkovDmitri ($169.17 in chips)
Seat 9: hairy1961 ($61 in chips)
hairy1961: posts small blind $1
VolkovDmitri: posts big blind $3
*** HOLE CARDS ***
hairy1961: folds
Uncalled bet ($2) returned to VolkovDmitri
VolkovDmitri collected $2 from pot
VolkovDmitri: doesn't show hand
*** SUMMARY ***
Total pot $2 | Rake $0
Seat 7: VolkovDmitri (big blind) collected ($2)
Seat 9: hairy1961 (button) (small blind) folded before Flop


PokerStars Hand #152507172195:  Hold'em Limit ($3/$6 USD) - 2016/04/27 3:29:52 ET
Table 'Majuba II' 10-max Seat #7 is the button
Seat 7: VolkovDmitri ($170.17 in chips)
Seat 9: hairy1961 ($60 in chips)
VolkovDmitri: posts small blind $1
hairy1961: posts big blind $3
*** HOLE CARDS ***
VolkovDmitri: folds
Uncalled bet ($2) returned to hairy1961
hairy1961 collected $2 from pot
hairy1961: doesn't show hand
*** SUMMARY ***
Total pot $2 | Rake $0
Seat 7: VolkovDmitri (button) (small blind) folded before Flop
Seat 9: hairy1961 (big blind) collected ($2)


PokerStars Hand #152507196700:  Hold'em Limit ($3/$6 USD) - 2016/04/27 3:31:16 ET
Table 'Majuba II' 10-max Seat #7 is the button
Seat 7: VolkovDmitri ($163.67 in chips)
Seat 9: hairy1961 ($65.50 in chips)
VolkovDmitri: posts small blind $1
hairy1961: posts big blind $3
*** HOLE CARDS ***
VolkovDmitri: folds
Uncalled bet ($2) returned to hairy1961
hairy1961 collected $2 from pot
hairy1961: doesn't show hand
*** SUMMARY ***
Total pot $2 | Rake $0
Seat 7: VolkovDmitri (button) (small blind) folded before Flop
Seat 9: hairy1961 (big blind) collected ($2)


PokerStars Hand #152507195029:  Hold'em Limit ($3/$6 USD) - 2016/04/27 3:31:10 ET
Table 'Majuba II' 10-max Seat #9 is the button
Seat 7: VolkovDmitri ($162.67 in chips)
Seat 9: hairy1961 ($66.50 in chips)
hairy1961: posts small blind $1
VolkovDmitri: posts big blind $3
*** HOLE CARDS ***
hairy1961: folds
Uncalled bet ($2) returned to VolkovDmitri
VolkovDmitri collected $2 from pot
VolkovDmitri: doesn't show hand
*** SUMMARY ***
Total pot $2 | Rake $0
Seat 7: VolkovDmitri (big blind) collected ($2)
Seat 9: hairy1961 (button) (small blind) folded before Flop


PokerStars Hand #152507193327:  Hold'em Limit ($3/$6 USD) - 2016/04/27 3:31:04 ET
Table 'Majuba II' 10-max Seat #7 is the button
Seat 7: VolkovDmitri ($163.67 in chips)
Seat 9: hairy1961 ($65.50 in chips)
VolkovDmitri: posts small blind $1
hairy1961: posts big blind $3
*** HOLE CARDS ***
VolkovDmitri: folds
Uncalled bet ($2) returned to hairy1961
hairy1961 collected $2 from pot
hairy1961: doesn't show hand
*** SUMMARY ***
Total pot $2 | Rake $0
Seat 7: VolkovDmitri (button) (small blind) folded before Flop
Seat 9: hairy1961 (big blind) collected ($2)


PokerStars Hand #152507183298:  Hold'em Limit ($3/$6 USD) - 2016/04/27 3:30:30 ET
Table 'Majuba II' 10-max Seat #9 is the button
Seat 7: VolkovDmitri ($184.67 in chips)
Seat 9: hairy1961 ($45 in chips)
hairy1961: posts small blind $1
VolkovDmitri: posts big blind $3
*** HOLE CARDS ***
hairy1961: raises $3 to $6
VolkovDmitri: calls $3
*** FLOP *** [8d 5h Qs]
VolkovDmitri: checks
hairy1961: bets $3
VolkovDmitri: calls $3
*** TURN *** [8d 5h Qs] [4c]
VolkovDmitri: checks
hairy1961: bets $6
VolkovDmitri: calls $6
*** RIVER *** [8d 5h Qs 4c] [5d]
VolkovDmitri: checks
hairy1961: bets $6
VolkovDmitri: calls $6
*** SHOW DOWN ***
hairy1961: shows [Ac Ad] (two pair, Aces and Fives)
VolkovDmitri: mucks hand
hairy1961 collected $41.50 from pot
*** SUMMARY ***
Total pot $42 | Rake $0.50
Board [8d 5h Qs 4c 5d]
Seat 7: VolkovDmitri (big blind) mucked
Seat 9: hairy1961 (button) (small blind) showed [Ac Ad] and won ($41.50) with two pair, Aces and Fives


PokerStars Hand #152507175770:  Hold'em Limit ($3/$6 USD) - 2016/04/27 3:30:04 ET
Table 'Majuba II' 10-max Seat #7 is the button
Seat 7: VolkovDmitri ($170.17 in chips)
Seat 9: hairy1961 ($60 in chips)
VolkovDmitri: posts small blind $1
hairy1961: posts big blind $3
*** HOLE CARDS ***
VolkovDmitri: raises $3 to $6
hairy1961: calls $3
*** FLOP *** [Ts 9h 5h]
hairy1961: checks
VolkovDmitri: bets $3
hairy1961: calls $3
*** TURN *** [Ts 9h 5h] [Kc]
hairy1961: checks
VolkovDmitri: checks
*** RIVER *** [Ts 9h 5h Kc] [As]
hairy1961: bets $6
VolkovDmitri: calls $6
*** SHOW DOWN ***
hairy1961: shows [5d 7h] (a pair of Fives)
VolkovDmitri: shows [9c 4d] (a pair of Nines)
VolkovDmitri collected $29.50 from pot
*** SUMMARY ***
Total pot $30 | Rake $0.50
Board [Ts 9h 5h Kc As]
Seat 7: VolkovDmitri (button) (small blind) showed [9c 4d] and won ($29.50) with a pair of Nines
Seat 9: hairy1961 (big blind) showed [5d 7h] and lost with a pair of Fives


PokerStars Hand #152507203714:  Hold'em Limit ($3/$6 USD) - 2016/04/27 3:31:40 ET
Table 'Majuba II' 10-max Seat #9 is the button
Seat 7: VolkovDmitri ($173.19 in chips)
Seat 9: hairy1961 ($55.50 in chips)
hairy1961: posts small blind $1
VolkovDmitri: posts big blind $3
*** HOLE CARDS ***
hairy1961: folds
Uncalled bet ($2) returned to VolkovDmitri
VolkovDmitri collected $2 from pot
VolkovDmitri: doesn't show hand
*** SUMMARY ***
Total pot $2 | Rake $0
Seat 7: VolkovDmitri (big blind) collected ($2)
Seat 9: hairy1961 (button) (small blind) folded before Flop


PokerStars Hand #152507202222:  Hold'em Limit ($3/$6 USD) - 2016/04/27 3:31:35 ET
Table 'Majuba II' 10-max Seat #7 is the button
Seat 7: VolkovDmitri ($174.19 in chips)
Seat 9: hairy1961 ($54.50 in chips)
VolkovDmitri: posts small blind $1
hairy1961: posts big blind $3
*** HOLE CARDS ***
VolkovDmitri: folds
Uncalled bet ($2) returned to hairy1961
hairy1961 collected $2 from pot
hairy1961: doesn't show hand
*** SUMMARY ***
Total pot $2 | Rake $0
Seat 7: VolkovDmitri (button) (small blind) folded before Flop
Seat 9: hairy1961 (big blind) collected ($2)


PokerStars Hand #152507198187:  Hold'em Limit ($3/$6 USD) - 2016/04/27 3:31:21 ET
Table 'Majuba II' 10-max Seat #9 is the button
Seat 7: VolkovDmitri ($162.67 in chips)
Seat 9: hairy1961 ($66.50 in chips)
hairy1961: posts small blind $1
VolkovDmitri: posts big blind $3
*** HOLE CARDS ***
hairy1961: raises $3 to $6
VolkovDmitri: raises $3 to $9
hairy1961: calls $3
*** FLOP *** [2d As Ad]
VolkovDmitri: bets $3
hairy1961: calls $3
*** TURN *** [2d As Ad] [Jh]
VolkovDmitri: bets $6
hairy1961: folds
Uncalled bet ($6) returned to VolkovDmitri
VolkovDmitri collected $23.52 from pot
VolkovDmitri: doesn't show hand
*** SUMMARY ***
Total pot $24 | Rake $0.48
Board [2d As Ad Jh]
Seat 7: VolkovDmitri (big blind) collected ($23.52)
Seat 9: hairy1961 (button) (small blind) folded on the Turn


PokerStars Hand #152507205241:  Hold'em Limit ($3/$6 USD) - 2016/04/27 3:31:45 ET
Table 'Majuba II' 10-max Seat #7 is the button
Seat 7: VolkovDmitri ($174.19 in chips)
Seat 9: hairy1961 ($54.50 in chips)
VolkovDmitri: posts small blind $1
hairy1961: posts big blind $3
*** HOLE CARDS ***
VolkovDmitri: raises $3 to $6
hairy1961: calls $3
*** FLOP *** [2s 4c 4h]
hairy1961: checks
VolkovDmitri: bets $3
hairy1961: calls $3
*** TURN *** [2s 4c 4h] [Kh]
hairy1961: checks
VolkovDmitri: checks
*** RIVER *** [2s 4c 4h Kh] [Jh]
hairy1961: bets $6
VolkovDmitri: calls $6
*** SHOW DOWN ***
hairy1961: shows [Th Qh] (a flush, King high)
VolkovDmitri: mucks hand
hairy1961 collected $29.50 from pot
*** SUMMARY ***
Total pot $30 | Rake $0.50
Board [2s 4c 4h Kh Jh]
Seat 7: VolkovDmitri (button) (small blind) mucked
Seat 9: hairy1961 (big blind) showed [Th Qh] and won ($29.50) with a flush, King high


PokerStars Hand #152507222029:  Hold'em Limit ($3/$6 USD) - 2016/04/27 3:32:42 ET
Table 'Majuba II' 10-max Seat #7 is the button
Seat 7: VolkovDmitri ($182.69 in chips)
Seat 9: hairy1961 ($45 in chips)
VolkovDmitri: posts small blind $1
hairy1961: posts big blind $3
*** HOLE CARDS ***
VolkovDmitri: raises $3 to $6
hairy1961: calls $3
*** FLOP *** [As 5d 7s]
hairy1961: checks
VolkovDmitri: bets $3
hairy1961: folds
Uncalled bet ($3) returned to VolkovDmitri
VolkovDmitri collected $11.76 from pot
VolkovDmitri: doesn't show hand
*** SUMMARY ***
Total pot $12 | Rake $0.24
Board [As 5d 7s]
Seat 7: VolkovDmitri (button) (small blind) collected ($11.76)
Seat 9: hairy1961 (big blind) folded on the Flop


PokerStars Hand #152507212310:  Hold'em Limit ($3/$6 USD) - 2016/04/27 3:32:09 ET
Table 'Majuba II' 10-max Seat #9 is the button
Seat 7: VolkovDmitri ($159.19 in chips)
Seat 9: hairy1961 ($69 in chips)
hairy1961: posts small blind $1
VolkovDmitri: posts big blind $3
*** HOLE CARDS ***
hairy1961: raises $3 to $6
VolkovDmitri: calls $3
*** FLOP *** [2d 4d Js]
VolkovDmitri: checks
hairy1961: checks
*** TURN *** [2d 4d Js] [Td]
VolkovDmitri: bets $6
hairy1961: raises $6 to $12
VolkovDmitri: calls $6
*** RIVER *** [2d 4d Js Td] [2s]
VolkovDmitri: checks
hairy1961: bets $6
VolkovDmitri: calls $6
*** SHOW DOWN ***
hairy1961: shows [Qh Kd] (a pair of Deuces)
VolkovDmitri: shows [Qs Tc] (two pair, Tens and Deuces)
VolkovDmitri collected $47.50 from pot
*** SUMMARY ***
Total pot $48 | Rake $0.50
Board [2d 4d Js Td 2s]
Seat 7: VolkovDmitri (big blind) showed [Qs Tc] and won ($47.50) with two pair, Tens and Deuces
Seat 9: hairy1961 (button) (small blind) showed [Qh Kd] and lost with a pair of Deuces


PokerStars Hand #152507228136:  Hold'em Limit ($3/$6 USD) - 2016/04/27 3:33:03 ET
Table 'Majuba II' 10-max Seat #9 is the button
Seat 7: VolkovDmitri ($188.45 in chips)
Seat 9: hairy1961 ($39 in chips)
hairy1961: posts small blind $1
VolkovDmitri: posts big blind $3
*** HOLE CARDS ***
hairy1961: calls $2
VolkovDmitri: checks
*** FLOP *** [4s 5h 8d]
VolkovDmitri: checks
hairy1961: checks
*** TURN *** [4s 5h 8d] [4d]
VolkovDmitri: bets $6
hairy1961: calls $6
*** RIVER *** [4s 5h 8d 4d] [5d]
VolkovDmitri: bets $6
hairy1961: calls $6
*** SHOW DOWN ***
VolkovDmitri: shows [3h 6h] (two pair, Fives and Fours)
hairy1961: shows [2h Ac] (two pair, Fives and Fours - Ace kicker)
hairy1961 collected $29.50 from pot
*** SUMMARY ***
Total pot $30 | Rake $0.50
Board [4s 5h 8d 4d 5d]
Seat 7: VolkovDmitri (big blind) showed [3h 6h] and lost with two pair, Fives and Fours
Seat 9: hairy1961 (button) (small blind) showed [2h Ac] and won ($29.50) with two pair, Fives and Fours


PokerStars Hand #152507235765:  Hold'em Limit ($3/$6 USD) - 2016/04/27 3:33:28 ET
Table 'Majuba II' 10-max Seat #7 is the button
Seat 7: VolkovDmitri ($173.45 in chips)
Seat 9: hairy1961 ($53.50 in chips)
VolkovDmitri: posts small blind $1
hairy1961: posts big blind $3
*** HOLE CARDS ***
VolkovDmitri: raises $3 to $6
hairy1961: calls $3
*** FLOP *** [6h 3c 5h]
hairy1961: checks
VolkovDmitri: bets $3
hairy1961: raises $3 to $6
VolkovDmitri: calls $3
*** TURN *** [6h 3c 5h] [Kh]
hairy1961: checks
VolkovDmitri: checks
*** RIVER *** [6h 3c 5h Kh] [Ks]
hairy1961: bets $6
VolkovDmitri: folds
Uncalled bet ($6) returned to hairy1961
hairy1961 collected $23.52 from pot
*** SUMMARY ***
Total pot $24 | Rake $0.48
Board [6h 3c 5h Kh Ks]
Seat 7: VolkovDmitri (button) (small blind) folded on the River
Seat 9: hairy1961 (big blind) collected ($23.52)


PokerStars Hand #152507254076:  Hold'em Limit ($3/$6 USD) - 2016/04/27 3:34:31 ET
Table 'Majuba II' 10-max Seat #7 is the button
Seat 7: VolkovDmitri ($158.45 in chips)
Seat 9: hairy1961 ($67.90 in chips)
VolkovDmitri: posts small blind $1
hairy1961: posts big blind $3
*** HOLE CARDS ***
VolkovDmitri: raises $3 to $6
hairy1961: calls $3
*** FLOP *** [Ks Ts 2h]
hairy1961: checks
VolkovDmitri: bets $3
hairy1961: calls $3
*** TURN *** [Ks Ts 2h] [7h]
hairy1961: checks
VolkovDmitri: checks
*** RIVER *** [Ks Ts 2h 7h] [Qd]
hairy1961: checks
VolkovDmitri: bets $6
hairy1961: calls $6
*** SHOW DOWN ***
VolkovDmitri: shows [5d Qh] (a pair of Queens)
hairy1961: mucks hand
VolkovDmitri collected $29.50 from pot
*** SUMMARY ***
Total pot $30 | Rake $0.50
Board [Ks Ts 2h 7h Qd]
Seat 7: VolkovDmitri (button) (small blind) showed [5d Qh] and won ($29.50) with a pair of Queens
Seat 9: hairy1961 (big blind) mucked


PokerStars Hand #152507243448:  Hold'em Limit ($3/$6 USD) - 2016/04/27 3:33:54 ET
Table 'Majuba II' 10-max Seat #9 is the button
Seat 7: VolkovDmitri ($161.45 in chips)
Seat 9: hairy1961 ($65.02 in chips)
hairy1961: posts small blind $1
VolkovDmitri: posts big blind $3
*** HOLE CARDS ***
hairy1961: calls $2
VolkovDmitri: checks
*** FLOP *** [9c Ah 3h]
VolkovDmitri: checks
hairy1961: bets $3
VolkovDmitri: folds
Uncalled bet ($3) returned to hairy1961
hairy1961 collected $5.88 from pot
hairy1961: doesn't show hand
*** SUMMARY ***
Total pot $6 | Rake $0.12
Board [9c Ah 3h]
Seat 7: VolkovDmitri (big blind) folded on the Flop
Seat 9: hairy1961 (button) (small blind) collected ($5.88)


PokerStars Hand #152507282956:  Hold'em Limit ($3/$6 USD) - 2016/04/27 3:36:07 ET
Table 'Majuba II' 10-max Seat #9 is the button
Seat 7: VolkovDmitri ($169.95 in chips)
Seat 9: hairy1961 ($55.66 in chips)
hairy1961: posts small blind $1
VolkovDmitri: posts big blind $3
*** HOLE CARDS ***
hairy1961: folds
Uncalled bet ($2) returned to VolkovDmitri
VolkovDmitri collected $2 from pot
VolkovDmitri: doesn't show hand
*** SUMMARY ***
Total pot $2 | Rake $0
Seat 7: VolkovDmitri (big blind) collected ($2)
Seat 9: hairy1961 (button) (small blind) folded before Flop


PokerStars Hand #152507279771:  Hold'em Limit ($3/$6 USD) - 2016/04/27 3:35:56 ET
Table 'Majuba II' 10-max Seat #7 is the button
Seat 7: VolkovDmitri ($166.95 in chips)
Seat 9: hairy1961 ($58.66 in chips)
VolkovDmitri: posts small blind $1
hairy1961: posts big blind $3
*** HOLE CARDS ***
VolkovDmitri: raises $3 to $6
hairy1961: folds
Uncalled bet ($3) returned to VolkovDmitri
VolkovDmitri collected $6 from pot
VolkovDmitri: doesn't show hand
*** SUMMARY ***
Total pot $6 | Rake $0
Seat 7: VolkovDmitri (button) (small blind) collected ($6)
Seat 9: hairy1961 (big blind) folded before Flop


PokerStars Hand #152507267619:  Hold'em Limit ($3/$6 USD) - 2016/04/27 3:35:16 ET
Table 'Majuba II' 10-max Seat #9 is the button
Seat 7: VolkovDmitri ($172.95 in chips)
Seat 9: hairy1961 ($52.90 in chips)
hairy1961: posts small blind $1
VolkovDmitri: posts big blind $3
*** HOLE CARDS ***
hairy1961: raises $3 to $6
VolkovDmitri: calls $3
*** FLOP *** [7d 7h Jd]
VolkovDmitri: checks
hairy1961: checks
*** TURN *** [7d 7h Jd] [Ts]
VolkovDmitri: checks
hairy1961: checks
*** RIVER *** [7d 7h Jd Ts] [Kd]
VolkovDmitri: checks
hairy1961: bets $6
VolkovDmitri: folds
Uncalled bet ($6) returned to hairy1961
hairy1961 collected $11.76 from pot
hairy1961: doesn't show hand
*** SUMMARY ***
Total pot $12 | Rake $0.24
Board [7d 7h Jd Ts Kd]
Seat 7: VolkovDmitri (big blind) folded on the River
Seat 9: hairy1961 (button) (small blind) collected ($11.76)


PokerStars Hand #152507304420:  Hold'em Limit ($3/$6 USD) - 2016/04/27 3:37:19 ET
Table 'Majuba II' 10-max Seat #9 is the button
Seat 7: VolkovDmitri ($174.47 in chips)
Seat 9: hairy1961 ($50.30 in chips)
hairy1961: posts small blind $1
VolkovDmitri: posts big blind $3
*** HOLE CARDS ***
hairy1961: folds
Uncalled bet ($2) returned to VolkovDmitri
VolkovDmitri collected $2 from pot
VolkovDmitri: doesn't show hand
*** SUMMARY ***
Total pot $2 | Rake $0
Seat 7: VolkovDmitri (big blind) collected ($2)
Seat 9: hairy1961 (button) (small blind) folded before Flop


PokerStars Hand #152507295954:  Hold'em Limit ($3/$6 USD) - 2016/04/27 3:36:50 ET
Table 'Majuba II' 10-max Seat #7 is the button
Seat 7: VolkovDmitri ($183.47 in chips)
Seat 9: hairy1961 ($41.66 in chips)
VolkovDmitri: posts small blind $1
hairy1961: posts big blind $3
*** HOLE CARDS ***
VolkovDmitri: raises $3 to $6
hairy1961: calls $3
*** FLOP *** [Qs 2c Qd]
hairy1961: checks
VolkovDmitri: bets $3
hairy1961: calls $3
*** TURN *** [Qs 2c Qd] [Kd]
hairy1961: checks
VolkovDmitri: checks
*** RIVER *** [Qs 2c Qd Kd] [Ac]
hairy1961: checks
VolkovDmitri: checks
*** SHOW DOWN ***
hairy1961: shows [3h 2h] (two pair, Queens and Deuces)
VolkovDmitri: mucks hand
hairy1961 collected $17.64 from pot
*** SUMMARY ***
Total pot $18 | Rake $0.36
Board [Qs 2c Qd Kd Ac]
Seat 7: VolkovDmitri (button) (small blind) mucked
Seat 9: hairy1961 (big blind) showed [3h 2h] and won ($17.64) with two pair, Queens and Deuces


PokerStars Hand #152507284511:  Hold'em Limit ($3/$6 USD) - 2016/04/27 3:36:12 ET
Table 'Majuba II' 10-max Seat #7 is the button
Seat 7: VolkovDmitri ($170.95 in chips)
Seat 9: hairy1961 ($54.66 in chips)
VolkovDmitri: posts small blind $1
hairy1961: posts big blind $3
*** HOLE CARDS ***
VolkovDmitri: raises $3 to $6
hairy1961: calls $3
*** FLOP *** [Qd 6c 2d]
hairy1961: checks
VolkovDmitri: bets $3
hairy1961: raises $3 to $6
VolkovDmitri: calls $3
*** TURN *** [Qd 6c 2d] [Kh]
hairy1961: checks
VolkovDmitri: checks
*** RIVER *** [Qd 6c 2d Kh] [Kd]
hairy1961: checks
VolkovDmitri: checks
*** SHOW DOWN ***
hairy1961: shows [7h 5s] (a pair of Kings)
VolkovDmitri: shows [Jd 9s] (a pair of Kings - Queen+Jack kicker)
VolkovDmitri collected $23.52 from pot
*** SUMMARY ***
Total pot $24 | Rake $0.48
Board [Qd 6c 2d Kh Kd]
Seat 7: VolkovDmitri (button) (small blind) showed [Jd 9s] and won ($23.52) with a pair of Kings
Seat 9: hairy1961 (big blind) showed [7h 5s] and lost with a pair of Kings


PokerStars Hand #152507294362:  Hold'em Limit ($3/$6 USD) - 2016/04/27 3:36:45 ET
Table 'Majuba II' 10-max Seat #9 is the button
Seat 7: VolkovDmitri ($182.47 in chips)
Seat 9: hairy1961 ($42.66 in chips)
hairy1961: posts small blind $1
VolkovDmitri: posts big blind $3
*** HOLE CARDS ***
hairy1961: folds
Uncalled bet ($2) returned to VolkovDmitri
VolkovDmitri collected $2 from pot
VolkovDmitri: doesn't show hand
*** SUMMARY ***
Total pot $2 | Rake $0
Seat 7: VolkovDmitri (big blind) collected ($2)
Seat 9: hairy1961 (button) (small blind) folded before Flop


PokerStars Hand #152507309825:  Hold'em Limit ($3/$6 USD) - 2016/04/27 3:37:37 ET
Table 'Majuba II' 10-max Seat #9 is the button
Seat 7: VolkovDmitri ($178.47 in chips)
Seat 9: hairy1961 ($46.30 in chips)
hairy1961: posts small blind $1
VolkovDmitri: posts big blind $3
*** HOLE CARDS ***
hairy1961: raises $3 to $6
VolkovDmitri: calls $3
*** FLOP *** [9h 6d 2c]
VolkovDmitri: checks
hairy1961: bets $3
VolkovDmitri: calls $3
*** TURN *** [9h 6d 2c] [Ts]
VolkovDmitri: bets $6
hairy1961: calls $6
*** RIVER *** [9h 6d 2c Ts] [As]
VolkovDmitri: checks
hairy1961: bets $6
VolkovDmitri: calls $6
*** SHOW DOWN ***
hairy1961: shows [5s 7s] (high card Ace)
VolkovDmitri: shows [Td 7c] (a pair of Tens)
VolkovDmitri collected $41.50 from pot
*** SUMMARY ***
Total pot $42 | Rake $0.50
Board [9h 6d 2c Ts As]
Seat 7: VolkovDmitri (big blind) showed [Td 7c] and won ($41.50) with a pair of Tens
Seat 9: hairy1961 (button) (small blind) showed [5s 7s] and lost with high card Ace


PokerStars Hand #152507306169:  Hold'em Limit ($3/$6 USD) - 2016/04/27 3:37:25 ET
Table 'Majuba II' 10-max Seat #7 is the button
Seat 7: VolkovDmitri ($175.47 in chips)
Seat 9: hairy1961 ($49.30 in chips)
VolkovDmitri: posts small blind $1
hairy1961: posts big blind $3
*** HOLE CARDS ***
VolkovDmitri: raises $3 to $6
hairy1961: folds
Uncalled bet ($3) returned to VolkovDmitri
VolkovDmitri collected $6 from pot
VolkovDmitri: doesn't show hand
*** SUMMARY ***
Total pot $6 | Rake $0
Seat 7: VolkovDmitri (button) (small blind) collected ($6)
Seat 9: hairy1961 (big blind) folded before Flop


PokerStars Hand #152507326604:  Hold'em Limit ($3/$6 USD) - 2016/04/27 3:38:33 ET
Table 'Majuba II' 10-max Seat #9 is the button
Seat 7: VolkovDmitri ($204.73 in chips)
Seat 9: hairy1961 ($19.30 in chips)
hairy1961: posts small blind $1
VolkovDmitri: posts big blind $3
*** HOLE CARDS ***
hairy1961: folds
Uncalled bet ($2) returned to VolkovDmitri
VolkovDmitri collected $2 from pot
VolkovDmitri: doesn't show hand
*** SUMMARY ***
Total pot $2 | Rake $0
Seat 7: VolkovDmitri (big blind) collected ($2)
Seat 9: hairy1961 (button) (small blind) folded before Flop


PokerStars Hand #152507328175:  Hold'em Limit ($3/$6 USD) - 2016/04/27 3:38:38 ET
Table 'Majuba II' 10-max Seat #7 is the button
Seat 7: VolkovDmitri ($205.73 in chips)
Seat 9: hairy1961 ($18.30 in chips)
VolkovDmitri: posts small blind $1
hairy1961: posts big blind $3
*** HOLE CARDS ***
VolkovDmitri: raises $3 to $6
hairy1961: raises $3 to $9
VolkovDmitri: calls $3
*** FLOP *** [3d Ac Jh]
hairy1961: bets $3
VolkovDmitri: calls $3
*** TURN *** [3d Ac Jh] [5h]
hairy1961: bets $6
VolkovDmitri: raises $6 to $12
hairy1961: calls $0.30 and is all-in
Uncalled bet ($5.70) returned to VolkovDmitri
*** RIVER *** [3d Ac Jh 5h] [Tc]
*** SHOW DOWN ***
hairy1961: shows [2s 3c] (a pair of Threes)
VolkovDmitri: shows [Js 9c] (a pair of Jacks)
VolkovDmitri collected $36.10 from pot
*** SUMMARY ***
Total pot $36.60 | Rake $0.50
Board [3d Ac Jh 5h Tc]
Seat 7: VolkovDmitri (button) (small blind) showed [Js 9c] and won ($36.10) with a pair of Jacks
Seat 9: hairy1961 (big blind) showed [2s 3c] and lost with a pair of Threes


PokerStars Hand #152507322226:  Hold'em Limit ($3/$6 USD) - 2016/04/27 3:38:18 ET
Table 'Majuba II' 10-max Seat #7 is the button
Seat 7: VolkovDmitri ($198.97 in chips)
Seat 9: hairy1961 ($25.30 in chips)
VolkovDmitri: posts small blind $1
hairy1961: posts big blind $3
*** HOLE CARDS ***
VolkovDmitri: raises $3 to $6
hairy1961: calls $3
*** FLOP *** [3h 7s Jh]
hairy1961: checks
VolkovDmitri: bets $3
hairy1961: folds
Uncalled bet ($3) returned to VolkovDmitri
VolkovDmitri collected $11.76 from pot
VolkovDmitri: doesn't show hand
*** SUMMARY ***
Total pot $12 | Rake $0.24
Board [3h 7s Jh]
Seat 7: VolkovDmitri (button) (small blind) collected ($11.76)
Seat 9: hairy1961 (big blind) folded on the Flop


