PokerStars Hand #146500669901:  Hold'em Limit ($3/$6 USD) - 2016/01/05 7:10:55 ET
Table 'Makhaon II' 2-max Seat #1 is the button
Seat 1: Rus29APX ($91 in chips)
Seat 2: knysi ($60.76 in chips)
Rus29APX: posts small blind $1
knysi: posts big blind $3
*** HOLE CARDS ***
Rus29APX: raises $3 to $6
knysi: folds
Uncalled bet ($3) returned to Rus29APX
Rus29APX collected $6 from pot
Rus29APX: doesn't show hand
*** SUMMARY ***
Total pot $6 | Rake $0
Seat 1: Rus29APX (button) (small blind) collected ($6)
Seat 2: knysi (big blind) folded before Flop


PokerStars Hand #146500665796:  Hold'em Limit ($3/$6 USD) - 2016/01/05 7:10:48 ET
Table 'Makhaon II' 2-max Seat #2 is the button
Seat 1: Rus29APX ($90 in chips)
Seat 2: knysi ($61.76 in chips)
knysi: posts small blind $1
Rus29APX: posts big blind $3
*** HOLE CARDS ***
knysi: folds
Uncalled bet ($2) returned to Rus29APX
Rus29APX collected $2 from pot
Rus29APX: doesn't show hand
*** SUMMARY ***
Total pot $2 | Rake $0
Seat 1: Rus29APX (big blind) collected ($2)
Seat 2: knysi (button) (small blind) folded before Flop


PokerStars Hand #146500699477:  Hold'em Limit ($3/$6 USD) - 2016/01/05 7:11:43 ET
Table 'Makhaon II' 2-max Seat #1 is the button
Seat 1: Rus29APX ($128.78 in chips)
Seat 2: knysi ($21.76 in chips)
Rus29APX: posts small blind $1
knysi: posts big blind $3
*** HOLE CARDS ***
Rus29APX: raises $3 to $6
knysi: calls $3
*** FLOP *** [3d Ts Js]
knysi: checks
Rus29APX: bets $3
knysi: calls $3
*** TURN *** [3d Ts Js] [9s]
knysi: checks
Rus29APX: checks
*** RIVER *** [3d Ts Js 9s] [Kh]
knysi: checks
Rus29APX: checks
*** SHOW DOWN ***
knysi: shows [Qh 5c] (a straight, Nine to King)
Rus29APX: mucks hand
knysi collected $17.64 from pot
*** SUMMARY ***
Total pot $18 | Rake $0.36
Board [3d Ts Js 9s Kh]
Seat 1: Rus29APX (button) (small blind) mucked
Seat 2: knysi (big blind) showed [Qh 5c] and won ($17.64) with a straight, Nine to King


PokerStars Hand #146500689339:  Hold'em Limit ($3/$6 USD) - 2016/01/05 7:11:27 ET
Table 'Makhaon II' 2-max Seat #2 is the button
Seat 1: Rus29APX ($117.26 in chips)
Seat 2: knysi ($33.76 in chips)
knysi: posts small blind $1
Rus29APX: posts big blind $3
*** HOLE CARDS ***
knysi: raises $3 to $6
Rus29APX: calls $3
*** FLOP *** [9s Jd 2d]
Rus29APX: checks
knysi: checks
*** TURN *** [9s Jd 2d] [6s]
Rus29APX: bets $6
knysi: calls $6
*** RIVER *** [9s Jd 2d 6s] [Ks]
Rus29APX: bets $6
knysi: folds
Uncalled bet ($6) returned to Rus29APX
Rus29APX collected $23.52 from pot
Rus29APX: doesn't show hand
*** SUMMARY ***
Total pot $24 | Rake $0.48
Board [9s Jd 2d 6s Ks]
Seat 1: Rus29APX (big blind) collected ($23.52)
Seat 2: knysi (button) (small blind) folded on the River


PokerStars Hand #146500683603:  Hold'em Limit ($3/$6 USD) - 2016/01/05 7:11:17 ET
Table 'Makhaon II' 2-max Seat #1 is the button
Seat 1: Rus29APX ($111.50 in chips)
Seat 2: knysi ($39.76 in chips)
Rus29APX: posts small blind $1
knysi: posts big blind $3
*** HOLE CARDS ***
Rus29APX: raises $3 to $6
knysi: calls $3
*** FLOP *** [2h Ks Js]
knysi: checks
Rus29APX: bets $3
knysi: folds
Uncalled bet ($3) returned to Rus29APX
Rus29APX collected $11.76 from pot
Rus29APX: doesn't show hand
*** SUMMARY ***
Total pot $12 | Rake $0.24
Board [2h Ks Js]
Seat 1: Rus29APX (button) (small blind) collected ($11.76)
Seat 2: knysi (big blind) folded on the Flop


PokerStars Hand #146500673074:  Hold'em Limit ($3/$6 USD) - 2016/01/05 7:11:00 ET
Table 'Makhaon II' 2-max Seat #2 is the button
Seat 1: Rus29APX ($94 in chips)
Seat 2: knysi ($57.76 in chips)
knysi: posts small blind $1
Rus29APX: posts big blind $3
*** HOLE CARDS ***
knysi: raises $3 to $6
Rus29APX: calls $3
*** FLOP *** [Ks Ad Qh]
Rus29APX: checks
knysi: bets $3
Rus29APX: raises $3 to $6
knysi: calls $3
*** TURN *** [Ks Ad Qh] [9h]
Rus29APX: bets $6
knysi: calls $6
*** RIVER *** [Ks Ad Qh 9h] [3d]
Rus29APX: bets $6
knysi: folds
Uncalled bet ($6) returned to Rus29APX
Rus29APX collected $35.50 from pot
Rus29APX: doesn't show hand
*** SUMMARY ***
Total pot $36 | Rake $0.50
Board [Ks Ad Qh 9h 3d]
Seat 1: Rus29APX (big blind) collected ($35.50)
Seat 2: knysi (button) (small blind) folded on the River


PokerStars Hand #146500726014:  Hold'em Limit ($3/$6 USD) - 2016/01/05 7:12:27 ET
Table 'Makhaon II' 2-max Seat #1 is the button
Seat 1: Rus29APX ($95.78 in chips)
Seat 2: knysi ($53.90 in chips)
Rus29APX: posts small blind $1
knysi: posts big blind $3
*** HOLE CARDS ***
Rus29APX: raises $3 to $6
knysi: calls $3
*** FLOP *** [7h Jh Js]
knysi: checks
Rus29APX: bets $3
knysi: calls $3
*** TURN *** [7h Jh Js] [3s]
knysi: checks
Rus29APX: checks
*** RIVER *** [7h Jh Js 3s] [Qd]
knysi: checks
Rus29APX: checks
*** SHOW DOWN ***
knysi: shows [9s 6d] (a pair of Jacks)
Rus29APX: shows [Ad 8c] (a pair of Jacks - Ace kicker)
Rus29APX collected $17.64 from pot
*** SUMMARY ***
Total pot $18 | Rake $0.36
Board [7h Jh Js 3s Qd]
Seat 1: Rus29APX (button) (small blind) showed [Ad 8c] and won ($17.64) with a pair of Jacks
Seat 2: knysi (big blind) showed [9s 6d] and lost with a pair of Jacks


PokerStars Hand #146500712279:  Hold'em Limit ($3/$6 USD) - 2016/01/05 7:12:04 ET
Table 'Makhaon II' 2-max Seat #2 is the button
Seat 1: Rus29APX ($119.78 in chips)
Seat 2: knysi ($30.40 in chips)
knysi: posts small blind $1
Rus29APX: posts big blind $3
*** HOLE CARDS ***
knysi: raises $3 to $6
Rus29APX: calls $3
*** FLOP *** [5d 9c 5c]
Rus29APX: checks
knysi: checks
*** TURN *** [5d 9c 5c] [6c]
Rus29APX: bets $6
knysi: raises $6 to $12
Rus29APX: calls $6
*** RIVER *** [5d 9c 5c 6c] [2d]
Rus29APX: checks
knysi: bets $6
Rus29APX: calls $6
*** SHOW DOWN ***
knysi: shows [5s Qh] (three of a kind, Fives)
Rus29APX: mucks hand
knysi collected $47.50 from pot
*** SUMMARY ***
Total pot $48 | Rake $0.50
Board [5d 9c 5c 6c 2d]
Seat 1: Rus29APX (big blind) mucked
Seat 2: knysi (button) (small blind) showed [5s Qh] and won ($47.50) with three of a kind, Fives


PokerStars Hand #146500766624:  Hold'em Limit ($3/$6 USD) - 2016/01/05 7:13:33 ET
Table 'Makhaon II' 2-max Seat #2 is the button
Seat 1: Rus29APX ($86.42 in chips)
Seat 2: knysi ($62.18 in chips)
knysi: posts small blind $1
Rus29APX: posts big blind $3
*** HOLE CARDS ***
knysi: raises $3 to $6
Rus29APX: raises $3 to $9
knysi: calls $3
*** FLOP *** [Th Qh 7d]
Rus29APX: bets $3
knysi: calls $3
*** TURN *** [Th Qh 7d] [2c]
Rus29APX: bets $6
knysi: calls $6
*** RIVER *** [Th Qh 7d 2c] [6s]
Rus29APX: checks
knysi: bets $6
Rus29APX: calls $6
*** SHOW DOWN ***
knysi: shows [Jh Jc] (a pair of Jacks)
Rus29APX: mucks hand
knysi collected $47.50 from pot
*** SUMMARY ***
Total pot $48 | Rake $0.50
Board [Th Qh 7d 2c 6s]
Seat 1: Rus29APX (big blind) mucked
Seat 2: knysi (button) (small blind) showed [Jh Jc] and won ($47.50) with a pair of Jacks


PokerStars Hand #146500755503:  Hold'em Limit ($3/$6 USD) - 2016/01/05 7:13:14 ET
Table 'Makhaon II' 2-max Seat #1 is the button
Seat 1: Rus29APX ($95.42 in chips)
Seat 2: knysi ($53.54 in chips)
Rus29APX: posts small blind $1
knysi: posts big blind $3
*** HOLE CARDS ***
Rus29APX: raises $3 to $6
knysi: calls $3
*** FLOP *** [Qs 3s Ad]
knysi: checks
Rus29APX: bets $3
knysi: calls $3
*** TURN *** [Qs 3s Ad] [9h]
knysi: checks
Rus29APX: checks
*** RIVER *** [Qs 3s Ad 9h] [8h]
knysi: bets $6
Rus29APX: folds
Uncalled bet ($6) returned to knysi
knysi collected $17.64 from pot
knysi: doesn't show hand
*** SUMMARY ***
Total pot $18 | Rake $0.36
Board [Qs 3s Ad 9h 8h]
Seat 1: Rus29APX (button) (small blind) folded on the River
Seat 2: knysi (big blind) collected ($17.64)


PokerStars Hand #146500743120:  Hold'em Limit ($3/$6 USD) - 2016/01/05 7:12:54 ET
Table 'Makhaon II' 2-max Seat #2 is the button
Seat 1: Rus29APX ($104.42 in chips)
Seat 2: knysi ($44.90 in chips)
knysi: posts small blind $1
Rus29APX: posts big blind $3
*** HOLE CARDS ***
knysi: raises $3 to $6
Rus29APX: calls $3
*** FLOP *** [Ts Tc 6s]
Rus29APX: checks
knysi: bets $3
Rus29APX: calls $3
*** TURN *** [Ts Tc 6s] [8c]
Rus29APX: checks
knysi: checks
*** RIVER *** [Ts Tc 6s 8c] [5h]
Rus29APX: checks
knysi: checks
*** SHOW DOWN ***
Rus29APX: shows [Js 7d] (a pair of Tens)
knysi: shows [4c Kc] (a pair of Tens - King kicker)
knysi collected $17.64 from pot
*** SUMMARY ***
Total pot $18 | Rake $0.36
Board [Ts Tc 6s 8c 5h]
Seat 1: Rus29APX (big blind) showed [Js 7d] and lost with a pair of Tens
Seat 2: knysi (button) (small blind) showed [4c Kc] and won ($17.64) with a pair of Tens


PokerStars Hand #146500813950:  Hold'em Limit ($3/$6 USD) - 2016/01/05 7:14:49 ET
Table 'Makhaon II' 2-max Seat #1 is the button
Seat 1: Rus29APX ($104.42 in chips)
Seat 2: knysi ($42.68 in chips)
Rus29APX: posts small blind $1
knysi: posts big blind $3
*** HOLE CARDS ***
Rus29APX: raises $3 to $6
knysi: calls $3
*** FLOP *** [7s 6c Jd]
knysi: checks
Rus29APX: bets $3
knysi: calls $3
*** TURN *** [7s 6c Jd] [6s]
knysi: checks
Rus29APX: checks
*** RIVER *** [7s 6c Jd 6s] [Tc]
knysi: bets $6
Rus29APX: folds
Uncalled bet ($6) returned to knysi
knysi collected $17.64 from pot
knysi: doesn't show hand
*** SUMMARY ***
Total pot $18 | Rake $0.36
Board [7s 6c Jd 6s Tc]
Seat 1: Rus29APX (button) (small blind) folded on the River
Seat 2: knysi (big blind) collected ($17.64)


PokerStars Hand #146500801587:  Hold'em Limit ($3/$6 USD) - 2016/01/05 7:14:29 ET
Table 'Makhaon II' 2-max Seat #2 is the button
Seat 1: Rus29APX ($80.92 in chips)
Seat 2: knysi ($66.68 in chips)
knysi: posts small blind $1
Rus29APX: posts big blind $3
*** HOLE CARDS ***
knysi: raises $3 to $6
Rus29APX: raises $3 to $9
knysi: calls $3
*** FLOP *** [8s 3c 3h]
Rus29APX: bets $3
knysi: calls $3
*** TURN *** [8s 3c 3h] [7d]
Rus29APX: bets $6
knysi: calls $6
*** RIVER *** [8s 3c 3h 7d] [Tc]
Rus29APX: bets $6
knysi: calls $6
*** SHOW DOWN ***
Rus29APX: shows [Td Kh] (two pair, Tens and Threes)
knysi: mucks hand
Rus29APX collected $47.50 from pot
*** SUMMARY ***
Total pot $48 | Rake $0.50
Board [8s 3c 3h 7d Tc]
Seat 1: Rus29APX (big blind) showed [Td Kh] and won ($47.50) with two pair, Tens and Threes
Seat 2: knysi (button) (small blind) mucked


PokerStars Hand #146500798354:  Hold'em Limit ($3/$6 USD) - 2016/01/05 7:14:24 ET
Table 'Makhaon II' 2-max Seat #1 is the button
Seat 1: Rus29APX ($77.92 in chips)
Seat 2: knysi ($69.68 in chips)
Rus29APX: posts small blind $1
knysi: posts big blind $3
*** HOLE CARDS ***
Rus29APX: raises $3 to $6
knysi: folds
Uncalled bet ($3) returned to Rus29APX
Rus29APX collected $6 from pot
Rus29APX: doesn't show hand
*** SUMMARY ***
Total pot $6 | Rake $0
Seat 1: Rus29APX (button) (small blind) collected ($6)
Seat 2: knysi (big blind) folded before Flop


PokerStars Hand #146500794120:  Hold'em Limit ($3/$6 USD) - 2016/01/05 7:14:17 ET
Table 'Makhaon II' 2-max Seat #2 is the button
Seat 1: Rus29APX ($76.92 in chips)
Seat 2: knysi ($70.68 in chips)
knysi: posts small blind $1
Rus29APX: posts big blind $3
*** HOLE CARDS ***
knysi: folds
Uncalled bet ($2) returned to Rus29APX
Rus29APX collected $2 from pot
Rus29APX: doesn't show hand
*** SUMMARY ***
Total pot $2 | Rake $0
Seat 1: Rus29APX (big blind) collected ($2)
Seat 2: knysi (button) (small blind) folded before Flop


PokerStars Hand #146500777763:  Hold'em Limit ($3/$6 USD) - 2016/01/05 7:13:51 ET
Table 'Makhaon II' 2-max Seat #1 is the button
Seat 1: Rus29APX ($62.42 in chips)
Seat 2: knysi ($85.68 in chips)
Rus29APX: posts small blind $1
knysi: posts big blind $3
*** HOLE CARDS ***
Rus29APX: raises $3 to $6
knysi: calls $3
*** FLOP *** [9s Kh 4d]
knysi: checks
Rus29APX: bets $3
knysi: calls $3
*** TURN *** [9s Kh 4d] [Qc]
knysi: checks
Rus29APX: bets $6
knysi: calls $6
*** RIVER *** [9s Kh 4d Qc] [3d]
knysi: checks
Rus29APX: bets $6
knysi: folds
Uncalled bet ($6) returned to Rus29APX
Rus29APX collected $29.50 from pot
Rus29APX: doesn't show hand
*** SUMMARY ***
Total pot $30 | Rake $0.50
Board [9s Kh 4d Qc 3d]
Seat 1: Rus29APX (button) (small blind) collected ($29.50)
Seat 2: knysi (big blind) folded on the River


PokerStars Hand #146500832802:  Hold'em Limit ($3/$6 USD) - 2016/01/05 7:15:20 ET
Table 'Makhaon II' 2-max Seat #1 is the button
Seat 1: Rus29APX ($104.06 in chips)
Seat 2: knysi ($42.32 in chips)
Rus29APX: posts small blind $1
knysi: posts big blind $3
*** HOLE CARDS ***
Rus29APX: raises $3 to $6
knysi: folds
Uncalled bet ($3) returned to Rus29APX
Rus29APX collected $6 from pot
Rus29APX: doesn't show hand
*** SUMMARY ***
Total pot $6 | Rake $0
Seat 1: Rus29APX (button) (small blind) collected ($6)
Seat 2: knysi (big blind) folded before Flop


PokerStars Hand #146500825031:  Hold'em Limit ($3/$6 USD) - 2016/01/05 7:15:07 ET
Table 'Makhaon II' 2-max Seat #2 is the button
Seat 1: Rus29APX ($95.42 in chips)
Seat 2: knysi ($51.32 in chips)
knysi: posts small blind $1
Rus29APX: posts big blind $3
*** HOLE CARDS ***
knysi: raises $3 to $6
Rus29APX: raises $3 to $9
knysi: calls $3
*** FLOP *** [2s Qs Kd]
Rus29APX: bets $3
knysi: folds
Uncalled bet ($3) returned to Rus29APX
Rus29APX collected $17.64 from pot
Rus29APX: doesn't show hand
*** SUMMARY ***
Total pot $18 | Rake $0.36
Board [2s Qs Kd]
Seat 1: Rus29APX (big blind) collected ($17.64)
Seat 2: knysi (button) (small blind) folded on the Flop


PokerStars Hand #146500836857:  Hold'em Limit ($3/$6 USD) - 2016/01/05 7:15:26 ET
Table 'Makhaon II' 2-max Seat #2 is the button
Seat 1: Rus29APX ($107.06 in chips)
Seat 2: knysi ($39.32 in chips)
knysi: posts small blind $1
Rus29APX: posts big blind $3
*** HOLE CARDS ***
knysi: folds
Uncalled bet ($2) returned to Rus29APX
Rus29APX collected $2 from pot
Rus29APX: doesn't show hand
*** SUMMARY ***
Total pot $2 | Rake $0
Seat 1: Rus29APX (big blind) collected ($2)
Seat 2: knysi (button) (small blind) folded before Flop


PokerStars Hand #146500839706:  Hold'em Limit ($3/$6 USD) - 2016/01/05 7:15:31 ET
Table 'Makhaon II' 2-max Seat #1 is the button
Seat 1: Rus29APX ($108.06 in chips)
Seat 2: knysi ($38.32 in chips)
Rus29APX: posts small blind $1
knysi: posts big blind $3
*** HOLE CARDS ***
Rus29APX: raises $3 to $6
knysi: calls $3
*** FLOP *** [4c 3c 7h]
knysi: checks
Rus29APX: bets $3
knysi: calls $3
*** TURN *** [4c 3c 7h] [7s]
knysi: checks
Rus29APX: bets $6
knysi: calls $6
*** RIVER *** [4c 3c 7h 7s] [5d]
knysi: checks
Rus29APX: checks
*** SHOW DOWN ***
knysi: shows [4s 3h] (two pair, Sevens and Fours)
Rus29APX: mucks hand
knysi collected $29.50 from pot
*** SUMMARY ***
Total pot $30 | Rake $0.50
Board [4c 3c 7h 7s 5d]
Seat 1: Rus29APX (button) (small blind) mucked
Seat 2: knysi (big blind) showed [4s 3h] and won ($29.50) with two pair, Sevens and Fours


PokerStars Hand #146500855749:  Hold'em Limit ($3/$6 USD) - 2016/01/05 7:15:56 ET
Table 'Makhaon II' 2-max Seat #2 is the button
Seat 1: Rus29APX ($93.06 in chips)
Seat 2: knysi ($52.82 in chips)
knysi: posts small blind $1
Rus29APX: posts big blind $3
*** HOLE CARDS ***
knysi: raises $3 to $6
Rus29APX: calls $3
*** FLOP *** [5s 2d 9s]
Rus29APX: checks
knysi: checks
*** TURN *** [5s 2d 9s] [8s]
Rus29APX: bets $6
knysi: calls $6
*** RIVER *** [5s 2d 9s 8s] [3s]
Rus29APX: bets $6
knysi: folds
Uncalled bet ($6) returned to Rus29APX
Rus29APX collected $23.52 from pot
Rus29APX: doesn't show hand
*** SUMMARY ***
Total pot $24 | Rake $0.48
Board [5s 2d 9s 8s 3s]
Seat 1: Rus29APX (big blind) collected ($23.52)
Seat 2: knysi (button) (small blind) folded on the River


PokerStars Hand #146500873640:  Hold'em Limit ($3/$6 USD) - 2016/01/05 7:16:25 ET
Table 'Makhaon II' 2-max Seat #1 is the button
Seat 1: Rus29APX ($104.58 in chips)
Seat 2: knysi ($40.82 in chips)
Rus29APX: posts small blind $1
knysi: posts big blind $3
*** HOLE CARDS ***
Rus29APX: raises $3 to $6
knysi: calls $3
*** FLOP *** [9s 2d 2s]
knysi: checks
Rus29APX: bets $3
knysi: calls $3
*** TURN *** [9s 2d 2s] [As]
knysi: checks
Rus29APX: bets $6
knysi: calls $6
*** RIVER *** [9s 2d 2s As] [Jh]
knysi: checks
Rus29APX: checks
*** SHOW DOWN ***
knysi: shows [6c Qs] (a pair of Deuces)
Rus29APX: shows [7d Qd] (a pair of Deuces)
knysi collected $14.75 from pot
Rus29APX collected $14.75 from pot
*** SUMMARY ***
Total pot $30 | Rake $0.50
Board [9s 2d 2s As Jh]
Seat 1: Rus29APX (button) (small blind) showed [7d Qd] and won ($14.75) with a pair of Deuces
Seat 2: knysi (big blind) showed [6c Qs] and won ($14.75) with a pair of Deuces


PokerStars Hand #146500901554:  Hold'em Limit ($3/$6 USD) - 2016/01/05 7:17:10 ET
Table 'Makhaon II' 2-max Seat #1 is the button
Seat 1: Rus29APX ($89.33 in chips)
Seat 2: knysi ($55.07 in chips)
Rus29APX: posts small blind $1
knysi: posts big blind $3
*** HOLE CARDS ***
Rus29APX: raises $3 to $6
knysi: calls $3
*** FLOP *** [6h Th Jh]
knysi: checks
Rus29APX: bets $3
knysi: folds
Uncalled bet ($3) returned to Rus29APX
Rus29APX collected $11.76 from pot
Rus29APX: doesn't show hand
*** SUMMARY ***
Total pot $12 | Rake $0.24
Board [6h Th Jh]
Seat 1: Rus29APX (button) (small blind) collected ($11.76)
Seat 2: knysi (big blind) folded on the Flop


PokerStars Hand #146500909220:  Hold'em Limit ($3/$6 USD) - 2016/01/05 7:17:23 ET
Table 'Makhaon II' 2-max Seat #2 is the button
Seat 1: Rus29APX ($95.09 in chips)
Seat 2: knysi ($49.07 in chips)
knysi: posts small blind $1
Rus29APX: posts big blind $3
*** HOLE CARDS ***
knysi: raises $3 to $6
Rus29APX: calls $3
*** FLOP *** [Jc Ts 5d]
Rus29APX: checks
knysi: checks
*** TURN *** [Jc Ts 5d] [Td]
Rus29APX: bets $6
knysi: folds
Uncalled bet ($6) returned to Rus29APX
Rus29APX collected $11.76 from pot
Rus29APX: doesn't show hand
*** SUMMARY ***
Total pot $12 | Rake $0.24
Board [Jc Ts 5d Td]
Seat 1: Rus29APX (big blind) collected ($11.76)
Seat 2: knysi (button) (small blind) folded on the Turn


PokerStars Hand #146500917858:  Hold'em Limit ($3/$6 USD) - 2016/01/05 7:17:37 ET
Table 'Makhaon II' 2-max Seat #1 is the button
Seat 1: Rus29APX ($100.85 in chips)
Seat 2: knysi ($43.07 in chips)
Rus29APX: posts small blind $1
knysi: posts big blind $3
*** HOLE CARDS ***
Rus29APX: raises $3 to $6
knysi: calls $3
*** FLOP *** [Kd 8s Tc]
knysi: checks
Rus29APX: bets $3
knysi: calls $3
*** TURN *** [Kd 8s Tc] [As]
knysi: checks
Rus29APX: checks
*** RIVER *** [Kd 8s Tc As] [Qc]
knysi: checks
Rus29APX: checks
*** SHOW DOWN ***
knysi: shows [9h 9s] (a pair of Nines)
Rus29APX: shows [Qh 9d] (a pair of Queens)
Rus29APX collected $17.64 from pot
*** SUMMARY ***
Total pot $18 | Rake $0.36
Board [Kd 8s Tc As Qc]
Seat 1: Rus29APX (button) (small blind) showed [Qh 9d] and won ($17.64) with a pair of Queens
Seat 2: knysi (big blind) showed [9h 9s] and lost with a pair of Nines


PokerStars Hand #146500889176:  Hold'em Limit ($3/$6 USD) - 2016/01/05 7:16:50 ET
Table 'Makhaon II' 2-max Seat #2 is the button
Seat 1: Rus29APX ($104.33 in chips)
Seat 2: knysi ($40.57 in chips)
knysi: posts small blind $1
Rus29APX: posts big blind $3
*** HOLE CARDS ***
knysi: raises $3 to $6
Rus29APX: raises $3 to $9
knysi: calls $3
*** FLOP *** [4h 9c 9d]
Rus29APX: bets $3
knysi: raises $3 to $6
Rus29APX: calls $3
*** TURN *** [4h 9c 9d] [Js]
Rus29APX: checks
knysi: bets $6
Rus29APX: folds
Uncalled bet ($6) returned to knysi
knysi collected $29.50 from pot
knysi: doesn't show hand
*** SUMMARY ***
Total pot $30 | Rake $0.50
Board [4h 9c 9d Js]
Seat 1: Rus29APX (big blind) folded on the Turn
Seat 2: knysi (button) (small blind) collected ($29.50)


PokerStars Hand #146500942673:  Hold'em Limit ($3/$6 USD) - 2016/01/05 7:18:17 ET
Table 'Makhaon II' 2-max Seat #1 is the button
Seat 1: Rus29APX ($118.13 in chips)
Seat 2: knysi ($25.07 in chips)
Rus29APX: posts small blind $1
knysi: posts big blind $3
*** HOLE CARDS ***
Rus29APX: raises $3 to $6
knysi: calls $3
*** FLOP *** [Kh 5h Js]
knysi: checks
Rus29APX: bets $3
knysi: folds
Uncalled bet ($3) returned to Rus29APX
Rus29APX collected $11.76 from pot
Rus29APX: doesn't show hand
*** SUMMARY ***
Total pot $12 | Rake $0.24
Board [Kh 5h Js]
Seat 1: Rus29APX (button) (small blind) collected ($11.76)
Seat 2: knysi (big blind) folded on the Flop


PokerStars Hand #146500950605:  Hold'em Limit ($3/$6 USD) - 2016/01/05 7:18:29 ET
Table 'Makhaon II' 2-max Seat #2 is the button
Seat 1: Rus29APX ($123.89 in chips)
Seat 2: knysi ($19.07 in chips)
knysi: posts small blind $1
Rus29APX: posts big blind $3
*** HOLE CARDS ***
knysi: raises $3 to $6
Rus29APX: raises $3 to $9
knysi: calls $3
*** FLOP *** [Js 5d Jh]
Rus29APX: bets $3
knysi: raises $3 to $6
Rus29APX: raises $3 to $9
knysi: raises $1.07 to $10.07 and is all-in
Betting is capped
Rus29APX: calls $1.07
*** TURN *** [Js 5d Jh] [2h]
*** RIVER *** [Js 5d Jh 2h] [Kh]
*** SHOW DOWN ***
Rus29APX: shows [Tc Th] (two pair, Jacks and Tens)
knysi: shows [5s 9s] (two pair, Jacks and Fives)
Rus29APX collected $37.64 from pot
*** SUMMARY ***
Total pot $38.14 | Rake $0.50
Board [Js 5d Jh 2h Kh]
Seat 1: Rus29APX (big blind) showed [Tc Th] and won ($37.64) with two pair, Jacks and Tens
Seat 2: knysi (button) (small blind) showed [5s 9s] and lost with two pair, Jacks and Fives


PokerStars Hand #146500929375:  Hold'em Limit ($3/$6 USD) - 2016/01/05 7:17:55 ET
Table 'Makhaon II' 2-max Seat #2 is the button
Seat 1: Rus29APX ($109.49 in chips)
Seat 2: knysi ($34.07 in chips)
knysi: posts small blind $1
Rus29APX: posts big blind $3
*** HOLE CARDS ***
knysi: raises $3 to $6
Rus29APX: calls $3
*** FLOP *** [6d 7d 5d]
Rus29APX: bets $3
knysi: calls $3
*** TURN *** [6d 7d 5d] [Kc]
Rus29APX: bets $6
knysi: folds
Uncalled bet ($6) returned to Rus29APX
Rus29APX collected $17.64 from pot
Rus29APX: doesn't show hand
*** SUMMARY ***
Total pot $18 | Rake $0.36
Board [6d 7d 5d Kc]
Seat 1: Rus29APX (big blind) collected ($17.64)
Seat 2: knysi (button) (small blind) folded on the Turn


PokerStars Hand #146502465224:  Hold'em Limit ($3/$6 USD) - 2016/01/05 7:57:46 ET
Table 'Makhaon II' 2-max Seat #2 is the button
Seat 1: Rus29APX ($136.22 in chips)
Seat 2: newbaila ($206 in chips)
newbaila: posts small blind $1
Rus29APX: posts big blind $3
*** HOLE CARDS ***
newbaila: folds
Uncalled bet ($2) returned to Rus29APX
Rus29APX collected $2 from pot
Rus29APX: doesn't show hand
*** SUMMARY ***
Total pot $2 | Rake $0
Seat 1: Rus29APX (big blind) collected ($2)
Seat 2: newbaila (button) (small blind) folded before Flop


PokerStars Hand #146502460453:  Hold'em Limit ($3/$6 USD) - 2016/01/05 7:57:38 ET
Table 'Makhaon II' 2-max Seat #1 is the button
Seat 1: Rus29APX ($133.22 in chips)
Seat 2: newbaila ($209 in chips)
Rus29APX: posts small blind $1
newbaila: posts big blind $3
*** HOLE CARDS ***
Rus29APX: raises $3 to $6
newbaila: folds
Uncalled bet ($3) returned to Rus29APX
Rus29APX collected $6 from pot
Rus29APX: doesn't show hand
*** SUMMARY ***
Total pot $6 | Rake $0
Seat 1: Rus29APX (button) (small blind) collected ($6)
Seat 2: newbaila (big blind) folded before Flop


PokerStars Hand #146502507263:  Hold'em Limit ($3/$6 USD) - 2016/01/05 7:58:58 ET
Table 'Makhaon II' 2-max Seat #1 is the button
Seat 1: Rus29APX ($107.22 in chips)
Seat 2: newbaila ($234.26 in chips)
Rus29APX: posts small blind $1
newbaila: posts big blind $3
*** HOLE CARDS ***
Rus29APX: raises $3 to $6
newbaila: folds
Uncalled bet ($3) returned to Rus29APX
Rus29APX collected $6 from pot
Rus29APX: doesn't show hand
*** SUMMARY ***
Total pot $6 | Rake $0
Seat 1: Rus29APX (button) (small blind) collected ($6)
Seat 2: newbaila (big blind) folded before Flop


PokerStars Hand #146502503811:  Hold'em Limit ($3/$6 USD) - 2016/01/05 7:58:52 ET
Table 'Makhaon II' 2-max Seat #2 is the button
Seat 1: Rus29APX ($106.22 in chips)
Seat 2: newbaila ($235.26 in chips)
newbaila: posts small blind $1
Rus29APX: posts big blind $3
*** HOLE CARDS ***
newbaila: folds
Uncalled bet ($2) returned to Rus29APX
Rus29APX collected $2 from pot
Rus29APX: doesn't show hand
*** SUMMARY ***
Total pot $2 | Rake $0
Seat 1: Rus29APX (big blind) collected ($2)
Seat 2: newbaila (button) (small blind) folded before Flop


PokerStars Hand #146502500660:  Hold'em Limit ($3/$6 USD) - 2016/01/05 7:58:46 ET
Table 'Makhaon II' 2-max Seat #1 is the button
Seat 1: Rus29APX ($107.22 in chips)
Seat 2: newbaila ($234.26 in chips)
Rus29APX: posts small blind $1
newbaila: posts big blind $3
*** HOLE CARDS ***
Rus29APX: folds
Uncalled bet ($2) returned to newbaila
newbaila collected $2 from pot
newbaila: doesn't show hand
*** SUMMARY ***
Total pot $2 | Rake $0
Seat 1: Rus29APX (button) (small blind) folded before Flop
Seat 2: newbaila (big blind) collected ($2)


PokerStars Hand #146502484789:  Hold'em Limit ($3/$6 USD) - 2016/01/05 7:58:20 ET
Table 'Makhaon II' 2-max Seat #2 is the button
Seat 1: Rus29APX ($113.22 in chips)
Seat 2: newbaila ($228.50 in chips)
newbaila: posts small blind $1
Rus29APX: posts big blind $3
*** HOLE CARDS ***
newbaila: calls $2
Rus29APX: raises $3 to $6
newbaila: calls $3
*** FLOP *** [4h As 9s]
Rus29APX: checks
newbaila: checks
*** TURN *** [4h As 9s] [4c]
Rus29APX: checks
newbaila: bets $6
Rus29APX: folds
Uncalled bet ($6) returned to newbaila
newbaila collected $11.76 from pot
newbaila: doesn't show hand
*** SUMMARY ***
Total pot $12 | Rake $0.24
Board [4h As 9s 4c]
Seat 1: Rus29APX (big blind) folded on the Turn
Seat 2: newbaila (button) (small blind) collected ($11.76)


PokerStars Hand #146502468871:  Hold'em Limit ($3/$6 USD) - 2016/01/05 7:57:52 ET
Table 'Makhaon II' 2-max Seat #1 is the button
Seat 1: Rus29APX ($137.22 in chips)
Seat 2: newbaila ($205 in chips)
Rus29APX: posts small blind $1
newbaila: posts big blind $3
*** HOLE CARDS ***
Rus29APX: raises $3 to $6
newbaila: calls $3
*** FLOP *** [Jh 9s Tc]
newbaila: checks
Rus29APX: bets $3
newbaila: raises $3 to $6
Rus29APX: raises $3 to $9
newbaila: raises $3 to $12
Betting is capped
Rus29APX: calls $3
*** TURN *** [Jh 9s Tc] [5h]
newbaila: checks
Rus29APX: checks
*** RIVER *** [Jh 9s Tc 5h] [4s]
newbaila: bets $6
Rus29APX: calls $6
*** SHOW DOWN ***
newbaila: shows [6d Js] (a pair of Jacks)
Rus29APX: mucks hand
newbaila collected $47.50 from pot
*** SUMMARY ***
Total pot $48 | Rake $0.50
Board [Jh 9s Tc 5h 4s]
Seat 1: Rus29APX (button) (small blind) mucked
Seat 2: newbaila (big blind) showed [6d Js] and won ($47.50) with a pair of Jacks


PokerStars Hand #146502533296:  Hold'em Limit ($3/$6 USD) - 2016/01/05 7:59:42 ET
Table 'Makhaon II' 2-max Seat #1 is the button
Seat 1: Rus29APX ($107.22 in chips)
Seat 2: newbaila ($234.26 in chips)
Rus29APX: posts small blind $1
newbaila: posts big blind $3
*** HOLE CARDS ***
Rus29APX: raises $3 to $6
newbaila: folds
Uncalled bet ($3) returned to Rus29APX
Rus29APX collected $6 from pot
Rus29APX: doesn't show hand
*** SUMMARY ***
Total pot $6 | Rake $0
Seat 1: Rus29APX (button) (small blind) collected ($6)
Seat 2: newbaila (big blind) folded before Flop


PokerStars Hand #146502527835:  Hold'em Limit ($3/$6 USD) - 2016/01/05 7:59:33 ET
Table 'Makhaon II' 2-max Seat #2 is the button
Seat 1: Rus29APX ($110.22 in chips)
Seat 2: newbaila ($231.26 in chips)
newbaila: posts small blind $1
Rus29APX: posts big blind $3
*** HOLE CARDS ***
newbaila: raises $3 to $6
Rus29APX: folds
Uncalled bet ($3) returned to newbaila
newbaila collected $6 from pot
newbaila: doesn't show hand
*** SUMMARY ***
Total pot $6 | Rake $0
Seat 1: Rus29APX (big blind) folded before Flop
Seat 2: newbaila (button) (small blind) collected ($6)


PokerStars Hand #146502518548:  Hold'em Limit ($3/$6 USD) - 2016/01/05 7:59:17 ET
Table 'Makhaon II' 2-max Seat #1 is the button
Seat 1: Rus29APX ($107.22 in chips)
Seat 2: newbaila ($234.26 in chips)
Rus29APX: posts small blind $1
newbaila: posts big blind $3
*** HOLE CARDS ***
Rus29APX: raises $3 to $6
newbaila: folds
Uncalled bet ($3) returned to Rus29APX
Rus29APX collected $6 from pot
Rus29APX: doesn't show hand
*** SUMMARY ***
Total pot $6 | Rake $0
Seat 1: Rus29APX (button) (small blind) collected ($6)
Seat 2: newbaila (big blind) folded before Flop


PokerStars Hand #146502511824:  Hold'em Limit ($3/$6 USD) - 2016/01/05 7:59:06 ET
Table 'Makhaon II' 2-max Seat #2 is the button
Seat 1: Rus29APX ($110.22 in chips)
Seat 2: newbaila ($231.26 in chips)
newbaila: posts small blind $1
Rus29APX: posts big blind $3
*** HOLE CARDS ***
newbaila: raises $3 to $6
Rus29APX: folds
Uncalled bet ($3) returned to newbaila
newbaila collected $6 from pot
newbaila: doesn't show hand
*** SUMMARY ***
Total pot $6 | Rake $0
Seat 1: Rus29APX (big blind) folded before Flop
Seat 2: newbaila (button) (small blind) collected ($6)


PokerStars Hand #146502579295:  Hold'em Limit ($3/$6 USD) - 2016/01/05 8:00:58 ET
Table 'Makhaon II' 2-max Seat #2 is the button
Seat 1: Rus29APX ($139.24 in chips)
Seat 2: newbaila ($201.26 in chips)
newbaila: posts small blind $1
Rus29APX: posts big blind $3
*** HOLE CARDS ***
newbaila: folds
Uncalled bet ($2) returned to Rus29APX
Rus29APX collected $2 from pot
Rus29APX: doesn't show hand
*** SUMMARY ***
Total pot $2 | Rake $0
Seat 1: Rus29APX (big blind) collected ($2)
Seat 2: newbaila (button) (small blind) folded before Flop


PokerStars Hand #146502552361:  Hold'em Limit ($3/$6 USD) - 2016/01/05 8:00:14 ET
Table 'Makhaon II' 2-max Seat #1 is the button
Seat 1: Rus29APX ($121.74 in chips)
Seat 2: newbaila ($219.26 in chips)
Rus29APX: posts small blind $1
newbaila: posts big blind $3
*** HOLE CARDS ***
Rus29APX: raises $3 to $6
newbaila: raises $3 to $9
Rus29APX: calls $3
*** FLOP *** [6c Qc 5s]
newbaila: bets $3
Rus29APX: calls $3
*** TURN *** [6c Qc 5s] [Qh]
newbaila: checks
Rus29APX: checks
*** RIVER *** [6c Qc 5s Qh] [Td]
newbaila: bets $6
Rus29APX: calls $6
*** SHOW DOWN ***
newbaila: shows [8d 9s] (a pair of Queens)
Rus29APX: shows [Jh Ac] (a pair of Queens - Ace kicker)
Rus29APX collected $35.50 from pot
*** SUMMARY ***
Total pot $36 | Rake $0.50
Board [6c Qc 5s Qh Td]
Seat 1: Rus29APX (button) (small blind) showed [Jh Ac] and won ($35.50) with a pair of Queens
Seat 2: newbaila (big blind) showed [8d 9s] and lost with a pair of Queens


PokerStars Hand #146502537777:  Hold'em Limit ($3/$6 USD) - 2016/01/05 7:59:50 ET
Table 'Makhaon II' 2-max Seat #2 is the button
Seat 1: Rus29APX ($110.22 in chips)
Seat 2: newbaila ($231.26 in chips)
newbaila: posts small blind $1
Rus29APX: posts big blind $3
*** HOLE CARDS ***
newbaila: raises $3 to $6
Rus29APX: raises $3 to $9
newbaila: calls $3
*** FLOP *** [4c 7s 4h]
Rus29APX: bets $3
newbaila: calls $3
*** TURN *** [4c 7s 4h] [2s]
Rus29APX: bets $6
newbaila: folds
Uncalled bet ($6) returned to Rus29APX
Rus29APX collected $23.52 from pot
Rus29APX: doesn't show hand
*** SUMMARY ***
Total pot $24 | Rake $0.48
Board [4c 7s 4h 2s]
Seat 1: Rus29APX (big blind) collected ($23.52)
Seat 2: newbaila (button) (small blind) folded on the Turn


PokerStars Hand #146502620818:  Hold'em Limit ($3/$6 USD) - 2016/01/05 8:02:01 ET
Table 'Makhaon II' 2-max Seat #2 is the button
Seat 1: Rus29APX ($158.74 in chips)
Seat 2: newbaila ($181.26 in chips)
newbaila: posts small blind $1
Rus29APX: posts big blind $3
*** HOLE CARDS ***
newbaila: raises $3 to $6
Rus29APX: folds
Uncalled bet ($3) returned to newbaila
newbaila collected $6 from pot
newbaila: doesn't show hand
*** SUMMARY ***
Total pot $6 | Rake $0
Seat 1: Rus29APX (big blind) folded before Flop
Seat 2: newbaila (button) (small blind) collected ($6)


PokerStars Hand #146502615420:  Hold'em Limit ($3/$6 USD) - 2016/01/05 8:01:53 ET
Table 'Makhaon II' 2-max Seat #1 is the button
Seat 1: Rus29APX ($155.74 in chips)
Seat 2: newbaila ($184.26 in chips)
Rus29APX: posts small blind $1
newbaila: posts big blind $3
*** HOLE CARDS ***
Rus29APX: raises $3 to $6
newbaila: folds
Uncalled bet ($3) returned to Rus29APX
Rus29APX collected $6 from pot
Rus29APX: doesn't show hand
*** SUMMARY ***
Total pot $6 | Rake $0
Seat 1: Rus29APX (button) (small blind) collected ($6)
Seat 2: newbaila (big blind) folded before Flop


PokerStars Hand #146502611625:  Hold'em Limit ($3/$6 USD) - 2016/01/05 8:01:48 ET
Table 'Makhaon II' 2-max Seat #2 is the button
Seat 1: Rus29APX ($154.74 in chips)
Seat 2: newbaila ($185.26 in chips)
newbaila: posts small blind $1
Rus29APX: posts big blind $3
*** HOLE CARDS ***
newbaila: folds
Uncalled bet ($2) returned to Rus29APX
Rus29APX collected $2 from pot
Rus29APX: doesn't show hand
*** SUMMARY ***
Total pot $2 | Rake $0
Seat 1: Rus29APX (big blind) collected ($2)
Seat 2: newbaila (button) (small blind) folded before Flop


PokerStars Hand #146502607675:  Hold'em Limit ($3/$6 USD) - 2016/01/05 8:01:42 ET
Table 'Makhaon II' 2-max Seat #1 is the button
Seat 1: Rus29APX ($155.74 in chips)
Seat 2: newbaila ($184.26 in chips)
Rus29APX: posts small blind $1
newbaila: posts big blind $3
*** HOLE CARDS ***
Rus29APX: folds
Uncalled bet ($2) returned to newbaila
newbaila collected $2 from pot
newbaila: doesn't show hand
*** SUMMARY ***
Total pot $2 | Rake $0
Seat 1: Rus29APX (button) (small blind) folded before Flop
Seat 2: newbaila (big blind) collected ($2)


PokerStars Hand #146502603927:  Hold'em Limit ($3/$6 USD) - 2016/01/05 8:01:36 ET
Table 'Makhaon II' 2-max Seat #2 is the button
Seat 1: Rus29APX ($154.74 in chips)
Seat 2: newbaila ($185.26 in chips)
newbaila: posts small blind $1
Rus29APX: posts big blind $3
*** HOLE CARDS ***
newbaila: folds
Uncalled bet ($2) returned to Rus29APX
Rus29APX collected $2 from pot
Rus29APX: doesn't show hand
*** SUMMARY ***
Total pot $2 | Rake $0
Seat 1: Rus29APX (big blind) collected ($2)
Seat 2: newbaila (button) (small blind) folded before Flop


PokerStars Hand #146502582866:  Hold'em Limit ($3/$6 USD) - 2016/01/05 8:01:04 ET
Table 'Makhaon II' 2-max Seat #1 is the button
Seat 1: Rus29APX ($140.24 in chips)
Seat 2: newbaila ($200.26 in chips)
Rus29APX: posts small blind $1
newbaila: posts big blind $3
*** HOLE CARDS ***
Rus29APX: raises $3 to $6
newbaila: calls $3
*** FLOP *** [7c Kh 8c]
newbaila: checks
Rus29APX: bets $3
newbaila: calls $3
*** TURN *** [7c Kh 8c] [Qd]
newbaila: checks
Rus29APX: bets $6
newbaila: calls $6
*** RIVER *** [7c Kh 8c Qd] [8h]
newbaila: checks
Rus29APX: bets $6
newbaila: folds
Uncalled bet ($6) returned to Rus29APX
Rus29APX collected $29.50 from pot
Rus29APX: doesn't show hand
*** SUMMARY ***
Total pot $30 | Rake $0.50
Board [7c Kh 8c Qd 8h]
Seat 1: Rus29APX (button) (small blind) collected ($29.50)
Seat 2: newbaila (big blind) folded on the River


PokerStars Hand #146502636944:  Hold'em Limit ($3/$6 USD) - 2016/01/05 8:02:25 ET
Table 'Makhaon II' 2-max Seat #2 is the button
Seat 1: Rus29APX ($161.50 in chips)
Seat 2: newbaila ($178.26 in chips)
newbaila: posts small blind $1
Rus29APX: posts big blind $3
*** HOLE CARDS ***
newbaila: raises $3 to $6
Rus29APX: raises $3 to $9
newbaila: calls $3
*** FLOP *** [Ac 5s 3c]
Rus29APX: bets $3
newbaila: calls $3
*** TURN *** [Ac 5s 3c] [7s]
Rus29APX: bets $6
newbaila: raises $6 to $12
Rus29APX: folds
Uncalled bet ($6) returned to newbaila
newbaila collected $35.50 from pot
newbaila: doesn't show hand
*** SUMMARY ***
Total pot $36 | Rake $0.50
Board [Ac 5s 3c 7s]
Seat 1: Rus29APX (big blind) folded on the Turn
Seat 2: newbaila (button) (small blind) collected ($35.50)


PokerStars Hand #146502625460:  Hold'em Limit ($3/$6 USD) - 2016/01/05 8:02:08 ET
Table 'Makhaon II' 2-max Seat #1 is the button
Seat 1: Rus29APX ($155.74 in chips)
Seat 2: newbaila ($184.26 in chips)
Rus29APX: posts small blind $1
newbaila: posts big blind $3
*** HOLE CARDS ***
Rus29APX: raises $3 to $6
newbaila: calls $3
*** FLOP *** [7s As Qc]
newbaila: checks
Rus29APX: bets $3
newbaila: folds
Uncalled bet ($3) returned to Rus29APX
Rus29APX collected $11.76 from pot
Rus29APX: doesn't show hand
*** SUMMARY ***
Total pot $12 | Rake $0.24
Board [7s As Qc]
Seat 1: Rus29APX (button) (small blind) collected ($11.76)
Seat 2: newbaila (big blind) folded on the Flop


PokerStars Hand #146502691784:  Hold'em Limit ($3/$6 USD) - 2016/01/05 8:03:47 ET
Table 'Makhaon II' 2-max Seat #2 is the button
Seat 1: Rus29APX ($125.50 in chips)
Seat 2: newbaila ($213.26 in chips)
newbaila: posts small blind $1
Rus29APX: posts big blind $3
*** HOLE CARDS ***
newbaila: calls $2
Rus29APX: raises $3 to $6
newbaila: calls $3
*** FLOP *** [9c 4s 3d]
Rus29APX: bets $3
newbaila: calls $3
*** TURN *** [9c 4s 3d] [Qd]
Rus29APX: bets $6
newbaila: calls $6
*** RIVER *** [9c 4s 3d Qd] [4h]
Rus29APX: checks
newbaila: bets $6
Rus29APX: calls $6
*** SHOW DOWN ***
newbaila: shows [5c 7c] (a pair of Fours)
Rus29APX: shows [Ts Kd] (a pair of Fours - King kicker)
Rus29APX collected $41.50 from pot
*** SUMMARY ***
Total pot $42 | Rake $0.50
Board [9c 4s 3d Qd 4h]
Seat 1: Rus29APX (big blind) showed [Ts Kd] and won ($41.50) with a pair of Fours
Seat 2: newbaila (button) (small blind) showed [5c 7c] and lost with a pair of Fours


PokerStars Hand #146502663233:  Hold'em Limit ($3/$6 USD) - 2016/01/05 8:03:04 ET
Table 'Makhaon II' 2-max Seat #1 is the button
Seat 1: Rus29APX ($143.50 in chips)
Seat 2: newbaila ($195.76 in chips)
Rus29APX: posts small blind $1
newbaila: posts big blind $3
*** HOLE CARDS ***
Rus29APX: raises $3 to $6
newbaila: raises $3 to $9
Rus29APX: calls $3
*** FLOP *** [6c Kd 5h]
newbaila: bets $3
Rus29APX: calls $3
*** TURN *** [6c Kd 5h] [2c]
newbaila: checks
Rus29APX: checks
*** RIVER *** [6c Kd 5h 2c] [Jd]
newbaila: bets $6
Rus29APX: calls $6
*** SHOW DOWN ***
newbaila: shows [Ks Kh] (three of a kind, Kings)
Rus29APX: mucks hand
newbaila collected $35.50 from pot
*** SUMMARY ***
Total pot $36 | Rake $0.50
Board [6c Kd 5h 2c Jd]
Seat 1: Rus29APX (button) (small blind) mucked
Seat 2: newbaila (big blind) showed [Ks Kh] and won ($35.50) with three of a kind, Kings


PokerStars Hand #146502739048:  Hold'em Limit ($3/$6 USD) - 2016/01/05 8:04:58 ET
Table 'Makhaon II' 2-max Seat #2 is the button
Seat 1: Rus29APX ($128 in chips)
Seat 2: newbaila ($209.76 in chips)
newbaila: posts small blind $1
Rus29APX: posts big blind $3
*** HOLE CARDS ***
newbaila: folds
Uncalled bet ($2) returned to Rus29APX
Rus29APX collected $2 from pot
Rus29APX: doesn't show hand
*** SUMMARY ***
Total pot $2 | Rake $0
Seat 1: Rus29APX (big blind) collected ($2)
Seat 2: newbaila (button) (small blind) folded before Flop


PokerStars Hand #146502705743:  Hold'em Limit ($3/$6 USD) - 2016/01/05 8:04:08 ET
Table 'Makhaon II' 2-max Seat #1 is the button
Seat 1: Rus29APX ($146 in chips)
Seat 2: newbaila ($192.26 in chips)
Rus29APX: posts small blind $1
newbaila: posts big blind $3
*** HOLE CARDS ***
Rus29APX: raises $3 to $6
newbaila: raises $3 to $9
Rus29APX: calls $3
*** FLOP *** [9s 8h 2s]
newbaila: bets $3
Rus29APX: calls $3
*** TURN *** [9s 8h 2s] [6d]
newbaila: checks
Rus29APX: checks
*** RIVER *** [9s 8h 2s 6d] [2c]
newbaila: bets $6
Rus29APX: calls $6
*** SHOW DOWN ***
newbaila: shows [5d 6c] (two pair, Sixes and Deuces)
Rus29APX: mucks hand
newbaila collected $35.50 from pot
*** SUMMARY ***
Total pot $36 | Rake $0.50
Board [9s 8h 2s 6d 2c]
Seat 1: Rus29APX (button) (small blind) mucked
Seat 2: newbaila (big blind) showed [5d 6c] and won ($35.50) with two pair, Sixes and Deuces


PokerStars Hand #146502743508:  Hold'em Limit ($3/$6 USD) - 2016/01/05 8:05:04 ET
Table 'Makhaon II' 2-max Seat #1 is the button
Seat 1: Rus29APX ($129 in chips)
Seat 2: newbaila ($208.76 in chips)
Rus29APX: posts small blind $1
newbaila: posts big blind $3
*** HOLE CARDS ***
Rus29APX: raises $3 to $6
newbaila: raises $3 to $9
Rus29APX: calls $3
*** FLOP *** [4s As 7d]
newbaila: bets $3
Rus29APX: calls $3
*** TURN *** [4s As 7d] [5c]
newbaila: bets $6
Rus29APX: calls $6
*** RIVER *** [4s As 7d 5c] [2s]
newbaila: checks
Rus29APX: checks
*** SHOW DOWN ***
newbaila: shows [Ah 7c] (two pair, Aces and Sevens)
Rus29APX: mucks hand
newbaila collected $35.50 from pot
*** SUMMARY ***
Total pot $36 | Rake $0.50
Board [4s As 7d 5c 2s]
Seat 1: Rus29APX (button) (small blind) mucked
Seat 2: newbaila (big blind) showed [Ah 7c] and won ($35.50) with two pair, Aces and Sevens


PokerStars Hand #146502815438:  Hold'em Limit ($3/$6 USD) - 2016/01/05 8:06:52 ET
Table 'Makhaon II' 2-max Seat #2 is the button
Seat 1: Rus29APX ($155 in chips)
Seat 2: newbaila ($181.26 in chips)
newbaila: posts small blind $1
Rus29APX: posts big blind $3
*** HOLE CARDS ***
newbaila: raises $3 to $6
Rus29APX: folds
Uncalled bet ($3) returned to newbaila
newbaila collected $6 from pot
newbaila: doesn't show hand
*** SUMMARY ***
Total pot $6 | Rake $0
Seat 1: Rus29APX (big blind) folded before Flop
Seat 2: newbaila (button) (small blind) collected ($6)


PokerStars Hand #146502795822:  Hold'em Limit ($3/$6 USD) - 2016/01/05 8:06:22 ET
Table 'Makhaon II' 2-max Seat #1 is the button
Seat 1: Rus29APX ($131.50 in chips)
Seat 2: newbaila ($205.26 in chips)
Rus29APX: posts small blind $1
newbaila: posts big blind $3
*** HOLE CARDS ***
Rus29APX: raises $3 to $6
newbaila: raises $3 to $9
Rus29APX: calls $3
*** FLOP *** [5h 8c 7s]
newbaila: bets $3
Rus29APX: calls $3
*** TURN *** [5h 8c 7s] [8h]
newbaila: checks
Rus29APX: bets $6
newbaila: calls $6
*** RIVER *** [5h 8c 7s 8h] [9h]
newbaila: checks
Rus29APX: bets $6
newbaila: calls $6
*** SHOW DOWN ***
Rus29APX: shows [6c 4d] (a straight, Five to Nine)
newbaila: mucks hand
Rus29APX collected $47.50 from pot
*** SUMMARY ***
Total pot $48 | Rake $0.50
Board [5h 8c 7s 8h 9h]
Seat 1: Rus29APX (button) (small blind) showed [6c 4d] and won ($47.50) with a straight, Five to Nine
Seat 2: newbaila (big blind) mucked


PokerStars Hand #146502852693:  Hold'em Limit ($3/$6 USD) - 2016/01/05 8:07:47 ET
Table 'Makhaon II' 2-max Seat #2 is the button
Seat 1: Rus29APX ($170.50 in chips)
Seat 2: newbaila ($165.26 in chips)
newbaila: posts small blind $1
Rus29APX: posts big blind $3
*** HOLE CARDS ***
newbaila: folds
Uncalled bet ($2) returned to Rus29APX
Rus29APX collected $2 from pot
Rus29APX: doesn't show hand
*** SUMMARY ***
Total pot $2 | Rake $0
Seat 1: Rus29APX (big blind) collected ($2)
Seat 2: newbaila (button) (small blind) folded before Flop


PokerStars Hand #146502848548:  Hold'em Limit ($3/$6 USD) - 2016/01/05 8:07:41 ET
Table 'Makhaon II' 2-max Seat #1 is the button
Seat 1: Rus29APX ($167.50 in chips)
Seat 2: newbaila ($168.26 in chips)
Rus29APX: posts small blind $1
newbaila: posts big blind $3
*** HOLE CARDS ***
Rus29APX: raises $3 to $6
newbaila: folds
Uncalled bet ($3) returned to Rus29APX
Rus29APX collected $6 from pot
Rus29APX: doesn't show hand
*** SUMMARY ***
Total pot $6 | Rake $0
Seat 1: Rus29APX (button) (small blind) collected ($6)
Seat 2: newbaila (big blind) folded before Flop


PokerStars Hand #146502840944:  Hold'em Limit ($3/$6 USD) - 2016/01/05 8:07:30 ET
Table 'Makhaon II' 2-max Seat #2 is the button
Seat 1: Rus29APX ($166.50 in chips)
Seat 2: newbaila ($169.26 in chips)
newbaila: posts small blind $1
Rus29APX: posts big blind $3
*** HOLE CARDS ***
newbaila: folds
Uncalled bet ($2) returned to Rus29APX
Rus29APX collected $2 from pot
Rus29APX: doesn't show hand
*** SUMMARY ***
Total pot $2 | Rake $0
Seat 1: Rus29APX (big blind) collected ($2)
Seat 2: newbaila (button) (small blind) folded before Flop


PokerStars Hand #146502820092:  Hold'em Limit ($3/$6 USD) - 2016/01/05 8:06:59 ET
Table 'Makhaon II' 2-max Seat #1 is the button
Seat 1: Rus29APX ($152 in chips)
Seat 2: newbaila ($184.26 in chips)
Rus29APX: posts small blind $1
newbaila: posts big blind $3
*** HOLE CARDS ***
Rus29APX: raises $3 to $6
newbaila: calls $3
*** FLOP *** [Kd 6c Tc]
newbaila: checks
Rus29APX: bets $3
newbaila: calls $3
*** TURN *** [Kd 6c Tc] [7h]
newbaila: checks
Rus29APX: checks
*** RIVER *** [Kd 6c Tc 7h] [3c]
newbaila: bets $6
Rus29APX: calls $6
*** SHOW DOWN ***
newbaila: shows [As 2h] (high card Ace)
Rus29APX: shows [3s Jc] (a pair of Threes)
Rus29APX collected $29.50 from pot
*** SUMMARY ***
Total pot $30 | Rake $0.50
Board [Kd 6c Tc 7h 3c]
Seat 1: Rus29APX (button) (small blind) showed [3s Jc] and won ($29.50) with a pair of Threes
Seat 2: newbaila (big blind) showed [As 2h] and lost with high card Ace


PokerStars Hand #146502890625:  Hold'em Limit ($3/$6 USD) - 2016/01/05 8:08:43 ET
Table 'Makhaon II' 2-max Seat #2 is the button
Seat 1: Rus29APX ($151.50 in chips)
Seat 2: newbaila ($183.42 in chips)
newbaila: posts small blind $1
Rus29APX: posts big blind $3
*** HOLE CARDS ***
newbaila: raises $3 to $6
Rus29APX: calls $3
*** FLOP *** [Kh 2h 7d]
Rus29APX: checks
newbaila: bets $3
Rus29APX: raises $3 to $6
newbaila: folds
Uncalled bet ($3) returned to Rus29APX
Rus29APX collected $17.64 from pot
Rus29APX: doesn't show hand
*** SUMMARY ***
Total pot $18 | Rake $0.36
Board [Kh 2h 7d]
Seat 1: Rus29APX (big blind) collected ($17.64)
Seat 2: newbaila (button) (small blind) folded on the Flop


PokerStars Hand #146502875167:  Hold'em Limit ($3/$6 USD) - 2016/01/05 8:08:21 ET
Table 'Makhaon II' 2-max Seat #1 is the button
Seat 1: Rus29APX ($160.50 in chips)
Seat 2: newbaila ($174.78 in chips)
Rus29APX: posts small blind $1
newbaila: posts big blind $3
*** HOLE CARDS ***
Rus29APX: raises $3 to $6
newbaila: calls $3
*** FLOP *** [Qh 2c 5s]
newbaila: checks
Rus29APX: bets $3
newbaila: calls $3
*** TURN *** [Qh 2c 5s] [9d]
newbaila: checks
Rus29APX: checks
*** RIVER *** [Qh 2c 5s 9d] [Ad]
newbaila: checks
Rus29APX: checks
*** SHOW DOWN ***
newbaila: shows [3d 9s] (a pair of Nines)
Rus29APX: mucks hand
newbaila collected $17.64 from pot
*** SUMMARY ***
Total pot $18 | Rake $0.36
Board [Qh 2c 5s 9d Ad]
Seat 1: Rus29APX (button) (small blind) mucked
Seat 2: newbaila (big blind) showed [3d 9s] and won ($17.64) with a pair of Nines


PokerStars Hand #146502856290:  Hold'em Limit ($3/$6 USD) - 2016/01/05 8:07:53 ET
Table 'Makhaon II' 2-max Seat #1 is the button
Seat 1: Rus29APX ($171.50 in chips)
Seat 2: newbaila ($164.26 in chips)
Rus29APX: posts small blind $1
newbaila: posts big blind $3
*** HOLE CARDS ***
Rus29APX: raises $3 to $6
newbaila: calls $3
*** FLOP *** [Ks 2s 6s]
newbaila: checks
Rus29APX: bets $3
newbaila: raises $3 to $6
Rus29APX: calls $3
*** TURN *** [Ks 2s 6s] [Jd]
newbaila: checks
Rus29APX: checks
*** RIVER *** [Ks 2s 6s Jd] [9s]
newbaila: checks
Rus29APX: checks
*** SHOW DOWN ***
newbaila: shows [Tc 6c] (a pair of Sixes)
Rus29APX: mucks hand
newbaila collected $23.52 from pot
*** SUMMARY ***
Total pot $24 | Rake $0.48
Board [Ks 2s 6s Jd 9s]
Seat 1: Rus29APX (button) (small blind) mucked
Seat 2: newbaila (big blind) showed [Tc 6c] and won ($23.52) with a pair of Sixes


PokerStars Hand #146502932319:  Hold'em Limit ($3/$6 USD) - 2016/01/05 8:09:45 ET
Table 'Makhaon II' 2-max Seat #2 is the button
Seat 1: Rus29APX ($180.64 in chips)
Seat 2: newbaila ($153.42 in chips)
newbaila: posts small blind $1
Rus29APX: posts big blind $3
*** HOLE CARDS ***
newbaila: raises $3 to $6
Rus29APX: calls $3
*** FLOP *** [As 9d Tc]
Rus29APX: checks
newbaila: bets $3
Rus29APX: calls $3
*** TURN *** [As 9d Tc] [Jd]
Rus29APX: checks
newbaila: checks
*** RIVER *** [As 9d Tc Jd] [7c]
Rus29APX: checks
newbaila: bets $6
Rus29APX: folds
Uncalled bet ($6) returned to newbaila
newbaila collected $17.64 from pot
newbaila: doesn't show hand
*** SUMMARY ***
Total pot $18 | Rake $0.36
Board [As 9d Tc Jd 7c]
Seat 1: Rus29APX (big blind) folded on the River
Seat 2: newbaila (button) (small blind) collected ($17.64)


PokerStars Hand #146502905627:  Hold'em Limit ($3/$6 USD) - 2016/01/05 8:09:05 ET
Table 'Makhaon II' 2-max Seat #1 is the button
Seat 1: Rus29APX ($160.14 in chips)
Seat 2: newbaila ($174.42 in chips)
Rus29APX: posts small blind $1
newbaila: posts big blind $3
*** HOLE CARDS ***
Rus29APX: raises $3 to $6
newbaila: calls $3
*** FLOP *** [2c 8h 2h]
newbaila: checks
Rus29APX: bets $3
newbaila: calls $3
*** TURN *** [2c 8h 2h] [7s]
newbaila: checks
Rus29APX: bets $6
newbaila: calls $6
*** RIVER *** [2c 8h 2h 7s] [3s]
newbaila: checks
Rus29APX: bets $6
newbaila: calls $6
*** SHOW DOWN ***
Rus29APX: shows [Kd 2d] (three of a kind, Deuces)
newbaila: mucks hand
Rus29APX collected $41.50 from pot
*** SUMMARY ***
Total pot $42 | Rake $0.50
Board [2c 8h 2h 7s 3s]
Seat 1: Rus29APX (button) (small blind) showed [Kd 2d] and won ($41.50) with three of a kind, Deuces
Seat 2: newbaila (big blind) mucked


PokerStars Hand #146502979813:  Hold'em Limit ($3/$6 USD) - 2016/01/05 8:10:55 ET
Table 'Makhaon II' 2-max Seat #2 is the button
Seat 1: Rus29APX ($171.40 in chips)
Seat 2: newbaila ($161.70 in chips)
newbaila: posts small blind $1
Rus29APX: posts big blind $3
*** HOLE CARDS ***
newbaila: folds
Uncalled bet ($2) returned to Rus29APX
Rus29APX collected $2 from pot
Rus29APX: doesn't show hand
*** SUMMARY ***
Total pot $2 | Rake $0
Seat 1: Rus29APX (big blind) collected ($2)
Seat 2: newbaila (button) (small blind) folded before Flop


PokerStars Hand #146502965826:  Hold'em Limit ($3/$6 USD) - 2016/01/05 8:10:35 ET
Table 'Makhaon II' 2-max Seat #1 is the button
Seat 1: Rus29APX ($180.40 in chips)
Seat 2: newbaila ($153.06 in chips)
Rus29APX: posts small blind $1
newbaila: posts big blind $3
*** HOLE CARDS ***
Rus29APX: raises $3 to $6
newbaila: calls $3
*** FLOP *** [Jh 5d 7c]
newbaila: checks
Rus29APX: bets $3
newbaila: calls $3
*** TURN *** [Jh 5d 7c] [8h]
newbaila: checks
Rus29APX: checks
*** RIVER *** [Jh 5d 7c 8h] [Ac]
newbaila: checks
Rus29APX: checks
*** SHOW DOWN ***
newbaila: shows [Jd 6h] (a pair of Jacks)
Rus29APX: mucks hand
newbaila collected $17.64 from pot
*** SUMMARY ***
Total pot $18 | Rake $0.36
Board [Jh 5d 7c 8h Ac]
Seat 1: Rus29APX (button) (small blind) mucked
Seat 2: newbaila (big blind) showed [Jd 6h] and won ($17.64) with a pair of Jacks


PokerStars Hand #146502954137:  Hold'em Limit ($3/$6 USD) - 2016/01/05 8:10:17 ET
Table 'Makhaon II' 2-max Seat #2 is the button
Seat 1: Rus29APX ($174.64 in chips)
Seat 2: newbaila ($159.06 in chips)
newbaila: posts small blind $1
Rus29APX: posts big blind $3
*** HOLE CARDS ***
newbaila: raises $3 to $6
Rus29APX: calls $3
*** FLOP *** [4d Tc 2c]
Rus29APX: checks
newbaila: checks
*** TURN *** [4d Tc 2c] [2s]
Rus29APX: bets $6
newbaila: folds
Uncalled bet ($6) returned to Rus29APX
Rus29APX collected $11.76 from pot
Rus29APX: doesn't show hand
*** SUMMARY ***
Total pot $12 | Rake $0.24
Board [4d Tc 2c 2s]
Seat 1: Rus29APX (big blind) collected ($11.76)
Seat 2: newbaila (button) (small blind) folded on the Turn


PokerStars Hand #146502948939:  Hold'em Limit ($3/$6 USD) - 2016/01/05 8:10:10 ET
Table 'Makhaon II' 2-max Seat #1 is the button
Seat 1: Rus29APX ($171.64 in chips)
Seat 2: newbaila ($162.06 in chips)
Rus29APX: posts small blind $1
newbaila: posts big blind $3
*** HOLE CARDS ***
Rus29APX: raises $3 to $6
newbaila: folds
Uncalled bet ($3) returned to Rus29APX
Rus29APX collected $6 from pot
Rus29APX: doesn't show hand
*** SUMMARY ***
Total pot $6 | Rake $0
Seat 1: Rus29APX (button) (small blind) collected ($6)
Seat 2: newbaila (big blind) folded before Flop


PokerStars Hand #146503017995:  Hold'em Limit ($3/$6 USD) - 2016/01/05 8:11:51 ET
Table 'Makhaon II' 2-max Seat #2 is the button
Seat 1: Rus29APX ($161.92 in chips)
Seat 2: newbaila ($170.20 in chips)
newbaila: posts small blind $1
Rus29APX: posts big blind $3
*** HOLE CARDS ***
newbaila: raises $3 to $6
Rus29APX: calls $3
*** FLOP *** [Td Tc 6s]
Rus29APX: checks
newbaila: checks
*** TURN *** [Td Tc 6s] [8h]
Rus29APX: bets $6
newbaila: calls $6
*** RIVER *** [Td Tc 6s 8h] [Jd]
Rus29APX: bets $6
newbaila: folds
Uncalled bet ($6) returned to Rus29APX
Rus29APX collected $23.52 from pot
Rus29APX: doesn't show hand
*** SUMMARY ***
Total pot $24 | Rake $0.48
Board [Td Tc 6s 8h Jd]
Seat 1: Rus29APX (big blind) collected ($23.52)
Seat 2: newbaila (button) (small blind) folded on the River


PokerStars Hand #146503012033:  Hold'em Limit ($3/$6 USD) - 2016/01/05 8:11:43 ET
Table 'Makhaon II' 2-max Seat #1 is the button
Seat 1: Rus29APX ($162.92 in chips)
Seat 2: newbaila ($169.20 in chips)
Rus29APX: posts small blind $1
newbaila: posts big blind $3
*** HOLE CARDS ***
Rus29APX: folds
Uncalled bet ($2) returned to newbaila
newbaila collected $2 from pot
newbaila: doesn't show hand
*** SUMMARY ***
Total pot $2 | Rake $0
Seat 1: Rus29APX (button) (small blind) folded before Flop
Seat 2: newbaila (big blind) collected ($2)


PokerStars Hand #146502999703:  Hold'em Limit ($3/$6 USD) - 2016/01/05 8:11:25 ET
Table 'Makhaon II' 2-max Seat #2 is the button
Seat 1: Rus29APX ($151.40 in chips)
Seat 2: newbaila ($181.20 in chips)
newbaila: posts small blind $1
Rus29APX: posts big blind $3
*** HOLE CARDS ***
newbaila: raises $3 to $6
Rus29APX: calls $3
*** FLOP *** [5s Ts Kh]
Rus29APX: checks
newbaila: bets $3
Rus29APX: raises $3 to $6
newbaila: calls $3
*** TURN *** [5s Ts Kh] [8h]
Rus29APX: bets $6
newbaila: folds
Uncalled bet ($6) returned to Rus29APX
Rus29APX collected $23.52 from pot
Rus29APX: doesn't show hand
*** SUMMARY ***
Total pot $24 | Rake $0.48
Board [5s Ts Kh 8h]
Seat 1: Rus29APX (big blind) collected ($23.52)
Seat 2: newbaila (button) (small blind) folded on the Turn


PokerStars Hand #146502983696:  Hold'em Limit ($3/$6 USD) - 2016/01/05 8:11:01 ET
Table 'Makhaon II' 2-max Seat #1 is the button
Seat 1: Rus29APX ($172.40 in chips)
Seat 2: newbaila ($160.70 in chips)
Rus29APX: posts small blind $1
newbaila: posts big blind $3
*** HOLE CARDS ***
Rus29APX: raises $3 to $6
newbaila: calls $3
*** FLOP *** [9h 7h Kh]
newbaila: checks
Rus29APX: bets $3
newbaila: calls $3
*** TURN *** [9h 7h Kh] [Js]
newbaila: checks
Rus29APX: bets $6
newbaila: calls $6
*** RIVER *** [9h 7h Kh Js] [Jh]
newbaila: bets $6
Rus29APX: calls $6
*** SHOW DOWN ***
newbaila: shows [4d Ah] (a flush, Ace high)
Rus29APX: mucks hand
newbaila collected $41.50 from pot
*** SUMMARY ***
Total pot $42 | Rake $0.50
Board [9h 7h Kh Js Jh]
Seat 1: Rus29APX (button) (small blind) mucked
Seat 2: newbaila (big blind) showed [4d Ah] and won ($41.50) with a flush, Ace high


PokerStars Hand #146503029634:  Hold'em Limit ($3/$6 USD) - 2016/01/05 8:12:09 ET
Table 'Makhaon II' 2-max Seat #1 is the button
Seat 1: Rus29APX ($173.44 in chips)
Seat 2: newbaila ($158.20 in chips)
Rus29APX: posts small blind $1
newbaila: posts big blind $3
*** HOLE CARDS ***
Rus29APX: raises $3 to $6
newbaila: folds
Uncalled bet ($3) returned to Rus29APX
Rus29APX collected $6 from pot
*** SUMMARY ***
Total pot $6 | Rake $0
Seat 1: Rus29APX (button) (small blind) collected ($6)
Seat 2: newbaila (big blind) folded before Flop


PokerStars Hand #146503034357:  Hold'em Limit ($3/$6 USD) - 2016/01/05 8:12:16 ET
Table 'Makhaon II' 2-max Seat #2 is the button
Seat 1: Rus29APX ($176.44 in chips)
Seat 2: newbaila ($155.20 in chips)
newbaila: posts small blind $1
Rus29APX is disconnected
Rus29APX is connected
Rus29APX: posts big blind $3
*** HOLE CARDS ***
newbaila is connected
newbaila: folds
Uncalled bet ($2) returned to Rus29APX
Rus29APX collected $2 from pot
Rus29APX: doesn't show hand
*** SUMMARY ***
Total pot $2 | Rake $0
Seat 1: Rus29APX (big blind) collected ($2)
Seat 2: newbaila (button) (small blind) folded before Flop


PokerStars Hand #146503057277:  Hold'em Limit ($3/$6 USD) - 2016/01/05 8:12:49 ET
Table 'Makhaon II' 2-max Seat #1 is the button
Seat 1: Rus29APX ($177.44 in chips)
Seat 2: newbaila ($154.20 in chips)
Rus29APX: posts small blind $1
newbaila: posts big blind $3
*** HOLE CARDS ***
Rus29APX: raises $3 to $6
newbaila: calls $3
*** FLOP *** [Th Ah Tc]
newbaila: bets $3
Rus29APX: raises $3 to $6
newbaila: folds
Uncalled bet ($3) returned to Rus29APX
Rus29APX collected $17.64 from pot
Rus29APX: doesn't show hand
*** SUMMARY ***
Total pot $18 | Rake $0.36
Board [Th Ah Tc]
Seat 1: Rus29APX (button) (small blind) collected ($17.64)
Seat 2: newbaila (big blind) folded on the Flop


PokerStars Hand #146503066284:  Hold'em Limit ($3/$6 USD) - 2016/01/05 8:13:03 ET
Table 'Makhaon II' 2-max Seat #2 is the button
Seat 1: Rus29APX ($186.08 in chips)
Seat 2: newbaila ($145.20 in chips)
newbaila: posts small blind $1
Rus29APX: posts big blind $3
*** HOLE CARDS ***
newbaila: raises $3 to $6
Rus29APX: folds
Uncalled bet ($3) returned to newbaila
newbaila collected $6 from pot
newbaila: doesn't show hand
*** SUMMARY ***
Total pot $6 | Rake $0
Seat 1: Rus29APX (big blind) folded before Flop
Seat 2: newbaila (button) (small blind) collected ($6)


PokerStars Hand #146503103748:  Hold'em Limit ($3/$6 USD) - 2016/01/05 8:13:58 ET
Table 'Makhaon II' 2-max Seat #2 is the button
Seat 1: Rus29APX ($212.58 in chips)
Seat 2: newbaila ($118.20 in chips)
newbaila: posts small blind $1
Rus29APX: posts big blind $3
*** HOLE CARDS ***
newbaila: folds
Uncalled bet ($2) returned to Rus29APX
Rus29APX collected $2 from pot
Rus29APX: doesn't show hand
*** SUMMARY ***
Total pot $2 | Rake $0
Seat 1: Rus29APX (big blind) collected ($2)
Seat 2: newbaila (button) (small blind) folded before Flop


PokerStars Hand #146503072870:  Hold'em Limit ($3/$6 USD) - 2016/01/05 8:13:12 ET
Table 'Makhaon II' 2-max Seat #1 is the button
Seat 1: Rus29APX ($183.08 in chips)
Seat 2: newbaila ($148.20 in chips)
Rus29APX: posts small blind $1
newbaila: posts big blind $3
*** HOLE CARDS ***
Rus29APX: raises $3 to $6
newbaila: raises $3 to $9
Rus29APX: calls $3
*** FLOP *** [6c 2h 2s]
newbaila: bets $3
Rus29APX: calls $3
*** TURN *** [6c 2h 2s] [8h]
newbaila: bets $6
Rus29APX: raises $6 to $12
newbaila: calls $6
*** RIVER *** [6c 2h 2s 8h] [8d]
newbaila: checks
Rus29APX: bets $6
newbaila: calls $6
*** SHOW DOWN ***
Rus29APX: shows [8s Kd] (a full house, Eights full of Deuces)
newbaila: mucks hand
Rus29APX collected $59.50 from pot
*** SUMMARY ***
Total pot $60 | Rake $0.50
Board [6c 2h 2s 8h 8d]
Seat 1: Rus29APX (button) (small blind) showed [8s Kd] and won ($59.50) with a full house, Eights full of Deuces
Seat 2: newbaila (big blind) mucked


PokerStars Hand #146503107861:  Hold'em Limit ($3/$6 USD) - 2016/01/05 8:14:04 ET
Table 'Makhaon II' 2-max Seat #1 is the button
Seat 1: Rus29APX ($213.58 in chips)
Seat 2: newbaila ($117.20 in chips)
Rus29APX: posts small blind $1
newbaila: posts big blind $3
*** HOLE CARDS ***
Rus29APX: raises $3 to $6
newbaila: raises $3 to $9
Rus29APX: calls $3
*** FLOP *** [6s 9c 5d]
newbaila: bets $3
Rus29APX: calls $3
*** TURN *** [6s 9c 5d] [6d]
newbaila: bets $6
Rus29APX: calls $6
*** RIVER *** [6s 9c 5d 6d] [Kd]
newbaila: bets $6
Rus29APX: calls $6
*** SHOW DOWN ***
newbaila: shows [4c 4d] (two pair, Sixes and Fours)
Rus29APX: mucks hand
newbaila collected $47.50 from pot
*** SUMMARY ***
Total pot $48 | Rake $0.50
Board [6s 9c 5d 6d Kd]
Seat 1: Rus29APX (button) (small blind) mucked
Seat 2: newbaila (big blind) showed [4c 4d] and won ($47.50) with two pair, Sixes and Fours


PokerStars Hand #146503124209:  Hold'em Limit ($3/$6 USD) - 2016/01/05 8:14:28 ET
Table 'Makhaon II' 2-max Seat #2 is the button
Seat 1: Rus29APX ($189.58 in chips)
Seat 2: newbaila ($140.70 in chips)
newbaila: posts small blind $1
Rus29APX: posts big blind $3
*** HOLE CARDS ***
newbaila: raises $3 to $6
Rus29APX: raises $3 to $9
newbaila: calls $3
*** FLOP *** [Ks Js 7c]
Rus29APX: bets $3
newbaila: raises $3 to $6
Rus29APX: calls $3
*** TURN *** [Ks Js 7c] [7d]
Rus29APX: checks
newbaila: bets $6
Rus29APX: calls $6
*** RIVER *** [Ks Js 7c 7d] [Tc]
Rus29APX: checks
newbaila: bets $6
Rus29APX: calls $6
*** SHOW DOWN ***
newbaila: shows [5d 9h] (a pair of Sevens)
Rus29APX: shows [9d 9s] (two pair, Nines and Sevens)
Rus29APX collected $53.50 from pot
*** SUMMARY ***
Total pot $54 | Rake $0.50
Board [Ks Js 7c 7d Tc]
Seat 1: Rus29APX (big blind) showed [9d 9s] and won ($53.50) with two pair, Nines and Sevens
Seat 2: newbaila (button) (small blind) showed [5d 9h] and lost with a pair of Sevens


PokerStars Hand #146503141440:  Hold'em Limit ($3/$6 USD) - 2016/01/05 8:14:53 ET
Table 'Makhaon II' 2-max Seat #1 is the button
Seat 1: Rus29APX ($216.08 in chips)
Seat 2: newbaila ($113.70 in chips)
Rus29APX: posts small blind $1
newbaila: posts big blind $3
*** HOLE CARDS ***
Rus29APX: folds
Uncalled bet ($2) returned to newbaila
newbaila collected $2 from pot
newbaila: doesn't show hand
*** SUMMARY ***
Total pot $2 | Rake $0
Seat 1: Rus29APX (button) (small blind) folded before Flop
Seat 2: newbaila (big blind) collected ($2)


PokerStars Hand #146503148907:  Hold'em Limit ($3/$6 USD) - 2016/01/05 8:15:04 ET
Table 'Makhaon II' 2-max Seat #2 is the button
Seat 1: Rus29APX ($215.08 in chips)
Seat 2: newbaila ($114.70 in chips)
newbaila is connected
newbaila: posts small blind $1
Rus29APX: posts big blind $3
*** HOLE CARDS ***
newbaila: folds
Uncalled bet ($2) returned to Rus29APX
Rus29APX collected $2 from pot
Rus29APX: doesn't show hand
*** SUMMARY ***
Total pot $2 | Rake $0
Seat 1: Rus29APX (big blind) collected ($2)
Seat 2: newbaila (button) (small blind) folded before Flop


PokerStars Hand #146503157927:  Hold'em Limit ($3/$6 USD) - 2016/01/05 8:15:17 ET
Table 'Makhaon II' 2-max Seat #1 is the button
Seat 1: Rus29APX ($216.08 in chips)
Seat 2: newbaila ($113.70 in chips)
Rus29APX: posts small blind $1
newbaila: posts big blind $3
*** HOLE CARDS ***
Rus29APX: raises $3 to $6
newbaila: calls $3
*** FLOP *** [Js Jh 5s]
newbaila: checks
Rus29APX: bets $3
newbaila: raises $3 to $6
Rus29APX: folds
Uncalled bet ($3) returned to newbaila
newbaila collected $17.64 from pot
newbaila: doesn't show hand
*** SUMMARY ***
Total pot $18 | Rake $0.36
Board [Js Jh 5s]
Seat 1: Rus29APX (button) (small blind) folded on the Flop
Seat 2: newbaila (big blind) collected ($17.64)


PokerStars Hand #146503167495:  Hold'em Limit ($3/$6 USD) - 2016/01/05 8:15:32 ET
Table 'Makhaon II' 2-max Seat #2 is the button
Seat 1: Rus29APX ($207.08 in chips)
Seat 2: newbaila ($122.34 in chips)
newbaila: posts small blind $1
Rus29APX: posts big blind $3
*** HOLE CARDS ***
newbaila: raises $3 to $6
Rus29APX: folds
Uncalled bet ($3) returned to newbaila
newbaila collected $6 from pot
newbaila: doesn't show hand
*** SUMMARY ***
Total pot $6 | Rake $0
Seat 1: Rus29APX (big blind) folded before Flop
Seat 2: newbaila (button) (small blind) collected ($6)


PokerStars Hand #146503173172:  Hold'em Limit ($3/$6 USD) - 2016/01/05 8:15:40 ET
Table 'Makhaon II' 2-max Seat #1 is the button
Seat 1: Rus29APX ($204.08 in chips)
Seat 2: newbaila ($125.34 in chips)
Rus29APX: posts small blind $1
newbaila: posts big blind $3
*** HOLE CARDS ***
Rus29APX: folds
Uncalled bet ($2) returned to newbaila
newbaila collected $2 from pot
newbaila: doesn't show hand
*** SUMMARY ***
Total pot $2 | Rake $0
Seat 1: Rus29APX (button) (small blind) folded before Flop
Seat 2: newbaila (big blind) collected ($2)


PokerStars Hand #146503178879:  Hold'em Limit ($3/$6 USD) - 2016/01/05 8:15:48 ET
Table 'Makhaon II' 2-max Seat #2 is the button
Seat 1: Rus29APX ($203.08 in chips)
Seat 2: newbaila ($126.34 in chips)
newbaila: posts small blind $1
Rus29APX: posts big blind $3
*** HOLE CARDS ***
newbaila: raises $3 to $6
Rus29APX: raises $3 to $9
newbaila: raises $3 to $12
Betting is capped
Rus29APX: calls $3
*** FLOP *** [4h 7d Js]
Rus29APX: checks
newbaila: bets $3
Rus29APX: raises $3 to $6
newbaila: calls $3
*** TURN *** [4h 7d Js] [9h]
Rus29APX: bets $6
newbaila: calls $6
*** RIVER *** [4h 7d Js 9h] [8d]
Rus29APX: bets $6
newbaila: calls $6
*** SHOW DOWN ***
Rus29APX: shows [Jd Kc] (a pair of Jacks)
newbaila: mucks hand
Rus29APX collected $59.50 from pot
*** SUMMARY ***
Total pot $60 | Rake $0.50
Board [4h 7d Js 9h 8d]
Seat 1: Rus29APX (big blind) showed [Jd Kc] and won ($59.50) with a pair of Jacks
Seat 2: newbaila (button) (small blind) mucked


PokerStars Hand #146503214036:  Hold'em Limit ($3/$6 USD) - 2016/01/05 8:16:40 ET
Table 'Makhaon II' 2-max Seat #1 is the button
Seat 1: Rus29APX ($232.58 in chips)
Seat 2: newbaila ($96.34 in chips)
Rus29APX: posts small blind $1
newbaila: posts big blind $3
*** HOLE CARDS ***
Rus29APX: raises $3 to $6
newbaila: folds
Uncalled bet ($3) returned to Rus29APX
newbaila leaves the table
Rus29APX collected $6 from pot
Rus29APX: doesn't show hand
*** SUMMARY ***
Total pot $6 | Rake $0
Seat 1: Rus29APX (button) (small blind) collected ($6)
Seat 2: newbaila (big blind) folded before Flop


