PokerStars Hand #174187772562:  Hold'em Limit ($3/$6 USD) - 2017/08/11 3:45:26 ET
Table 'Makhaon' 6-max Seat #2 is the button
Seat 1: Pepperlina ($120 in chips)
Seat 2: zimin10 ($72 in chips)
zimin10: posts small blind $1
VolkovDmitri: is sitting out
Pepperlina: posts big blind $3
*** HOLE CARDS ***
VolkovDmitri leaves the table
zimin10: raises $3 to $6
Pepperlina: raises $3 to $9
zimin10: calls $3
*** FLOP *** [7s 5s Kd]
Pepperlina: bets $3
zimin10: calls $3
*** TURN *** [7s 5s Kd] [7c]
Pepperlina: bets $6
zimin10: folds
Uncalled bet ($6) returned to Pepperlina
Pepperlina collected $23.52 from pot
Pepperlina: doesn't show hand
*** SUMMARY ***
Total pot $24 | Rake $0.48
Board [7s 5s Kd 7c]
Seat 1: Pepperlina (big blind) collected ($23.52)
Seat 2: zimin10 (button) (small blind) folded on the Turn


PokerStars Hand #174187793740:  Hold'em Limit ($3/$6 USD) - 2017/08/11 3:46:44 ET
Table 'Makhaon' 6-max Seat #2 is the button
Seat 1: Pepperlina ($116.52 in chips)
Seat 2: zimin10 ($86.50 in chips)
zimin10: posts small blind $1
Pepperlina: posts big blind $3
*** HOLE CARDS ***
zimin10: folds
Uncalled bet ($2) returned to Pepperlina
Pepperlina collected $2 from pot
Pepperlina: doesn't show hand
*** SUMMARY ***
Total pot $2 | Rake $0
Seat 1: Pepperlina (big blind) collected ($2)
Seat 2: zimin10 (button) (small blind) folded before Flop


PokerStars Hand #174187781411:  Hold'em Limit ($3/$6 USD) - 2017/08/11 3:45:58 ET
Table 'Makhaon' 6-max Seat #1 is the button
Seat 1: Pepperlina ($131.52 in chips)
Seat 2: zimin10 ($72 in chips)
Pepperlina: posts small blind $1
zimin10: posts big blind $3
*** HOLE CARDS ***
Pepperlina: raises $3 to $6
zimin10: raises $3 to $9
Pepperlina: raises $3 to $12
Betting is capped
zimin10: calls $3
*** FLOP *** [Ks Tc Jh]
zimin10: checks
Pepperlina: bets $3
zimin10: calls $3
*** TURN *** [Ks Tc Jh] [5c]
zimin10: checks
Pepperlina: checks
*** RIVER *** [Ks Tc Jh 5c] [6d]
zimin10: bets $6
Pepperlina: folds
Uncalled bet ($6) returned to zimin10
zimin10 collected $29.50 from pot
*** SUMMARY ***
Total pot $30 | Rake $0.50
Board [Ks Tc Jh 5c 6d]
Seat 1: Pepperlina (button) (small blind) folded on the River
Seat 2: zimin10 (big blind) collected ($29.50)


PokerStars Hand #174187796943:  Hold'em Limit ($3/$6 USD) - 2017/08/11 3:46:56 ET
Table 'Makhaon' 6-max Seat #1 is the button
Seat 1: Pepperlina ($117.52 in chips)
Seat 2: zimin10 ($85.50 in chips)
Pepperlina: posts small blind $1
zimin10: posts big blind $3
*** HOLE CARDS ***
Bonkman05 joins the table at seat #3
Pepperlina: raises $3 to $6
zimin10: calls $3
*** FLOP *** [9d Kh 3s]
zimin10: checks
Pepperlina: bets $3
zimin10: raises $3 to $6
Pepperlina: calls $3
*** TURN *** [9d Kh 3s] [Tc]
zimin10: bets $6
Pepperlina: calls $6
*** RIVER *** [9d Kh 3s Tc] [Td]
zimin10: bets $6
Pepperlina: calls $6
*** SHOW DOWN ***
zimin10: shows [2d Ks] (two pair, Kings and Tens)
Pepperlina: mucks hand
zimin10 collected $47.50 from pot
*** SUMMARY ***
Total pot $48 | Rake $0.50
Board [9d Kh 3s Tc Td]
Seat 1: Pepperlina (button) (small blind) mucked
Seat 2: zimin10 (big blind) showed [2d Ks] and won ($47.50) with two pair, Kings and Tens


PokerStars Hand #174188037827:  Hold'em Limit ($3/$6 USD) - 2017/08/11 4:02:01 ET
Table 'Makhaon' 6-max Seat #3 is the button
Seat 2: zimin10 ($102.11 in chips)
Seat 3: Bonkman05 ($111.31 in chips)
Bonkman05: posts small blind $1
zimin10: posts big blind $3
*** HOLE CARDS ***
Bonkman05: raises $3 to $6
zimin10: calls $3
*** FLOP *** [Qh Ts 5c]
zimin10: checks
Bonkman05: bets $3
zimin10: raises $3 to $6
Bonkman05: folds
Uncalled bet ($3) returned to zimin10
zimin10 collected $17.64 from pot
*** SUMMARY ***
Total pot $18 | Rake $0.36
Board [Qh Ts 5c]
Seat 2: zimin10 (big blind) collected ($17.64)
Seat 3: Bonkman05 (button) (small blind) folded on the Flop


