PokerStars Hand #170103818260:  Hold'em Limit ($3/$6 USD) - 2017/05/07 18:18:04 ET
Table 'Makover' 10-max Seat #6 is the button
Seat 5: simper11 ($161.50 in chips)
Seat 6: Capone_TS ($125.85 in chips)
Capone_TS: posts small blind $1
simper11: posts big blind $3
*** HOLE CARDS ***
Capone_TS: raises $3 to $6
simper11: folds
Uncalled bet ($3) returned to Capone_TS
Capone_TS collected $6 from pot
*** SUMMARY ***
Total pot $6 | Rake $0
Seat 5: simper11 (big blind) folded before Flop
Seat 6: Capone_TS (button) (small blind) collected ($6)


PokerStars Hand #170103911875:  Hold'em Limit ($3/$6 USD) - 2017/05/07 18:20:03 ET
Table 'Makover' 10-max Seat #5 is the button
Seat 5: simper11 ($179.02 in chips)
Seat 6: Capone_TS ($105.65 in chips)
simper11: posts small blind $1
Capone_TS: posts big blind $3
*** HOLE CARDS ***
simper11: raises $3 to $6
Capone_TS: calls $3
*** FLOP *** [Js Qs 5s]
Capone_TS: checks
simper11: bets $3
Scheubi88 joins the table at seat #7
Capone_TS: folds
Uncalled bet ($3) returned to simper11
simper11 collected $11.76 from pot
*** SUMMARY ***
Total pot $12 | Rake $0.24
Board [Js Qs 5s]
Seat 5: simper11 (button) (small blind) collected ($11.76)
Seat 6: Capone_TS (big blind) folded on the Flop


