PokerStars Hand #175140533753:  Hold'em Limit ($3/$6 USD) - 2017/09/03 5:20:59 ET
Table 'Makover' 6-max Seat #6 is the button
Seat 4: VolkovDmitri ($120 in chips)
Seat 6: mattyj28 ($312 in chips)
mattyj28: posts small blind $1
VolkovDmitri: posts big blind $3
*** HOLE CARDS ***
mattyj28: folds
Uncalled bet ($2) returned to VolkovDmitri
VolkovDmitri collected $2 from pot
VolkovDmitri: doesn't show hand
*** SUMMARY ***
Total pot $2 | Rake $0
Seat 4: VolkovDmitri (big blind) collected ($2)
Seat 6: mattyj28 (button) (small blind) folded before Flop


PokerStars Hand #175140540700:  Hold'em Limit ($3/$6 USD) - 2017/09/03 5:21:17 ET
Table 'Makover' 6-max Seat #4 is the button
Seat 4: VolkovDmitri ($121 in chips)
Seat 6: mattyj28 ($311 in chips)
VolkovDmitri: posts small blind $1
mattyj28: posts big blind $3
*** HOLE CARDS ***
VolkovDmitri: raises $3 to $6
mattyj28: calls $3
*** FLOP *** [4s Ad Td]
mattyj28: bets $3
Whatze Phuck joins the table at seat #1
VolkovDmitri: calls $3
*** TURN *** [4s Ad Td] [Kc]
mattyj28: checks
VolkovDmitri: checks
*** RIVER *** [4s Ad Td Kc] [6d]
mattyj28: bets $6
VolkovDmitri: folds
Uncalled bet ($6) returned to mattyj28
mattyj28 collected $17.64 from pot
mattyj28: doesn't show hand
*** SUMMARY ***
Total pot $18 | Rake $0.36
Board [4s Ad Td Kc 6d]
Seat 4: VolkovDmitri (button) (small blind) folded on the River
Seat 6: mattyj28 (big blind) collected ($17.64)


PokerStars Hand #175142369592:  Hold'em Limit ($3/$6 USD) - 2017/09/03 6:34:17 ET
Table 'Makover' 6-max Seat #1 is the button
Seat 1: ogdealer ($75.79 in chips)
Seat 2: Psynto ($113.39 in chips)
ogdealer: posts small blind $1
Psynto: posts big blind $3
*** HOLE CARDS ***
ogdealer: folds
Uncalled bet ($2) returned to Psynto
Psynto collected $2 from pot
Psynto: doesn't show hand
*** SUMMARY ***
Total pot $2 | Rake $0
Seat 1: ogdealer (button) (small blind) folded before Flop
Seat 2: Psynto (big blind) collected ($2)


PokerStars Hand #175142367124:  Hold'em Limit ($3/$6 USD) - 2017/09/03 6:34:11 ET
Table 'Makover' 6-max Seat #2 is the button
Seat 1: ogdealer ($74.79 in chips)
Seat 2: Psynto ($114.39 in chips)
Psynto: posts small blind $1
Agrotait: is sitting out
ogdealer: posts big blind $3
*** HOLE CARDS ***
Agrotait leaves the table
Psynto: folds
Uncalled bet ($2) returned to ogdealer
ogdealer collected $2 from pot
*** SUMMARY ***
Total pot $2 | Rake $0
Seat 1: ogdealer (big blind) collected ($2)
Seat 2: Psynto (button) (small blind) folded before Flop


