PokerStars Hand #148121507037:  Hold'em Limit ($3/$6 USD) - 2016/02/02 13:57:43 ET
Table 'Makover' 6-max Seat #6 is the button
Seat 2: 72bestcard ($107.31 in chips)
Seat 6: Longstaaf ($18.21 in chips)
Longstaaf: posts small blind $1
SashaYuvelir: is sitting out
72bestcard: posts big blind $3
*** HOLE CARDS ***
Longstaaf: raises $3 to $6
72bestcard: raises $3 to $9
Longstaaf: calls $3
*** FLOP *** [Ah 9h Kd]
72bestcard: bets $3
Longstaaf: raises $3 to $6
72bestcard: calls $3
*** TURN *** [Ah 9h Kd] [5h]
72bestcard: bets $6
Longstaaf: calls $3.21 and is all-in
Uncalled bet ($2.79) returned to 72bestcard
*** RIVER *** [Ah 9h Kd 5h] [9d]
*** SHOW DOWN ***
72bestcard: shows [Ts Ks] (two pair, Kings and Nines)
Longstaaf: shows [Ac Js] (two pair, Aces and Nines)
Longstaaf collected $35.92 from pot
EZB2002 joins the table at seat #3
*** SUMMARY ***
Total pot $36.42 | Rake $0.50
Board [Ah 9h Kd 5h 9d]
Seat 2: 72bestcard (big blind) showed [Ts Ks] and lost with two pair, Kings and Nines
Seat 6: Longstaaf (button) (small blind) showed [Ac Js] and won ($35.92) with two pair, Aces and Nines


PokerStars Hand #148122695439:  Hold'em Limit ($3/$6 USD) - 2016/02/02 14:16:35 ET
Table 'Makover' 6-max Seat #2 is the button
Seat 2: 72bestcard ($87.48 in chips)
Seat 6: chikokrofne ($151.18 in chips)
72bestcard: posts small blind $1
BelSv: is sitting out
chikokrofne: posts big blind $3
*** HOLE CARDS ***
72bestcard: folds
Uncalled bet ($2) returned to chikokrofne
chikokrofne collected $2 from pot
chikokrofne: doesn't show hand
*** SUMMARY ***
Total pot $2 | Rake $0
Seat 2: 72bestcard (button) (small blind) folded before Flop
Seat 6: chikokrofne (big blind) collected ($2)


PokerStars Hand #148122701629:  Hold'em Limit ($3/$6 USD) - 2016/02/02 14:16:41 ET
Table 'Makover' 6-max Seat #6 is the button
Seat 2: 72bestcard ($86.48 in chips)
Seat 6: chikokrofne ($152.18 in chips)
chikokrofne: posts small blind $1
72bestcard: posts big blind $3
*** HOLE CARDS ***
chikokrofne: raises $3 to $6
72bestcard: raises $3 to $9
chikokrofne: calls $3
*** FLOP *** [5d Jd 9d]
BelSv leaves the table
72bestcard: bets $3
chikokrofne: calls $3
*** TURN *** [5d Jd 9d] [Ac]
72bestcard: bets $6
chikokrofne: calls $6
*** RIVER *** [5d Jd 9d Ac] [6d]
BelSv joins the table at seat #1
72bestcard: bets $6
chikokrofne: folds
Uncalled bet ($6) returned to 72bestcard
72bestcard collected $35.50 from pot
72bestcard: doesn't show hand
*** SUMMARY ***
Total pot $36 | Rake $0.50
Board [5d Jd 9d Ac 6d]
Seat 2: 72bestcard (big blind) collected ($35.50)
Seat 6: chikokrofne (button) (small blind) folded on the River


PokerStars Hand #148122729490:  Hold'em Limit ($3/$6 USD) - 2016/02/02 14:17:07 ET
Table 'Makover' 6-max Seat #2 is the button
Seat 2: 72bestcard ($103.98 in chips)
Seat 6: chikokrofne ($134.18 in chips)
72bestcard: posts small blind $1
chikokrofne: posts big blind $3
*** HOLE CARDS ***
72bestcard: raises $3 to $6
chikokrofne: calls $3
*** FLOP *** [Qs Qc 9c]
chikokrofne: checks
72bestcard: bets $3
chikokrofne: calls $3
*** TURN *** [Qs Qc 9c] [2d]
chikokrofne: checks
72bestcard: bets $6
chikokrofne: calls $6
*** RIVER *** [Qs Qc 9c 2d] [Ts]
chikokrofne: checks
72bestcard: bets $6
chikokrofne: calls $6
*** SHOW DOWN ***
72bestcard: shows [Kc 9h] (two pair, Queens and Nines)
chikokrofne: mucks hand
72bestcard collected $41.50 from pot
*** SUMMARY ***
Total pot $42 | Rake $0.50
Board [Qs Qc 9c 2d Ts]
Seat 2: 72bestcard (button) (small blind) showed [Kc 9h] and won ($41.50) with two pair, Queens and Nines
Seat 6: chikokrofne (big blind) mucked


PokerStars Hand #148122806632:  Hold'em Limit ($3/$6 USD) - 2016/02/02 14:18:18 ET
Table 'Makover' 6-max Seat #2 is the button
Seat 1: BelSv ($78 in chips)
Seat 2: 72bestcard ($121.48 in chips)
72bestcard: posts small blind $1
BelSv: posts big blind $3
*** HOLE CARDS ***
72bestcard: raises $3 to $6
BelSv: raises $3 to $9
72bestcard: calls $3
*** FLOP *** [8d 4s 7h]
BelSv: bets $3
72bestcard: raises $3 to $6
BelSv: raises $3 to $9
72bestcard: calls $3
*** TURN *** [8d 4s 7h] [Ac]
BelSv: bets $6
72bestcard: calls $6
*** RIVER *** [8d 4s 7h Ac] [7d]
BelSv: bets $6
72bestcard: folds
Uncalled bet ($6) returned to BelSv
BelSv collected $47.50 from pot
BelSv: doesn't show hand
*** SUMMARY ***
Total pot $48 | Rake $0.50
Board [8d 4s 7h Ac 7d]
Seat 1: BelSv (big blind) collected ($47.50)
Seat 2: 72bestcard (button) (small blind) folded on the River


