PokerStars Hand #147169924375:  Hold'em Limit ($3/$6 USD) - 2016/01/16 20:27:42 ET
Table 'Malautra' 2-max Seat #2 is the button
Seat 1: PbIbak ($113.17 in chips)
Seat 2: knysi ($17.74 in chips)
knysi: posts small blind $1
PbIbak: posts big blind $3
*** HOLE CARDS ***
knysi: raises $3 to $6
PbIbak: folds
Uncalled bet ($3) returned to knysi
knysi collected $6 from pot
knysi: doesn't show hand
*** SUMMARY ***
Total pot $6 | Rake $0
Seat 1: PbIbak (big blind) folded before Flop
Seat 2: knysi (button) (small blind) collected ($6)


PokerStars Hand #147169909359:  Hold'em Limit ($3/$6 USD) - 2016/01/16 20:27:17 ET
Table 'Malautra' 2-max Seat #1 is the button
Seat 1: PbIbak ($98.67 in chips)
Seat 2: knysi ($32.74 in chips)
PbIbak: posts small blind $1
knysi: posts big blind $3
*** HOLE CARDS ***
PbIbak: raises $3 to $6
knysi: calls $3
*** FLOP *** [2d 9s 7h]
knysi: checks
PbIbak: bets $3
knysi: calls $3
*** TURN *** [2d 9s 7h] [2s]
knysi: checks
PbIbak: bets $6
knysi: calls $6
*** RIVER *** [2d 9s 7h 2s] [3h]
knysi: checks
PbIbak: bets $6
knysi: folds
Uncalled bet ($6) returned to PbIbak
PbIbak collected $29.50 from pot
PbIbak: doesn't show hand
*** SUMMARY ***
Total pot $30 | Rake $0.50
Board [2d 9s 7h 2s 3h]
Seat 1: PbIbak (button) (small blind) collected ($29.50)
Seat 2: knysi (big blind) folded on the River


PokerStars Hand #147169928202:  Hold'em Limit ($3/$6 USD) - 2016/01/16 20:27:49 ET
Table 'Malautra' 2-max Seat #1 is the button
Seat 1: PbIbak ($110.17 in chips)
Seat 2: knysi ($20.74 in chips)
PbIbak: posts small blind $1
knysi: posts big blind $3
*** HOLE CARDS ***
PbIbak: raises $3 to $6
knysi: calls $3
*** FLOP *** [Kc Jc Qs]
knysi: checks
PbIbak: bets $3
knysi: calls $3
*** TURN *** [Kc Jc Qs] [5h]
knysi: checks
PbIbak: bets $6
knysi: folds
Uncalled bet ($6) returned to PbIbak
PbIbak collected $17.64 from pot
PbIbak: doesn't show hand
*** SUMMARY ***
Total pot $18 | Rake $0.36
Board [Kc Jc Qs 5h]
Seat 1: PbIbak (button) (small blind) collected ($17.64)
Seat 2: knysi (big blind) folded on the Turn


PokerStars Hand #147169935603:  Hold'em Limit ($3/$6 USD) - 2016/01/16 20:28:01 ET
Table 'Malautra' 2-max Seat #2 is the button
Seat 1: PbIbak ($118.81 in chips)
Seat 2: knysi ($11.74 in chips)
knysi: posts small blind $1
PbIbak: posts big blind $3
*** HOLE CARDS ***
knysi: raises $3 to $6
PbIbak: calls $3
*** FLOP *** [6s Js 5s]
PbIbak: checks
knysi: bets $3
PbIbak: calls $3
*** TURN *** [6s Js 5s] [3s]
PbIbak: bets $6
knysi: calls $2.74 and is all-in
Uncalled bet ($3.26) returned to PbIbak
*** RIVER *** [6s Js 5s 3s] [3d]
*** SHOW DOWN ***
PbIbak: shows [Kd 2s] (a flush, Jack high)
knysi: shows [6h 9s] (a flush, Jack high - Nine higher)
knysi collected $23.01 from pot
*** SUMMARY ***
Total pot $23.48 | Rake $0.47
Board [6s Js 5s 3s 3d]
Seat 1: PbIbak (big blind) showed [Kd 2s] and lost with a flush, Jack high
Seat 2: knysi (button) (small blind) showed [6h 9s] and won ($23.01) with a flush, Jack high


PokerStars Hand #147169948385:  Hold'em Limit ($3/$6 USD) - 2016/01/16 20:28:23 ET
Table 'Malautra' 2-max Seat #1 is the button
Seat 1: PbIbak ($107.07 in chips)
Seat 2: knysi ($23.01 in chips)
PbIbak: posts small blind $1
knysi: posts big blind $3
*** HOLE CARDS ***
PbIbak: raises $3 to $6
knysi: calls $3
*** FLOP *** [9c Ks Ac]
knysi: checks
PbIbak: bets $3
knysi: raises $3 to $6
PbIbak: folds
Uncalled bet ($3) returned to knysi
knysi collected $17.64 from pot
knysi: doesn't show hand
*** SUMMARY ***
Total pot $18 | Rake $0.36
Board [9c Ks Ac]
Seat 1: PbIbak (button) (small blind) folded on the Flop
Seat 2: knysi (big blind) collected ($17.64)


PokerStars Hand #147169954036:  Hold'em Limit ($3/$6 USD) - 2016/01/16 20:28:33 ET
Table 'Malautra' 2-max Seat #2 is the button
Seat 1: PbIbak ($98.07 in chips)
Seat 2: knysi ($31.65 in chips)
knysi: posts small blind $1
PbIbak: posts big blind $3
*** HOLE CARDS ***
knysi: raises $3 to $6
PbIbak: raises $3 to $9
knysi: calls $3
*** FLOP *** [Qs Ad 5h]
PbIbak: bets $3
knysi: calls $3
*** TURN *** [Qs Ad 5h] [9s]
PbIbak: bets $6
knysi: calls $6
*** RIVER *** [Qs Ad 5h 9s] [Ks]
PbIbak: bets $6
knysi: folds
Uncalled bet ($6) returned to PbIbak
PbIbak collected $35.50 from pot
PbIbak: doesn't show hand
*** SUMMARY ***
Total pot $36 | Rake $0.50
Board [Qs Ad 5h 9s Ks]
Seat 1: PbIbak (big blind) collected ($35.50)
Seat 2: knysi (button) (small blind) folded on the River


PokerStars Hand #147169965859:  Hold'em Limit ($3/$6 USD) - 2016/01/16 20:28:53 ET
Table 'Malautra' 2-max Seat #2 is the button
Seat 1: PbIbak ($114.57 in chips)
Seat 2: knysi ($14.65 in chips)
knysi: posts small blind $1
PbIbak: posts big blind $3
*** HOLE CARDS ***
knysi: folds
Uncalled bet ($2) returned to PbIbak
PbIbak collected $2 from pot
PbIbak: doesn't show hand
*** SUMMARY ***
Total pot $2 | Rake $0
Seat 1: PbIbak (big blind) collected ($2)
Seat 2: knysi (button) (small blind) folded before Flop


PokerStars Hand #147169963118:  Hold'em Limit ($3/$6 USD) - 2016/01/16 20:28:48 ET
Table 'Malautra' 2-max Seat #1 is the button
Seat 1: PbIbak ($115.57 in chips)
Seat 2: knysi ($13.65 in chips)
PbIbak: posts small blind $1
knysi: posts big blind $3
*** HOLE CARDS ***
PbIbak: folds
Uncalled bet ($2) returned to knysi
knysi collected $2 from pot
knysi: doesn't show hand
*** SUMMARY ***
Total pot $2 | Rake $0
Seat 1: PbIbak (button) (small blind) folded before Flop
Seat 2: knysi (big blind) collected ($2)


PokerStars Hand #147169968725:  Hold'em Limit ($3/$6 USD) - 2016/01/16 20:28:58 ET
Table 'Malautra' 2-max Seat #1 is the button
Seat 1: PbIbak ($115.57 in chips)
Seat 2: knysi ($13.65 in chips)
PbIbak: posts small blind $1
knysi: posts big blind $3
*** HOLE CARDS ***
PbIbak: folds
Uncalled bet ($2) returned to knysi
knysi collected $2 from pot
knysi: doesn't show hand
*** SUMMARY ***
Total pot $2 | Rake $0
Seat 1: PbIbak (button) (small blind) folded before Flop
Seat 2: knysi (big blind) collected ($2)


PokerStars Hand #147169971888:  Hold'em Limit ($3/$6 USD) - 2016/01/16 20:29:03 ET
Table 'Malautra' 2-max Seat #2 is the button
Seat 1: PbIbak ($114.57 in chips)
Seat 2: knysi ($14.65 in chips)
knysi: posts small blind $1
PbIbak: posts big blind $3
*** HOLE CARDS ***
knysi: raises $3 to $6
PbIbak: calls $3
*** FLOP *** [6h Jd 3d]
PbIbak: checks
knysi: bets $3
PbIbak: calls $3
*** TURN *** [6h Jd 3d] [Ac]
PbIbak: checks
knysi: bets $5.65 and is all-in
PbIbak: calls $5.65
*** RIVER *** [6h Jd 3d Ac] [Kd]
*** SHOW DOWN ***
PbIbak: shows [Ah 4s] (a pair of Aces)
knysi: shows [9d 4d] (a flush, King high)
knysi collected $28.80 from pot
*** SUMMARY ***
Total pot $29.30 | Rake $0.50
Board [6h Jd 3d Ac Kd]
Seat 1: PbIbak (big blind) showed [Ah 4s] and lost with a pair of Aces
Seat 2: knysi (button) (small blind) showed [9d 4d] and won ($28.80) with a flush, King high


PokerStars Hand #147169984260:  Hold'em Limit ($3/$6 USD) - 2016/01/16 20:29:24 ET
Table 'Malautra' 2-max Seat #2 is the button
Seat 1: PbIbak ($102.92 in chips)
Seat 2: knysi ($25.80 in chips)
knysi: posts small blind $1
PbIbak: posts big blind $3
*** HOLE CARDS ***
knysi: folds
Uncalled bet ($2) returned to PbIbak
PbIbak collected $2 from pot
PbIbak: doesn't show hand
*** SUMMARY ***
Total pot $2 | Rake $0
Seat 1: PbIbak (big blind) collected ($2)
Seat 2: knysi (button) (small blind) folded before Flop


PokerStars Hand #147169981047:  Hold'em Limit ($3/$6 USD) - 2016/01/16 20:29:19 ET
Table 'Malautra' 2-max Seat #1 is the button
Seat 1: PbIbak ($99.92 in chips)
Seat 2: knysi ($28.80 in chips)
PbIbak: posts small blind $1
knysi: posts big blind $3
*** HOLE CARDS ***
PbIbak: raises $3 to $6
knysi: folds
Uncalled bet ($3) returned to PbIbak
PbIbak collected $6 from pot
PbIbak: doesn't show hand
*** SUMMARY ***
Total pot $6 | Rake $0
Seat 1: PbIbak (button) (small blind) collected ($6)
Seat 2: knysi (big blind) folded before Flop


PokerStars Hand #147169987161:  Hold'em Limit ($3/$6 USD) - 2016/01/16 20:29:30 ET
Table 'Malautra' 2-max Seat #1 is the button
Seat 1: PbIbak ($103.92 in chips)
Seat 2: knysi ($24.80 in chips)
PbIbak: posts small blind $1
knysi: posts big blind $3
*** HOLE CARDS ***
PbIbak: raises $3 to $6
knysi: calls $3
*** FLOP *** [Jh Ad As]
knysi: checks
PbIbak: bets $3
knysi: raises $3 to $6
PbIbak: folds
Uncalled bet ($3) returned to knysi
knysi collected $17.64 from pot
knysi: doesn't show hand
*** SUMMARY ***
Total pot $18 | Rake $0.36
Board [Jh Ad As]
Seat 1: PbIbak (button) (small blind) folded on the Flop
Seat 2: knysi (big blind) collected ($17.64)


PokerStars Hand #147169993697:  Hold'em Limit ($3/$6 USD) - 2016/01/16 20:29:41 ET
Table 'Malautra' 2-max Seat #2 is the button
Seat 1: PbIbak ($94.92 in chips)
Seat 2: knysi ($33.44 in chips)
knysi: posts small blind $1
PbIbak: posts big blind $3
*** HOLE CARDS ***
knysi: raises $3 to $6
PbIbak: calls $3
*** FLOP *** [2s 7c Qh]
PbIbak: checks
knysi: checks
*** TURN *** [2s 7c Qh] [4d]
PbIbak: checks
knysi: bets $6
PbIbak: folds
Uncalled bet ($6) returned to knysi
knysi collected $11.76 from pot
knysi: doesn't show hand
*** SUMMARY ***
Total pot $12 | Rake $0.24
Board [2s 7c Qh 4d]
Seat 1: PbIbak (big blind) folded on the Turn
Seat 2: knysi (button) (small blind) collected ($11.76)


PokerStars Hand #147170000244:  Hold'em Limit ($3/$6 USD) - 2016/01/16 20:29:52 ET
Table 'Malautra' 2-max Seat #1 is the button
Seat 1: PbIbak ($88.92 in chips)
Seat 2: knysi ($39.20 in chips)
PbIbak: posts small blind $1
knysi: posts big blind $3
*** HOLE CARDS ***
PbIbak: raises $3 to $6
knysi: calls $3
*** FLOP *** [Js Ah 3h]
knysi: checks
PbIbak: bets $3
knysi: calls $3
*** TURN *** [Js Ah 3h] [Ts]
knysi: checks
PbIbak: checks
*** RIVER *** [Js Ah 3h Ts] [7c]
knysi: checks
PbIbak: checks
*** SHOW DOWN ***
knysi: shows [Qh 6d] (high card Ace)
PbIbak: shows [3s Qd] (a pair of Threes)
PbIbak collected $17.64 from pot
*** SUMMARY ***
Total pot $18 | Rake $0.36
Board [Js Ah 3h Ts 7c]
Seat 1: PbIbak (button) (small blind) showed [3s Qd] and won ($17.64) with a pair of Threes
Seat 2: knysi (big blind) showed [Qh 6d] and lost with high card Ace


PokerStars Hand #147170010622:  Hold'em Limit ($3/$6 USD) - 2016/01/16 20:30:09 ET
Table 'Malautra' 2-max Seat #2 is the button
Seat 1: PbIbak ($97.56 in chips)
Seat 2: knysi ($30.20 in chips)
knysi: posts small blind $1
PbIbak: posts big blind $3
*** HOLE CARDS ***
knysi: folds
Uncalled bet ($2) returned to PbIbak
PbIbak collected $2 from pot
PbIbak: doesn't show hand
*** SUMMARY ***
Total pot $2 | Rake $0
Seat 1: PbIbak (big blind) collected ($2)
Seat 2: knysi (button) (small blind) folded before Flop


PokerStars Hand #147170017235:  Hold'em Limit ($3/$6 USD) - 2016/01/16 20:30:21 ET
Table 'Malautra' 2-max Seat #1 is the button
Seat 1: PbIbak ($98.56 in chips)
Seat 2: knysi ($29.20 in chips)
PbIbak: posts small blind $1
knysi: posts big blind $3
*** HOLE CARDS ***
PbIbak: raises $3 to $6
knysi is disconnected
knysi is connected
knysi: calls $3
*** FLOP *** [Kh 8d 4d]
knysi: checks
PbIbak: bets $3
knysi: folds
Uncalled bet ($3) returned to PbIbak
PbIbak collected $11.76 from pot
PbIbak: doesn't show hand
*** SUMMARY ***
Total pot $12 | Rake $0.24
Board [Kh 8d 4d]
Seat 1: PbIbak (button) (small blind) collected ($11.76)
Seat 2: knysi (big blind) folded on the Flop


PokerStars Hand #147170051998:  Hold'em Limit ($3/$6 USD) - 2016/01/16 20:31:21 ET
Table 'Malautra' 2-max Seat #2 is the button
Seat 1: PbIbak ($104.32 in chips)
Seat 2: knysi ($23.20 in chips)
knysi: posts small blind $1
PbIbak: posts big blind $3
*** HOLE CARDS ***
knysi: raises $3 to $6
PbIbak: raises $3 to $9
knysi: calls $3
*** FLOP *** [3h 6d Ts]
PbIbak: bets $3
knysi: raises $3 to $6
PbIbak: raises $3 to $9
knysi: calls $3
*** TURN *** [3h 6d Ts] [8c]
PbIbak: bets $6
knysi: calls $5.20 and is all-in
Uncalled bet ($0.80) returned to PbIbak
*** RIVER *** [3h 6d Ts 8c] [Qh]
*** SHOW DOWN ***
PbIbak: shows [Qc Qs] (three of a kind, Queens)
knysi: shows [As 3s] (a pair of Threes)
PbIbak collected $45.90 from pot
*** SUMMARY ***
Total pot $46.40 | Rake $0.50
Board [3h 6d Ts 8c Qh]
Seat 1: PbIbak (big blind) showed [Qc Qs] and won ($45.90) with three of a kind, Queens
Seat 2: knysi (button) (small blind) showed [As 3s] and lost with a pair of Threes


PokerStars Hand #147170117692:  Hold'em Limit ($3/$6 USD) - 2016/01/16 20:33:14 ET
Table 'Malautra' 2-max Seat #1 is the button
Seat 1: PbIbak ($127.02 in chips)
Seat 2: knysi ($32.74 in chips)
PbIbak: posts small blind $1
knysi: posts big blind $3
*** HOLE CARDS ***
PbIbak: raises $3 to $6
knysi: calls $3
*** FLOP *** [4c 9c 4d]
knysi: checks
PbIbak: bets $3
knysi: raises $3 to $6
PbIbak: calls $3
*** TURN *** [4c 9c 4d] [Ks]
knysi: bets $6
PbIbak: raises $6 to $12
knysi: calls $6
*** RIVER *** [4c 9c 4d Ks] [Ts]
knysi: checks
PbIbak: bets $6
knysi: folds
Uncalled bet ($6) returned to PbIbak
PbIbak collected $47.50 from pot
PbIbak: doesn't show hand
*** SUMMARY ***
Total pot $48 | Rake $0.50
Board [4c 9c 4d Ks Ts]
Seat 1: PbIbak (button) (small blind) collected ($47.50)
Seat 2: knysi (big blind) folded on the River


PokerStars Hand #147170132741:  Hold'em Limit ($3/$6 USD) - 2016/01/16 20:33:40 ET
Table 'Malautra' 2-max Seat #2 is the button
Seat 1: PbIbak ($150.52 in chips)
Seat 2: knysi ($8.74 in chips)
knysi: posts small blind $1
PbIbak: posts big blind $3
*** HOLE CARDS ***
knysi: raises $3 to $6
PbIbak: calls $3
*** FLOP *** [2h Kc 7d]
PbIbak: checks
knysi: bets $2.74 and is all-in
PbIbak: calls $2.74
*** TURN *** [2h Kc 7d] [4s]
*** RIVER *** [2h Kc 7d 4s] [9c]
*** SHOW DOWN ***
PbIbak: shows [6h 9h] (a pair of Nines)
knysi: shows [5h 5c] (a pair of Fives)
PbIbak collected $17.13 from pot
*** SUMMARY ***
Total pot $17.48 | Rake $0.35
Board [2h Kc 7d 4s 9c]
Seat 1: PbIbak (big blind) showed [6h 9h] and won ($17.13) with a pair of Nines
Seat 2: knysi (button) (small blind) showed [5h 5c] and lost with a pair of Fives


PokerStars Hand #147170161534:  Hold'em Limit ($3/$6 USD) - 2016/01/16 20:34:30 ET
Table 'Malautra' 2-max Seat #1 is the button
Seat 1: PbIbak ($158.91 in chips)
Seat 2: knysi ($32.74 in chips)
PbIbak: posts small blind $1
knysi: posts big blind $3
*** HOLE CARDS ***
PbIbak: raises $3 to $6
knysi: calls $3
*** FLOP *** [Js 8s 9h]
knysi: checks
PbIbak: checks
*** TURN *** [Js 8s 9h] [9d]
knysi: bets $6
PbIbak: folds
Uncalled bet ($6) returned to knysi
knysi collected $11.76 from pot
knysi: doesn't show hand
*** SUMMARY ***
Total pot $12 | Rake $0.24
Board [Js 8s 9h 9d]
Seat 1: PbIbak (button) (small blind) folded on the Turn
Seat 2: knysi (big blind) collected ($11.76)


PokerStars Hand #147170167344:  Hold'em Limit ($3/$6 USD) - 2016/01/16 20:34:40 ET
Table 'Malautra' 2-max Seat #2 is the button
Seat 1: PbIbak ($152.91 in chips)
Seat 2: knysi ($38.50 in chips)
knysi: posts small blind $1
PbIbak: posts big blind $3
*** HOLE CARDS ***
knysi: raises $3 to $6
PbIbak: calls $3
*** FLOP *** [2c 8d 4d]
PbIbak: checks
knysi: bets $3
PbIbak: raises $3 to $6
knysi: calls $3
*** TURN *** [2c 8d 4d] [6s]
PbIbak: bets $6
knysi: raises $6 to $12
PbIbak: calls $6
*** RIVER *** [2c 8d 4d 6s] [5d]
PbIbak: checks
knysi: bets $6
PbIbak: folds
Uncalled bet ($6) returned to knysi
knysi collected $47.50 from pot
knysi: doesn't show hand
*** SUMMARY ***
Total pot $48 | Rake $0.50
Board [2c 8d 4d 6s 5d]
Seat 1: PbIbak (big blind) folded on the River
Seat 2: knysi (button) (small blind) collected ($47.50)


PokerStars Hand #147170176893:  Hold'em Limit ($3/$6 USD) - 2016/01/16 20:34:56 ET
Table 'Malautra' 2-max Seat #1 is the button
Seat 1: PbIbak ($128.91 in chips)
Seat 2: knysi ($62 in chips)
PbIbak: posts small blind $1
knysi: posts big blind $3
*** HOLE CARDS ***
PbIbak: raises $3 to $6
knysi: calls $3
*** FLOP *** [Ts 6c 7c]
knysi: checks
PbIbak: bets $3
knysi: calls $3
*** TURN *** [Ts 6c 7c] [7d]
knysi: checks
PbIbak: bets $6
knysi: folds
Uncalled bet ($6) returned to PbIbak
PbIbak collected $17.64 from pot
PbIbak: doesn't show hand
*** SUMMARY ***
Total pot $18 | Rake $0.36
Board [Ts 6c 7c 7d]
Seat 1: PbIbak (button) (small blind) collected ($17.64)
Seat 2: knysi (big blind) folded on the Turn


PokerStars Hand #147170184072:  Hold'em Limit ($3/$6 USD) - 2016/01/16 20:35:09 ET
Table 'Malautra' 2-max Seat #2 is the button
Seat 1: PbIbak ($137.55 in chips)
Seat 2: knysi ($53 in chips)
knysi: posts small blind $1
PbIbak: posts big blind $3
*** HOLE CARDS ***
knysi: raises $3 to $6
PbIbak: calls $3
*** FLOP *** [7h 6s Qd]
PbIbak: checks
knysi: checks
*** TURN *** [7h 6s Qd] [6h]
PbIbak: checks
knysi: bets $6
PbIbak: folds
Uncalled bet ($6) returned to knysi
knysi collected $11.76 from pot
knysi: doesn't show hand
*** SUMMARY ***
Total pot $12 | Rake $0.24
Board [7h 6s Qd 6h]
Seat 1: PbIbak (big blind) folded on the Turn
Seat 2: knysi (button) (small blind) collected ($11.76)


PokerStars Hand #147170195265:  Hold'em Limit ($3/$6 USD) - 2016/01/16 20:35:28 ET
Table 'Malautra' 2-max Seat #2 is the button
Seat 1: PbIbak ($130.55 in chips)
Seat 2: knysi ($59.76 in chips)
knysi: posts small blind $1
PbIbak: posts big blind $3
*** HOLE CARDS ***
knysi: folds
Uncalled bet ($2) returned to PbIbak
PbIbak collected $2 from pot
PbIbak: doesn't show hand
*** SUMMARY ***
Total pot $2 | Rake $0
Seat 1: PbIbak (big blind) collected ($2)
Seat 2: knysi (button) (small blind) folded before Flop


PokerStars Hand #147170190498:  Hold'em Limit ($3/$6 USD) - 2016/01/16 20:35:20 ET
Table 'Malautra' 2-max Seat #1 is the button
Seat 1: PbIbak ($131.55 in chips)
Seat 2: knysi ($58.76 in chips)
PbIbak: posts small blind $1
knysi: posts big blind $3
*** HOLE CARDS ***
PbIbak: folds
Uncalled bet ($2) returned to knysi
knysi collected $2 from pot
knysi: doesn't show hand
*** SUMMARY ***
Total pot $2 | Rake $0
Seat 1: PbIbak (button) (small blind) folded before Flop
Seat 2: knysi (big blind) collected ($2)


PokerStars Hand #147170197737:  Hold'em Limit ($3/$6 USD) - 2016/01/16 20:35:32 ET
Table 'Malautra' 2-max Seat #1 is the button
Seat 1: PbIbak ($131.55 in chips)
Seat 2: knysi ($58.76 in chips)
PbIbak: posts small blind $1
knysi: posts big blind $3
*** HOLE CARDS ***
PbIbak: folds
Uncalled bet ($2) returned to knysi
knysi collected $2 from pot
knysi: doesn't show hand
*** SUMMARY ***
Total pot $2 | Rake $0
Seat 1: PbIbak (button) (small blind) folded before Flop
Seat 2: knysi (big blind) collected ($2)


PokerStars Hand #147170201554:  Hold'em Limit ($3/$6 USD) - 2016/01/16 20:35:39 ET
Table 'Malautra' 2-max Seat #2 is the button
Seat 1: PbIbak ($130.55 in chips)
Seat 2: knysi ($59.76 in chips)
knysi: posts small blind $1
PbIbak: posts big blind $3
*** HOLE CARDS ***
knysi: raises $3 to $6
PbIbak: calls $3
*** FLOP *** [7s 8s Jd]
PbIbak: checks
knysi: checks
*** TURN *** [7s 8s Jd] [3c]
PbIbak: bets $6
knysi: raises $6 to $12
PbIbak: folds
Uncalled bet ($6) returned to knysi
knysi collected $23.52 from pot
knysi: doesn't show hand
*** SUMMARY ***
Total pot $24 | Rake $0.48
Board [7s 8s Jd 3c]
Seat 1: PbIbak (big blind) folded on the Turn
Seat 2: knysi (button) (small blind) collected ($23.52)


PokerStars Hand #147170210835:  Hold'em Limit ($3/$6 USD) - 2016/01/16 20:35:55 ET
Table 'Malautra' 2-max Seat #1 is the button
Seat 1: PbIbak ($118.55 in chips)
Seat 2: knysi ($71.28 in chips)
PbIbak: posts small blind $1
knysi: posts big blind $3
*** HOLE CARDS ***
PbIbak: raises $3 to $6
knysi: calls $3
*** FLOP *** [3s Td 5d]
knysi: checks
PbIbak: bets $3
knysi: calls $3
*** TURN *** [3s Td 5d] [2d]
knysi: checks
PbIbak: checks
*** RIVER *** [3s Td 5d 2d] [Ac]
knysi: checks
PbIbak: checks
*** SHOW DOWN ***
knysi: shows [9d Jd] (a flush, Jack high)
PbIbak: mucks hand
knysi collected $17.64 from pot
*** SUMMARY ***
Total pot $18 | Rake $0.36
Board [3s Td 5d 2d Ac]
Seat 1: PbIbak (button) (small blind) mucked
Seat 2: knysi (big blind) showed [9d Jd] and won ($17.64) with a flush, Jack high


PokerStars Hand #147170219543:  Hold'em Limit ($3/$6 USD) - 2016/01/16 20:36:10 ET
Table 'Malautra' 2-max Seat #2 is the button
Seat 1: PbIbak ($109.55 in chips)
Seat 2: knysi ($79.92 in chips)
knysi: posts small blind $1
PbIbak: posts big blind $3
*** HOLE CARDS ***
knysi: raises $3 to $6
PbIbak: calls $3
*** FLOP *** [8h 4h As]
PbIbak: checks
knysi: bets $3
PbIbak: calls $3
*** TURN *** [8h 4h As] [6s]
PbIbak: checks
knysi: bets $6
PbIbak: calls $6
*** RIVER *** [8h 4h As 6s] [6h]
PbIbak: checks
knysi: checks
*** SHOW DOWN ***
PbIbak: shows [8s Kh] (two pair, Eights and Sixes)
knysi: mucks hand
PbIbak collected $29.50 from pot
*** SUMMARY ***
Total pot $30 | Rake $0.50
Board [8h 4h As 6s 6h]
Seat 1: PbIbak (big blind) showed [8s Kh] and won ($29.50) with two pair, Eights and Sixes
Seat 2: knysi (button) (small blind) mucked


PokerStars Hand #147170227781:  Hold'em Limit ($3/$6 USD) - 2016/01/16 20:36:25 ET
Table 'Malautra' 2-max Seat #1 is the button
Seat 1: PbIbak ($124.05 in chips)
Seat 2: knysi ($64.92 in chips)
PbIbak: posts small blind $1
knysi: posts big blind $3
*** HOLE CARDS ***
PbIbak: folds
Uncalled bet ($2) returned to knysi
knysi collected $2 from pot
knysi: doesn't show hand
*** SUMMARY ***
Total pot $2 | Rake $0
Seat 1: PbIbak (button) (small blind) folded before Flop
Seat 2: knysi (big blind) collected ($2)


PokerStars Hand #147170271205:  Hold'em Limit ($3/$6 USD) - 2016/01/16 20:37:41 ET
Table 'Malautra' 2-max Seat #2 is the button
Seat 1: PbIbak ($154.81 in chips)
Seat 2: knysi ($32.68 in chips)
knysi: posts small blind $1
PbIbak: posts big blind $3
*** HOLE CARDS ***
knysi: folds
Uncalled bet ($2) returned to PbIbak
PbIbak collected $2 from pot
PbIbak: doesn't show hand
*** SUMMARY ***
Total pot $2 | Rake $0
Seat 1: PbIbak (big blind) collected ($2)
Seat 2: knysi (button) (small blind) folded before Flop


PokerStars Hand #147170266488:  Hold'em Limit ($3/$6 USD) - 2016/01/16 20:37:33 ET
Table 'Malautra' 2-max Seat #1 is the button
Seat 1: PbIbak ($149.05 in chips)
Seat 2: knysi ($38.68 in chips)
PbIbak: posts small blind $1
knysi: posts big blind $3
*** HOLE CARDS ***
PbIbak: raises $3 to $6
knysi: calls $3
*** FLOP *** [Kd Th 6c]
knysi: checks
PbIbak: bets $3
knysi: folds
Uncalled bet ($3) returned to PbIbak
PbIbak collected $11.76 from pot
PbIbak: doesn't show hand
*** SUMMARY ***
Total pot $12 | Rake $0.24
Board [Kd Th 6c]
Seat 1: PbIbak (button) (small blind) collected ($11.76)
Seat 2: knysi (big blind) folded on the Flop


PokerStars Hand #147170263159:  Hold'em Limit ($3/$6 USD) - 2016/01/16 20:37:27 ET
Table 'Malautra' 2-max Seat #2 is the button
Seat 1: PbIbak ($152.05 in chips)
Seat 2: knysi ($35.68 in chips)
knysi: posts small blind $1
PbIbak: posts big blind $3
*** HOLE CARDS ***
knysi: raises $3 to $6
PbIbak: folds
Uncalled bet ($3) returned to knysi
knysi collected $6 from pot
knysi: doesn't show hand
*** SUMMARY ***
Total pot $6 | Rake $0
Seat 1: PbIbak (big blind) folded before Flop
Seat 2: knysi (button) (small blind) collected ($6)


PokerStars Hand #147170255464:  Hold'em Limit ($3/$6 USD) - 2016/01/16 20:37:13 ET
Table 'Malautra' 2-max Seat #1 is the button
Seat 1: PbIbak ($137.55 in chips)
Seat 2: knysi ($50.68 in chips)
PbIbak: posts small blind $1
knysi: posts big blind $3
*** HOLE CARDS ***
PbIbak: raises $3 to $6
knysi: calls $3
*** FLOP *** [6s Jd Jh]
knysi: checks
PbIbak: bets $3
knysi: calls $3
*** TURN *** [6s Jd Jh] [6d]
knysi: checks
PbIbak: checks
*** RIVER *** [6s Jd Jh 6d] [9d]
knysi: bets $6
PbIbak: calls $6
*** SHOW DOWN ***
knysi: shows [Kc 7s] (two pair, Jacks and Sixes)
PbIbak: shows [5s 9s] (two pair, Jacks and Nines)
PbIbak collected $29.50 from pot
*** SUMMARY ***
Total pot $30 | Rake $0.50
Board [6s Jd Jh 6d 9d]
Seat 1: PbIbak (button) (small blind) showed [5s 9s] and won ($29.50) with two pair, Jacks and Nines
Seat 2: knysi (big blind) showed [Kc 7s] and lost with two pair, Jacks and Sixes


PokerStars Hand #147170247562:  Hold'em Limit ($3/$6 USD) - 2016/01/16 20:37:00 ET
Table 'Malautra' 2-max Seat #2 is the button
Seat 1: PbIbak ($143.55 in chips)
Seat 2: knysi ($44.92 in chips)
knysi: posts small blind $1
PbIbak: posts big blind $3
*** HOLE CARDS ***
knysi: raises $3 to $6
PbIbak: calls $3
*** FLOP *** [Ah Qh 4h]
PbIbak: checks
knysi: bets $3
PbIbak: folds
Uncalled bet ($3) returned to knysi
knysi collected $11.76 from pot
knysi: doesn't show hand
*** SUMMARY ***
Total pot $12 | Rake $0.24
Board [Ah Qh 4h]
Seat 1: PbIbak (big blind) folded on the Flop
Seat 2: knysi (button) (small blind) collected ($11.76)


PokerStars Hand #147170244783:  Hold'em Limit ($3/$6 USD) - 2016/01/16 20:36:55 ET
Table 'Malautra' 2-max Seat #1 is the button
Seat 1: PbIbak ($140.55 in chips)
Seat 2: knysi ($47.92 in chips)
PbIbak: posts small blind $1
knysi: posts big blind $3
*** HOLE CARDS ***
PbIbak: raises $3 to $6
knysi: folds
Uncalled bet ($3) returned to PbIbak
PbIbak collected $6 from pot
PbIbak: doesn't show hand
*** SUMMARY ***
Total pot $6 | Rake $0
Seat 1: PbIbak (button) (small blind) collected ($6)
Seat 2: knysi (big blind) folded before Flop


PokerStars Hand #147170235063:  Hold'em Limit ($3/$6 USD) - 2016/01/16 20:36:38 ET
Table 'Malautra' 2-max Seat #2 is the button
Seat 1: PbIbak ($123.05 in chips)
Seat 2: knysi ($65.92 in chips)
knysi: posts small blind $1
PbIbak: posts big blind $3
*** HOLE CARDS ***
knysi: raises $3 to $6
PbIbak: raises $3 to $9
knysi: calls $3
*** FLOP *** [7c 9c 7s]
PbIbak: bets $3
knysi: calls $3
*** TURN *** [7c 9c 7s] [4c]
PbIbak: bets $6
knysi: calls $6
*** RIVER *** [7c 9c 7s 4c] [3s]
PbIbak: bets $6
knysi: folds
Uncalled bet ($6) returned to PbIbak
PbIbak collected $35.50 from pot
PbIbak: doesn't show hand
*** SUMMARY ***
Total pot $36 | Rake $0.50
Board [7c 9c 7s 4c 3s]
Seat 1: PbIbak (big blind) collected ($35.50)
Seat 2: knysi (button) (small blind) folded on the River


PokerStars Hand #147170296822:  Hold'em Limit ($3/$6 USD) - 2016/01/16 20:38:26 ET
Table 'Malautra' 2-max Seat #1 is the button
Seat 1: PbIbak ($181.83 in chips)
Seat 2: knysi ($4.68 in chips)
PbIbak: posts small blind $1
knysi: posts big blind $3
*** HOLE CARDS ***
PbIbak: raises $3 to $6
knysi: calls $1.68 and is all-in
Uncalled bet ($1.32) returned to PbIbak
*** FLOP *** [7s Qc 8h]
*** TURN *** [7s Qc 8h] [5s]
*** RIVER *** [7s Qc 8h 5s] [7c]
*** SHOW DOWN ***
knysi: shows [Th 3s] (a pair of Sevens)
PbIbak: shows [Js Ks] (a pair of Sevens - King kicker)
PbIbak collected $9.17 from pot
*** SUMMARY ***
Total pot $9.36 | Rake $0.19
Board [7s Qc 8h 5s 7c]
Seat 1: PbIbak (button) (small blind) showed [Js Ks] and won ($9.17) with a pair of Sevens
Seat 2: knysi (big blind) showed [Th 3s] and lost with a pair of Sevens


PokerStars Hand #147170286861:  Hold'em Limit ($3/$6 USD) - 2016/01/16 20:38:09 ET
Table 'Malautra' 2-max Seat #2 is the button
Seat 1: PbIbak ($170.31 in chips)
Seat 2: knysi ($16.68 in chips)
knysi: posts small blind $1
PbIbak: posts big blind $3
*** HOLE CARDS ***
knysi: raises $3 to $6
PbIbak: raises $3 to $9
knysi: calls $3
*** FLOP *** [4h 9c Ks]
PbIbak: bets $3
knysi: calls $3
*** TURN *** [4h 9c Ks] [2h]
PbIbak: bets $6
knysi: folds
Uncalled bet ($6) returned to PbIbak
PbIbak collected $23.52 from pot
PbIbak: doesn't show hand
*** SUMMARY ***
Total pot $24 | Rake $0.48
Board [4h 9c Ks 2h]
Seat 1: PbIbak (big blind) collected ($23.52)
Seat 2: knysi (button) (small blind) folded on the Turn


PokerStars Hand #147170273615:  Hold'em Limit ($3/$6 USD) - 2016/01/16 20:37:46 ET
Table 'Malautra' 2-max Seat #1 is the button
Seat 1: PbIbak ($155.81 in chips)
Seat 2: knysi ($31.68 in chips)
PbIbak: posts small blind $1
knysi: posts big blind $3
*** HOLE CARDS ***
PbIbak: raises $3 to $6
knysi: calls $3
*** FLOP *** [3h Tc 8d]
knysi: checks
PbIbak: bets $3
knysi: calls $3
*** TURN *** [3h Tc 8d] [8c]
knysi: checks
PbIbak: checks
*** RIVER *** [3h Tc 8d 8c] [9c]
knysi: bets $6
PbIbak: raises $6 to $12
knysi: folds
Uncalled bet ($6) returned to PbIbak
PbIbak collected $29.50 from pot
PbIbak: doesn't show hand
*** SUMMARY ***
Total pot $30 | Rake $0.50
Board [3h Tc 8d 8c 9c]
Seat 1: PbIbak (button) (small blind) collected ($29.50)
Seat 2: knysi (big blind) folded on the River


