PokerStars Hand #146114976674:  Hold'em Limit ($3/$6 USD) - 2015/12/29 10:56:29 ET
Table 'Malautra' 6-max Seat #3 is the button
Seat 3: millon ($118 in chips)
Seat 4: Actionni13 ($151.88 in chips)
millon: posts small blind $1
Actionni13: posts big blind $3
*** HOLE CARDS ***
millon: calls $2
Actionni13: checks
*** FLOP *** [7c 7h Qh]
Actionni13: checks
millon: checks
*** TURN *** [7c 7h Qh] [3d]
Actionni13: checks
millon: bets $6
Actionni13: folds
Uncalled bet ($6) returned to millon
millon collected $5.88 from pot
*** SUMMARY ***
Total pot $6 | Rake $0.12
Board [7c 7h Qh 3d]
Seat 3: millon (button) (small blind) collected ($5.88)
Seat 4: Actionni13 (big blind) folded on the Turn


PokerStars Hand #146114996000:  Hold'em Limit ($3/$6 USD) - 2015/12/29 10:56:56 ET
Table 'Malautra' 6-max Seat #4 is the button
Seat 3: millon ($120.88 in chips)
Seat 4: Actionni13 ($150 in chips)
Actionni13: posts small blind $1
millon: posts big blind $3
*** HOLE CARDS ***
Actionni13: raises $3 to $6
millon: folds
Uncalled bet ($3) returned to Actionni13
Actionni13 collected $6 from pot
Actionni13: doesn't show hand
*** SUMMARY ***
Total pot $6 | Rake $0
Seat 3: millon (big blind) folded before Flop
Seat 4: Actionni13 (button) (small blind) collected ($6)


PokerStars Hand #146115001729:  Hold'em Limit ($3/$6 USD) - 2015/12/29 10:57:04 ET
Table 'Malautra' 6-max Seat #3 is the button
Seat 3: millon ($117.88 in chips)
Seat 4: Actionni13 ($153 in chips)
millon: posts small blind $1
Actionni13: posts big blind $3
*** HOLE CARDS ***
millon: raises $3 to $6
Actionni13: calls $3
*** FLOP *** [Jd 7h 6c]
Actionni13: checks
millon: bets $3
Actionni13: raises $3 to $6
millon: calls $3
*** TURN *** [Jd 7h 6c] [4d]
Actionni13: bets $6
millon: raises $6 to $12
Actionni13: raises $6 to $18
millon: calls $6
*** RIVER *** [Jd 7h 6c 4d] [9c]
Actionni13: bets $6
millon: calls $6
*** SHOW DOWN ***
Actionni13: shows [7d 6h] (two pair, Sevens and Sixes)
millon: mucks hand
Actionni13 collected $71.50 from pot
*** SUMMARY ***
Total pot $72 | Rake $0.50
Board [Jd 7h 6c 4d 9c]
Seat 3: millon (button) (small blind) mucked
Seat 4: Actionni13 (big blind) showed [7d 6h] and won ($71.50) with two pair, Sevens and Sixes


PokerStars Hand #146115044046:  Hold'em Limit ($3/$6 USD) - 2015/12/29 10:58:04 ET
Table 'Malautra' 6-max Seat #4 is the button
Seat 3: millon ($81.88 in chips)
Seat 4: Actionni13 ($188.50 in chips)
Actionni13: posts small blind $1
millon: posts big blind $3
*** HOLE CARDS ***
Actionni13: raises $3 to $6
millon: calls $3
*** FLOP *** [6c Ts 3h]
millon: checks
Actionni13: bets $3
millon: raises $3 to $6
Actionni13: folds
Uncalled bet ($3) returned to millon
millon collected $17.64 from pot
*** SUMMARY ***
Total pot $18 | Rake $0.36
Board [6c Ts 3h]
Seat 3: millon (big blind) collected ($17.64)
Seat 4: Actionni13 (button) (small blind) folded on the Flop


PokerStars Hand #146115061859:  Hold'em Limit ($3/$6 USD) - 2015/12/29 10:58:30 ET
Table 'Malautra' 6-max Seat #3 is the button
Seat 3: millon ($90.52 in chips)
Seat 4: Actionni13 ($179.50 in chips)
millon: posts small blind $1
Actionni13: posts big blind $3
*** HOLE CARDS ***
millon: raises $3 to $6
Actionni13: calls $3
*** FLOP *** [Ah Tc Qh]
Actionni13: checks
millon: bets $3
Actionni13: calls $3
*** TURN *** [Ah Tc Qh] [7h]
Actionni13: checks
millon: bets $6
Actionni13: calls $6
*** RIVER *** [Ah Tc Qh 7h] [7c]
Actionni13: checks
millon: bets $6
Actionni13: folds
Uncalled bet ($6) returned to millon
millon collected $29.50 from pot
*** SUMMARY ***
Total pot $30 | Rake $0.50
Board [Ah Tc Qh 7h 7c]
Seat 3: millon (button) (small blind) collected ($29.50)
Seat 4: Actionni13 (big blind) folded on the River


PokerStars Hand #146115083319:  Hold'em Limit ($3/$6 USD) - 2015/12/29 10:59:00 ET
Table 'Malautra' 6-max Seat #4 is the button
Seat 3: millon ($105.02 in chips)
Seat 4: Actionni13 ($164.50 in chips)
Actionni13: posts small blind $1
millon: posts big blind $3
*** HOLE CARDS ***
Actionni13: raises $3 to $6
millon: calls $3
*** FLOP *** [2d 6c 9d]
millon: checks
Actionni13: bets $3
millon: folds
Uncalled bet ($3) returned to Actionni13
Actionni13 collected $11.76 from pot
Actionni13: doesn't show hand
*** SUMMARY ***
Total pot $12 | Rake $0.24
Board [2d 6c 9d]
Seat 3: millon (big blind) folded on the Flop
Seat 4: Actionni13 (button) (small blind) collected ($11.76)


PokerStars Hand #146115096590:  Hold'em Limit ($3/$6 USD) - 2015/12/29 10:59:19 ET
Table 'Malautra' 6-max Seat #3 is the button
Seat 3: millon ($99.02 in chips)
Seat 4: Actionni13 ($170.26 in chips)
millon: posts small blind $1
Actionni13: posts big blind $3
*** HOLE CARDS ***
millon: raises $3 to $6
Actionni13: calls $3
*** FLOP *** [7s 8s Ah]
Actionni13: checks
millon: bets $3
Actionni13: calls $3
*** TURN *** [7s 8s Ah] [5h]
Actionni13: bets $6
millon: raises $6 to $12
Actionni13: calls $6
*** RIVER *** [7s 8s Ah 5h] [5c]
Actionni13: checks
millon: bets $6
Actionni13: folds
Uncalled bet ($6) returned to millon
millon collected $41.50 from pot
*** SUMMARY ***
Total pot $42 | Rake $0.50
Board [7s 8s Ah 5h 5c]
Seat 3: millon (button) (small blind) collected ($41.50)
Seat 4: Actionni13 (big blind) folded on the River


PokerStars Hand #146115122296:  Hold'em Limit ($3/$6 USD) - 2015/12/29 10:59:54 ET
Table 'Malautra' 6-max Seat #4 is the button
Seat 3: millon ($119.52 in chips)
Seat 4: Actionni13 ($150 in chips)
Actionni13: posts small blind $1
millon: posts big blind $3
*** HOLE CARDS ***
Actionni13: raises $3 to $6
millon: calls $3
*** FLOP *** [8c Jd Qc]
millon: checks
Actionni13: bets $3
millon: folds
Uncalled bet ($3) returned to Actionni13
Actionni13 collected $11.76 from pot
Actionni13: doesn't show hand
*** SUMMARY ***
Total pot $12 | Rake $0.24
Board [8c Jd Qc]
Seat 3: millon (big blind) folded on the Flop
Seat 4: Actionni13 (button) (small blind) collected ($11.76)


PokerStars Hand #146115130193:  Hold'em Limit ($3/$6 USD) - 2015/12/29 11:00:05 ET
Table 'Malautra' 6-max Seat #3 is the button
Seat 3: millon ($113.52 in chips)
Seat 4: Actionni13 ($155.76 in chips)
millon: posts small blind $1
Actionni13: posts big blind $3
*** HOLE CARDS ***
millon: calls $2
Actionni13: raises $3 to $6
millon: calls $3
*** FLOP *** [9c Ks 7c]
Actionni13: bets $3
millon: folds
Uncalled bet ($3) returned to Actionni13
Actionni13 collected $11.76 from pot
Actionni13: doesn't show hand
*** SUMMARY ***
Total pot $12 | Rake $0.24
Board [9c Ks 7c]
Seat 3: millon (button) (small blind) folded on the Flop
Seat 4: Actionni13 (big blind) collected ($11.76)


PokerStars Hand #146115138201:  Hold'em Limit ($3/$6 USD) - 2015/12/29 11:00:15 ET
Table 'Malautra' 6-max Seat #4 is the button
Seat 3: millon ($107.52 in chips)
Seat 4: Actionni13 ($161.52 in chips)
Actionni13: posts small blind $1
millon: posts big blind $3
*** HOLE CARDS ***
Actionni13: folds
Uncalled bet ($2) returned to millon
millon collected $2 from pot
*** SUMMARY ***
Total pot $2 | Rake $0
Seat 3: millon (big blind) collected ($2)
Seat 4: Actionni13 (button) (small blind) folded before Flop


PokerStars Hand #146115146512:  Hold'em Limit ($3/$6 USD) - 2015/12/29 11:00:27 ET
Table 'Malautra' 6-max Seat #3 is the button
Seat 3: millon ($108.52 in chips)
Seat 4: Actionni13 ($160.52 in chips)
millon: posts small blind $1
Actionni13: posts big blind $3
*** HOLE CARDS ***
millon: raises $3 to $6
Actionni13: raises $3 to $9
millon: calls $3
*** FLOP *** [5c Qh As]
Actionni13: bets $3
millon: calls $3
*** TURN *** [5c Qh As] [9h]
Actionni13: checks
millon: bets $6
Actionni13: calls $6
*** RIVER *** [5c Qh As 9h] [9d]
Actionni13: checks
millon: bets $6
Actionni13: calls $6
*** SHOW DOWN ***
millon: shows [2h 8h] (a pair of Nines)
Actionni13: shows [Js Jc] (two pair, Jacks and Nines)
Actionni13 collected $47.50 from pot
*** SUMMARY ***
Total pot $48 | Rake $0.50
Board [5c Qh As 9h 9d]
Seat 3: millon (button) (small blind) showed [2h 8h] and lost with a pair of Nines
Seat 4: Actionni13 (big blind) showed [Js Jc] and won ($47.50) with two pair, Jacks and Nines


PokerStars Hand #146115202610:  Hold'em Limit ($3/$6 USD) - 2015/12/29 11:01:39 ET
Table 'Malautra' 6-max Seat #3 is the button
Seat 3: millon ($93.16 in chips)
Seat 4: Actionni13 ($175.02 in chips)
millon: posts small blind $1
Actionni13: posts big blind $3
*** HOLE CARDS ***
millon: folds
Uncalled bet ($2) returned to Actionni13
Actionni13 collected $2 from pot
Actionni13: doesn't show hand
*** SUMMARY ***
Total pot $2 | Rake $0
Seat 3: millon (button) (small blind) folded before Flop
Seat 4: Actionni13 (big blind) collected ($2)


PokerStars Hand #146115180325:  Hold'em Limit ($3/$6 USD) - 2015/12/29 11:01:11 ET
Table 'Malautra' 6-max Seat #4 is the button
Seat 3: millon ($84.52 in chips)
Seat 4: Actionni13 ($184.02 in chips)
Actionni13: posts small blind $1
millon: posts big blind $3
*** HOLE CARDS ***
Actionni13: raises $3 to $6
millon: raises $3 to $9
Actionni13: calls $3
*** FLOP *** [5s 4h Kc]
millon: bets $3
Actionni13: folds
Uncalled bet ($3) returned to millon
millon collected $17.64 from pot
*** SUMMARY ***
Total pot $18 | Rake $0.36
Board [5s 4h Kc]
Seat 3: millon (big blind) collected ($17.64)
Seat 4: Actionni13 (button) (small blind) folded on the Flop


PokerStars Hand #146115206671:  Hold'em Limit ($3/$6 USD) - 2015/12/29 11:01:44 ET
Table 'Malautra' 6-max Seat #4 is the button
Seat 3: millon ($92.16 in chips)
Seat 4: Actionni13 ($176.02 in chips)
Actionni13: posts small blind $1
millon: posts big blind $3
*** HOLE CARDS ***
Actionni13: raises $3 to $6
millon: calls $3
*** FLOP *** [9s As 2h]
millon: bets $3
Actionni13: calls $3
*** TURN *** [9s As 2h] [7d]
millon: checks
Actionni13: bets $6
millon: calls $6
*** RIVER *** [9s As 2h 7d] [9c]
millon: checks
Actionni13: checks
*** SHOW DOWN ***
millon: shows [5c 2s] (two pair, Nines and Deuces)
Actionni13: mucks hand
millon collected $29.50 from pot
*** SUMMARY ***
Total pot $30 | Rake $0.50
Board [9s As 2h 7d 9c]
Seat 3: millon (big blind) showed [5c 2s] and won ($29.50) with two pair, Nines and Deuces
Seat 4: Actionni13 (button) (small blind) mucked


PokerStars Hand #146115241036:  Hold'em Limit ($3/$6 USD) - 2015/12/29 11:02:25 ET
Table 'Malautra' 6-max Seat #3 is the button
Seat 3: millon ($106.66 in chips)
Seat 4: Actionni13 ($161.02 in chips)
millon: posts small blind $1
Actionni13: posts big blind $3
*** HOLE CARDS ***
millon: raises $3 to $6
Actionni13: calls $3
*** FLOP *** [Qd 3h 4d]
Actionni13: bets $3
millon: raises $3 to $6
Actionni13: calls $3
*** TURN *** [Qd 3h 4d] [4c]
Actionni13: checks
millon: bets $6
Actionni13: folds
Uncalled bet ($6) returned to millon
millon collected $23.52 from pot
*** SUMMARY ***
Total pot $24 | Rake $0.48
Board [Qd 3h 4d 4c]
Seat 3: millon (button) (small blind) collected ($23.52)
Seat 4: Actionni13 (big blind) folded on the Turn


PokerStars Hand #146115260588:  Hold'em Limit ($3/$6 USD) - 2015/12/29 11:02:48 ET
Table 'Malautra' 6-max Seat #4 is the button
Seat 3: millon ($118.18 in chips)
Seat 4: Actionni13 ($150 in chips)
Actionni13: posts small blind $1
millon: posts big blind $3
*** HOLE CARDS ***
Actionni13: raises $3 to $6
millon: calls $3
*** FLOP *** [5c Qc 2h]
millon: checks
Actionni13: bets $3
millon: folds
Uncalled bet ($3) returned to Actionni13
Actionni13 collected $11.76 from pot
Actionni13: doesn't show hand
*** SUMMARY ***
Total pot $12 | Rake $0.24
Board [5c Qc 2h]
Seat 3: millon (big blind) folded on the Flop
Seat 4: Actionni13 (button) (small blind) collected ($11.76)


PokerStars Hand #146115269659:  Hold'em Limit ($3/$6 USD) - 2015/12/29 11:02:59 ET
Table 'Malautra' 6-max Seat #3 is the button
Seat 3: millon ($112.18 in chips)
Seat 4: Actionni13 ($155.76 in chips)
millon: posts small blind $1
Actionni13: posts big blind $3
*** HOLE CARDS ***
millon: calls $2
Actionni13: checks
*** FLOP *** [Jd 7s Qh]
Actionni13: checks
millon: checks
*** TURN *** [Jd 7s Qh] [Js]
Actionni13: checks
millon: checks
*** RIVER *** [Jd 7s Qh Js] [7h]
Actionni13: checks
millon: checks
*** SHOW DOWN ***
Actionni13: shows [8s 9s] (two pair, Jacks and Sevens)
millon: shows [Tc 3c] (two pair, Jacks and Sevens)
Actionni13 collected $2.94 from pot
millon collected $2.94 from pot
*** SUMMARY ***
Total pot $6 | Rake $0.12
Board [Jd 7s Qh Js 7h]
Seat 3: millon (button) (small blind) showed [Tc 3c] and won ($2.94) with two pair, Jacks and Sevens
Seat 4: Actionni13 (big blind) showed [8s 9s] and won ($2.94) with two pair, Jacks and Sevens


PokerStars Hand #146115286892:  Hold'em Limit ($3/$6 USD) - 2015/12/29 11:03:19 ET
Table 'Malautra' 6-max Seat #4 is the button
Seat 3: millon ($112.12 in chips)
Seat 4: Actionni13 ($155.70 in chips)
Actionni13: posts small blind $1
millon: posts big blind $3
*** HOLE CARDS ***
Actionni13: raises $3 to $6
millon: calls $3
*** FLOP *** [Js 6h 4d]
millon: checks
Actionni13: checks
*** TURN *** [Js 6h 4d] [5h]
millon: bets $6
Actionni13: folds
Uncalled bet ($6) returned to millon
millon collected $11.76 from pot
*** SUMMARY ***
Total pot $12 | Rake $0.24
Board [Js 6h 4d 5h]
Seat 3: millon (big blind) collected ($11.76)
Seat 4: Actionni13 (button) (small blind) folded on the Turn


PokerStars Hand #146115302215:  Hold'em Limit ($3/$6 USD) - 2015/12/29 11:03:37 ET
Table 'Malautra' 6-max Seat #3 is the button
Seat 3: millon ($117.88 in chips)
Seat 4: Actionni13 ($150 in chips)
millon: posts small blind $1
Actionni13: posts big blind $3
*** HOLE CARDS ***
millon: calls $2
Actionni13: raises $3 to $6
millon: calls $3
*** FLOP *** [4h 2d 9h]
Actionni13: bets $3
millon: calls $3
*** TURN *** [4h 2d 9h] [Jd]
Actionni13: checks
millon: bets $6
Actionni13: raises $6 to $12
millon: calls $6
*** RIVER *** [4h 2d 9h Jd] [Td]
Actionni13: bets $6
millon: calls $6
*** SHOW DOWN ***
Actionni13: shows [Qs Jh] (a pair of Jacks)
12groszy666 joins the table at seat #5
millon: mucks hand
Actionni13 collected $53.50 from pot
*** SUMMARY ***
Total pot $54 | Rake $0.50
Board [4h 2d 9h Jd Td]
Seat 3: millon (button) (small blind) mucked
Seat 4: Actionni13 (big blind) showed [Qs Jh] and won ($53.50) with a pair of Jacks


PokerStars Hand #146117704454:  Hold'em Limit ($3/$6 USD) - 2015/12/29 11:48:35 ET
Table 'Malautra' 6-max Seat #2 is the button
Seat 2: vestimokrec ($324.16 in chips)
Seat 4: Actionni13 ($150 in chips)
vestimokrec: posts small blind $1
Actionni13: posts big blind $3
*** HOLE CARDS ***
millon leaves the table
vestimokrec: raises $3 to $6
Actionni13: folds
Uncalled bet ($3) returned to vestimokrec
vestimokrec collected $6 from pot
vestimokrec: doesn't show hand
*** SUMMARY ***
Total pot $6 | Rake $0
Seat 2: vestimokrec (button) (small blind) collected ($6)
Seat 4: Actionni13 (big blind) folded before Flop


