PokerStars Hand #161441547028:  Hold'em Limit ($3/$6 USD) - 2016/11/15 11:04:31 ET
Table 'Malva' 10-max Seat #7 is the button
Seat 6: assitoni ($72 in chips)
Seat 7: denn69 ($109.99 in chips)
denn69: posts small blind $1
assitoni: posts big blind $3
*** HOLE CARDS ***
denn69: folds
Uncalled bet ($2) returned to assitoni
assitoni collected $2 from pot
assitoni: doesn't show hand
*** SUMMARY ***
Total pot $2 | Rake $0
Seat 6: assitoni (big blind) collected ($2)
Seat 7: denn69 (button) (small blind) folded before Flop


PokerStars Hand #161441550817:  Hold'em Limit ($3/$6 USD) - 2016/11/15 11:04:36 ET
Table 'Malva' 10-max Seat #6 is the button
Seat 6: assitoni ($73 in chips)
Seat 7: denn69 ($108.99 in chips)
assitoni: posts small blind $1
denn69: posts big blind $3
*** HOLE CARDS ***
assitoni: folds
Uncalled bet ($2) returned to denn69
denn69 collected $2 from pot
denn69: doesn't show hand
*** SUMMARY ***
Total pot $2 | Rake $0
Seat 6: assitoni (button) (small blind) folded before Flop
Seat 7: denn69 (big blind) collected ($2)


PokerStars Hand #161441555931:  Hold'em Limit ($3/$6 USD) - 2016/11/15 11:04:43 ET
Table 'Malva' 10-max Seat #7 is the button
Seat 6: assitoni ($72 in chips)
Seat 7: denn69 ($109.99 in chips)
denn69: posts small blind $1
assitoni: posts big blind $3
*** HOLE CARDS ***
denn69: raises $3 to $6
assitoni: raises $3 to $9
denn69: calls $3
*** FLOP *** [Qc 9s 2d]
assitoni: bets $3
denn69: calls $3
*** TURN *** [Qc 9s 2d] [Qd]
kolaz03 joins the table at seat #8
assitoni: bets $6
denn69: raises $6 to $12
assitoni: calls $6
*** RIVER *** [Qc 9s 2d Qd] [5s]
assitoni: checks
denn69: bets $6
assitoni: calls $6
*** SHOW DOWN ***
denn69: shows [Qs 3c] (three of a kind, Queens)
assitoni: mucks hand
denn69 collected $59.50 from pot
*** SUMMARY ***
Total pot $60 | Rake $0.50
Board [Qc 9s 2d Qd 5s]
Seat 6: assitoni (big blind) mucked
Seat 7: denn69 (button) (small blind) showed [Qs 3c] and won ($59.50) with three of a kind, Queens


PokerStars Hand #161441575839:  Hold'em Limit ($3/$6 USD) - 2016/11/15 11:05:10 ET
Table 'Malva' 10-max Seat #6 is the button
Seat 6: assitoni ($72 in chips)
Seat 7: denn69 ($139.49 in chips)
assitoni: posts small blind $1
denn69: posts big blind $3
*** HOLE CARDS ***
assitoni: folds
Uncalled bet ($2) returned to denn69
denn69 collected $2 from pot
denn69: doesn't show hand
*** SUMMARY ***
Total pot $2 | Rake $0
Seat 6: assitoni (button) (small blind) folded before Flop
Seat 7: denn69 (big blind) collected ($2)


PokerStars Hand #161442402897:  Hold'em Limit ($3/$6 USD) - 2016/11/15 11:23:39 ET
Table 'Malva' 10-max Seat #9 is the button
Seat 8: kolaz03 ($72 in chips)
Seat 9: Great_Kang ($241.27 in chips)
Great_Kang: posts small blind $1
denn69: is sitting out
denn69 leaves the table
kolaz03: posts big blind $3
*** HOLE CARDS ***
Great_Kang: raises $3 to $6
kolaz03: folds
Uncalled bet ($3) returned to Great_Kang
Great_Kang collected $6 from pot
Great_Kang: doesn't show hand
*** SUMMARY ***
Total pot $6 | Rake $0
Seat 8: kolaz03 (big blind) folded before Flop
Seat 9: Great_Kang (button) (small blind) collected ($6)


