PokerStars Hand #160782730329:  Hold'em Limit ($3/$6 USD) - 2016/11/02 7:49:14 ET
Table 'Malzovia II' 6-max Seat #1 is the button
Seat 1: B_loJkl ($147 in chips)
Seat 6: MilkyWay2016 ($89.50 in chips)
B_loJkl: posts small blind $1
TinaTurner72: is sitting out
MilkyWay2016: posts big blind $3
*** HOLE CARDS ***
TinaTurner72 leaves the table
B_loJkl: raises $3 to $6
sokol-max-PS joins the table at seat #2
MilkyWay2016: raises $3 to $9
B_loJkl: calls $3
*** FLOP *** [7h Jh Qs]
MilkyWay2016: bets $3
B_loJkl: calls $3
*** TURN *** [7h Jh Qs] [5c]
MilkyWay2016: bets $6
B_loJkl: calls $6
*** RIVER *** [7h Jh Qs 5c] [As]
MilkyWay2016: bets $6
B_loJkl: folds
Uncalled bet ($6) returned to MilkyWay2016
MilkyWay2016 collected $35.50 from pot
*** SUMMARY ***
Total pot $36 | Rake $0.50
Board [7h Jh Qs 5c As]
Seat 1: B_loJkl (button) (small blind) folded on the River
Seat 6: MilkyWay2016 (big blind) collected ($35.50)


PokerStars Hand #160782744068:  Hold'em Limit ($3/$6 USD) - 2016/11/02 7:49:42 ET
Table 'Malzovia II' 6-max Seat #6 is the button
Seat 1: B_loJkl ($129 in chips)
Seat 6: MilkyWay2016 ($107 in chips)
MilkyWay2016: posts small blind $1
B_loJkl: posts big blind $3
*** HOLE CARDS ***
MilkyWay2016: raises $3 to $6
B_loJkl: calls $3
*** FLOP *** [Jd Ad 8d]
B_loJkl: checks
MilkyWay2016: bets $3
B_loJkl: folds
Uncalled bet ($3) returned to MilkyWay2016
MilkyWay2016 collected $11.76 from pot
*** SUMMARY ***
Total pot $12 | Rake $0.24
Board [Jd Ad 8d]
Seat 1: B_loJkl (big blind) folded on the Flop
Seat 6: MilkyWay2016 (button) (small blind) collected ($11.76)


PokerStars Hand #160787974120:  Hold'em Limit ($3/$6 USD) - 2016/11/02 10:26:08 ET
Table 'Malzovia II' 6-max Seat #2 is the button
Seat 2: Kees123 ($108.63 in chips)
Seat 5: fsreibnitz ($97 in chips)
Kees123: posts small blind $1
fsreibnitz: posts big blind $3
*** HOLE CARDS ***
Kees123: raises $3 to $6
fsreibnitz: calls $3
*** FLOP *** [6s 4s 8d]
fsreibnitz: checks
Kees123: bets $3
fsreibnitz: calls $3
*** TURN *** [6s 4s 8d] [2s]
fsreibnitz: checks
Kees123: bets $6
fsreibnitz: calls $6
*** RIVER *** [6s 4s 8d 2s] [9d]
fsreibnitz: checks
Kees123: bets $6
fsreibnitz: folds
Uncalled bet ($6) returned to Kees123
Kees123 collected $29.50 from pot
*** SUMMARY ***
Total pot $30 | Rake $0.50
Board [6s 4s 8d 2s 9d]
Seat 2: Kees123 (button) (small blind) collected ($29.50)
Seat 5: fsreibnitz (big blind) folded on the River


PokerStars Hand #160787969128:  Hold'em Limit ($3/$6 USD) - 2016/11/02 10:26:00 ET
Table 'Malzovia II' 6-max Seat #5 is the button
Seat 2: Kees123 ($107.63 in chips)
Seat 5: fsreibnitz ($98 in chips)
fsreibnitz: posts small blind $1
Kees123: posts big blind $3
*** HOLE CARDS ***
fsreibnitz: folds
Uncalled bet ($2) returned to Kees123
Kees123 collected $2 from pot
*** SUMMARY ***
Total pot $2 | Rake $0
Seat 2: Kees123 (big blind) collected ($2)
Seat 5: fsreibnitz (button) (small blind) folded before Flop


PokerStars Hand #160787953493:  Hold'em Limit ($3/$6 USD) - 2016/11/02 10:25:35 ET
Table 'Malzovia II' 6-max Seat #2 is the button
Seat 2: Kees123 ($101.87 in chips)
Seat 5: fsreibnitz ($104 in chips)
Kees123: posts small blind $1
VolkovDmitri: is sitting out
fsreibnitz: posts big blind $3
*** HOLE CARDS ***
VolkovDmitri leaves the table
Kees123: raises $3 to $6
fsreibnitz: calls $3
*** FLOP *** [Td As Jd]
fsreibnitz: checks
Kees123: bets $3
fsreibnitz: folds
Uncalled bet ($3) returned to Kees123
Kees123 collected $11.76 from pot
*** SUMMARY ***
Total pot $12 | Rake $0.24
Board [Td As Jd]
Seat 2: Kees123 (button) (small blind) collected ($11.76)
Seat 5: fsreibnitz (big blind) folded on the Flop


PokerStars Hand #160787997228:  Hold'em Limit ($3/$6 USD) - 2016/11/02 10:26:45 ET
Table 'Malzovia II' 6-max Seat #5 is the button
Seat 2: Kees123 ($123.13 in chips)
Seat 5: fsreibnitz ($82 in chips)
fsreibnitz: posts small blind $1
Kees123: posts big blind $3
*** HOLE CARDS ***
fsreibnitz: raises $3 to $6
Kees123: calls $3
*** FLOP *** [8s 8d Ac]
Kees123: checks
fsreibnitz: bets $3
Kees123: calls $3
*** TURN *** [8s 8d Ac] [Jh]
Kees123: checks
fsreibnitz: checks
*** RIVER *** [8s 8d Ac Jh] [7h]
Kees123: checks
fsreibnitz: bets $6
B_loJkl leaves the table
Kees123: calls $6
*** SHOW DOWN ***
fsreibnitz: shows [Jc Tc] (two pair, Jacks and Eights)
Kees123: mucks hand
fsreibnitz collected $29.50 from pot
*** SUMMARY ***
Total pot $30 | Rake $0.50
Board [8s 8d Ac Jh 7h]
Seat 2: Kees123 (big blind) mucked
Seat 5: fsreibnitz (button) (small blind) showed [Jc Tc] and won ($29.50) with two pair, Jacks and Eights


PokerStars Hand #160788250774:  Hold'em Limit ($3/$6 USD) - 2016/11/02 10:33:32 ET
Table 'Malzovia II' 6-max Seat #5 is the button
Seat 2: Kees123 ($68.12 in chips)
Seat 5: fsreibnitz ($109.24 in chips)
fsreibnitz: posts small blind $1
Kees123: posts big blind $3
*** HOLE CARDS ***
fsreibnitz: raises $3 to $6
Kees123: folds
Uncalled bet ($3) returned to fsreibnitz
fsreibnitz collected $6 from pot
*** SUMMARY ***
Total pot $6 | Rake $0
Seat 2: Kees123 (big blind) folded before Flop
Seat 5: fsreibnitz (button) (small blind) collected ($6)


PokerStars Hand #160788244945:  Hold'em Limit ($3/$6 USD) - 2016/11/02 10:33:23 ET
Table 'Malzovia II' 6-max Seat #2 is the button
Seat 2: Kees123 ($65.12 in chips)
Seat 5: fsreibnitz ($112.24 in chips)
Kees123: posts small blind $1
fsreibnitz: posts big blind $3
*** HOLE CARDS ***
Kees123: raises $3 to $6
fsreibnitz: folds
Uncalled bet ($3) returned to Kees123
Kees123 collected $6 from pot
*** SUMMARY ***
Total pot $6 | Rake $0
Seat 2: Kees123 (button) (small blind) collected ($6)
Seat 5: fsreibnitz (big blind) folded before Flop


PokerStars Hand #160788256471:  Hold'em Limit ($3/$6 USD) - 2016/11/02 10:33:41 ET
Table 'Malzovia II' 6-max Seat #2 is the button
Seat 2: Kees123 ($65.12 in chips)
Seat 5: fsreibnitz ($112.24 in chips)
Kees123: posts small blind $1
fsreibnitz: posts big blind $3
*** HOLE CARDS ***
Kees123: raises $3 to $6
fsreibnitz: calls $3
*** FLOP *** [Th Kc Js]
fsreibnitz: checks
Kees123: bets $3
fsreibnitz: calls $3
*** TURN *** [Th Kc Js] [2c]
fsreibnitz: checks
Kees123: checks
*** RIVER *** [Th Kc Js 2c] [4d]
fsreibnitz: bets $6
Kees123: folds
Uncalled bet ($6) returned to fsreibnitz
fsreibnitz collected $17.64 from pot
*** SUMMARY ***
Total pot $18 | Rake $0.36
Board [Th Kc Js 2c 4d]
Seat 2: Kees123 (button) (small blind) folded on the River
Seat 5: fsreibnitz (big blind) collected ($17.64)


PokerStars Hand #160788281481:  Hold'em Limit ($3/$6 USD) - 2016/11/02 10:34:21 ET
Table 'Malzovia II' 6-max Seat #5 is the button
Seat 2: Kees123 ($56.12 in chips)
Seat 5: fsreibnitz ($120.88 in chips)
fsreibnitz: posts small blind $1
Kees123: posts big blind $3
*** HOLE CARDS ***
fsreibnitz: raises $3 to $6
Kees123: calls $3
*** FLOP *** [Jd 5d 8s]
Kees123: checks
fsreibnitz: bets $3
Kees123: folds
Uncalled bet ($3) returned to fsreibnitz
fsreibnitz collected $11.76 from pot
*** SUMMARY ***
Total pot $12 | Rake $0.24
Board [Jd 5d 8s]
Seat 2: Kees123 (big blind) folded on the Flop
Seat 5: fsreibnitz (button) (small blind) collected ($11.76)


PokerStars Hand #160788307893:  Hold'em Limit ($3/$6 USD) - 2016/11/02 10:35:03 ET
Table 'Malzovia II' 6-max Seat #5 is the button
Seat 2: Kees123 ($41.12 in chips)
Seat 5: fsreibnitz ($135.28 in chips)
fsreibnitz: posts small blind $1
Kees123: posts big blind $3
*** HOLE CARDS ***
fsreibnitz: raises $3 to $6
Kees123: folds
Uncalled bet ($3) returned to fsreibnitz
fsreibnitz collected $6 from pot
*** SUMMARY ***
Total pot $6 | Rake $0
Seat 2: Kees123 (big blind) folded before Flop
Seat 5: fsreibnitz (button) (small blind) collected ($6)


PokerStars Hand #160788311901:  Hold'em Limit ($3/$6 USD) - 2016/11/02 10:35:10 ET
Table 'Malzovia II' 6-max Seat #2 is the button
Seat 2: Kees123 ($38.12 in chips)
Seat 5: fsreibnitz ($138.28 in chips)
Kees123: posts small blind $1
fsreibnitz: posts big blind $3
*** HOLE CARDS ***
Kees123: folds
Uncalled bet ($2) returned to fsreibnitz
fsreibnitz collected $2 from pot
*** SUMMARY ***
Total pot $2 | Rake $0
Seat 2: Kees123 (button) (small blind) folded before Flop
Seat 5: fsreibnitz (big blind) collected ($2)


PokerStars Hand #160788331317:  Hold'em Limit ($3/$6 USD) - 2016/11/02 10:35:41 ET
Table 'Malzovia II' 6-max Seat #2 is the button
Seat 2: Kees123 ($48.64 in chips)
Seat 5: fsreibnitz ($127.28 in chips)
Kees123: posts small blind $1
fsreibnitz: posts big blind $3
*** HOLE CARDS ***
Kees123: folds
Uncalled bet ($2) returned to fsreibnitz
fsreibnitz collected $2 from pot
*** SUMMARY ***
Total pot $2 | Rake $0
Seat 2: Kees123 (button) (small blind) folded before Flop
Seat 5: fsreibnitz (big blind) collected ($2)


PokerStars Hand #160788315612:  Hold'em Limit ($3/$6 USD) - 2016/11/02 10:35:15 ET
Table 'Malzovia II' 6-max Seat #5 is the button
Seat 2: Kees123 ($37.12 in chips)
Seat 5: fsreibnitz ($139.28 in chips)
fsreibnitz: posts small blind $1
Kees123: posts big blind $3
*** HOLE CARDS ***
fsreibnitz: raises $3 to $6
Kees123: calls $3
*** FLOP *** [Qs 8s Kc]
Kees123: checks
fsreibnitz: checks
*** TURN *** [Qs 8s Kc] [3d]
Kees123: bets $6
fsreibnitz: calls $6
*** RIVER *** [Qs 8s Kc 3d] [9s]
Kees123: bets $6
fsreibnitz: folds
Uncalled bet ($6) returned to Kees123
Kees123 collected $23.52 from pot
*** SUMMARY ***
Total pot $24 | Rake $0.48
Board [Qs 8s Kc 3d 9s]
Seat 2: Kees123 (big blind) collected ($23.52)
Seat 5: fsreibnitz (button) (small blind) folded on the River


PokerStars Hand #160788334298:  Hold'em Limit ($3/$6 USD) - 2016/11/02 10:35:45 ET
Table 'Malzovia II' 6-max Seat #5 is the button
Seat 2: Kees123 ($47.64 in chips)
Seat 5: fsreibnitz ($128.28 in chips)
fsreibnitz: posts small blind $1
Kees123: posts big blind $3
*** HOLE CARDS ***
fsreibnitz: folds
Uncalled bet ($2) returned to Kees123
Kees123 collected $2 from pot
*** SUMMARY ***
Total pot $2 | Rake $0
Seat 2: Kees123 (big blind) collected ($2)
Seat 5: fsreibnitz (button) (small blind) folded before Flop


PokerStars Hand #160788292335:  Hold'em Limit ($3/$6 USD) - 2016/11/02 10:34:38 ET
Table 'Malzovia II' 6-max Seat #2 is the button
Seat 2: Kees123 ($50.12 in chips)
Seat 5: fsreibnitz ($126.64 in chips)
Kees123: posts small blind $1
fsreibnitz: posts big blind $3
*** HOLE CARDS ***
Kees123: raises $3 to $6
fsreibnitz: raises $3 to $9
Kees123: calls $3
*** FLOP *** [2d Tc Qc]
fsreibnitz: bets $3
Kees123: folds
Uncalled bet ($3) returned to fsreibnitz
fsreibnitz collected $17.64 from pot
*** SUMMARY ***
Total pot $18 | Rake $0.36
Board [2d Tc Qc]
Seat 2: Kees123 (button) (small blind) folded on the Flop
Seat 5: fsreibnitz (big blind) collected ($17.64)


PokerStars Hand #160788337696:  Hold'em Limit ($3/$6 USD) - 2016/11/02 10:35:51 ET
Table 'Malzovia II' 6-max Seat #2 is the button
Seat 2: Kees123 ($48.64 in chips)
Seat 5: fsreibnitz ($127.28 in chips)
Kees123: posts small blind $1
fsreibnitz: posts big blind $3
*** HOLE CARDS ***
Kees123: raises $3 to $6
fsreibnitz: folds
Uncalled bet ($3) returned to Kees123
Kees123 collected $6 from pot
*** SUMMARY ***
Total pot $6 | Rake $0
Seat 2: Kees123 (button) (small blind) collected ($6)
Seat 5: fsreibnitz (big blind) folded before Flop


PokerStars Hand #160788343737:  Hold'em Limit ($3/$6 USD) - 2016/11/02 10:36:00 ET
Table 'Malzovia II' 6-max Seat #5 is the button
Seat 2: Kees123 ($51.64 in chips)
Seat 5: fsreibnitz ($124.28 in chips)
fsreibnitz: posts small blind $1
Kees123: posts big blind $3
*** HOLE CARDS ***
fsreibnitz: raises $3 to $6
Kees123: calls $3
*** FLOP *** [7d 9h 2h]
Kees123: checks
fsreibnitz: checks
*** TURN *** [7d 9h 2h] [5h]
Kees123: bets $6
fsreibnitz: raises $6 to $12
Kees123: calls $6
*** RIVER *** [7d 9h 2h 5h] [Ad]
Kees123: checks
fsreibnitz: bets $6
Kees123: calls $6
*** SHOW DOWN ***
fsreibnitz: shows [Kh 4d] (high card Ace)
Kees123: shows [5c Js] (a pair of Fives)
Kees123 collected $47.50 from pot
*** SUMMARY ***
Total pot $48 | Rake $0.50
Board [7d 9h 2h 5h Ad]
Seat 2: Kees123 (big blind) showed [5c Js] and won ($47.50) with a pair of Fives
Seat 5: fsreibnitz (button) (small blind) showed [Kh 4d] and lost with high card Ace


PokerStars Hand #160788359190:  Hold'em Limit ($3/$6 USD) - 2016/11/02 10:36:25 ET
Table 'Malzovia II' 6-max Seat #2 is the button
Seat 2: Kees123 ($75.14 in chips)
Seat 5: fsreibnitz ($100.28 in chips)
Kees123: posts small blind $1
fsreibnitz: posts big blind $3
*** HOLE CARDS ***
Kees123: raises $3 to $6
fsreibnitz: calls $3
*** FLOP *** [8h 5h 2s]
fsreibnitz: checks
Kees123: bets $3
fsreibnitz: calls $3
*** TURN *** [8h 5h 2s] [Ts]
fsreibnitz: checks
Kees123: checks
*** RIVER *** [8h 5h 2s Ts] [3h]
fsreibnitz: checks
Kees123: checks
*** SHOW DOWN ***
fsreibnitz: shows [9c Qd] (high card Queen)
Kees123: shows [As Qh] (high card Ace)
Kees123 collected $17.64 from pot
*** SUMMARY ***
Total pot $18 | Rake $0.36
Board [8h 5h 2s Ts 3h]
Seat 2: Kees123 (button) (small blind) showed [As Qh] and won ($17.64) with high card Ace
Seat 5: fsreibnitz (big blind) showed [9c Qd] and lost with high card Queen


PokerStars Hand #160788382518:  Hold'em Limit ($3/$6 USD) - 2016/11/02 10:37:02 ET
Table 'Malzovia II' 6-max Seat #2 is the button
Seat 2: Kees123 ($77.78 in chips)
Seat 5: fsreibnitz ($97.04 in chips)
Kees123: posts small blind $1
fsreibnitz: posts big blind $3
*** HOLE CARDS ***
Kees123: raises $3 to $6
fsreibnitz: raises $3 to $9
Kees123: calls $3
*** FLOP *** [9s Ac Kd]
fsreibnitz: bets $3
Kees123: folds
Uncalled bet ($3) returned to fsreibnitz
fsreibnitz collected $17.64 from pot
*** SUMMARY ***
Total pot $18 | Rake $0.36
Board [9s Ac Kd]
Seat 2: Kees123 (button) (small blind) folded on the Flop
Seat 5: fsreibnitz (big blind) collected ($17.64)


PokerStars Hand #160788400713:  Hold'em Limit ($3/$6 USD) - 2016/11/02 10:37:31 ET
Table 'Malzovia II' 6-max Seat #5 is the button
Seat 2: Kees123 ($68.78 in chips)
Seat 5: fsreibnitz ($105.68 in chips)
fsreibnitz: posts small blind $1
Kees123: posts big blind $3
*** HOLE CARDS ***
fsreibnitz: raises $3 to $6
Kees123: raises $3 to $9
fsreibnitz: calls $3
*** FLOP *** [9s Td 5c]
Kees123: bets $3
fsreibnitz: folds
Uncalled bet ($3) returned to Kees123
Kees123 collected $17.64 from pot
*** SUMMARY ***
Total pot $18 | Rake $0.36
Board [9s Td 5c]
Seat 2: Kees123 (big blind) collected ($17.64)
Seat 5: fsreibnitz (button) (small blind) folded on the Flop


PokerStars Hand #160788372523:  Hold'em Limit ($3/$6 USD) - 2016/11/02 10:36:46 ET
Table 'Malzovia II' 6-max Seat #5 is the button
Seat 2: Kees123 ($83.78 in chips)
Seat 5: fsreibnitz ($91.28 in chips)
fsreibnitz: posts small blind $1
Kees123: posts big blind $3
*** HOLE CARDS ***
fsreibnitz: raises $3 to $6
Kees123: calls $3
*** FLOP *** [Kc Ah 2s]
Kees123: checks
fsreibnitz: bets $3
Kees123: folds
Uncalled bet ($3) returned to fsreibnitz
fsreibnitz collected $11.76 from pot
*** SUMMARY ***
Total pot $12 | Rake $0.24
Board [Kc Ah 2s]
Seat 2: Kees123 (big blind) folded on the Flop
Seat 5: fsreibnitz (button) (small blind) collected ($11.76)


PokerStars Hand #160788421651:  Hold'em Limit ($3/$6 USD) - 2016/11/02 10:38:04 ET
Table 'Malzovia II' 6-max Seat #2 is the button
Seat 2: Kees123 ($77.42 in chips)
Seat 5: fsreibnitz ($96.68 in chips)
Kees123: posts small blind $1
fsreibnitz: posts big blind $3
*** HOLE CARDS ***
Kees123: raises $3 to $6
fsreibnitz: calls $3
*** FLOP *** [8s 6d Qh]
fsreibnitz: checks
Kees123: bets $3
fsreibnitz: calls $3
*** TURN *** [8s 6d Qh] [3c]
fsreibnitz: checks
Kees123: checks
*** RIVER *** [8s 6d Qh 3c] [Ks]
fsreibnitz: checks
Kees123: bets $6
fsreibnitz: calls $6
*** SHOW DOWN ***
Kees123: shows [Jh 9h] (high card King)
fsreibnitz: shows [6h 7s] (a pair of Sixes)
fsreibnitz collected $29.50 from pot
*** SUMMARY ***
Total pot $30 | Rake $0.50
Board [8s 6d Qh 3c Ks]
Seat 2: Kees123 (button) (small blind) showed [Jh 9h] and lost with high card King
Seat 5: fsreibnitz (big blind) showed [6h 7s] and won ($29.50) with a pair of Sixes


PokerStars Hand #160788446097:  Hold'em Limit ($3/$6 USD) - 2016/11/02 10:38:43 ET
Table 'Malzovia II' 6-max Seat #5 is the button
Seat 2: Kees123 ($62.42 in chips)
Seat 5: fsreibnitz ($111.18 in chips)
fsreibnitz: posts small blind $1
Kees123: posts big blind $3
*** HOLE CARDS ***
fsreibnitz: folds
Uncalled bet ($2) returned to Kees123
Kees123 collected $2 from pot
*** SUMMARY ***
Total pot $2 | Rake $0
Seat 2: Kees123 (big blind) collected ($2)
Seat 5: fsreibnitz (button) (small blind) folded before Flop


PokerStars Hand #160788417043:  Hold'em Limit ($3/$6 USD) - 2016/11/02 10:37:56 ET
Table 'Malzovia II' 6-max Seat #5 is the button
Seat 2: Kees123 ($76.42 in chips)
Seat 5: fsreibnitz ($97.68 in chips)
fsreibnitz: posts small blind $1
Kees123: posts big blind $3
*** HOLE CARDS ***
fsreibnitz: folds
Uncalled bet ($2) returned to Kees123
Kees123 collected $2 from pot
*** SUMMARY ***
Total pot $2 | Rake $0
Seat 2: Kees123 (big blind) collected ($2)
Seat 5: fsreibnitz (button) (small blind) folded before Flop


PokerStars Hand #160788411278:  Hold'em Limit ($3/$6 USD) - 2016/11/02 10:37:47 ET
Table 'Malzovia II' 6-max Seat #2 is the button
Seat 2: Kees123 ($77.42 in chips)
Seat 5: fsreibnitz ($96.68 in chips)
Kees123: posts small blind $1
fsreibnitz: posts big blind $3
*** HOLE CARDS ***
Kees123: folds
Uncalled bet ($2) returned to fsreibnitz
fsreibnitz collected $2 from pot
*** SUMMARY ***
Total pot $2 | Rake $0
Seat 2: Kees123 (button) (small blind) folded before Flop
Seat 5: fsreibnitz (big blind) collected ($2)


PokerStars Hand #160788454393:  Hold'em Limit ($3/$6 USD) - 2016/11/02 10:38:56 ET
Table 'Malzovia II' 6-max Seat #2 is the button
Seat 2: Kees123 ($63.42 in chips)
Seat 5: fsreibnitz ($110.18 in chips)
Kees123: posts small blind $1
fsreibnitz: posts big blind $3
*** HOLE CARDS ***
Kees123: raises $3 to $6
fsreibnitz: calls $3
*** FLOP *** [4c 2c 8c]
fsreibnitz: checks
Kees123: bets $3
fsreibnitz: calls $3
*** TURN *** [4c 2c 8c] [3h]
fsreibnitz: checks
Kees123: bets $6
fsreibnitz: calls $6
*** RIVER *** [4c 2c 8c 3h] [Ad]
fsreibnitz: checks
Kees123: bets $6
fsreibnitz: calls $6
*** SHOW DOWN ***
Kees123: shows [Qc Ah] (a pair of Aces)
fsreibnitz: mucks hand
Kees123 collected $41.50 from pot
*** SUMMARY ***
Total pot $42 | Rake $0.50
Board [4c 2c 8c 3h Ad]
Seat 2: Kees123 (button) (small blind) showed [Qc Ah] and won ($41.50) with a pair of Aces
Seat 5: fsreibnitz (big blind) mucked


PokerStars Hand #160788495962:  Hold'em Limit ($3/$6 USD) - 2016/11/02 10:40:01 ET
Table 'Malzovia II' 6-max Seat #2 is the button
Seat 2: Kees123 ($101.42 in chips)
Seat 5: fsreibnitz ($71.18 in chips)
Kees123: posts small blind $1
fsreibnitz: posts big blind $3
*** HOLE CARDS ***
Kees123: raises $3 to $6
fsreibnitz: calls $3
*** FLOP *** [8c 6c Qc]
fsreibnitz: checks
Kees123: bets $3
fsreibnitz: folds
Uncalled bet ($3) returned to Kees123
Kees123 collected $11.76 from pot
*** SUMMARY ***
Total pot $12 | Rake $0.24
Board [8c 6c Qc]
Seat 2: Kees123 (button) (small blind) collected ($11.76)
Seat 5: fsreibnitz (big blind) folded on the Flop


PokerStars Hand #160788505891:  Hold'em Limit ($3/$6 USD) - 2016/11/02 10:40:17 ET
Table 'Malzovia II' 6-max Seat #2 is the button
Seat 2: Kees123 ($108.18 in chips)
Seat 5: fsreibnitz ($64.18 in chips)
Kees123: posts small blind $1
fsreibnitz: posts big blind $3
*** HOLE CARDS ***
Kees123: raises $3 to $6
fsreibnitz: folds
Uncalled bet ($3) returned to Kees123
Kees123 collected $6 from pot
*** SUMMARY ***
Total pot $6 | Rake $0
Seat 2: Kees123 (button) (small blind) collected ($6)
Seat 5: fsreibnitz (big blind) folded before Flop


PokerStars Hand #160788502673:  Hold'em Limit ($3/$6 USD) - 2016/11/02 10:40:11 ET
Table 'Malzovia II' 6-max Seat #5 is the button
Seat 2: Kees123 ($107.18 in chips)
Seat 5: fsreibnitz ($65.18 in chips)
fsreibnitz: posts small blind $1
Kees123: posts big blind $3
*** HOLE CARDS ***
fsreibnitz: folds
Uncalled bet ($2) returned to Kees123
Kees123 collected $2 from pot
*** SUMMARY ***
Total pot $2 | Rake $0
Seat 2: Kees123 (big blind) collected ($2)
Seat 5: fsreibnitz (button) (small blind) folded before Flop


PokerStars Hand #160788470680:  Hold'em Limit ($3/$6 USD) - 2016/11/02 10:39:21 ET
Table 'Malzovia II' 6-max Seat #5 is the button
Seat 2: Kees123 ($83.92 in chips)
Seat 5: fsreibnitz ($89.18 in chips)
fsreibnitz: posts small blind $1
Kees123: posts big blind $3
*** HOLE CARDS ***
fsreibnitz: raises $3 to $6
Kees123: raises $3 to $9
fsreibnitz: calls $3
*** FLOP *** [7c 4h Jc]
Kees123: bets $3
fsreibnitz: calls $3
*** TURN *** [7c 4h Jc] [3h]
Kees123: bets $6
fsreibnitz: calls $6
*** RIVER *** [7c 4h Jc 3h] [Qc]
Kees123: bets $6
fsreibnitz: folds
Uncalled bet ($6) returned to Kees123
Kees123 collected $35.50 from pot
*** SUMMARY ***
Total pot $36 | Rake $0.50
Board [7c 4h Jc 3h Qc]
Seat 2: Kees123 (big blind) collected ($35.50)
Seat 5: fsreibnitz (button) (small blind) folded on the River


PokerStars Hand #160788509961:  Hold'em Limit ($3/$6 USD) - 2016/11/02 10:40:23 ET
Table 'Malzovia II' 6-max Seat #5 is the button
Seat 2: Kees123 ($111.18 in chips)
Seat 5: fsreibnitz ($61.18 in chips)
fsreibnitz: posts small blind $1
Kees123: posts big blind $3
*** HOLE CARDS ***
fsreibnitz: raises $3 to $6
Kees123: raises $3 to $9
fsreibnitz: calls $3
*** FLOP *** [2c Kh 5h]
Kees123: bets $3
fsreibnitz: calls $3
*** TURN *** [2c Kh 5h] [3c]
Kees123: bets $6
fsreibnitz: raises $6 to $12
Kees123: calls $6
*** RIVER *** [2c Kh 5h 3c] [6s]
Kees123: checks
fsreibnitz: bets $6
Kees123: calls $6
*** SHOW DOWN ***
fsreibnitz: shows [4h Th] (a straight, Deuce to Six)
Kees123: mucks hand
fsreibnitz collected $59.50 from pot
*** SUMMARY ***
Total pot $60 | Rake $0.50
Board [2c Kh 5h 3c 6s]
Seat 2: Kees123 (big blind) mucked
Seat 5: fsreibnitz (button) (small blind) showed [4h Th] and won ($59.50) with a straight, Deuce to Six


PokerStars Hand #160788539187:  Hold'em Limit ($3/$6 USD) - 2016/11/02 10:41:09 ET
Table 'Malzovia II' 6-max Seat #2 is the button
Seat 2: Kees123 ($81.18 in chips)
Seat 5: fsreibnitz ($90.68 in chips)
Kees123: posts small blind $1
fsreibnitz: posts big blind $3
*** HOLE CARDS ***
Kees123: raises $3 to $6
fsreibnitz: folds
Uncalled bet ($3) returned to Kees123
Kees123 collected $6 from pot
*** SUMMARY ***
Total pot $6 | Rake $0
Seat 2: Kees123 (button) (small blind) collected ($6)
Seat 5: fsreibnitz (big blind) folded before Flop


PokerStars Hand #160788548543:  Hold'em Limit ($3/$6 USD) - 2016/11/02 10:41:23 ET
Table 'Malzovia II' 6-max Seat #5 is the button
Seat 2: Kees123 ($84.18 in chips)
Seat 5: fsreibnitz ($87.68 in chips)
fsreibnitz: posts small blind $1
Kees123: posts big blind $3
*** HOLE CARDS ***
fsreibnitz: folds
Uncalled bet ($2) returned to Kees123
Kees123 collected $2 from pot
*** SUMMARY ***
Total pot $2 | Rake $0
Seat 2: Kees123 (big blind) collected ($2)
Seat 5: fsreibnitz (button) (small blind) folded before Flop


PokerStars Hand #160788552259:  Hold'em Limit ($3/$6 USD) - 2016/11/02 10:41:29 ET
Table 'Malzovia II' 6-max Seat #2 is the button
Seat 2: Kees123 ($85.18 in chips)
Seat 5: fsreibnitz ($86.68 in chips)
Kees123: posts small blind $1
fsreibnitz: posts big blind $3
*** HOLE CARDS ***
Kees123: raises $3 to $6
fsreibnitz: raises $3 to $9
Kees123: calls $3
*** FLOP *** [6c 7d 8s]
fsreibnitz: bets $3
Kees123: calls $3
*** TURN *** [6c 7d 8s] [5d]
fsreibnitz: checks
Kees123: bets $6
fsreibnitz: folds
Uncalled bet ($6) returned to Kees123
Kees123 collected $23.52 from pot
*** SUMMARY ***
Total pot $24 | Rake $0.48
Board [6c 7d 8s 5d]
Seat 2: Kees123 (button) (small blind) collected ($23.52)
Seat 5: fsreibnitz (big blind) folded on the Turn


PokerStars Hand #160788580357:  Hold'em Limit ($3/$6 USD) - 2016/11/02 10:42:13 ET
Table 'Malzovia II' 6-max Seat #5 is the button
Seat 2: Kees123 ($89.70 in chips)
Seat 5: fsreibnitz ($81.44 in chips)
fsreibnitz: posts small blind $1
Kees123: posts big blind $3
*** HOLE CARDS ***
fsreibnitz: raises $3 to $6
Kees123: calls $3
*** FLOP *** [7s Jh Jc]
Kees123: checks
fsreibnitz: bets $3
Kees123: calls $3
*** TURN *** [7s Jh Jc] [8h]
Kees123: checks
fsreibnitz: bets $6
Kees123: calls $6
*** RIVER *** [7s Jh Jc 8h] [4c]
Kees123: checks
fsreibnitz: bets $6
Kees123: calls $6
*** SHOW DOWN ***
fsreibnitz: shows [5s 7h] (two pair, Jacks and Sevens)
Kees123: mucks hand
fsreibnitz collected $41.50 from pot
*** SUMMARY ***
Total pot $42 | Rake $0.50
Board [7s Jh Jc 8h 4c]
Seat 2: Kees123 (big blind) mucked
Seat 5: fsreibnitz (button) (small blind) showed [5s 7h] and won ($41.50) with two pair, Jacks and Sevens


PokerStars Hand #160788597531:  Hold'em Limit ($3/$6 USD) - 2016/11/02 10:42:40 ET
Table 'Malzovia II' 6-max Seat #2 is the button
Seat 2: Kees123 ($68.70 in chips)
Seat 5: fsreibnitz ($101.94 in chips)
Kees123: posts small blind $1
fsreibnitz: posts big blind $3
*** HOLE CARDS ***
Kees123: raises $3 to $6
fsreibnitz: folds
Uncalled bet ($3) returned to Kees123
Kees123 collected $6 from pot
*** SUMMARY ***
Total pot $6 | Rake $0
Seat 2: Kees123 (button) (small blind) collected ($6)
Seat 5: fsreibnitz (big blind) folded before Flop


PokerStars Hand #160788576942:  Hold'em Limit ($3/$6 USD) - 2016/11/02 10:42:08 ET
Table 'Malzovia II' 6-max Seat #2 is the button
Seat 2: Kees123 ($90.70 in chips)
Seat 5: fsreibnitz ($80.44 in chips)
Kees123: posts small blind $1
fsreibnitz: posts big blind $3
*** HOLE CARDS ***
Kees123: folds
Uncalled bet ($2) returned to fsreibnitz
fsreibnitz collected $2 from pot
*** SUMMARY ***
Total pot $2 | Rake $0
Seat 2: Kees123 (button) (small blind) folded before Flop
Seat 5: fsreibnitz (big blind) collected ($2)


PokerStars Hand #160788565781:  Hold'em Limit ($3/$6 USD) - 2016/11/02 10:41:51 ET
Table 'Malzovia II' 6-max Seat #5 is the button
Seat 2: Kees123 ($96.70 in chips)
Seat 5: fsreibnitz ($74.68 in chips)
fsreibnitz: posts small blind $1
Kees123: posts big blind $3
*** HOLE CARDS ***
fsreibnitz: raises $3 to $6
Kees123: calls $3
*** FLOP *** [9c 6s Jd]
Kees123: checks
fsreibnitz: bets $3
Kees123: folds
Uncalled bet ($3) returned to fsreibnitz
fsreibnitz collected $11.76 from pot
*** SUMMARY ***
Total pot $12 | Rake $0.24
Board [9c 6s Jd]
Seat 2: Kees123 (big blind) folded on the Flop
Seat 5: fsreibnitz (button) (small blind) collected ($11.76)


PokerStars Hand #160788601876:  Hold'em Limit ($3/$6 USD) - 2016/11/02 10:42:47 ET
Table 'Malzovia II' 6-max Seat #5 is the button
Seat 2: Kees123 ($71.70 in chips)
Seat 5: fsreibnitz ($98.94 in chips)
fsreibnitz: posts small blind $1
Kees123: posts big blind $3
*** HOLE CARDS ***
fsreibnitz: raises $3 to $6
Kees123: calls $3
*** FLOP *** [Ad Js 9c]
Kees123: checks
fsreibnitz: bets $3
Kees123: folds
Uncalled bet ($3) returned to fsreibnitz
fsreibnitz collected $11.76 from pot
*** SUMMARY ***
Total pot $12 | Rake $0.24
Board [Ad Js 9c]
Seat 2: Kees123 (big blind) folded on the Flop
Seat 5: fsreibnitz (button) (small blind) collected ($11.76)


PokerStars Hand #160788613610:  Hold'em Limit ($3/$6 USD) - 2016/11/02 10:43:05 ET
Table 'Malzovia II' 6-max Seat #2 is the button
Seat 2: Kees123 ($65.70 in chips)
Seat 5: fsreibnitz ($104.70 in chips)
Kees123: posts small blind $1
fsreibnitz: posts big blind $3
*** HOLE CARDS ***
Kees123: raises $3 to $6
fsreibnitz: raises $3 to $9
Kees123: calls $3
*** FLOP *** [6d 6s Qc]
fsreibnitz: bets $3
Kees123: calls $3
*** TURN *** [6d 6s Qc] [2c]
fsreibnitz: bets $6
Kees123: calls $6
*** RIVER *** [6d 6s Qc 2c] [8s]
fsreibnitz: bets $6
Kees123: calls $6
*** SHOW DOWN ***
fsreibnitz: shows [9c 7c] (a pair of Sixes)
Kees123: shows [3s Ah] (a pair of Sixes - Ace kicker)
Kees123 collected $47.50 from pot
*** SUMMARY ***
Total pot $48 | Rake $0.50
Board [6d 6s Qc 2c 8s]
Seat 2: Kees123 (button) (small blind) showed [3s Ah] and won ($47.50) with a pair of Sixes
Seat 5: fsreibnitz (big blind) showed [9c 7c] and lost with a pair of Sixes


PokerStars Hand #160788634527:  Hold'em Limit ($3/$6 USD) - 2016/11/02 10:43:38 ET
Table 'Malzovia II' 6-max Seat #2 is the button
Seat 2: Kees123 ($90.20 in chips)
Seat 5: fsreibnitz ($79.70 in chips)
Kees123: posts small blind $1
fsreibnitz: posts big blind $3
*** HOLE CARDS ***
Kees123: folds
Uncalled bet ($2) returned to fsreibnitz
fsreibnitz collected $2 from pot
*** SUMMARY ***
Total pot $2 | Rake $0
Seat 2: Kees123 (button) (small blind) folded before Flop
Seat 5: fsreibnitz (big blind) collected ($2)


PokerStars Hand #160788631240:  Hold'em Limit ($3/$6 USD) - 2016/11/02 10:43:33 ET
Table 'Malzovia II' 6-max Seat #5 is the button
Seat 2: Kees123 ($89.20 in chips)
Seat 5: fsreibnitz ($80.70 in chips)
fsreibnitz: posts small blind $1
Kees123: posts big blind $3
*** HOLE CARDS ***
fsreibnitz: folds
Uncalled bet ($2) returned to Kees123
Kees123 collected $2 from pot
*** SUMMARY ***
Total pot $2 | Rake $0
Seat 2: Kees123 (big blind) collected ($2)
Seat 5: fsreibnitz (button) (small blind) folded before Flop


PokerStars Hand #160788639019:  Hold'em Limit ($3/$6 USD) - 2016/11/02 10:43:45 ET
Table 'Malzovia II' 6-max Seat #5 is the button
Seat 2: Kees123 ($89.20 in chips)
Seat 5: fsreibnitz ($80.70 in chips)
fsreibnitz: posts small blind $1
Kees123: posts big blind $3
*** HOLE CARDS ***
fsreibnitz: raises $3 to $6
Kees123: raises $3 to $9
fsreibnitz: calls $3
*** FLOP *** [3d 4s 2s]
Kees123: bets $3
fsreibnitz: calls $3
*** TURN *** [3d 4s 2s] [7c]
Kees123: bets $6
fsreibnitz: calls $6
*** RIVER *** [3d 4s 2s 7c] [Jd]
Kees123: bets $6
fsreibnitz: calls $6
*** SHOW DOWN ***
Kees123: shows [4h Ah] (a pair of Fours)
fsreibnitz: shows [Td Ts] (a pair of Tens)
fsreibnitz collected $47.50 from pot
*** SUMMARY ***
Total pot $48 | Rake $0.50
Board [3d 4s 2s 7c Jd]
Seat 2: Kees123 (big blind) showed [4h Ah] and lost with a pair of Fours
Seat 5: fsreibnitz (button) (small blind) showed [Td Ts] and won ($47.50) with a pair of Tens


