PokerStars Hand #150286713631:  Hold'em Limit ($3/$6 USD) - 2016/03/13 10:55:37 ET
Table 'Malzovia II' 6-max Seat #3 is the button
Seat 3: VolkovDmitri ($120 in chips)
Seat 4: Agrotait ($72 in chips)
VolkovDmitri: posts small blind $1
Agrotait: posts big blind $3
*** HOLE CARDS ***
VolkovDmitri: raises $3 to $6
Agrotait: raises $3 to $9
VolkovDmitri: raises $3 to $12
Betting is capped
Agrotait: calls $3
*** FLOP *** [2c 6s Ts]
Agrotait: checks
VolkovDmitri: checks
*** TURN *** [2c 6s Ts] [Th]
Agrotait: bets $6
VolkovDmitri: calls $6
*** RIVER *** [2c 6s Ts Th] [4h]
Agrotait: bets $6
VolkovDmitri: folds
Uncalled bet ($6) returned to Agrotait
Agrotait collected $35.50 from pot
Agrotait: doesn't show hand
*** SUMMARY ***
Total pot $36 | Rake $0.50
Board [2c 6s Ts Th 4h]
Seat 3: VolkovDmitri (button) (small blind) folded on the River
Seat 4: Agrotait (big blind) collected ($35.50)


PokerStars Hand #150286750686:  Hold'em Limit ($3/$6 USD) - 2016/03/13 10:56:37 ET
Table 'Malzovia II' 6-max Seat #4 is the button
Seat 3: VolkovDmitri ($120 in chips)
Seat 4: Agrotait ($89.50 in chips)
Agrotait: posts small blind $1
VolkovDmitri: posts big blind $3
*** HOLE CARDS ***
Agrotait: raises $3 to $6
VolkovDmitri: calls $3
*** FLOP *** [Ac 9d Jh]
VolkovDmitri: checks
Agrotait: bets $3
VolkovDmitri: raises $3 to $6
Agrotait: folds
Uncalled bet ($3) returned to VolkovDmitri
VolkovDmitri collected $17.64 from pot
*** SUMMARY ***
Total pot $18 | Rake $0.36
Board [Ac 9d Jh]
Seat 3: VolkovDmitri (big blind) collected ($17.64)
Seat 4: Agrotait (button) (small blind) folded on the Flop


PokerStars Hand #150286775476:  Hold'em Limit ($3/$6 USD) - 2016/03/13 10:57:18 ET
Table 'Malzovia II' 6-max Seat #3 is the button
Seat 3: VolkovDmitri ($128.64 in chips)
Seat 4: Agrotait ($80.50 in chips)
VolkovDmitri: posts small blind $1
Agrotait: posts big blind $3
*** HOLE CARDS ***
VolkovDmitri: folds
Uncalled bet ($2) returned to Agrotait
Agrotait collected $2 from pot
Agrotait: doesn't show hand
*** SUMMARY ***
Total pot $2 | Rake $0
Seat 3: VolkovDmitri (button) (small blind) folded before Flop
Seat 4: Agrotait (big blind) collected ($2)


PokerStars Hand #150286787883:  Hold'em Limit ($3/$6 USD) - 2016/03/13 10:57:38 ET
Table 'Malzovia II' 6-max Seat #4 is the button
Seat 3: VolkovDmitri ($127.64 in chips)
Seat 4: Agrotait ($81.50 in chips)
Agrotait: posts small blind $1
VolkovDmitri: posts big blind $3
*** HOLE CARDS ***
Agrotait: raises $3 to $6
VolkovDmitri: raises $3 to $9
Agrotait: calls $3
*** FLOP *** [Qd 2h 5c]
VolkovDmitri: bets $3
Agrotait: calls $3
*** TURN *** [Qd 2h 5c] [9h]
VolkovDmitri: bets $6
Agrotait: calls $6
*** RIVER *** [Qd 2h 5c 9h] [6h]
BigBone2 joins the table at seat #5
VolkovDmitri: bets $6
Agrotait: raises $6 to $12
VolkovDmitri: calls $6
*** SHOW DOWN ***
Agrotait: shows [Jh 7h] (a flush, Jack high)
VolkovDmitri: mucks hand
Agrotait collected $59.50 from pot
*** SUMMARY ***
Total pot $60 | Rake $0.50
Board [Qd 2h 5c 9h 6h]
Seat 3: VolkovDmitri (big blind) mucked
Seat 4: Agrotait (button) (small blind) showed [Jh 7h] and won ($59.50) with a flush, Jack high


PokerStars Hand #150286816653:  Hold'em Limit ($3/$6 USD) - 2016/03/13 10:58:25 ET
Table 'Malzovia II' 6-max Seat #3 is the button
Seat 3: VolkovDmitri ($120 in chips)
Seat 4: Agrotait ($111 in chips)
VolkovDmitri: posts small blind $1
Agrotait: posts big blind $3
*** HOLE CARDS ***
Ale4o joins the table at seat #6
VolkovDmitri: raises $3 to $6
Agrotait: calls $3
*** FLOP *** [Ah Kd Qc]
Agrotait: checks
VolkovDmitri: bets $3
Agrotait: calls $3
*** TURN *** [Ah Kd Qc] [7d]
Agrotait: checks
VolkovDmitri: bets $6
Agrotait: calls $6
*** RIVER *** [Ah Kd Qc 7d] [Qh]
Agrotait: checks
VolkovDmitri: checks
*** SHOW DOWN ***
Agrotait: shows [Ac 4s] (two pair, Aces and Queens)
VolkovDmitri: mucks hand
Agrotait collected $29.50 from pot
*** SUMMARY ***
Total pot $30 | Rake $0.50
Board [Ah Kd Qc 7d Qh]
Seat 3: VolkovDmitri (button) (small blind) mucked
Seat 4: Agrotait (big blind) showed [Ac 4s] and won ($29.50) with two pair, Aces and Queens


PokerStars Hand #150289252571:  Hold'em Limit ($3/$6 USD) - 2016/03/13 11:47:58 ET
Table 'Malzovia II' 6-max Seat #5 is the button
Seat 3: Rohirrim ($241.84 in chips)
Seat 5: AzureCaper ($73 in chips)
AzureCaper: posts small blind $1
Rohirrim: posts big blind $3
*** HOLE CARDS ***
AzureCaper: raises $3 to $6
Rohirrim: raises $3 to $9
AzureCaper: calls $3
*** FLOP *** [Tc 4h 3c]
Rohirrim: bets $3
AzureCaper: calls $3
*** TURN *** [Tc 4h 3c] [9s]
Rohirrim: checks
AzureCaper: checks
*** RIVER *** [Tc 4h 3c 9s] [6d]
Rohirrim: checks
AzureCaper: bets $6
Rohirrim: folds
Uncalled bet ($6) returned to AzureCaper
AzureCaper collected $23.52 from pot
AzureCaper: doesn't show hand
*** SUMMARY ***
Total pot $24 | Rake $0.48
Board [Tc 4h 3c 9s 6d]
Seat 3: Rohirrim (big blind) folded on the River
Seat 5: AzureCaper (button) (small blind) collected ($23.52)


PokerStars Hand #150289247384:  Hold'em Limit ($3/$6 USD) - 2016/03/13 11:47:52 ET
Table 'Malzovia II' 6-max Seat #3 is the button
Seat 3: Rohirrim ($242.84 in chips)
Seat 5: AzureCaper ($72 in chips)
Rohirrim: posts small blind $1
AzureCaper: posts big blind $3
*** HOLE CARDS ***
Rohirrim: folds
Uncalled bet ($2) returned to AzureCaper
AzureCaper collected $2 from pot
AzureCaper: doesn't show hand
*** SUMMARY ***
Total pot $2 | Rake $0
Seat 3: Rohirrim (button) (small blind) folded before Flop
Seat 5: AzureCaper (big blind) collected ($2)


PokerStars Hand #150289231869:  Hold'em Limit ($3/$6 USD) - 2016/03/13 11:47:33 ET
Table 'Malzovia II' 6-max Seat #5 is the button
Seat 3: Rohirrim ($219.34 in chips)
Seat 5: AzureCaper ($72 in chips)
AzureCaper: posts small blind $1
Rohirrim: posts big blind $3
*** HOLE CARDS ***
AzureCaper: raises $3 to $6
Rohirrim: calls $3
*** FLOP *** [7c 5c Th]
Rohirrim: checks
AzureCaper: bets $3
Rohirrim: raises $3 to $6
AzureCaper: raises $3 to $9
Rohirrim: raises $3 to $12
Betting is capped
AzureCaper: calls $3
*** TURN *** [7c 5c Th] [5h]
Rohirrim: bets $6
AzureCaper: calls $6
*** RIVER *** [7c 5c Th 5h] [6h]
Rohirrim: checks
AzureCaper: checks
*** SHOW DOWN ***
Rohirrim: shows [Ts 9s] (two pair, Tens and Fives)
AzureCaper: mucks hand
Rohirrim collected $47.50 from pot
*** SUMMARY ***
Total pot $48 | Rake $0.50
Board [7c 5c Th 5h 6h]
Seat 3: Rohirrim (big blind) showed [Ts 9s] and won ($47.50) with two pair, Tens and Fives
Seat 5: AzureCaper (button) (small blind) mucked


PokerStars Hand #150289224041:  Hold'em Limit ($3/$6 USD) - 2016/03/13 11:47:24 ET
Table 'Malzovia II' 6-max Seat #3 is the button
Seat 3: Rohirrim ($216.34 in chips)
Seat 5: AzureCaper ($75 in chips)
Rohirrim: posts small blind $1
AzureCaper: posts big blind $3
*** HOLE CARDS ***
Rohirrim: raises $3 to $6
AzureCaper: folds
Uncalled bet ($3) returned to Rohirrim
Rohirrim collected $6 from pot
*** SUMMARY ***
Total pot $6 | Rake $0
Seat 3: Rohirrim (button) (small blind) collected ($6)
Seat 5: AzureCaper (big blind) folded before Flop


PokerStars Hand #150289217246:  Hold'em Limit ($3/$6 USD) - 2016/03/13 11:47:16 ET
Table 'Malzovia II' 6-max Seat #5 is the button
Seat 3: Rohirrim ($219.34 in chips)
Seat 5: AzureCaper ($72 in chips)
AzureCaper: posts small blind $1
NAV_SERGG: is sitting out
Rohirrim: posts big blind $3
*** HOLE CARDS ***
AzureCaper: raises $3 to $6
Rohirrim: folds
Uncalled bet ($3) returned to AzureCaper
AzureCaper collected $6 from pot
AzureCaper: doesn't show hand
*** SUMMARY ***
Total pot $6 | Rake $0
Seat 3: Rohirrim (big blind) folded before Flop
Seat 5: AzureCaper (button) (small blind) collected ($6)


PokerStars Hand #150289294925:  Hold'em Limit ($3/$6 USD) - 2016/03/13 11:48:48 ET
Table 'Malzovia II' 6-max Seat #3 is the button
Seat 3: Rohirrim ($207.84 in chips)
Seat 5: AzureCaper ($106.02 in chips)
Rohirrim: posts small blind $1
AzureCaper: posts big blind $3
*** HOLE CARDS ***
Rohirrim: raises $3 to $6
AzureCaper: folds
Uncalled bet ($3) returned to Rohirrim
Rohirrim collected $6 from pot
*** SUMMARY ***
Total pot $6 | Rake $0
Seat 3: Rohirrim (button) (small blind) collected ($6)
Seat 5: AzureCaper (big blind) folded before Flop


PokerStars Hand #150289278497:  Hold'em Limit ($3/$6 USD) - 2016/03/13 11:48:29 ET
Table 'Malzovia II' 6-max Seat #5 is the button
Seat 3: Rohirrim ($228.84 in chips)
Seat 5: AzureCaper ($85.52 in chips)
AzureCaper: posts small blind $1
Rohirrim: posts big blind $3
*** HOLE CARDS ***
AzureCaper: raises $3 to $6
Rohirrim: calls $3
*** FLOP *** [Ac Th 5d]
Rohirrim: checks
AzureCaper: bets $3
Rohirrim: calls $3
*** TURN *** [Ac Th 5d] [Ah]
Rohirrim: checks
AzureCaper: bets $6
Rohirrim: calls $6
*** RIVER *** [Ac Th 5d Ah] [4c]
Rohirrim: checks
AzureCaper: bets $6
Rohirrim: calls $6
*** SHOW DOWN ***
AzureCaper: shows [As 3s] (three of a kind, Aces)
Rohirrim: mucks hand
AzureCaper collected $41.50 from pot
*** SUMMARY ***
Total pot $42 | Rake $0.50
Board [Ac Th 5d Ah 4c]
Seat 3: Rohirrim (big blind) mucked
Seat 5: AzureCaper (button) (small blind) showed [As 3s] and won ($41.50) with three of a kind, Aces


PokerStars Hand #150289273481:  Hold'em Limit ($3/$6 USD) - 2016/03/13 11:48:23 ET
Table 'Malzovia II' 6-max Seat #3 is the button
Seat 3: Rohirrim ($225.84 in chips)
Seat 5: AzureCaper ($88.52 in chips)
Rohirrim: posts small blind $1
AzureCaper: posts big blind $3
*** HOLE CARDS ***
Rohirrim: raises $3 to $6
AzureCaper: folds
Uncalled bet ($3) returned to Rohirrim
Rohirrim collected $6 from pot
*** SUMMARY ***
Total pot $6 | Rake $0
Seat 3: Rohirrim (button) (small blind) collected ($6)
Seat 5: AzureCaper (big blind) folded before Flop


PokerStars Hand #150289269442:  Hold'em Limit ($3/$6 USD) - 2016/03/13 11:48:18 ET
Table 'Malzovia II' 6-max Seat #5 is the button
Seat 3: Rohirrim ($228.84 in chips)
Seat 5: AzureCaper ($85.52 in chips)
AzureCaper: posts small blind $1
mateuniooo30 was removed from the table for failing to post
Rohirrim: posts big blind $3
*** HOLE CARDS ***
AzureCaper: raises $3 to $6
Rohirrim: folds
Uncalled bet ($3) returned to AzureCaper
AzureCaper collected $6 from pot
AzureCaper: doesn't show hand
*** SUMMARY ***
Total pot $6 | Rake $0
Seat 3: Rohirrim (big blind) folded before Flop
Seat 5: AzureCaper (button) (small blind) collected ($6)


PokerStars Hand #150289265674:  Hold'em Limit ($3/$6 USD) - 2016/03/13 11:48:14 ET
Table 'Malzovia II' 6-max Seat #3 is the button
Seat 3: Rohirrim ($229.84 in chips)
Seat 5: AzureCaper ($84.52 in chips)
Rohirrim: posts small blind $1
AzureCaper: posts big blind $3
*** HOLE CARDS ***
Rohirrim: folds
Uncalled bet ($2) returned to AzureCaper
AzureCaper collected $2 from pot
AzureCaper: doesn't show hand
*** SUMMARY ***
Total pot $2 | Rake $0
Seat 3: Rohirrim (button) (small blind) folded before Flop
Seat 5: AzureCaper (big blind) collected ($2)


