PokerStars Hand #155654300468:  Hold'em Limit ($3/$6 USD) - 2016/07/06 18:54:41 ET
Table 'Malzovia' 6-max Seat #4 is the button
Seat 4: Chessnok ($117.10 in chips)
Seat 5: PayMyAudiR8 ($142.17 in chips)
Chessnok: posts small blind $1
PayMyAudiR8: posts big blind $3
*** HOLE CARDS ***
Chessnok: folds
Uncalled bet ($2) returned to PayMyAudiR8
PayMyAudiR8 collected $2 from pot
PayMyAudiR8: doesn't show hand
*** SUMMARY ***
Total pot $2 | Rake $0
Seat 4: Chessnok (button) (small blind) folded before Flop
Seat 5: PayMyAudiR8 (big blind) collected ($2)


PokerStars Hand #155654295416:  Hold'em Limit ($3/$6 USD) - 2016/07/06 18:54:33 ET
Table 'Malzovia' 6-max Seat #5 is the button
Seat 4: Chessnok ($116.10 in chips)
Seat 5: PayMyAudiR8 ($143.17 in chips)
PayMyAudiR8: posts small blind $1
Necromadx: is sitting out
Chessnok: posts big blind $3
*** HOLE CARDS ***
PayMyAudiR8: folds
Uncalled bet ($2) returned to Chessnok
Chessnok collected $2 from pot
Chessnok: doesn't show hand
*** SUMMARY ***
Total pot $2 | Rake $0
Seat 4: Chessnok (big blind) collected ($2)
Seat 5: PayMyAudiR8 (button) (small blind) folded before Flop


