PokerStars Hand #156892666073:  Hold'em Limit ($3/$6 USD) - 2016/08/05 9:40:46 ET
Table 'Malzovia' 6-max Seat #5 is the button
Seat 3: Bishengg007 ($116.83 in chips)
Seat 5: printzfcm ($125.22 in chips)
printzfcm: posts small blind $1
kolaz03: is sitting out
Bishengg007: posts big blind $3
*** HOLE CARDS ***
kolaz03 leaves the table
printzfcm: folds
Uncalled bet ($2) returned to Bishengg007
Bishengg007 collected $2 from pot
*** SUMMARY ***
Total pot $2 | Rake $0
Seat 3: Bishengg007 (big blind) collected ($2)
Seat 5: printzfcm (button) (small blind) folded before Flop


PokerStars Hand #156892684536:  Hold'em Limit ($3/$6 USD) - 2016/08/05 9:41:20 ET
Table 'Malzovia' 6-max Seat #5 is the button
Seat 3: Bishengg007 ($96.83 in chips)
Seat 5: printzfcm ($144.72 in chips)
printzfcm: posts small blind $1
Bishengg007: posts big blind $3
*** HOLE CARDS ***
printzfcm: calls $2
Bishengg007: raises $3 to $6
printzfcm: calls $3
*** FLOP *** [4c 6s 8s]
Bishengg007: bets $3
printzfcm: calls $3
*** TURN *** [4c 6s 8s] [Ad]
Bishengg007: bets $6
printzfcm: calls $6
*** RIVER *** [4c 6s 8s Ad] [Th]
Bishengg007: bets $6
printzfcm: raises $6 to $12
crash19867 joins the table at seat #4
Bishengg007: raises $6 to $18
printzfcm: calls $6
*** SHOW DOWN ***
Bishengg007: shows [Ah Qh] (a pair of Aces)
printzfcm: shows [As Kh] (a pair of Aces - King kicker)
printzfcm collected $65.50 from pot
*** SUMMARY ***
Total pot $66 | Rake $0.50
Board [4c 6s 8s Ad Th]
Seat 3: Bishengg007 (big blind) showed [Ah Qh] and lost with a pair of Aces
Seat 5: printzfcm (button) (small blind) showed [As Kh] and won ($65.50) with a pair of Aces


PokerStars Hand #156892669088:  Hold'em Limit ($3/$6 USD) - 2016/08/05 9:40:51 ET
Table 'Malzovia' 6-max Seat #3 is the button
Seat 3: Bishengg007 ($117.83 in chips)
Seat 5: printzfcm ($124.22 in chips)
Bishengg007: posts small blind $1
printzfcm: posts big blind $3
*** HOLE CARDS ***
Agrotait leaves the table
Bishengg007: raises $3 to $6
printzfcm: raises $3 to $9
Bishengg007: calls $3
*** FLOP *** [Jh Th 7s]
printzfcm: checks
Bishengg007: checks
*** TURN *** [Jh Th 7s] [Qc]
printzfcm: bets $6
Bishengg007: calls $6
*** RIVER *** [Jh Th 7s Qc] [Kd]
printzfcm: bets $6
Bishengg007: calls $6
*** SHOW DOWN ***
printzfcm: shows [Ac 9c] (a straight, Ten to Ace)
Bishengg007: mucks hand
printzfcm collected $41.50 from pot
*** SUMMARY ***
Total pot $42 | Rake $0.50
Board [Jh Th 7s Qc Kd]
Seat 3: Bishengg007 (button) (small blind) mucked
Seat 5: printzfcm (big blind) showed [Ac 9c] and won ($41.50) with a straight, Ten to Ace


PokerStars Hand #156892737364:  Hold'em Limit ($3/$6 USD) - 2016/08/05 9:43:00 ET
Table 'Malzovia' 6-max Seat #6 is the button
Seat 5: printzfcm ($210.97 in chips)
Seat 6: crash19867 ($86.81 in chips)
crash19867: posts small blind $1
printzfcm: posts big blind $3
*** HOLE CARDS ***
crash19867: folds
Uncalled bet ($2) returned to printzfcm
printzfcm collected $2 from pot
printzfcm: doesn't show hand
*** SUMMARY ***
Total pot $2 | Rake $0
Seat 5: printzfcm (big blind) collected ($2)
Seat 6: crash19867 (button) (small blind) folded before Flop


PokerStars Hand #156892740061:  Hold'em Limit ($3/$6 USD) - 2016/08/05 9:43:05 ET
Table 'Malzovia' 6-max Seat #5 is the button
Seat 5: printzfcm ($211.97 in chips)
Seat 6: crash19867 ($85.81 in chips)
printzfcm: posts small blind $1
crash19867: posts big blind $3
*** HOLE CARDS ***
printzfcm: raises $3 to $6
crash19867: calls $3
*** FLOP *** [8h 4d Kc]
crash19867: checks
printzfcm: checks
*** TURN *** [8h 4d Kc] [Qc]
crash19867: bets $6
printzfcm: folds
Uncalled bet ($6) returned to crash19867
crash19867 collected $11.76 from pot
crash19867: doesn't show hand
*** SUMMARY ***
Total pot $12 | Rake $0.24
Board [8h 4d Kc Qc]
Seat 5: printzfcm (button) (small blind) folded on the Turn
Seat 6: crash19867 (big blind) collected ($11.76)


PokerStars Hand #156892761587:  Hold'em Limit ($3/$6 USD) - 2016/08/05 9:43:45 ET
Table 'Malzovia' 6-max Seat #6 is the button
Seat 5: printzfcm ($171.97 in chips)
Seat 6: crash19867 ($125.07 in chips)
crash19867: posts small blind $1
printzfcm: posts big blind $3
*** HOLE CARDS ***
crash19867: folds
Uncalled bet ($2) returned to printzfcm
printzfcm collected $2 from pot
printzfcm: doesn't show hand
*** SUMMARY ***
Total pot $2 | Rake $0
Seat 5: printzfcm (big blind) collected ($2)
Seat 6: crash19867 (button) (small blind) folded before Flop


PokerStars Hand #156892759167:  Hold'em Limit ($3/$6 USD) - 2016/08/05 9:43:40 ET
Table 'Malzovia' 6-max Seat #5 is the button
Seat 5: printzfcm ($172.97 in chips)
Seat 6: crash19867 ($124.07 in chips)
printzfcm: posts small blind $1
crash19867: posts big blind $3
*** HOLE CARDS ***
printzfcm: folds
Uncalled bet ($2) returned to crash19867
crash19867 collected $2 from pot
crash19867: doesn't show hand
*** SUMMARY ***
Total pot $2 | Rake $0
Seat 5: printzfcm (button) (small blind) folded before Flop
Seat 6: crash19867 (big blind) collected ($2)


PokerStars Hand #156892748416:  Hold'em Limit ($3/$6 USD) - 2016/08/05 9:43:20 ET
Table 'Malzovia' 6-max Seat #6 is the button
Seat 5: printzfcm ($205.97 in chips)
Seat 6: crash19867 ($91.57 in chips)
crash19867: posts small blind $1
printzfcm: posts big blind $3
*** HOLE CARDS ***
crash19867: raises $3 to $6
printzfcm: calls $3
*** FLOP *** [Kd Qh 6c]
printzfcm: checks
crash19867: bets $3
printzfcm: calls $3
*** TURN *** [Kd Qh 6c] [Tc]
printzfcm: checks
crash19867: bets $6
printzfcm: raises $6 to $12
crash19867: raises $6 to $18
printzfcm: calls $6
*** RIVER *** [Kd Qh 6c Tc] [8h]
printzfcm: checks
crash19867: bets $6
printzfcm: calls $6
*** SHOW DOWN ***
crash19867: shows [Js As] (a straight, Ten to Ace)
printzfcm: mucks hand
crash19867 collected $65.50 from pot
*** SUMMARY ***
Total pot $66 | Rake $0.50
Board [Kd Qh 6c Tc 8h]
Seat 5: printzfcm (big blind) mucked
Seat 6: crash19867 (button) (small blind) showed [Js As] and won ($65.50) with a straight, Ten to Ace


PokerStars Hand #156892786237:  Hold'em Limit ($3/$6 USD) - 2016/08/05 9:44:31 ET
Table 'Malzovia' 6-max Seat #5 is the button
Seat 5: printzfcm ($192.23 in chips)
Seat 6: crash19867 ($104.07 in chips)
printzfcm: posts small blind $1
crash19867: posts big blind $3
*** HOLE CARDS ***
printzfcm: raises $3 to $6
crash19867: calls $3
*** FLOP *** [4s 8d 7d]
crash19867: checks
printzfcm: checks
*** TURN *** [4s 8d 7d] [5d]
crash19867: checks
printzfcm: checks
*** RIVER *** [4s 8d 7d 5d] [4h]
crash19867: bets $6
printzfcm: calls $6
*** SHOW DOWN ***
crash19867: shows [9s Jc] (a pair of Fours)
printzfcm: shows [Th Kd] (a pair of Fours - King kicker)
printzfcm collected $23.52 from pot
*** SUMMARY ***
Total pot $24 | Rake $0.48
Board [4s 8d 7d 5d 4h]
Seat 5: printzfcm (button) (small blind) showed [Th Kd] and won ($23.52) with a pair of Fours
Seat 6: crash19867 (big blind) showed [9s Jc] and lost with a pair of Fours


PokerStars Hand #156892769013:  Hold'em Limit ($3/$6 USD) - 2016/08/05 9:43:59 ET
Table 'Malzovia' 6-max Seat #5 is the button
Seat 5: printzfcm ($168.97 in chips)
Seat 6: crash19867 ($128.07 in chips)
printzfcm: posts small blind $1
crash19867: posts big blind $3
*** HOLE CARDS ***
printzfcm: folds
Uncalled bet ($2) returned to crash19867
crash19867 collected $2 from pot
crash19867: doesn't show hand
*** SUMMARY ***
Total pot $2 | Rake $0
Seat 5: printzfcm (button) (small blind) folded before Flop
Seat 6: crash19867 (big blind) collected ($2)


PokerStars Hand #156892771312:  Hold'em Limit ($3/$6 USD) - 2016/08/05 9:44:03 ET
Table 'Malzovia' 6-max Seat #6 is the button
Seat 5: printzfcm ($167.97 in chips)
Seat 6: crash19867 ($129.07 in chips)
crash19867: posts small blind $1
printzfcm: posts big blind $3
*** HOLE CARDS ***
crash19867: raises $3 to $6
printzfcm: raises $3 to $9
crash19867: calls $3
*** FLOP *** [3s 6s 3h]
printzfcm: bets $3
crash19867: raises $3 to $6
printzfcm: raises $3 to $9
crash19867: calls $3
*** TURN *** [3s 6s 3h] [7c]
printzfcm: bets $6
crash19867: folds
Uncalled bet ($6) returned to printzfcm
printzfcm collected $35.50 from pot
printzfcm: doesn't show hand
*** SUMMARY ***
Total pot $36 | Rake $0.50
Board [3s 6s 3h 7c]
Seat 5: printzfcm (big blind) collected ($35.50)
Seat 6: crash19867 (button) (small blind) folded on the Turn


PokerStars Hand #156892779392:  Hold'em Limit ($3/$6 USD) - 2016/08/05 9:44:18 ET
Table 'Malzovia' 6-max Seat #5 is the button
Seat 5: printzfcm ($185.47 in chips)
Seat 6: crash19867 ($111.07 in chips)
printzfcm: posts small blind $1
crash19867: posts big blind $3
*** HOLE CARDS ***
printzfcm: raises $3 to $6
crash19867: calls $3
*** FLOP *** [Qd Kd Ks]
crash19867: checks
printzfcm: bets $3
crash19867: folds
Uncalled bet ($3) returned to printzfcm
printzfcm collected $11.76 from pot
printzfcm: doesn't show hand
*** SUMMARY ***
Total pot $12 | Rake $0.24
Board [Qd Kd Ks]
Seat 5: printzfcm (button) (small blind) collected ($11.76)
Seat 6: crash19867 (big blind) folded on the Flop


PokerStars Hand #156892766346:  Hold'em Limit ($3/$6 USD) - 2016/08/05 9:43:54 ET
Table 'Malzovia' 6-max Seat #6 is the button
Seat 5: printzfcm ($171.97 in chips)
Seat 6: crash19867 ($125.07 in chips)
crash19867: posts small blind $1
printzfcm: posts big blind $3
*** HOLE CARDS ***
crash19867: raises $3 to $6
printzfcm: folds
Uncalled bet ($3) returned to crash19867
crash19867 collected $6 from pot
crash19867: doesn't show hand
*** SUMMARY ***
Total pot $6 | Rake $0
Seat 5: printzfcm (big blind) folded before Flop
Seat 6: crash19867 (button) (small blind) collected ($6)


PokerStars Hand #156892764224:  Hold'em Limit ($3/$6 USD) - 2016/08/05 9:43:50 ET
Table 'Malzovia' 6-max Seat #5 is the button
Seat 5: printzfcm ($172.97 in chips)
Seat 6: crash19867 ($124.07 in chips)
printzfcm: posts small blind $1
crash19867: posts big blind $3
*** HOLE CARDS ***
printzfcm: folds
Uncalled bet ($2) returned to crash19867
crash19867 collected $2 from pot
crash19867: doesn't show hand
*** SUMMARY ***
Total pot $2 | Rake $0
Seat 5: printzfcm (button) (small blind) folded before Flop
Seat 6: crash19867 (big blind) collected ($2)


PokerStars Hand #156892783914:  Hold'em Limit ($3/$6 USD) - 2016/08/05 9:44:27 ET
Table 'Malzovia' 6-max Seat #6 is the button
Seat 5: printzfcm ($191.23 in chips)
Seat 6: crash19867 ($105.07 in chips)
crash19867: posts small blind $1
printzfcm: posts big blind $3
*** HOLE CARDS ***
crash19867: folds
Uncalled bet ($2) returned to printzfcm
printzfcm collected $2 from pot
printzfcm: doesn't show hand
*** SUMMARY ***
Total pot $2 | Rake $0
Seat 5: printzfcm (big blind) collected ($2)
Seat 6: crash19867 (button) (small blind) folded before Flop


PokerStars Hand #156892805182:  Hold'em Limit ($3/$6 USD) - 2016/08/05 9:45:07 ET
Table 'Malzovia' 6-max Seat #6 is the button
Seat 5: printzfcm ($197.75 in chips)
Seat 6: crash19867 ($97.95 in chips)
crash19867: posts small blind $1
printzfcm: posts big blind $3
*** HOLE CARDS ***
crash19867: raises $3 to $6
printzfcm: folds
Uncalled bet ($3) returned to crash19867
crash19867 collected $6 from pot
crash19867: doesn't show hand
*** SUMMARY ***
Total pot $6 | Rake $0
Seat 5: printzfcm (big blind) folded before Flop
Seat 6: crash19867 (button) (small blind) collected ($6)


PokerStars Hand #156892808268:  Hold'em Limit ($3/$6 USD) - 2016/08/05 9:45:12 ET
Table 'Malzovia' 6-max Seat #5 is the button
Seat 5: printzfcm ($194.75 in chips)
Seat 6: crash19867 ($100.95 in chips)
printzfcm: posts small blind $1
crash19867: posts big blind $3
*** HOLE CARDS ***
printzfcm: raises $3 to $6
crash19867: calls $3
*** FLOP *** [Ad 4d Kd]
crash19867: checks
printzfcm: bets $3
crash19867: calls $3
*** TURN *** [Ad 4d Kd] [2c]
crash19867: checks
printzfcm: bets $6
crash19867: calls $6
*** RIVER *** [Ad 4d Kd 2c] [Js]
crash19867: checks
printzfcm: bets $6
crash19867: raises $6 to $12
printzfcm: folds
Uncalled bet ($6) returned to crash19867
crash19867 collected $41.50 from pot
crash19867: doesn't show hand
*** SUMMARY ***
Total pot $42 | Rake $0.50
Board [Ad 4d Kd 2c Js]
Seat 5: printzfcm (button) (small blind) folded on the River
Seat 6: crash19867 (big blind) collected ($41.50)


PokerStars Hand #156892817945:  Hold'em Limit ($3/$6 USD) - 2016/08/05 9:45:30 ET
Table 'Malzovia' 6-max Seat #6 is the button
Seat 5: printzfcm ($173.75 in chips)
Seat 6: crash19867 ($121.45 in chips)
crash19867: posts small blind $1
printzfcm: posts big blind $3
*** HOLE CARDS ***
crash19867: folds
Uncalled bet ($2) returned to printzfcm
printzfcm collected $2 from pot
printzfcm leaves the table
*** SUMMARY ***
Total pot $2 | Rake $0
Seat 5: printzfcm (big blind) collected ($2)
Seat 6: crash19867 (button) (small blind) folded before Flop


PokerStars Hand #156892799854:  Hold'em Limit ($3/$6 USD) - 2016/08/05 9:44:57 ET
Table 'Malzovia' 6-max Seat #5 is the button
Seat 5: printzfcm ($200.75 in chips)
Seat 6: crash19867 ($95.07 in chips)
printzfcm: posts small blind $1
crash19867: posts big blind $3
*** HOLE CARDS ***
printzfcm: calls $2
crash19867: checks
*** FLOP *** [Tc Js 8c]
crash19867: checks
printzfcm: checks
*** TURN *** [Tc Js 8c] [Td]
crash19867: bets $6
printzfcm: folds
Uncalled bet ($6) returned to crash19867
crash19867 collected $5.88 from pot
crash19867: doesn't show hand
*** SUMMARY ***
Total pot $6 | Rake $0.12
Board [Tc Js 8c Td]
Seat 5: printzfcm (button) (small blind) folded on the Turn
Seat 6: crash19867 (big blind) collected ($5.88)


PokerStars Hand #156892796596:  Hold'em Limit ($3/$6 USD) - 2016/08/05 9:44:50 ET
Table 'Malzovia' 6-max Seat #6 is the button
Seat 5: printzfcm ($203.75 in chips)
Seat 6: crash19867 ($92.07 in chips)
crash19867: posts small blind $1
printzfcm: posts big blind $3
*** HOLE CARDS ***
crash19867: raises $3 to $6
printzfcm: folds
Uncalled bet ($3) returned to crash19867
crash19867 collected $6 from pot
crash19867: doesn't show hand
*** SUMMARY ***
Total pot $6 | Rake $0
Seat 5: printzfcm (big blind) folded before Flop
Seat 6: crash19867 (button) (small blind) collected ($6)


