PokerStars Hand #163902333415:  Hold'em Limit ($3/$6 USD) - 2017/01/02 5:32:55 ET
Table 'Mancunia' 6-max Seat #1 is the button
Seat 1: ECP1955 ($666.77 in chips)
Seat 5: Fabulous108 ($205.55 in chips)
ECP1955: posts small blind $1
Fabulous108: posts big blind $3
*** HOLE CARDS ***
ECP1955: folds
Uncalled bet ($2) returned to Fabulous108
Fabulous108 collected $2 from pot
Fabulous108: doesn't show hand
*** SUMMARY ***
Total pot $2 | Rake $0
Seat 1: ECP1955 (button) (small blind) folded before Flop
Seat 5: Fabulous108 (big blind) collected ($2)


PokerStars Hand #163902317365:  Hold'em Limit ($3/$6 USD) - 2017/01/02 5:32:17 ET
Table 'Mancunia' 6-max Seat #5 is the button
Seat 1: ECP1955 ($649.27 in chips)
Seat 5: Fabulous108 ($223.55 in chips)
Fabulous108: posts small blind $1
UR_VIC: is sitting out
ECP1955: posts big blind $3
*** HOLE CARDS ***
Fabulous108: raises $3 to $6
UR_VIC leaves the table
ECP1955: raises $3 to $9
Fabulous108: calls $3
*** FLOP *** [Kc Th 4c]
ECP1955: checks
Fabulous108: bets $3
ECP1955: calls $3
*** TURN *** [Kc Th 4c] [6s]
ECP1955: checks
Fabulous108: checks
*** RIVER *** [Kc Th 4c 6s] [6h]
ECP1955: bets $6
Fabulous108: calls $6
*** SHOW DOWN ***
ECP1955: shows [Qh Kd] (two pair, Kings and Sixes)
Fabulous108: mucks hand
ECP1955 collected $35.50 from pot
*** SUMMARY ***
Total pot $36 | Rake $0.50
Board [Kc Th 4c 6s 6h]
Seat 1: ECP1955 (big blind) showed [Qh Kd] and won ($35.50) with two pair, Kings and Sixes
Seat 5: Fabulous108 (button) (small blind) mucked


PokerStars Hand #163902346846:  Hold'em Limit ($3/$6 USD) - 2017/01/02 5:33:26 ET
Table 'Mancunia' 6-max Seat #1 is the button
Seat 1: ECP1955 ($658.77 in chips)
Seat 5: Fabulous108 ($213.55 in chips)
ECP1955: posts small blind $1
Fabulous108: posts big blind $3
*** HOLE CARDS ***
ECP1955: folds
Uncalled bet ($2) returned to Fabulous108
Fabulous108 collected $2 from pot
Fabulous108: doesn't show hand
*** SUMMARY ***
Total pot $2 | Rake $0
Seat 1: ECP1955 (button) (small blind) folded before Flop
Seat 5: Fabulous108 (big blind) collected ($2)


PokerStars Hand #163902343573:  Hold'em Limit ($3/$6 USD) - 2017/01/02 5:33:18 ET
Table 'Mancunia' 6-max Seat #5 is the button
Seat 1: ECP1955 ($661.77 in chips)
Seat 5: Fabulous108 ($210.55 in chips)
Fabulous108: posts small blind $1
ECP1955: posts big blind $3
*** HOLE CARDS ***
Fabulous108: raises $3 to $6
ECP1955: folds
Uncalled bet ($3) returned to Fabulous108
Fabulous108 collected $6 from pot
Fabulous108: doesn't show hand
*** SUMMARY ***
Total pot $6 | Rake $0
Seat 1: ECP1955 (big blind) folded before Flop
Seat 5: Fabulous108 (button) (small blind) collected ($6)


PokerStars Hand #163902340937:  Hold'em Limit ($3/$6 USD) - 2017/01/02 5:33:12 ET
Table 'Mancunia' 6-max Seat #1 is the button
Seat 1: ECP1955 ($662.77 in chips)
Seat 5: Fabulous108 ($209.55 in chips)
ECP1955: posts small blind $1
Fabulous108: posts big blind $3
*** HOLE CARDS ***
ECP1955: folds
Uncalled bet ($2) returned to Fabulous108
Fabulous108 collected $2 from pot
Fabulous108: doesn't show hand
*** SUMMARY ***
Total pot $2 | Rake $0
Seat 1: ECP1955 (button) (small blind) folded before Flop
Seat 5: Fabulous108 (big blind) collected ($2)


PokerStars Hand #163902335816:  Hold'em Limit ($3/$6 USD) - 2017/01/02 5:33:00 ET
Table 'Mancunia' 6-max Seat #5 is the button
Seat 1: ECP1955 ($665.77 in chips)
Seat 5: Fabulous108 ($206.55 in chips)
Fabulous108: posts small blind $1
ECP1955: posts big blind $3
*** HOLE CARDS ***
Fabulous108: raises $3 to $6
ECP1955: folds
Uncalled bet ($3) returned to Fabulous108
Fabulous108 collected $6 from pot
Fabulous108: doesn't show hand
*** SUMMARY ***
Total pot $6 | Rake $0
Seat 1: ECP1955 (big blind) folded before Flop
Seat 5: Fabulous108 (button) (small blind) collected ($6)


PokerStars Hand #163902360026:  Hold'em Limit ($3/$6 USD) - 2017/01/02 5:33:57 ET
Table 'Mancunia' 6-max Seat #5 is the button
Seat 1: ECP1955 ($657.65 in chips)
Seat 5: Fabulous108 ($214.55 in chips)
Fabulous108: posts small blind $1
ECP1955: posts big blind $3
*** HOLE CARDS ***
Fabulous108: raises $3 to $6
ECP1955: calls $3
*** FLOP *** [5s 4s 7c]
ECP1955: bets $3
Fabulous108: calls $3
*** TURN *** [5s 4s 7c] [8s]
ECP1955: checks
Fabulous108: bets $6
ECP1955: raises $6 to $12
Fabulous108: calls $6
*** RIVER *** [5s 4s 7c 8s] [4h]
ECP1955: bets $6
Fabulous108: calls $6
*** SHOW DOWN ***
ECP1955: shows [7s Ts] (a flush, Ten high)
Fabulous108: mucks hand
ECP1955 collected $53.50 from pot
*** SUMMARY ***
Total pot $54 | Rake $0.50
Board [5s 4s 7c 8s 4h]
Seat 1: ECP1955 (big blind) showed [7s Ts] and won ($53.50) with a flush, Ten high
Seat 5: Fabulous108 (button) (small blind) mucked


PokerStars Hand #163902349400:  Hold'em Limit ($3/$6 USD) - 2017/01/02 5:33:32 ET
Table 'Mancunia' 6-max Seat #5 is the button
Seat 1: ECP1955 ($657.77 in chips)
Seat 5: Fabulous108 ($214.55 in chips)
Fabulous108: posts small blind $1
ECP1955: posts big blind $3
*** HOLE CARDS ***
Fabulous108: raises $3 to $6
ECP1955: folds
Uncalled bet ($3) returned to Fabulous108
Fabulous108 collected $6 from pot
Fabulous108: doesn't show hand
*** SUMMARY ***
Total pot $6 | Rake $0
Seat 1: ECP1955 (big blind) folded before Flop
Seat 5: Fabulous108 (button) (small blind) collected ($6)


PokerStars Hand #163902353693:  Hold'em Limit ($3/$6 USD) - 2017/01/02 5:33:42 ET
Table 'Mancunia' 6-max Seat #1 is the button
Seat 1: ECP1955 ($654.77 in chips)
Seat 5: Fabulous108 ($217.55 in chips)
ECP1955: posts small blind $1
Fabulous108: posts big blind $3
*** HOLE CARDS ***
ECP1955: calls $2
Fabulous108: checks
*** FLOP *** [Jd Ac 3c]
Fabulous108: checks
ECP1955: bets $3
Fabulous108: folds
Uncalled bet ($3) returned to ECP1955
ECP1955 collected $5.88 from pot
ECP1955: doesn't show hand
*** SUMMARY ***
Total pot $6 | Rake $0.12
Board [Jd Ac 3c]
Seat 1: ECP1955 (button) (small blind) collected ($5.88)
Seat 5: Fabulous108 (big blind) folded on the Flop


PokerStars Hand #163902395122:  Hold'em Limit ($3/$6 USD) - 2017/01/02 5:35:19 ET
Table 'Mancunia' 6-max Seat #1 is the button
Seat 1: ECP1955 ($674.15 in chips)
Seat 5: Fabulous108 ($197.19 in chips)
ECP1955: posts small blind $1
Fabulous108: posts big blind $3
*** HOLE CARDS ***
ECP1955: folds
Uncalled bet ($2) returned to Fabulous108
Fabulous108 collected $2 from pot
Fabulous108: doesn't show hand
*** SUMMARY ***
Total pot $2 | Rake $0
Seat 1: ECP1955 (button) (small blind) folded before Flop
Seat 5: Fabulous108 (big blind) collected ($2)


PokerStars Hand #163902380253:  Hold'em Limit ($3/$6 USD) - 2017/01/02 5:34:44 ET
Table 'Mancunia' 6-max Seat #5 is the button
Seat 1: ECP1955 ($683.15 in chips)
Seat 5: Fabulous108 ($188.55 in chips)
Fabulous108: posts small blind $1
ECP1955: posts big blind $3
*** HOLE CARDS ***
Fabulous108: raises $3 to $6
ECP1955: calls $3
*** FLOP *** [Ah 5h 2h]
ECP1955: bets $3
Fabulous108: raises $3 to $6
ECP1955: folds
Uncalled bet ($3) returned to Fabulous108
Fabulous108 collected $17.64 from pot
Fabulous108: doesn't show hand
*** SUMMARY ***
Total pot $18 | Rake $0.36
Board [Ah 5h 2h]
Seat 1: ECP1955 (big blind) folded on the Flop
Seat 5: Fabulous108 (button) (small blind) collected ($17.64)


PokerStars Hand #163902401138:  Hold'em Limit ($3/$6 USD) - 2017/01/02 5:35:33 ET
Table 'Mancunia' 6-max Seat #1 is the button
Seat 1: ECP1955 ($670.15 in chips)
Seat 5: Fabulous108 ($201.19 in chips)
ECP1955: posts small blind $1
Fabulous108: posts big blind $3
*** HOLE CARDS ***
ECP1955: folds
Uncalled bet ($2) returned to Fabulous108
Fabulous108 collected $2 from pot
Fabulous108: doesn't show hand
*** SUMMARY ***
Total pot $2 | Rake $0
Seat 1: ECP1955 (button) (small blind) folded before Flop
Seat 5: Fabulous108 (big blind) collected ($2)


PokerStars Hand #163902397723:  Hold'em Limit ($3/$6 USD) - 2017/01/02 5:35:25 ET
Table 'Mancunia' 6-max Seat #5 is the button
Seat 1: ECP1955 ($673.15 in chips)
Seat 5: Fabulous108 ($198.19 in chips)
Fabulous108: posts small blind $1
ECP1955: posts big blind $3
*** HOLE CARDS ***
Fabulous108: raises $3 to $6
ECP1955: folds
Uncalled bet ($3) returned to Fabulous108
Fabulous108 collected $6 from pot
Fabulous108: doesn't show hand
*** SUMMARY ***
Total pot $6 | Rake $0
Seat 1: ECP1955 (big blind) folded before Flop
Seat 5: Fabulous108 (button) (small blind) collected ($6)


PokerStars Hand #163902377157:  Hold'em Limit ($3/$6 USD) - 2017/01/02 5:34:37 ET
Table 'Mancunia' 6-max Seat #1 is the button
Seat 1: ECP1955 ($684.15 in chips)
Seat 5: Fabulous108 ($187.55 in chips)
ECP1955: posts small blind $1
Fabulous108: posts big blind $3
*** HOLE CARDS ***
ECP1955: folds
Uncalled bet ($2) returned to Fabulous108
Fabulous108 collected $2 from pot
Fabulous108: doesn't show hand
*** SUMMARY ***
Total pot $2 | Rake $0
Seat 1: ECP1955 (button) (small blind) folded before Flop
Seat 5: Fabulous108 (big blind) collected ($2)


PokerStars Hand #163902403790:  Hold'em Limit ($3/$6 USD) - 2017/01/02 5:35:39 ET
Table 'Mancunia' 6-max Seat #5 is the button
Seat 1: ECP1955 ($669.15 in chips)
Seat 5: Fabulous108 ($202.19 in chips)
Fabulous108: posts small blind $1
ECP1955: posts big blind $3
*** HOLE CARDS ***
Fabulous108: raises $3 to $6
ECP1955: calls $3
*** FLOP *** [5h 9h Tc]
ECP1955: bets $3
Fabulous108: raises $3 to $6
ECP1955: calls $3
*** TURN *** [5h 9h Tc] [7d]
ECP1955: checks
Fabulous108: bets $6
ECP1955: calls $6
*** RIVER *** [5h 9h Tc 7d] [7h]
ECP1955: bets $6
Fabulous108: calls $6
*** SHOW DOWN ***
ECP1955: shows [7c 8c] (three of a kind, Sevens)
Fabulous108: mucks hand
ECP1955 collected $47.50 from pot
*** SUMMARY ***
Total pot $48 | Rake $0.50
Board [5h 9h Tc 7d 7h]
Seat 1: ECP1955 (big blind) showed [7c 8c] and won ($47.50) with three of a kind, Sevens
Seat 5: Fabulous108 (button) (small blind) mucked


PokerStars Hand #163902423918:  Hold'em Limit ($3/$6 USD) - 2017/01/02 5:36:26 ET
Table 'Mancunia' 6-max Seat #5 is the button
Seat 1: ECP1955 ($691.65 in chips)
Seat 5: Fabulous108 ($179.19 in chips)
Fabulous108: posts small blind $1
ECP1955: posts big blind $3
*** HOLE CARDS ***
Fabulous108: folds
Uncalled bet ($2) returned to ECP1955
ECP1955 collected $2 from pot
ECP1955: doesn't show hand
*** SUMMARY ***
Total pot $2 | Rake $0
Seat 1: ECP1955 (big blind) collected ($2)
Seat 5: Fabulous108 (button) (small blind) folded before Flop


PokerStars Hand #163902420334:  Hold'em Limit ($3/$6 USD) - 2017/01/02 5:36:18 ET
Table 'Mancunia' 6-max Seat #1 is the button
Seat 1: ECP1955 ($692.65 in chips)
Seat 5: Fabulous108 ($178.19 in chips)
ECP1955: posts small blind $1
Fabulous108: posts big blind $3
*** HOLE CARDS ***
ECP1955: folds
Uncalled bet ($2) returned to Fabulous108
Fabulous108 collected $2 from pot
Fabulous108: doesn't show hand
*** SUMMARY ***
Total pot $2 | Rake $0
Seat 1: ECP1955 (button) (small blind) folded before Flop
Seat 5: Fabulous108 (big blind) collected ($2)


PokerStars Hand #163902436975:  Hold'em Limit ($3/$6 USD) - 2017/01/02 5:36:57 ET
Table 'Mancunia' 6-max Seat #5 is the button
Seat 1: ECP1955 ($686.65 in chips)
Seat 5: Fabulous108 ($183.95 in chips)
Fabulous108: posts small blind $1
ECP1955: posts big blind $3
*** HOLE CARDS ***
Fabulous108: raises $3 to $6
ECP1955: raises $3 to $9
Fabulous108: calls $3
*** FLOP *** [2s Jh 9h]
ECP1955: bets $3
Fabulous108: calls $3
*** TURN *** [2s Jh 9h] [6c]
ECP1955: bets $6
Fabulous108: folds
Uncalled bet ($6) returned to ECP1955
ECP1955 collected $23.52 from pot
ECP1955: doesn't show hand
*** SUMMARY ***
Total pot $24 | Rake $0.48
Board [2s Jh 9h 6c]
Seat 1: ECP1955 (big blind) collected ($23.52)
Seat 5: Fabulous108 (button) (small blind) folded on the Turn


PokerStars Hand #163902426305:  Hold'em Limit ($3/$6 USD) - 2017/01/02 5:36:32 ET
Table 'Mancunia' 6-max Seat #1 is the button
Seat 1: ECP1955 ($692.65 in chips)
Seat 5: Fabulous108 ($178.19 in chips)
ECP1955: posts small blind $1
Fabulous108: posts big blind $3
*** HOLE CARDS ***
ECP1955: calls $2
Fabulous108: checks
*** FLOP *** [8c Jd Ad]
Fabulous108: bets $3
ECP1955: calls $3
*** TURN *** [8c Jd Ad] [7s]
Fabulous108: bets $6
ECP1955: folds
Uncalled bet ($6) returned to Fabulous108
Fabulous108 collected $11.76 from pot
Fabulous108: doesn't show hand
*** SUMMARY ***
Total pot $12 | Rake $0.24
Board [8c Jd Ad 7s]
Seat 1: ECP1955 (button) (small blind) folded on the Turn
Seat 5: Fabulous108 (big blind) collected ($11.76)


PokerStars Hand #163902446896:  Hold'em Limit ($3/$6 USD) - 2017/01/02 5:37:20 ET
Table 'Mancunia' 6-max Seat #1 is the button
Seat 1: ECP1955 ($698.17 in chips)
Seat 5: Fabulous108 ($171.95 in chips)
ECP1955: posts small blind $1
Fabulous108: posts big blind $3
*** HOLE CARDS ***
ECP1955: folds
Uncalled bet ($2) returned to Fabulous108
Fabulous108 collected $2 from pot
Fabulous108: doesn't show hand
*** SUMMARY ***
Total pot $2 | Rake $0
Seat 1: ECP1955 (button) (small blind) folded before Flop
Seat 5: Fabulous108 (big blind) collected ($2)


PokerStars Hand #163902461234:  Hold'em Limit ($3/$6 USD) - 2017/01/02 5:37:53 ET
Table 'Mancunia' 6-max Seat #5 is the button
Seat 1: ECP1955 ($687.17 in chips)
Seat 5: Fabulous108 ($182.59 in chips)
Fabulous108: posts small blind $1
ECP1955: posts big blind $3
*** HOLE CARDS ***
Fabulous108: raises $3 to $6
ECP1955: folds
Uncalled bet ($3) returned to Fabulous108
Fabulous108 collected $6 from pot
Fabulous108: doesn't show hand
*** SUMMARY ***
Total pot $6 | Rake $0
Seat 1: ECP1955 (big blind) folded before Flop
Seat 5: Fabulous108 (button) (small blind) collected ($6)


PokerStars Hand #163902467041:  Hold'em Limit ($3/$6 USD) - 2017/01/02 5:38:06 ET
Table 'Mancunia' 6-max Seat #5 is the button
Seat 1: ECP1955 ($683.17 in chips)
Seat 5: Fabulous108 ($186.59 in chips)
Fabulous108: posts small blind $1
ECP1955: posts big blind $3
*** HOLE CARDS ***
tigertl888 joins the table at seat #2
Fabulous108: folds
Uncalled bet ($2) returned to ECP1955
ECP1955 collected $2 from pot
ECP1955: doesn't show hand
*** SUMMARY ***
Total pot $2 | Rake $0
Seat 1: ECP1955 (big blind) collected ($2)
Seat 5: Fabulous108 (button) (small blind) folded before Flop


PokerStars Hand #163902464559:  Hold'em Limit ($3/$6 USD) - 2017/01/02 5:38:01 ET
Table 'Mancunia' 6-max Seat #1 is the button
Seat 1: ECP1955 ($684.17 in chips)
Seat 5: Fabulous108 ($185.59 in chips)
ECP1955: posts small blind $1
Fabulous108: posts big blind $3
*** HOLE CARDS ***
ECP1955: folds
Uncalled bet ($2) returned to Fabulous108
Fabulous108 collected $2 from pot
Fabulous108: doesn't show hand
*** SUMMARY ***
Total pot $2 | Rake $0
Seat 1: ECP1955 (button) (small blind) folded before Flop
Seat 5: Fabulous108 (big blind) collected ($2)


PokerStars Hand #163902450499:  Hold'em Limit ($3/$6 USD) - 2017/01/02 5:37:28 ET
Table 'Mancunia' 6-max Seat #5 is the button
Seat 1: ECP1955 ($697.17 in chips)
Seat 5: Fabulous108 ($172.95 in chips)
Fabulous108: posts small blind $1
ECP1955: posts big blind $3
*** HOLE CARDS ***
Fabulous108: raises $3 to $6
ECP1955: calls $3
*** FLOP *** [Jc Kh 7h]
ECP1955: bets $3
Fabulous108: raises $3 to $6
ECP1955: folds
Uncalled bet ($3) returned to Fabulous108
Fabulous108 collected $17.64 from pot
Fabulous108: doesn't show hand
*** SUMMARY ***
Total pot $18 | Rake $0.36
Board [Jc Kh 7h]
Seat 1: ECP1955 (big blind) folded on the Flop
Seat 5: Fabulous108 (button) (small blind) collected ($17.64)


PokerStars Hand #163904881809:  Hold'em Limit ($3/$6 USD) - 2017/01/02 7:03:37 ET
Table 'Mancunia' 6-max Seat #6 is the button
Seat 5: Fabulous108 ($111.82 in chips)
Seat 6: Jigorek1989 ($87.69 in chips)
Jigorek1989: posts small blind $1
Garuda Black: is sitting out
krossguard: is sitting out
Fabulous108: posts big blind $3
*** HOLE CARDS ***
samurai.ru leaves the table
Garuda Black leaves the table
krossguard leaves the table
Jigorek1989: folds
Uncalled bet ($2) returned to Fabulous108
Fabulous108 collected $2 from pot
Fabulous108: doesn't show hand
*** SUMMARY ***
Total pot $2 | Rake $0
Seat 5: Fabulous108 (big blind) collected ($2)
Seat 6: Jigorek1989 (button) (small blind) folded before Flop


PokerStars Hand #163907422432:  Hold'em Limit ($3/$6 USD) - 2017/01/02 8:18:09 ET
Table 'Mancunia' 6-max Seat #6 is the button
Seat 4: AA_ILI ($172.13 in chips)
Seat 6: Murrrr_@T ($100 in chips)
Murrrr_@T: posts small blind $1
AA_ILI: posts big blind $3
*** HOLE CARDS ***
Murrrr_@T: folds
Uncalled bet ($2) returned to AA_ILI
AA_ILI collected $2 from pot
AA_ILI: doesn't show hand
*** SUMMARY ***
Total pot $2 | Rake $0
Seat 4: AA_ILI (big blind) collected ($2)
Seat 6: Murrrr_@T (button) (small blind) folded before Flop


PokerStars Hand #163907437514:  Hold'em Limit ($3/$6 USD) - 2017/01/02 8:18:34 ET
Table 'Mancunia' 6-max Seat #6 is the button
Seat 4: AA_ILI ($178.89 in chips)
Seat 6: Murrrr_@T ($100 in chips)
Murrrr_@T: posts small blind $1
AA_ILI: posts big blind $3
*** HOLE CARDS ***
Murrrr_@T: raises $3 to $6
AA_ILI: raises $3 to $9
Murrrr_@T: calls $3
*** FLOP *** [Ah 2h 9h]
AA_ILI: bets $3
Murrrr_@T: calls $3
*** TURN *** [Ah 2h 9h] [6h]
AA_ILI: bets $6
Murrrr_@T: folds
Uncalled bet ($6) returned to AA_ILI
AA_ILI collected $23.52 from pot
AA_ILI: doesn't show hand
*** SUMMARY ***
Total pot $24 | Rake $0.48
Board [Ah 2h 9h 6h]
Seat 4: AA_ILI (big blind) collected ($23.52)
Seat 6: Murrrr_@T (button) (small blind) folded on the Turn


PokerStars Hand #163907427920:  Hold'em Limit ($3/$6 USD) - 2017/01/02 8:18:19 ET
Table 'Mancunia' 6-max Seat #4 is the button
Seat 4: AA_ILI ($173.13 in chips)
Seat 6: Murrrr_@T ($100 in chips)
AA_ILI: posts small blind $1
Murrrr_@T: posts big blind $3
*** HOLE CARDS ***
AA_ILI: raises $3 to $6
Murrrr_@T: calls $3
*** FLOP *** [Jc Jh 8s]
Murrrr_@T: checks
AA_ILI: bets $3
Murrrr_@T: folds
Uncalled bet ($3) returned to AA_ILI
AA_ILI collected $11.76 from pot
AA_ILI: doesn't show hand
*** SUMMARY ***
Total pot $12 | Rake $0.24
Board [Jc Jh 8s]
Seat 4: AA_ILI (button) (small blind) collected ($11.76)
Seat 6: Murrrr_@T (big blind) folded on the Flop


PokerStars Hand #163907451072:  Hold'em Limit ($3/$6 USD) - 2017/01/02 8:18:56 ET
Table 'Mancunia' 6-max Seat #6 is the button
Seat 4: AA_ILI ($189.41 in chips)
Seat 6: Murrrr_@T ($101 in chips)
Murrrr_@T: posts small blind $1
AA_ILI: posts big blind $3
*** HOLE CARDS ***
Murrrr_@T: raises $3 to $6
AA_ILI: calls $3
*** FLOP *** [6h Ts 4c]
AA_ILI: checks
Murrrr_@T: bets $3
AA_ILI: calls $3
*** TURN *** [6h Ts 4c] [7s]
AA_ILI: checks
Murrrr_@T: bets $6
AA_ILI: calls $6
*** RIVER *** [6h Ts 4c 7s] [Ks]
AA_ILI: checks
Murrrr_@T: bets $6
AA_ILI: folds
Uncalled bet ($6) returned to Murrrr_@T
Murrrr_@T collected $29.50 from pot
Murrrr_@T: doesn't show hand
*** SUMMARY ***
Total pot $30 | Rake $0.50
Board [6h Ts 4c 7s Ks]
Seat 4: AA_ILI (big blind) folded on the River
Seat 6: Murrrr_@T (button) (small blind) collected ($29.50)


PokerStars Hand #163907448358:  Hold'em Limit ($3/$6 USD) - 2017/01/02 8:18:51 ET
Table 'Mancunia' 6-max Seat #4 is the button
Seat 4: AA_ILI ($190.41 in chips)
Seat 6: Murrrr_@T ($100 in chips)
AA_ILI: posts small blind $1
Murrrr_@T: posts big blind $3
*** HOLE CARDS ***
AA_ILI: folds
Uncalled bet ($2) returned to Murrrr_@T
Murrrr_@T collected $2 from pot
Murrrr_@T: doesn't show hand
*** SUMMARY ***
Total pot $2 | Rake $0
Seat 4: AA_ILI (button) (small blind) folded before Flop
Seat 6: Murrrr_@T (big blind) collected ($2)


PokerStars Hand #163907469329:  Hold'em Limit ($3/$6 USD) - 2017/01/02 8:19:25 ET
Table 'Mancunia' 6-max Seat #4 is the button
Seat 4: AA_ILI ($174.41 in chips)
Seat 6: Murrrr_@T ($115.50 in chips)
AA_ILI: posts small blind $1
Murrrr_@T: posts big blind $3
*** HOLE CARDS ***
AA_ILI: raises $3 to $6
Murrrr_@T: raises $3 to $9
AA_ILI: calls $3
*** FLOP *** [7c Js Th]
Murrrr_@T: bets $3
AA_ILI: calls $3
*** TURN *** [7c Js Th] [8h]
Murrrr_@T: checks
AA_ILI: bets $6
Murrrr_@T: folds
Uncalled bet ($6) returned to AA_ILI
AA_ILI collected $23.52 from pot
AA_ILI: doesn't show hand
*** SUMMARY ***
Total pot $24 | Rake $0.48
Board [7c Js Th 8h]
Seat 4: AA_ILI (button) (small blind) collected ($23.52)
Seat 6: Murrrr_@T (big blind) folded on the Turn


PokerStars Hand #163907486166:  Hold'em Limit ($3/$6 USD) - 2017/01/02 8:19:53 ET
Table 'Mancunia' 6-max Seat #6 is the button
Seat 4: AA_ILI ($185.93 in chips)
Seat 6: Murrrr_@T ($103.50 in chips)
Murrrr_@T: posts small blind $1
AA_ILI: posts big blind $3
*** HOLE CARDS ***
Murrrr_@T: raises $3 to $6
AA_ILI: folds
Uncalled bet ($3) returned to Murrrr_@T
Murrrr_@T collected $6 from pot
Murrrr_@T: doesn't show hand
*** SUMMARY ***
Total pot $6 | Rake $0
Seat 4: AA_ILI (big blind) folded before Flop
Seat 6: Murrrr_@T (button) (small blind) collected ($6)


PokerStars Hand #163907490679:  Hold'em Limit ($3/$6 USD) - 2017/01/02 8:20:00 ET
Table 'Mancunia' 6-max Seat #4 is the button
Seat 4: AA_ILI ($182.93 in chips)
Seat 6: Murrrr_@T ($106.50 in chips)
AA_ILI: posts small blind $1
Murrrr_@T: posts big blind $3
*** HOLE CARDS ***
AA_ILI: raises $3 to $6
Murrrr_@T: calls $3
*** FLOP *** [Js 9s Jh]
Murrrr_@T: checks
AA_ILI: bets $3
Murrrr_@T: calls $3
*** TURN *** [Js 9s Jh] [3h]
Murrrr_@T: checks
AA_ILI: checks
*** RIVER *** [Js 9s Jh 3h] [7s]
Murrrr_@T: bets $6
AA_ILI: calls $6
*** SHOW DOWN ***
Murrrr_@T: shows [2d Jc] (three of a kind, Jacks)
AA_ILI: mucks hand
Murrrr_@T collected $29.50 from pot
*** SUMMARY ***
Total pot $30 | Rake $0.50
Board [Js 9s Jh 3h 7s]
Seat 4: AA_ILI (button) (small blind) mucked
Seat 6: Murrrr_@T (big blind) showed [2d Jc] and won ($29.50) with three of a kind, Jacks


PokerStars Hand #163907546860:  Hold'em Limit ($3/$6 USD) - 2017/01/02 8:21:31 ET
Table 'Mancunia' 6-max Seat #6 is the button
Seat 4: AA_ILI ($149.57 in chips)
Seat 6: Murrrr_@T ($138.50 in chips)
Murrrr_@T: posts small blind $1
AA_ILI: posts big blind $3
*** HOLE CARDS ***
Murrrr_@T: raises $3 to $6
AA_ILI: calls $3
*** FLOP *** [7h 4c Qh]
AA_ILI: checks
Murrrr_@T: bets $3
AA_ILI: folds
Uncalled bet ($3) returned to Murrrr_@T
Murrrr_@T collected $11.76 from pot
Murrrr_@T: doesn't show hand
*** SUMMARY ***
Total pot $12 | Rake $0.24
Board [7h 4c Qh]
Seat 4: AA_ILI (big blind) folded on the Flop
Seat 6: Murrrr_@T (button) (small blind) collected ($11.76)


PokerStars Hand #163907526452:  Hold'em Limit ($3/$6 USD) - 2017/01/02 8:20:58 ET
Table 'Mancunia' 6-max Seat #4 is the button
Seat 4: AA_ILI ($140.93 in chips)
Seat 6: Murrrr_@T ($147.50 in chips)
AA_ILI: posts small blind $1
Murrrr_@T: posts big blind $3
*** HOLE CARDS ***
AA_ILI: raises $3 to $6
Murrrr_@T: calls $3
*** FLOP *** [4s 4d 4h]
Murrrr_@T: checks
AA_ILI: bets $3
Murrrr_@T: calls $3
*** TURN *** [4s 4d 4h] [3c]
Murrrr_@T: checks
AA_ILI: checks
*** RIVER *** [4s 4d 4h 3c] [Tc]
Murrrr_@T: checks
AA_ILI: bets $6
Murrrr_@T: folds
Uncalled bet ($6) returned to AA_ILI
AA_ILI collected $17.64 from pot
AA_ILI: doesn't show hand
*** SUMMARY ***
Total pot $18 | Rake $0.36
Board [4s 4d 4h 3c Tc]
Seat 4: AA_ILI (button) (small blind) collected ($17.64)
Seat 6: Murrrr_@T (big blind) folded on the River


PokerStars Hand #163907507448:  Hold'em Limit ($3/$6 USD) - 2017/01/02 8:20:27 ET
Table 'Mancunia' 6-max Seat #6 is the button
Seat 4: AA_ILI ($167.93 in chips)
Seat 6: Murrrr_@T ($121 in chips)
Murrrr_@T: posts small blind $1
AA_ILI: posts big blind $3
*** HOLE CARDS ***
Murrrr_@T: raises $3 to $6
AA_ILI: calls $3
*** FLOP *** [8s 5d 6c]
AA_ILI: checks
Murrrr_@T: bets $3
AA_ILI: calls $3
*** TURN *** [8s 5d 6c] [2s]
AA_ILI: checks
Murrrr_@T: bets $6
AA_ILI: raises $6 to $12
Murrrr_@T: calls $6
*** RIVER *** [8s 5d 6c 2s] [7d]
AA_ILI: bets $6
Murrrr_@T: calls $6
*** SHOW DOWN ***
AA_ILI: shows [Js Kh] (high card King)
Murrrr_@T: shows [5c 7s] (two pair, Sevens and Fives)
Murrrr_@T collected $53.50 from pot
*** SUMMARY ***
Total pot $54 | Rake $0.50
Board [8s 5d 6c 2s 7d]
Seat 4: AA_ILI (big blind) showed [Js Kh] and lost with high card King
Seat 6: Murrrr_@T (button) (small blind) showed [5c 7s] and won ($53.50) with two pair, Sevens and Fives


PokerStars Hand #163907574370:  Hold'em Limit ($3/$6 USD) - 2017/01/02 8:22:15 ET
Table 'Mancunia' 6-max Seat #6 is the button
Seat 4: AA_ILI ($125.57 in chips)
Seat 6: Murrrr_@T ($161.76 in chips)
Murrrr_@T: posts small blind $1
AA_ILI: posts big blind $3
*** HOLE CARDS ***
Murrrr_@T: folds
Uncalled bet ($2) returned to AA_ILI
AA_ILI collected $2 from pot
AA_ILI: doesn't show hand
*** SUMMARY ***
Total pot $2 | Rake $0
Seat 4: AA_ILI (big blind) collected ($2)
Seat 6: Murrrr_@T (button) (small blind) folded before Flop


PokerStars Hand #163907577006:  Hold'em Limit ($3/$6 USD) - 2017/01/02 8:22:19 ET
Table 'Mancunia' 6-max Seat #4 is the button
Seat 4: AA_ILI ($126.57 in chips)
Seat 6: Murrrr_@T ($160.76 in chips)
AA_ILI: posts small blind $1
Murrrr_@T: posts big blind $3
*** HOLE CARDS ***
AA_ILI: raises $3 to $6
Murrrr_@T: calls $3
*** FLOP *** [Jc 9d 6d]
Murrrr_@T: checks
AA_ILI: bets $3
Murrrr_@T: calls $3
*** TURN *** [Jc 9d 6d] [3d]
Murrrr_@T: checks
AA_ILI: bets $6
Murrrr_@T: calls $6
*** RIVER *** [Jc 9d 6d 3d] [3h]
Murrrr_@T: checks
AA_ILI: bets $6
Murrrr_@T: calls $6
*** SHOW DOWN ***
AA_ILI: shows [7d 7h] (two pair, Sevens and Threes)
Murrrr_@T: mucks hand
AA_ILI collected $41.50 from pot
*** SUMMARY ***
Total pot $42 | Rake $0.50
Board [Jc 9d 6d 3d 3h]
Seat 4: AA_ILI (button) (small blind) showed [7d 7h] and won ($41.50) with two pair, Sevens and Threes
Seat 6: Murrrr_@T (big blind) mucked


PokerStars Hand #163907554539:  Hold'em Limit ($3/$6 USD) - 2017/01/02 8:21:43 ET
Table 'Mancunia' 6-max Seat #4 is the button
Seat 4: AA_ILI ($143.57 in chips)
Seat 6: Murrrr_@T ($144.26 in chips)
AA_ILI: posts small blind $1
Murrrr_@T: posts big blind $3
*** HOLE CARDS ***
AA_ILI: raises $3 to $6
Murrrr_@T: raises $3 to $9
AA_ILI: calls $3
*** FLOP *** [8s 4c Kd]
Murrrr_@T: bets $3
AA_ILI: calls $3
*** TURN *** [8s 4c Kd] [Ad]
Murrrr_@T: bets $6
AA_ILI: calls $6
*** RIVER *** [8s 4c Kd Ad] [3c]
Murrrr_@T: bets $6
AA_ILI: folds
Uncalled bet ($6) returned to Murrrr_@T
Murrrr_@T collected $35.50 from pot
Murrrr_@T: doesn't show hand
*** SUMMARY ***
Total pot $36 | Rake $0.50
Board [8s 4c Kd Ad 3c]
Seat 4: AA_ILI (button) (small blind) folded on the River
Seat 6: Murrrr_@T (big blind) collected ($35.50)


PokerStars Hand #163907597627:  Hold'em Limit ($3/$6 USD) - 2017/01/02 8:22:53 ET
Table 'Mancunia' 6-max Seat #6 is the button
Seat 4: AA_ILI ($147.07 in chips)
Seat 6: Murrrr_@T ($139.76 in chips)
Murrrr_@T: posts small blind $1
AA_ILI: posts big blind $3
*** HOLE CARDS ***
Murrrr_@T: raises $3 to $6
AA_ILI: calls $3
*** FLOP *** [2d As Qs]
AA_ILI: checks
Murrrr_@T: bets $3
AA_ILI: calls $3
*** TURN *** [2d As Qs] [9h]
AA_ILI: checks
Murrrr_@T: bets $6
AA_ILI: folds
Uncalled bet ($6) returned to Murrrr_@T
Murrrr_@T collected $17.64 from pot
Murrrr_@T: doesn't show hand
*** SUMMARY ***
Total pot $18 | Rake $0.36
Board [2d As Qs 9h]
Seat 4: AA_ILI (big blind) folded on the Turn
Seat 6: Murrrr_@T (button) (small blind) collected ($17.64)


PokerStars Hand #163907609349:  Hold'em Limit ($3/$6 USD) - 2017/01/02 8:23:11 ET
Table 'Mancunia' 6-max Seat #4 is the button
Seat 4: AA_ILI ($138.07 in chips)
Seat 6: Murrrr_@T ($148.40 in chips)
AA_ILI: posts small blind $1
Murrrr_@T: posts big blind $3
*** HOLE CARDS ***
AA_ILI: raises $3 to $6
Murrrr_@T: calls $3
*** FLOP *** [5c Ts Qc]
Murrrr_@T: checks
AA_ILI: bets $3
Murrrr_@T: calls $3
*** TURN *** [5c Ts Qc] [6c]
Murrrr_@T: checks
AA_ILI: bets $6
Murrrr_@T: raises $6 to $12
AA_ILI: calls $6
*** RIVER *** [5c Ts Qc 6c] [4d]
Murrrr_@T: bets $6
AA_ILI: folds
Uncalled bet ($6) returned to Murrrr_@T
Murrrr_@T collected $41.50 from pot
Murrrr_@T: doesn't show hand
*** SUMMARY ***
Total pot $42 | Rake $0.50
Board [5c Ts Qc 6c 4d]
Seat 4: AA_ILI (button) (small blind) folded on the River
Seat 6: Murrrr_@T (big blind) collected ($41.50)


PokerStars Hand #163907650367:  Hold'em Limit ($3/$6 USD) - 2017/01/02 8:24:16 ET
Table 'Mancunia' 6-max Seat #4 is the button
Seat 4: AA_ILI ($93.07 in chips)
Seat 6: Murrrr_@T ($192.40 in chips)
AA_ILI: posts small blind $1
Murrrr_@T: posts big blind $3
*** HOLE CARDS ***
AA_ILI: folds
Uncalled bet ($2) returned to Murrrr_@T
Murrrr_@T collected $2 from pot
Murrrr_@T: doesn't show hand
*** SUMMARY ***
Total pot $2 | Rake $0
Seat 4: AA_ILI (button) (small blind) folded before Flop
Seat 6: Murrrr_@T (big blind) collected ($2)


PokerStars Hand #163907632184:  Hold'em Limit ($3/$6 USD) - 2017/01/02 8:23:48 ET
Table 'Mancunia' 6-max Seat #6 is the button
Seat 4: AA_ILI ($117.07 in chips)
Seat 6: Murrrr_@T ($168.90 in chips)
Murrrr_@T: posts small blind $1
AA_ILI: posts big blind $3
*** HOLE CARDS ***
Murrrr_@T: raises $3 to $6
AA_ILI: calls $3
*** FLOP *** [Jd 8d Qc]
AA_ILI: checks
Murrrr_@T: bets $3
AA_ILI: raises $3 to $6
Murrrr_@T: calls $3
*** TURN *** [Jd 8d Qc] [Jc]
AA_ILI: bets $6
Murrrr_@T: raises $6 to $12
AA_ILI: calls $6
*** RIVER *** [Jd 8d Qc Jc] [Jh]
AA_ILI: checks
Murrrr_@T: bets $6
AA_ILI: folds
Uncalled bet ($6) returned to Murrrr_@T
Murrrr_@T collected $47.50 from pot
Murrrr_@T: doesn't show hand
*** SUMMARY ***
Total pot $48 | Rake $0.50
Board [Jd 8d Qc Jc Jh]
Seat 4: AA_ILI (big blind) folded on the River
Seat 6: Murrrr_@T (button) (small blind) collected ($47.50)


PokerStars Hand #163907653016:  Hold'em Limit ($3/$6 USD) - 2017/01/02 8:24:21 ET
Table 'Mancunia' 6-max Seat #6 is the button
Seat 4: AA_ILI ($92.07 in chips)
Seat 6: Murrrr_@T ($193.40 in chips)
Murrrr_@T: posts small blind $1
AA_ILI: posts big blind $3
*** HOLE CARDS ***
Murrrr_@T: raises $3 to $6
AA_ILI: calls $3
*** FLOP *** [Tc Jd 9s]
AA_ILI: checks
Murrrr_@T: bets $3
AA_ILI: folds
Uncalled bet ($3) returned to Murrrr_@T
Murrrr_@T collected $11.76 from pot
Murrrr_@T: doesn't show hand
*** SUMMARY ***
Total pot $12 | Rake $0.24
Board [Tc Jd 9s]
Seat 4: AA_ILI (big blind) folded on the Flop
Seat 6: Murrrr_@T (button) (small blind) collected ($11.76)


PokerStars Hand #163907685630:  Hold'em Limit ($3/$6 USD) - 2017/01/02 8:25:13 ET
Table 'Mancunia' 6-max Seat #4 is the button
Seat 4: AA_ILI ($112.57 in chips)
Seat 6: Murrrr_@T ($172.16 in chips)
AA_ILI: posts small blind $1
Murrrr_@T: posts big blind $3
*** HOLE CARDS ***
AA_ILI: folds
Uncalled bet ($2) returned to Murrrr_@T
Murrrr_@T collected $2 from pot
Murrrr_@T: doesn't show hand
*** SUMMARY ***
Total pot $2 | Rake $0
Seat 4: AA_ILI (button) (small blind) folded before Flop
Seat 6: Murrrr_@T (big blind) collected ($2)


PokerStars Hand #163907688353:  Hold'em Limit ($3/$6 USD) - 2017/01/02 8:25:17 ET
Table 'Mancunia' 6-max Seat #6 is the button
Seat 4: AA_ILI ($111.57 in chips)
Seat 6: Murrrr_@T ($173.16 in chips)
Murrrr_@T: posts small blind $1
AA_ILI: posts big blind $3
*** HOLE CARDS ***
Murrrr_@T: raises $3 to $6
AA_ILI: calls $3
*** FLOP *** [7s 9h 2d]
AA_ILI: checks
Murrrr_@T: bets $3
AA_ILI: calls $3
*** TURN *** [7s 9h 2d] [Qh]
AA_ILI: checks
Murrrr_@T: bets $6
AA_ILI: folds
Uncalled bet ($6) returned to Murrrr_@T
Murrrr_@T collected $17.64 from pot
Murrrr_@T: doesn't show hand
*** SUMMARY ***
Total pot $18 | Rake $0.36
Board [7s 9h 2d Qh]
Seat 4: AA_ILI (big blind) folded on the Turn
Seat 6: Murrrr_@T (button) (small blind) collected ($17.64)


PokerStars Hand #163907660637:  Hold'em Limit ($3/$6 USD) - 2017/01/02 8:24:33 ET
Table 'Mancunia' 6-max Seat #4 is the button
Seat 4: AA_ILI ($86.07 in chips)
Seat 6: Murrrr_@T ($199.16 in chips)
AA_ILI: posts small blind $1
Murrrr_@T: posts big blind $3
*** HOLE CARDS ***
AA_ILI: raises $3 to $6
Murrrr_@T: raises $3 to $9
AA_ILI: calls $3
*** FLOP *** [Kh 8h 3h]
Murrrr_@T: bets $3
AA_ILI: calls $3
*** TURN *** [Kh 8h 3h] [Qs]
Murrrr_@T: bets $6
AA_ILI: raises $6 to $12
Murrrr_@T: calls $6
*** RIVER *** [Kh 8h 3h Qs] [Qd]
Murrrr_@T: checks
AA_ILI: bets $6
Murrrr_@T: calls $6
*** SHOW DOWN ***
AA_ILI: shows [9h 4h] (a flush, King high)
Murrrr_@T: mucks hand
AA_ILI collected $59.50 from pot
*** SUMMARY ***
Total pot $60 | Rake $0.50
Board [Kh 8h 3h Qs Qd]
Seat 4: AA_ILI (button) (small blind) showed [9h 4h] and won ($59.50) with a flush, King high
Seat 6: Murrrr_@T (big blind) mucked


PokerStars Hand #163907680971:  Hold'em Limit ($3/$6 USD) - 2017/01/02 8:25:05 ET
Table 'Mancunia' 6-max Seat #6 is the button
Seat 4: AA_ILI ($115.57 in chips)
Seat 6: Murrrr_@T ($169.16 in chips)
Murrrr_@T: posts small blind $1
AA_ILI: posts big blind $3
*** HOLE CARDS ***
Murrrr_@T: raises $3 to $6
AA_ILI: folds
Uncalled bet ($3) returned to Murrrr_@T
Murrrr_@T collected $6 from pot
Murrrr_@T: doesn't show hand
*** SUMMARY ***
Total pot $6 | Rake $0
Seat 4: AA_ILI (big blind) folded before Flop
Seat 6: Murrrr_@T (button) (small blind) collected ($6)


PokerStars Hand #163907727002:  Hold'em Limit ($3/$6 USD) - 2017/01/02 8:26:18 ET
Table 'Mancunia' 6-max Seat #4 is the button
Seat 4: AA_ILI ($124.07 in chips)
Seat 6: Murrrr_@T ($159.80 in chips)
AA_ILI: posts small blind $1
Murrrr_@T: posts big blind $3
*** HOLE CARDS ***
AA_ILI: folds
Uncalled bet ($2) returned to Murrrr_@T
Murrrr_@T collected $2 from pot
Murrrr_@T: doesn't show hand
*** SUMMARY ***
Total pot $2 | Rake $0
Seat 4: AA_ILI (button) (small blind) folded before Flop
Seat 6: Murrrr_@T (big blind) collected ($2)


PokerStars Hand #163907724223:  Hold'em Limit ($3/$6 USD) - 2017/01/02 8:26:14 ET
Table 'Mancunia' 6-max Seat #6 is the button
Seat 4: AA_ILI ($123.07 in chips)
Seat 6: Murrrr_@T ($160.80 in chips)
Murrrr_@T: posts small blind $1
AA_ILI: posts big blind $3
*** HOLE CARDS ***
Murrrr_@T: folds
Uncalled bet ($2) returned to AA_ILI
AA_ILI collected $2 from pot
AA_ILI: doesn't show hand
*** SUMMARY ***
Total pot $2 | Rake $0
Seat 4: AA_ILI (big blind) collected ($2)
Seat 6: Murrrr_@T (button) (small blind) folded before Flop


PokerStars Hand #163907699337:  Hold'em Limit ($3/$6 USD) - 2017/01/02 8:25:35 ET
Table 'Mancunia' 6-max Seat #4 is the button
Seat 4: AA_ILI ($102.57 in chips)
Seat 6: Murrrr_@T ($181.80 in chips)
AA_ILI: posts small blind $1
Murrrr_@T: posts big blind $3
*** HOLE CARDS ***
AA_ILI: raises $3 to $6
Murrrr_@T: calls $3
*** FLOP *** [4c 3h 8c]
Murrrr_@T: checks
AA_ILI: bets $3
Murrrr_@T: calls $3
*** TURN *** [4c 3h 8c] [6h]
Murrrr_@T: checks
AA_ILI: bets $6
Murrrr_@T: calls $6
*** RIVER *** [4c 3h 8c 6h] [Th]
Murrrr_@T: checks
AA_ILI: bets $6
Murrrr_@T: calls $6
*** SHOW DOWN ***
AA_ILI: shows [5h 5c] (a pair of Fives)
Murrrr_@T: mucks hand
AA_ILI collected $41.50 from pot
*** SUMMARY ***
Total pot $42 | Rake $0.50
Board [4c 3h 8c 6h Th]
Seat 4: AA_ILI (button) (small blind) showed [5h 5c] and won ($41.50) with a pair of Fives
Seat 6: Murrrr_@T (big blind) mucked


PokerStars Hand #163907730083:  Hold'em Limit ($3/$6 USD) - 2017/01/02 8:26:23 ET
Table 'Mancunia' 6-max Seat #6 is the button
Seat 4: AA_ILI ($123.07 in chips)
Seat 6: Murrrr_@T ($160.80 in chips)
Murrrr_@T: posts small blind $1
AA_ILI: posts big blind $3
*** HOLE CARDS ***
Murrrr_@T: raises $3 to $6
AA_ILI: calls $3
*** FLOP *** [7s Qc Tc]
AA_ILI: checks
Murrrr_@T: bets $3
AA_ILI: folds
Uncalled bet ($3) returned to Murrrr_@T
Murrrr_@T collected $11.76 from pot
Murrrr_@T: doesn't show hand
*** SUMMARY ***
Total pot $12 | Rake $0.24
Board [7s Qc Tc]
Seat 4: AA_ILI (big blind) folded on the Flop
Seat 6: Murrrr_@T (button) (small blind) collected ($11.76)


PokerStars Hand #163907770293:  Hold'em Limit ($3/$6 USD) - 2017/01/02 8:27:26 ET
Table 'Mancunia' 6-max Seat #4 is the button
Seat 4: AA_ILI ($126.71 in chips)
Seat 6: Murrrr_@T ($156.56 in chips)
AA_ILI: posts small blind $1
Murrrr_@T: posts big blind $3
*** HOLE CARDS ***
AA_ILI: folds
Uncalled bet ($2) returned to Murrrr_@T
Murrrr_@T collected $2 from pot
Murrrr_@T: doesn't show hand
*** SUMMARY ***
Total pot $2 | Rake $0
Seat 4: AA_ILI (button) (small blind) folded before Flop
Seat 6: Murrrr_@T (big blind) collected ($2)


PokerStars Hand #163907764665:  Hold'em Limit ($3/$6 USD) - 2017/01/02 8:27:18 ET
Table 'Mancunia' 6-max Seat #6 is the button
Seat 4: AA_ILI ($125.71 in chips)
Seat 6: Murrrr_@T ($157.56 in chips)
Murrrr_@T: posts small blind $1
AA_ILI: posts big blind $3
*** HOLE CARDS ***
Murrrr_@T: folds
Uncalled bet ($2) returned to AA_ILI
AA_ILI collected $2 from pot
AA_ILI: doesn't show hand
*** SUMMARY ***
Total pot $2 | Rake $0
Seat 4: AA_ILI (big blind) collected ($2)
Seat 6: Murrrr_@T (button) (small blind) folded before Flop


PokerStars Hand #163907744572:  Hold'em Limit ($3/$6 USD) - 2017/01/02 8:26:46 ET
Table 'Mancunia' 6-max Seat #4 is the button
Seat 4: AA_ILI ($117.07 in chips)
Seat 6: Murrrr_@T ($166.56 in chips)
AA_ILI: posts small blind $1
Murrrr_@T: posts big blind $3
*** HOLE CARDS ***
AA_ILI: raises $3 to $6
Murrrr_@T: calls $3
*** FLOP *** [3d 2c Ts]
Murrrr_@T: checks
AA_ILI: bets $3
Murrrr_@T: calls $3
*** TURN *** [3d 2c Ts] [8d]
Murrrr_@T: checks
AA_ILI: bets $6
Murrrr_@T: folds
Uncalled bet ($6) returned to AA_ILI
AA_ILI collected $17.64 from pot
AA_ILI: doesn't show hand
*** SUMMARY ***
Total pot $18 | Rake $0.36
Board [3d 2c Ts 8d]
Seat 4: AA_ILI (button) (small blind) collected ($17.64)
Seat 6: Murrrr_@T (big blind) folded on the Turn


PokerStars Hand #163907797370:  Hold'em Limit ($3/$6 USD) - 2017/01/02 8:28:09 ET
Table 'Mancunia' 6-max Seat #6 is the button
Seat 4: AA_ILI ($98.71 in chips)
Seat 6: Murrrr_@T ($183.58 in chips)
Murrrr_@T: posts small blind $1
AA_ILI: posts big blind $3
*** HOLE CARDS ***
Murrrr_@T: raises $3 to $6
AA_ILI: folds
Uncalled bet ($3) returned to Murrrr_@T
Murrrr_@T collected $6 from pot
Murrrr_@T: doesn't show hand
*** SUMMARY ***
Total pot $6 | Rake $0
Seat 4: AA_ILI (big blind) folded before Flop
Seat 6: Murrrr_@T (button) (small blind) collected ($6)


PokerStars Hand #163907786916:  Hold'em Limit ($3/$6 USD) - 2017/01/02 8:27:53 ET
Table 'Mancunia' 6-max Seat #4 is the button
Seat 4: AA_ILI ($110.71 in chips)
Seat 6: Murrrr_@T ($172.06 in chips)
AA_ILI: posts small blind $1
Murrrr_@T: posts big blind $3
*** HOLE CARDS ***
AA_ILI: raises $3 to $6
Murrrr_@T: calls $3
*** FLOP *** [Ad 4h Jc]
Murrrr_@T: checks
AA_ILI: bets $3
Murrrr_@T: raises $3 to $6
AA_ILI: calls $3
*** TURN *** [Ad 4h Jc] [Js]
Murrrr_@T: bets $6
AA_ILI: folds
Uncalled bet ($6) returned to Murrrr_@T
Murrrr_@T collected $23.52 from pot
Murrrr_@T: doesn't show hand
*** SUMMARY ***
Total pot $24 | Rake $0.48
Board [Ad 4h Jc Js]
Seat 4: AA_ILI (button) (small blind) folded on the Turn
Seat 6: Murrrr_@T (big blind) collected ($23.52)


PokerStars Hand #163907772959:  Hold'em Limit ($3/$6 USD) - 2017/01/02 8:27:31 ET
Table 'Mancunia' 6-max Seat #6 is the button
Seat 4: AA_ILI ($125.71 in chips)
Seat 6: Murrrr_@T ($157.56 in chips)
Murrrr_@T: posts small blind $1
AA_ILI: posts big blind $3
*** HOLE CARDS ***
Murrrr_@T: raises $3 to $6
AA_ILI: calls $3
*** FLOP *** [6d Js 4d]
AA_ILI: checks
Murrrr_@T: bets $3
AA_ILI: calls $3
*** TURN *** [6d Js 4d] [Kc]
AA_ILI: checks
Murrrr_@T: bets $6
AA_ILI: calls $6
*** RIVER *** [6d Js 4d Kc] [5s]
AA_ILI: checks
Murrrr_@T: bets $6
AA_ILI: folds
Uncalled bet ($6) returned to Murrrr_@T
Murrrr_@T collected $29.50 from pot
Murrrr_@T: doesn't show hand
*** SUMMARY ***
Total pot $30 | Rake $0.50
Board [6d Js 4d Kc 5s]
Seat 4: AA_ILI (big blind) folded on the River
Seat 6: Murrrr_@T (button) (small blind) collected ($29.50)


PokerStars Hand #163907810204:  Hold'em Limit ($3/$6 USD) - 2017/01/02 8:28:29 ET
Table 'Mancunia' 6-max Seat #6 is the button
Seat 4: AA_ILI ($101.47 in chips)
Seat 6: Murrrr_@T ($180.58 in chips)
Murrrr_@T: posts small blind $1
AA_ILI: posts big blind $3
*** HOLE CARDS ***
Murrrr_@T: raises $3 to $6
AA_ILI: folds
Uncalled bet ($3) returned to Murrrr_@T
Murrrr_@T collected $6 from pot
Murrrr_@T: doesn't show hand
*** SUMMARY ***
Total pot $6 | Rake $0
Seat 4: AA_ILI (big blind) folded before Flop
Seat 6: Murrrr_@T (button) (small blind) collected ($6)


PokerStars Hand #163907800811:  Hold'em Limit ($3/$6 USD) - 2017/01/02 8:28:15 ET
Table 'Mancunia' 6-max Seat #4 is the button
Seat 4: AA_ILI ($95.71 in chips)
Seat 6: Murrrr_@T ($186.58 in chips)
AA_ILI: posts small blind $1
Murrrr_@T: posts big blind $3
*** HOLE CARDS ***
AA_ILI: raises $3 to $6
Murrrr_@T: calls $3
*** FLOP *** [Qc Qh As]
Murrrr_@T: checks
AA_ILI: bets $3
Murrrr_@T: folds
Uncalled bet ($3) returned to AA_ILI
AA_ILI collected $11.76 from pot
AA_ILI: doesn't show hand
*** SUMMARY ***
Total pot $12 | Rake $0.24
Board [Qc Qh As]
Seat 4: AA_ILI (button) (small blind) collected ($11.76)
Seat 6: Murrrr_@T (big blind) folded on the Flop


PokerStars Hand #163907814375:  Hold'em Limit ($3/$6 USD) - 2017/01/02 8:28:36 ET
Table 'Mancunia' 6-max Seat #4 is the button
Seat 4: AA_ILI ($98.47 in chips)
Seat 6: Murrrr_@T ($183.58 in chips)
AA_ILI: posts small blind $1
Murrrr_@T: posts big blind $3
*** HOLE CARDS ***
AA_ILI: raises $3 to $6
Murrrr_@T: calls $3
*** FLOP *** [As Td 4h]
Murrrr_@T: checks
AA_ILI: bets $3
Murrrr_@T: calls $3
*** TURN *** [As Td 4h] [3h]
Murrrr_@T: checks
AA_ILI: bets $6
Murrrr_@T: folds
Uncalled bet ($6) returned to AA_ILI
AA_ILI collected $17.64 from pot
AA_ILI: doesn't show hand
*** SUMMARY ***
Total pot $18 | Rake $0.36
Board [As Td 4h 3h]
Seat 4: AA_ILI (button) (small blind) collected ($17.64)
Seat 6: Murrrr_@T (big blind) folded on the Turn


PokerStars Hand #163907829464:  Hold'em Limit ($3/$6 USD) - 2017/01/02 8:28:59 ET
Table 'Mancunia' 6-max Seat #6 is the button
Seat 4: AA_ILI ($107.11 in chips)
Seat 6: Murrrr_@T ($174.58 in chips)
Murrrr_@T: posts small blind $1
AA_ILI: posts big blind $3
*** HOLE CARDS ***
Murrrr_@T: raises $3 to $6
AA_ILI: calls $3
*** FLOP *** [7s 5h Td]
AA_ILI: checks
Murrrr_@T: bets $3
AA_ILI: calls $3
*** TURN *** [7s 5h Td] [Js]
AA_ILI: checks
Murrrr_@T: checks
*** RIVER *** [7s 5h Td Js] [9h]
AA_ILI: checks
Murrrr_@T: checks
*** SHOW DOWN ***
AA_ILI: shows [Ac 4s] (high card Ace)
Murrrr_@T: shows [6d As] (high card Ace)
AA_ILI collected $8.82 from pot
Murrrr_@T collected $8.82 from pot
*** SUMMARY ***
Total pot $18 | Rake $0.36
Board [7s 5h Td Js 9h]
Seat 4: AA_ILI (big blind) showed [Ac 4s] and won ($8.82) with high card Ace
Seat 6: Murrrr_@T (button) (small blind) showed [6d As] and won ($8.82) with high card Ace


PokerStars Hand #163907848333:  Hold'em Limit ($3/$6 USD) - 2017/01/02 8:29:29 ET
Table 'Mancunia' 6-max Seat #4 is the button
Seat 4: AA_ILI ($106.93 in chips)
Seat 6: Murrrr_@T ($174.40 in chips)
AA_ILI: posts small blind $1
Murrrr_@T: posts big blind $3
*** HOLE CARDS ***
AA_ILI: raises $3 to $6
Murrrr_@T: calls $3
*** FLOP *** [7c Ac 7s]
Murrrr_@T: checks
AA_ILI: bets $3
Murrrr_@T: raises $3 to $6
AA_ILI: folds
Uncalled bet ($3) returned to Murrrr_@T
Murrrr_@T collected $17.64 from pot
Murrrr_@T: doesn't show hand
*** SUMMARY ***
Total pot $18 | Rake $0.36
Board [7c Ac 7s]
Seat 4: AA_ILI (button) (small blind) folded on the Flop
Seat 6: Murrrr_@T (big blind) collected ($17.64)


PokerStars Hand #163907873681:  Hold'em Limit ($3/$6 USD) - 2017/01/02 8:30:09 ET
Table 'Mancunia' 6-max Seat #4 is the button
Seat 4: AA_ILI ($106.57 in chips)
Seat 6: Murrrr_@T ($174.04 in chips)
AA_ILI: posts small blind $1
Murrrr_@T: posts big blind $3
*** HOLE CARDS ***
AA_ILI: raises $3 to $6
Murrrr_@T: raises $3 to $9
AA_ILI: calls $3
*** FLOP *** [Th 6d 7s]
Murrrr_@T: bets $3
AA_ILI: calls $3
*** TURN *** [Th 6d 7s] [2d]
Murrrr_@T: bets $6
AA_ILI: calls $6
*** RIVER *** [Th 6d 7s 2d] [9h]
Murrrr_@T: bets $6
AA_ILI: folds
Uncalled bet ($6) returned to Murrrr_@T
Murrrr_@T collected $35.50 from pot
Murrrr_@T: doesn't show hand
*** SUMMARY ***
Total pot $36 | Rake $0.50
Board [Th 6d 7s 2d 9h]
Seat 4: AA_ILI (button) (small blind) folded on the River
Seat 6: Murrrr_@T (big blind) collected ($35.50)


PokerStars Hand #163907886069:  Hold'em Limit ($3/$6 USD) - 2017/01/02 8:30:28 ET
Table 'Mancunia' 6-max Seat #6 is the button
Seat 4: AA_ILI ($88.57 in chips)
Seat 6: Murrrr_@T ($191.54 in chips)
Murrrr_@T: posts small blind $1
AA_ILI: posts big blind $3
*** HOLE CARDS ***
Murrrr_@T: raises $3 to $6
AA_ILI: calls $3
*** FLOP *** [Kh 4s 7h]
AA_ILI: checks
Murrrr_@T: bets $3
AA_ILI: folds
Uncalled bet ($3) returned to Murrrr_@T
Murrrr_@T collected $11.76 from pot
Murrrr_@T: doesn't show hand
*** SUMMARY ***
Total pot $12 | Rake $0.24
Board [Kh 4s 7h]
Seat 4: AA_ILI (big blind) folded on the Flop
Seat 6: Murrrr_@T (button) (small blind) collected ($11.76)


PokerStars Hand #163907858415:  Hold'em Limit ($3/$6 USD) - 2017/01/02 8:29:45 ET
Table 'Mancunia' 6-max Seat #6 is the button
Seat 4: AA_ILI ($97.93 in chips)
Seat 6: Murrrr_@T ($183.04 in chips)
Murrrr_@T: posts small blind $1
AA_ILI: posts big blind $3
*** HOLE CARDS ***
Murrrr_@T: raises $3 to $6
AA_ILI: calls $3
*** FLOP *** [2d Kh 9s]
AA_ILI: checks
Murrrr_@T: bets $3
AA_ILI: calls $3
*** TURN *** [2d Kh 9s] [8h]
AA_ILI: checks
Murrrr_@T: checks
*** RIVER *** [2d Kh 9s 8h] [8d]
AA_ILI: bets $6
Murrrr_@T: folds
Uncalled bet ($6) returned to AA_ILI
AA_ILI collected $17.64 from pot
AA_ILI: doesn't show hand
*** SUMMARY ***
Total pot $18 | Rake $0.36
Board [2d Kh 9s 8h 8d]
Seat 4: AA_ILI (big blind) collected ($17.64)
Seat 6: Murrrr_@T (button) (small blind) folded on the River


PokerStars Hand #163907895175:  Hold'em Limit ($3/$6 USD) - 2017/01/02 8:30:42 ET
Table 'Mancunia' 6-max Seat #4 is the button
Seat 4: AA_ILI ($82.57 in chips)
Seat 6: Murrrr_@T ($197.30 in chips)
AA_ILI: posts small blind $1
Murrrr_@T: posts big blind $3
*** HOLE CARDS ***
AA_ILI: raises $3 to $6
Auge72 joins the table at seat #1
Murrrr_@T: calls $3
*** FLOP *** [Jh Jd 8c]
Murrrr_@T: checks
AA_ILI: bets $3
Murrrr_@T: folds
Uncalled bet ($3) returned to AA_ILI
AA_ILI collected $11.76 from pot
AA_ILI: doesn't show hand
*** SUMMARY ***
Total pot $12 | Rake $0.24
Board [Jh Jd 8c]
Seat 4: AA_ILI (button) (small blind) collected ($11.76)
Seat 6: Murrrr_@T (big blind) folded on the Flop


PokerStars Hand #163917251684:  Hold'em Limit ($3/$6 USD) - 2017/01/02 12:00:29 ET
Table 'Mancunia' 6-max Seat #3 is the button
Seat 2: Fabulous108 ($193.99 in chips)
Seat 3: RaisemyNut$ ($203.19 in chips)
RaisemyNut$: posts small blind $1
Scheubi88: is sitting out
Fabulous108: posts big blind $3
*** HOLE CARDS ***
RaisemyNut$: raises $3 to $6
Fabulous108: calls $3
*** FLOP *** [9s 3s 4d]
Fabulous108: checks
RaisemyNut$: bets $3
Fabulous108: folds
Uncalled bet ($3) returned to RaisemyNut$
RaisemyNut$ collected $11.76 from pot
RaisemyNut$: doesn't show hand
*** SUMMARY ***
Total pot $12 | Rake $0.24
Board [9s 3s 4d]
Seat 2: Fabulous108 (big blind) folded on the Flop
Seat 3: RaisemyNut$ (button) (small blind) collected ($11.76)


PokerStars Hand #163917262815:  Hold'em Limit ($3/$6 USD) - 2017/01/02 12:00:44 ET
Table 'Mancunia' 6-max Seat #2 is the button
Seat 2: Fabulous108 ($187.99 in chips)
Seat 3: RaisemyNut$ ($208.95 in chips)
Fabulous108: posts small blind $1
RaisemyNut$: posts big blind $3
*** HOLE CARDS ***
Fabulous108: raises $3 to $6
RaisemyNut$: raises $3 to $9
Fabulous108: calls $3
*** FLOP *** [3d Ac 6d]
RaisemyNut$: bets $3
Fabulous108: folds
Uncalled bet ($3) returned to RaisemyNut$
RaisemyNut$ collected $17.64 from pot
RaisemyNut$: doesn't show hand
*** SUMMARY ***
Total pot $18 | Rake $0.36
Board [3d Ac 6d]
Seat 2: Fabulous108 (button) (small blind) folded on the Flop
Seat 3: RaisemyNut$ (big blind) collected ($17.64)


PokerStars Hand #163917293472:  Hold'em Limit ($3/$6 USD) - 2017/01/02 12:01:21 ET
Table 'Mancunia' 6-max Seat #3 is the button
Seat 3: RaisemyNut$ ($217.59 in chips)
Seat 5: Scheubi88 ($241.84 in chips)
Fabulous108 joins the table at seat #1
RaisemyNut$: posts small blind $1
Scheubi88: posts big blind $3
*** HOLE CARDS ***
RaisemyNut$: raises $3 to $6
Scheubi88: calls $3
*** FLOP *** [Td Ks Ah]
Scheubi88: checks
RaisemyNut$: bets $3
Scheubi88: calls $3
*** TURN *** [Td Ks Ah] [7c]
Scheubi88: checks
RaisemyNut$: checks
*** RIVER *** [Td Ks Ah 7c] [Ac]
Scheubi88: checks
RaisemyNut$: bets $6
Scheubi88: folds
Uncalled bet ($6) returned to RaisemyNut$
RaisemyNut$ collected $17.64 from pot
RaisemyNut$: doesn't show hand
*** SUMMARY ***
Total pot $18 | Rake $0.36
Board [Td Ks Ah 7c Ac]
Seat 3: RaisemyNut$ (button) (small blind) collected ($17.64)
Seat 5: Scheubi88 (big blind) folded on the River


PokerStars Hand #163917335924:  Hold'em Limit ($3/$6 USD) - 2017/01/02 12:02:11 ET
Table 'Mancunia' 6-max Seat #3 is the button
Seat 1: Fabulous108 ($154.99 in chips)
Seat 3: RaisemyNut$ ($227.23 in chips)
RaisemyNut$: posts small blind $1
Fabulous108: posts big blind $3
*** HOLE CARDS ***
RaisemyNut$: raises $3 to $6
Fabulous108: calls $3
*** FLOP *** [3d Ts Kh]
Scheubi88 joins the table at seat #2
Fabulous108: checks
RaisemyNut$: bets $3
Fabulous108: folds
Uncalled bet ($3) returned to RaisemyNut$
RaisemyNut$ collected $11.76 from pot
RaisemyNut$: doesn't show hand
*** SUMMARY ***
Total pot $12 | Rake $0.24
Board [3d Ts Kh]
Seat 1: Fabulous108 (big blind) folded on the Flop
Seat 3: RaisemyNut$ (button) (small blind) collected ($11.76)


