PokerStars Hand #156896428162:  Hold'em Limit ($3/$6 USD) - 2016/08/05 11:33:22 ET
Table 'Mancunia' 6-max Seat #4 is the button
Seat 3: printzfcm ($143.66 in chips)
Seat 4: TbIP-TbIP 88 ($72 in chips)
TbIP-TbIP 88: posts small blind $1
printzfcm: posts big blind $3
*** HOLE CARDS ***
TbIP-TbIP 88: raises $3 to $6
printzfcm: folds
Uncalled bet ($3) returned to TbIP-TbIP 88
TbIP-TbIP 88 collected $6 from pot
TbIP-TbIP 88: doesn't show hand
*** SUMMARY ***
Total pot $6 | Rake $0
Seat 3: printzfcm (big blind) folded before Flop
Seat 4: TbIP-TbIP 88 (button) (small blind) collected ($6)


PokerStars Hand #156896417193:  Hold'em Limit ($3/$6 USD) - 2016/08/05 11:33:03 ET
Table 'Mancunia' 6-max Seat #3 is the button
Seat 3: printzfcm ($132.14 in chips)
Seat 4: TbIP-TbIP 88 ($81.76 in chips)
printzfcm: posts small blind $1
TbIP-TbIP 88: posts big blind $3
*** HOLE CARDS ***
printzfcm: calls $2
TbIP-TbIP 88: checks
*** FLOP *** [5s 3c Tc]
TbIP-TbIP 88: bets $3
printzfcm: calls $3
*** TURN *** [5s 3c Tc] [Js]
TbIP-TbIP 88: checks
printzfcm: bets $6
TbIP-TbIP 88: calls $6
*** RIVER *** [5s 3c Tc Js] [Qh]
TbIP-TbIP 88: checks
printzfcm: checks
*** SHOW DOWN ***
TbIP-TbIP 88: shows [3h 4s] (a pair of Threes)
printzfcm: shows [Ac 5c] (a pair of Fives)
printzfcm collected $23.52 from pot
*** SUMMARY ***
Total pot $24 | Rake $0.48
Board [5s 3c Tc Js Qh]
Seat 3: printzfcm (button) (small blind) showed [Ac 5c] and won ($23.52) with a pair of Fives
Seat 4: TbIP-TbIP 88 (big blind) showed [3h 4s] and lost with a pair of Threes


PokerStars Hand #156896413496:  Hold'em Limit ($3/$6 USD) - 2016/08/05 11:32:56 ET
Table 'Mancunia' 6-max Seat #4 is the button
Seat 3: printzfcm ($135.14 in chips)
Seat 4: TbIP-TbIP 88 ($78.76 in chips)
TbIP-TbIP 88: posts small blind $1
printzfcm: posts big blind $3
*** HOLE CARDS ***
TbIP-TbIP 88: raises $3 to $6
printzfcm: folds
Uncalled bet ($3) returned to TbIP-TbIP 88
TbIP-TbIP 88 collected $6 from pot
TbIP-TbIP 88: doesn't show hand
*** SUMMARY ***
Total pot $6 | Rake $0
Seat 3: printzfcm (big blind) folded before Flop
Seat 4: TbIP-TbIP 88 (button) (small blind) collected ($6)


PokerStars Hand #156896410695:  Hold'em Limit ($3/$6 USD) - 2016/08/05 11:32:51 ET
Table 'Mancunia' 6-max Seat #3 is the button
Seat 3: printzfcm ($136.14 in chips)
Seat 4: TbIP-TbIP 88 ($77.76 in chips)
printzfcm: posts small blind $1
TbIP-TbIP 88: posts big blind $3
*** HOLE CARDS ***
printzfcm: folds
Uncalled bet ($2) returned to TbIP-TbIP 88
TbIP-TbIP 88 collected $2 from pot
TbIP-TbIP 88: doesn't show hand
*** SUMMARY ***
Total pot $2 | Rake $0
Seat 3: printzfcm (button) (small blind) folded before Flop
Seat 4: TbIP-TbIP 88 (big blind) collected ($2)


PokerStars Hand #156896402055:  Hold'em Limit ($3/$6 USD) - 2016/08/05 11:32:36 ET
Table 'Mancunia' 6-max Seat #4 is the button
Seat 3: printzfcm ($142.14 in chips)
Seat 4: TbIP-TbIP 88 ($72 in chips)
TbIP-TbIP 88: posts small blind $1
printzfcm: posts big blind $3
*** HOLE CARDS ***
TbIP-TbIP 88: raises $3 to $6
printzfcm: calls $3
*** FLOP *** [4c 8s 5d]
printzfcm: checks
TbIP-TbIP 88: checks
*** TURN *** [4c 8s 5d] [9d]
printzfcm: checks
TbIP-TbIP 88: checks
*** RIVER *** [4c 8s 5d 9d] [8c]
printzfcm: checks
TbIP-TbIP 88: checks
*** SHOW DOWN ***
printzfcm: shows [Td 3d] (a pair of Eights)
TbIP-TbIP 88: shows [Kc 2c] (a pair of Eights - King kicker)
TbIP-TbIP 88 collected $11.76 from pot
*** SUMMARY ***
Total pot $12 | Rake $0.24
Board [4c 8s 5d 9d 8c]
Seat 3: printzfcm (big blind) showed [Td 3d] and lost with a pair of Eights
Seat 4: TbIP-TbIP 88 (button) (small blind) showed [Kc 2c] and won ($11.76) with a pair of Eights


PokerStars Hand #156896383259:  Hold'em Limit ($3/$6 USD) - 2016/08/05 11:32:04 ET
Table 'Mancunia' 6-max Seat #3 is the button
Seat 3: printzfcm ($133.50 in chips)
Seat 4: TbIP-TbIP 88 ($72 in chips)
printzfcm: posts small blind $1
TbIP-TbIP 88: posts big blind $3
*** HOLE CARDS ***
printzfcm: calls $2
TbIP-TbIP 88: raises $3 to $6
printzfcm: calls $3
*** FLOP *** [Td Qc 6d]
TbIP-TbIP 88: bets $3
printzfcm: calls $3
*** TURN *** [Td Qc 6d] [5h]
TbIP-TbIP 88: checks
printzfcm: checks
*** RIVER *** [Td Qc 6d 5h] [2c]
TbIP-TbIP 88: checks
printzfcm: bets $6
TbIP-TbIP 88: folds
Uncalled bet ($6) returned to printzfcm
printzfcm collected $17.64 from pot
printzfcm: doesn't show hand
*** SUMMARY ***
Total pot $18 | Rake $0.36
Board [Td Qc 6d 5h 2c]
Seat 3: printzfcm (button) (small blind) collected ($17.64)
Seat 4: TbIP-TbIP 88 (big blind) folded on the River


PokerStars Hand #156896464428:  Hold'em Limit ($3/$6 USD) - 2016/08/05 11:34:25 ET
Table 'Mancunia' 6-max Seat #3 is the button
Seat 3: printzfcm ($154.16 in chips)
Seat 4: TbIP-TbIP 88 ($75 in chips)
printzfcm: posts small blind $1
TbIP-TbIP 88: posts big blind $3
*** HOLE CARDS ***
printzfcm: folds
Uncalled bet ($2) returned to TbIP-TbIP 88
TbIP-TbIP 88 collected $2 from pot
TbIP-TbIP 88: doesn't show hand
*** SUMMARY ***
Total pot $2 | Rake $0
Seat 3: printzfcm (button) (small blind) folded before Flop
Seat 4: TbIP-TbIP 88 (big blind) collected ($2)


PokerStars Hand #156896460442:  Hold'em Limit ($3/$6 USD) - 2016/08/05 11:34:18 ET
Table 'Mancunia' 6-max Seat #4 is the button
Seat 3: printzfcm ($157.16 in chips)
Seat 4: TbIP-TbIP 88 ($72 in chips)
TbIP-TbIP 88: posts small blind $1
printzfcm: posts big blind $3
*** HOLE CARDS ***
TbIP-TbIP 88: raises $3 to $6
printzfcm: folds
Uncalled bet ($3) returned to TbIP-TbIP 88
TbIP-TbIP 88 collected $6 from pot
TbIP-TbIP 88: doesn't show hand
*** SUMMARY ***
Total pot $6 | Rake $0
Seat 3: printzfcm (big blind) folded before Flop
Seat 4: TbIP-TbIP 88 (button) (small blind) collected ($6)


PokerStars Hand #156896443280:  Hold'em Limit ($3/$6 USD) - 2016/08/05 11:33:48 ET
Table 'Mancunia' 6-max Seat #3 is the button
Seat 3: printzfcm ($136.66 in chips)
Seat 4: TbIP-TbIP 88 ($79 in chips)
printzfcm: posts small blind $1
TbIP-TbIP 88: posts big blind $3
*** HOLE CARDS ***
printzfcm: calls $2
TbIP-TbIP 88: raises $3 to $6
printzfcm: calls $3
*** FLOP *** [8h 3d 2c]
TbIP-TbIP 88: bets $3
printzfcm: calls $3
*** TURN *** [8h 3d 2c] [5d]
TbIP-TbIP 88: bets $6
printzfcm: calls $6
*** RIVER *** [8h 3d 2c 5d] [Ah]
TbIP-TbIP 88: checks
printzfcm: bets $6
TbIP-TbIP 88: calls $6
*** SHOW DOWN ***
printzfcm: shows [6h Ad] (a pair of Aces)
TbIP-TbIP 88: mucks hand
printzfcm collected $41.50 from pot
*** SUMMARY ***
Total pot $42 | Rake $0.50
Board [8h 3d 2c 5d Ah]
Seat 3: printzfcm (button) (small blind) showed [6h Ad] and won ($41.50) with a pair of Aces
Seat 4: TbIP-TbIP 88 (big blind) mucked


PokerStars Hand #156896439094:  Hold'em Limit ($3/$6 USD) - 2016/08/05 11:33:41 ET
Table 'Mancunia' 6-max Seat #4 is the button
Seat 3: printzfcm ($139.66 in chips)
Seat 4: TbIP-TbIP 88 ($76 in chips)
TbIP-TbIP 88: posts small blind $1
printzfcm: posts big blind $3
*** HOLE CARDS ***
TbIP-TbIP 88: raises $3 to $6
printzfcm: folds
Uncalled bet ($3) returned to TbIP-TbIP 88
TbIP-TbIP 88 collected $6 from pot
TbIP-TbIP 88: doesn't show hand
*** SUMMARY ***
Total pot $6 | Rake $0
Seat 3: printzfcm (big blind) folded before Flop
Seat 4: TbIP-TbIP 88 (button) (small blind) collected ($6)


PokerStars Hand #156896431883:  Hold'em Limit ($3/$6 USD) - 2016/08/05 11:33:28 ET
Table 'Mancunia' 6-max Seat #3 is the button
Seat 3: printzfcm ($140.66 in chips)
Seat 4: TbIP-TbIP 88 ($75 in chips)
printzfcm: posts small blind $1
TbIP-TbIP 88: posts big blind $3
*** HOLE CARDS ***
printzfcm: folds
Uncalled bet ($2) returned to TbIP-TbIP 88
TbIP-TbIP 88 collected $2 from pot
TbIP-TbIP 88: doesn't show hand
*** SUMMARY ***
Total pot $2 | Rake $0
Seat 3: printzfcm (button) (small blind) folded before Flop
Seat 4: TbIP-TbIP 88 (big blind) collected ($2)


PokerStars Hand #156896483491:  Hold'em Limit ($3/$6 USD) - 2016/08/05 11:34:58 ET
Table 'Mancunia' 6-max Seat #3 is the button
Seat 3: printzfcm ($132.16 in chips)
Seat 4: TbIP-TbIP 88 ($96.50 in chips)
printzfcm: posts small blind $1
TbIP-TbIP 88: posts big blind $3
*** HOLE CARDS ***
printzfcm: calls $2
TbIP-TbIP 88: checks
*** FLOP *** [3c 9d As]
TbIP-TbIP 88: bets $3
printzfcm: raises $3 to $6
TbIP-TbIP 88: folds
Uncalled bet ($3) returned to printzfcm
printzfcm collected $11.76 from pot
printzfcm: doesn't show hand
*** SUMMARY ***
Total pot $12 | Rake $0.24
Board [3c 9d As]
Seat 3: printzfcm (button) (small blind) collected ($11.76)
Seat 4: TbIP-TbIP 88 (big blind) folded on the Flop


PokerStars Hand #156896526653:  Hold'em Limit ($3/$6 USD) - 2016/08/05 11:36:13 ET
Table 'Mancunia' 6-max Seat #4 is the button
Seat 3: printzfcm ($111.92 in chips)
Seat 4: TbIP-TbIP 88 ($116 in chips)
TbIP-TbIP 88: posts small blind $1
printzfcm: posts big blind $3
*** HOLE CARDS ***
TbIP-TbIP 88: folds
Uncalled bet ($2) returned to printzfcm
printzfcm collected $2 from pot
printzfcm: doesn't show hand
*** SUMMARY ***
Total pot $2 | Rake $0
Seat 3: printzfcm (big blind) collected ($2)
Seat 4: TbIP-TbIP 88 (button) (small blind) folded before Flop


PokerStars Hand #156896523865:  Hold'em Limit ($3/$6 USD) - 2016/08/05 11:36:08 ET
Table 'Mancunia' 6-max Seat #3 is the button
Seat 3: printzfcm ($112.92 in chips)
Seat 4: TbIP-TbIP 88 ($115 in chips)
printzfcm: posts small blind $1
TbIP-TbIP 88: posts big blind $3
*** HOLE CARDS ***
printzfcm: folds
Uncalled bet ($2) returned to TbIP-TbIP 88
TbIP-TbIP 88 collected $2 from pot
TbIP-TbIP 88: doesn't show hand
*** SUMMARY ***
Total pot $2 | Rake $0
Seat 3: printzfcm (button) (small blind) folded before Flop
Seat 4: TbIP-TbIP 88 (big blind) collected ($2)


PokerStars Hand #156896519134:  Hold'em Limit ($3/$6 USD) - 2016/08/05 11:36:00 ET
Table 'Mancunia' 6-max Seat #4 is the button
Seat 3: printzfcm ($115.92 in chips)
Seat 4: TbIP-TbIP 88 ($112 in chips)
TbIP-TbIP 88: posts small blind $1
printzfcm: posts big blind $3
*** HOLE CARDS ***
TbIP-TbIP 88: raises $3 to $6
printzfcm: folds
Uncalled bet ($3) returned to TbIP-TbIP 88
TbIP-TbIP 88 collected $6 from pot
TbIP-TbIP 88: doesn't show hand
*** SUMMARY ***
Total pot $6 | Rake $0
Seat 3: printzfcm (big blind) folded before Flop
Seat 4: TbIP-TbIP 88 (button) (small blind) collected ($6)


PokerStars Hand #156896515816:  Hold'em Limit ($3/$6 USD) - 2016/08/05 11:35:54 ET
Table 'Mancunia' 6-max Seat #3 is the button
Seat 3: printzfcm ($116.92 in chips)
Seat 4: TbIP-TbIP 88 ($111 in chips)
printzfcm: posts small blind $1
TbIP-TbIP 88: posts big blind $3
*** HOLE CARDS ***
printzfcm: folds
Uncalled bet ($2) returned to TbIP-TbIP 88
TbIP-TbIP 88 collected $2 from pot
TbIP-TbIP 88: doesn't show hand
*** SUMMARY ***
Total pot $2 | Rake $0
Seat 3: printzfcm (button) (small blind) folded before Flop
Seat 4: TbIP-TbIP 88 (big blind) collected ($2)


PokerStars Hand #156896511844:  Hold'em Limit ($3/$6 USD) - 2016/08/05 11:35:47 ET
Table 'Mancunia' 6-max Seat #4 is the button
Seat 3: printzfcm ($119.92 in chips)
Seat 4: TbIP-TbIP 88 ($108 in chips)
TbIP-TbIP 88: posts small blind $1
printzfcm: posts big blind $3
*** HOLE CARDS ***
TbIP-TbIP 88: raises $3 to $6
printzfcm: folds
Uncalled bet ($3) returned to TbIP-TbIP 88
TbIP-TbIP 88 collected $6 from pot
TbIP-TbIP 88: doesn't show hand
*** SUMMARY ***
Total pot $6 | Rake $0
Seat 3: printzfcm (big blind) folded before Flop
Seat 4: TbIP-TbIP 88 (button) (small blind) collected ($6)


PokerStars Hand #156896506908:  Hold'em Limit ($3/$6 USD) - 2016/08/05 11:35:39 ET
Table 'Mancunia' 6-max Seat #3 is the button
Seat 3: printzfcm ($116.92 in chips)
Seat 4: TbIP-TbIP 88 ($111 in chips)
printzfcm: posts small blind $1
TbIP-TbIP 88: posts big blind $3
*** HOLE CARDS ***
printzfcm: raises $3 to $6
TbIP-TbIP 88: folds
Uncalled bet ($3) returned to printzfcm
printzfcm collected $6 from pot
printzfcm: doesn't show hand
*** SUMMARY ***
Total pot $6 | Rake $0
Seat 3: printzfcm (button) (small blind) collected ($6)
Seat 4: TbIP-TbIP 88 (big blind) folded before Flop


PokerStars Hand #156896495399:  Hold'em Limit ($3/$6 USD) - 2016/08/05 11:35:19 ET
Table 'Mancunia' 6-max Seat #4 is the button
Seat 3: printzfcm ($137.92 in chips)
Seat 4: TbIP-TbIP 88 ($90.50 in chips)
TbIP-TbIP 88: posts small blind $1
printzfcm: posts big blind $3
*** HOLE CARDS ***
TbIP-TbIP 88: raises $3 to $6
printzfcm: raises $3 to $9
TbIP-TbIP 88: calls $3
*** FLOP *** [Ks 9h 4h]
printzfcm: checks
TbIP-TbIP 88: checks
*** TURN *** [Ks 9h 4h] [9s]
printzfcm: bets $6
TbIP-TbIP 88: calls $6
*** RIVER *** [Ks 9h 4h 9s] [Ts]
printzfcm: bets $6
TbIP-TbIP 88: raises $6 to $12
printzfcm: folds
Uncalled bet ($6) returned to TbIP-TbIP 88
TbIP-TbIP 88 collected $41.50 from pot
TbIP-TbIP 88: doesn't show hand
*** SUMMARY ***
Total pot $42 | Rake $0.50
Board [Ks 9h 4h 9s Ts]
Seat 3: printzfcm (big blind) folded on the River
Seat 4: TbIP-TbIP 88 (button) (small blind) collected ($41.50)


PokerStars Hand #156896555452:  Hold'em Limit ($3/$6 USD) - 2016/08/05 11:37:03 ET
Table 'Mancunia' 6-max Seat #4 is the button
Seat 3: printzfcm ($100.56 in chips)
Seat 4: TbIP-TbIP 88 ($126.50 in chips)
TbIP-TbIP 88: posts small blind $1
printzfcm: posts big blind $3
*** HOLE CARDS ***
TbIP-TbIP 88: raises $3 to $6
printzfcm: calls $3
*** FLOP *** [5d 9h 9d]
printzfcm: checks
TbIP-TbIP 88: bets $3
printzfcm: raises $3 to $6
TbIP-TbIP 88: calls $3
*** TURN *** [5d 9h 9d] [6c]
printzfcm: bets $6
TbIP-TbIP 88: folds
Uncalled bet ($6) returned to printzfcm
printzfcm collected $23.52 from pot
printzfcm: doesn't show hand
*** SUMMARY ***
Total pot $24 | Rake $0.48
Board [5d 9h 9d 6c]
Seat 3: printzfcm (big blind) collected ($23.52)
Seat 4: TbIP-TbIP 88 (button) (small blind) folded on the Turn


PokerStars Hand #156896552057:  Hold'em Limit ($3/$6 USD) - 2016/08/05 11:36:58 ET
Table 'Mancunia' 6-max Seat #3 is the button
Seat 3: printzfcm ($97.56 in chips)
Seat 4: TbIP-TbIP 88 ($129.50 in chips)
printzfcm: posts small blind $1
TbIP-TbIP 88: posts big blind $3
*** HOLE CARDS ***
printzfcm: raises $3 to $6
TbIP-TbIP 88: folds
Uncalled bet ($3) returned to printzfcm
printzfcm collected $6 from pot
printzfcm: doesn't show hand
*** SUMMARY ***
Total pot $6 | Rake $0
Seat 3: printzfcm (button) (small blind) collected ($6)
Seat 4: TbIP-TbIP 88 (big blind) folded before Flop


PokerStars Hand #156896541679:  Hold'em Limit ($3/$6 USD) - 2016/08/05 11:36:40 ET
Table 'Mancunia' 6-max Seat #4 is the button
Seat 3: printzfcm ($88.92 in chips)
Seat 4: TbIP-TbIP 88 ($138.50 in chips)
TbIP-TbIP 88: posts small blind $1
printzfcm: posts big blind $3
*** HOLE CARDS ***
TbIP-TbIP 88: raises $3 to $6
printzfcm: raises $3 to $9
TbIP-TbIP 88: calls $3
*** FLOP *** [2s 4h Qc]
printzfcm: checks
TbIP-TbIP 88: checks
*** TURN *** [2s 4h Qc] [Ac]
printzfcm: bets $6
TbIP-TbIP 88: folds
Uncalled bet ($6) returned to printzfcm
printzfcm collected $17.64 from pot
printzfcm: doesn't show hand
*** SUMMARY ***
Total pot $18 | Rake $0.36
Board [2s 4h Qc Ac]
Seat 3: printzfcm (big blind) collected ($17.64)
Seat 4: TbIP-TbIP 88 (button) (small blind) folded on the Turn


PokerStars Hand #156896529494:  Hold'em Limit ($3/$6 USD) - 2016/08/05 11:36:18 ET
Table 'Mancunia' 6-max Seat #3 is the button
Seat 3: printzfcm ($112.92 in chips)
Seat 4: TbIP-TbIP 88 ($115 in chips)
printzfcm: posts small blind $1
TbIP-TbIP 88: posts big blind $3
*** HOLE CARDS ***
printzfcm: calls $2
TbIP-TbIP 88: checks
*** FLOP *** [6d Jh 6c]
TbIP-TbIP 88: checks
printzfcm: bets $3
TbIP-TbIP 88: calls $3
*** TURN *** [6d Jh 6c] [Qs]
TbIP-TbIP 88: bets $6
printzfcm: raises $6 to $12
TbIP-TbIP 88: calls $6
*** RIVER *** [6d Jh 6c Qs] [3h]
TbIP-TbIP 88: bets $6
printzfcm: calls $6
*** SHOW DOWN ***
TbIP-TbIP 88: shows [9d 6h] (three of a kind, Sixes)
printzfcm: mucks hand
TbIP-TbIP 88 collected $47.50 from pot
*** SUMMARY ***
Total pot $48 | Rake $0.50
Board [6d Jh 6c Qs 3h]
Seat 3: printzfcm (button) (small blind) mucked
Seat 4: TbIP-TbIP 88 (big blind) showed [9d 6h] and won ($47.50) with three of a kind, Sixes


PokerStars Hand #156896569643:  Hold'em Limit ($3/$6 USD) - 2016/08/05 11:37:28 ET
Table 'Mancunia' 6-max Seat #3 is the button
Seat 3: printzfcm ($112.08 in chips)
Seat 4: TbIP-TbIP 88 ($114.50 in chips)
printzfcm: posts small blind $1
TbIP-TbIP 88: posts big blind $3
*** HOLE CARDS ***
printzfcm: raises $3 to $6
TbIP-TbIP 88: raises $3 to $9
printzfcm: raises $3 to $12
Betting is capped
TbIP-TbIP 88: calls $3
*** FLOP *** [Jc 9c 7c]
TbIP-TbIP 88: checks
printzfcm: bets $3
TbIP-TbIP 88: calls $3
*** TURN *** [Jc 9c 7c] [9s]
TbIP-TbIP 88: checks
printzfcm: bets $6
TbIP-TbIP 88: calls $6
*** RIVER *** [Jc 9c 7c 9s] [8c]
TbIP-TbIP 88: checks
printzfcm: bets $6
TbIP-TbIP 88: calls $6
*** SHOW DOWN ***
printzfcm: shows [Jh 9h] (a full house, Nines full of Jacks)
TbIP-TbIP 88: mucks hand
printzfcm collected $53.50 from pot
*** SUMMARY ***
Total pot $54 | Rake $0.50
Board [Jc 9c 7c 9s 8c]
Seat 3: printzfcm (button) (small blind) showed [Jh 9h] and won ($53.50) with a full house, Nines full of Jacks
Seat 4: TbIP-TbIP 88 (big blind) mucked


PokerStars Hand #156896621871:  Hold'em Limit ($3/$6 USD) - 2016/08/05 11:38:58 ET
Table 'Mancunia' 6-max Seat #3 is the button
Seat 3: printzfcm ($140.34 in chips)
Seat 4: TbIP-TbIP 88 ($85.50 in chips)
printzfcm: posts small blind $1
TbIP-TbIP 88: posts big blind $3
*** HOLE CARDS ***
printzfcm: raises $3 to $6
TbIP-TbIP 88: folds
Uncalled bet ($3) returned to printzfcm
printzfcm collected $6 from pot
printzfcm: doesn't show hand
*** SUMMARY ***
Total pot $6 | Rake $0
Seat 3: printzfcm (button) (small blind) collected ($6)
Seat 4: TbIP-TbIP 88 (big blind) folded before Flop


PokerStars Hand #156896614668:  Hold'em Limit ($3/$6 USD) - 2016/08/05 11:38:46 ET
Table 'Mancunia' 6-max Seat #4 is the button
Seat 3: printzfcm ($143.34 in chips)
Seat 4: TbIP-TbIP 88 ($82.50 in chips)
TbIP-TbIP 88: posts small blind $1
printzfcm: posts big blind $3
*** HOLE CARDS ***
TbIP-TbIP 88: raises $3 to $6
printzfcm: folds
Uncalled bet ($3) returned to TbIP-TbIP 88
TbIP-TbIP 88 collected $6 from pot
TbIP-TbIP 88: doesn't show hand
*** SUMMARY ***
Total pot $6 | Rake $0
Seat 3: printzfcm (big blind) folded before Flop
Seat 4: TbIP-TbIP 88 (button) (small blind) collected ($6)


PokerStars Hand #156896611872:  Hold'em Limit ($3/$6 USD) - 2016/08/05 11:38:41 ET
Table 'Mancunia' 6-max Seat #3 is the button
Seat 3: printzfcm ($144.34 in chips)
Seat 4: TbIP-TbIP 88 ($81.50 in chips)
printzfcm: posts small blind $1
TbIP-TbIP 88: posts big blind $3
*** HOLE CARDS ***
printzfcm: folds
Uncalled bet ($2) returned to TbIP-TbIP 88
TbIP-TbIP 88 collected $2 from pot
TbIP-TbIP 88: doesn't show hand
*** SUMMARY ***
Total pot $2 | Rake $0
Seat 3: printzfcm (button) (small blind) folded before Flop
Seat 4: TbIP-TbIP 88 (big blind) collected ($2)


PokerStars Hand #156896591852:  Hold'em Limit ($3/$6 USD) - 2016/08/05 11:38:07 ET
Table 'Mancunia' 6-max Seat #4 is the button
Seat 3: printzfcm ($138.58 in chips)
Seat 4: TbIP-TbIP 88 ($87.50 in chips)
TbIP-TbIP 88: posts small blind $1
printzfcm: posts big blind $3
*** HOLE CARDS ***
TbIP-TbIP 88: raises $3 to $6
printzfcm: calls $3
*** FLOP *** [4d 6d 8c]
printzfcm: checks
TbIP-TbIP 88: checks
*** TURN *** [4d 6d 8c] [5s]
printzfcm: bets $6
TbIP-TbIP 88: folds
Uncalled bet ($6) returned to printzfcm
printzfcm collected $11.76 from pot
printzfcm: doesn't show hand
*** SUMMARY ***
Total pot $12 | Rake $0.24
Board [4d 6d 8c 5s]
Seat 3: printzfcm (big blind) collected ($11.76)
Seat 4: TbIP-TbIP 88 (button) (small blind) folded on the Turn


PokerStars Hand #156896644344:  Hold'em Limit ($3/$6 USD) - 2016/08/05 11:39:37 ET
Table 'Mancunia' 6-max Seat #3 is the button
Seat 3: printzfcm ($128.34 in chips)
Seat 4: TbIP-TbIP 88 ($97 in chips)
printzfcm: posts small blind $1
TbIP-TbIP 88: posts big blind $3
*** HOLE CARDS ***
printzfcm: raises $3 to $6
TbIP-TbIP 88: calls $3
*** FLOP *** [8s 7s 5h]
TbIP-TbIP 88: checks
printzfcm: bets $3
TbIP-TbIP 88: calls $3
*** TURN *** [8s 7s 5h] [2s]
TbIP-TbIP 88: checks
printzfcm: bets $6
TbIP-TbIP 88: calls $6
*** RIVER *** [8s 7s 5h 2s] [Jh]
TbIP-TbIP 88: checks
printzfcm: bets $6
TbIP-TbIP 88: calls $6
*** SHOW DOWN ***
printzfcm: shows [9c 6c] (a straight, Five to Nine)
TbIP-TbIP 88: mucks hand
printzfcm collected $41.50 from pot
Kasinojunge* joins the table at seat #2
*** SUMMARY ***
Total pot $42 | Rake $0.50
Board [8s 7s 5h 2s Jh]
Seat 3: printzfcm (button) (small blind) showed [9c 6c] and won ($41.50) with a straight, Five to Nine
Seat 4: TbIP-TbIP 88 (big blind) mucked


PokerStars Hand #156896628416:  Hold'em Limit ($3/$6 USD) - 2016/08/05 11:39:09 ET
Table 'Mancunia' 6-max Seat #4 is the button
Seat 3: printzfcm ($143.34 in chips)
Seat 4: TbIP-TbIP 88 ($82.50 in chips)
TbIP-TbIP 88: posts small blind $1
printzfcm: posts big blind $3
*** HOLE CARDS ***
TbIP-TbIP 88: raises $3 to $6
printzfcm: calls $3
*** FLOP *** [Qs 5d 7d]
printzfcm: checks
TbIP-TbIP 88: bets $3
printzfcm: calls $3
*** TURN *** [Qs 5d 7d] [Kd]
printzfcm: checks
TbIP-TbIP 88: checks
*** RIVER *** [Qs 5d 7d Kd] [7c]
printzfcm: checks
TbIP-TbIP 88: bets $6
printzfcm: calls $6
*** SHOW DOWN ***
TbIP-TbIP 88: shows [6s 5s] (two pair, Sevens and Fives)
printzfcm: mucks hand
TbIP-TbIP 88 collected $29.50 from pot
*** SUMMARY ***
Total pot $30 | Rake $0.50
Board [Qs 5d 7d Kd 7c]
Seat 3: printzfcm (big blind) mucked
Seat 4: TbIP-TbIP 88 (button) (small blind) showed [6s 5s] and won ($29.50) with two pair, Sevens and Fives


PokerStars Hand #156896758952:  Hold'em Limit ($3/$6 USD) - 2016/08/05 11:42:54 ET
Table 'Mancunia' 6-max Seat #3 is the button
Seat 3: printzfcm ($112.76 in chips)
Seat 4: TbIP-TbIP 88 ($147.59 in chips)
printzfcm: posts small blind $1
TbIP-TbIP 88: posts big blind $3
*** HOLE CARDS ***
printzfcm: folds
Uncalled bet ($2) returned to TbIP-TbIP 88
TbIP-TbIP 88 collected $2 from pot
TbIP-TbIP 88: doesn't show hand
*** SUMMARY ***
Total pot $2 | Rake $0
Seat 3: printzfcm (button) (small blind) folded before Flop
Seat 4: TbIP-TbIP 88 (big blind) collected ($2)


PokerStars Hand #156896754587:  Hold'em Limit ($3/$6 USD) - 2016/08/05 11:42:47 ET
Table 'Mancunia' 6-max Seat #4 is the button
Seat 3: printzfcm ($111.76 in chips)
Seat 4: TbIP-TbIP 88 ($148.59 in chips)
TbIP-TbIP 88: posts small blind $1
printzfcm: posts big blind $3
*** HOLE CARDS ***
TbIP-TbIP 88: folds
Uncalled bet ($2) returned to printzfcm
Hannibal2211 joins the table at seat #5
printzfcm collected $2 from pot
printzfcm: doesn't show hand
Kasinojunge* leaves the table
*** SUMMARY ***
Total pot $2 | Rake $0
Seat 3: printzfcm (big blind) collected ($2)
Seat 4: TbIP-TbIP 88 (button) (small blind) folded before Flop


PokerStars Hand #156896903395:  Hold'em Limit ($3/$6 USD) - 2016/08/05 11:46:59 ET
Table 'Mancunia' 6-max Seat #3 is the button
Seat 3: printzfcm ($17.29 in chips)
Seat 5: Hannibal2211 ($87.25 in chips)
printzfcm: posts small blind $1
TbIP-TbIP 88: is sitting out
Hannibal2211: posts big blind $3
*** HOLE CARDS ***
printzfcm: folds
Uncalled bet ($2) returned to Hannibal2211
Hannibal2211 collected $2 from pot
*** SUMMARY ***
Total pot $2 | Rake $0
Seat 3: printzfcm (button) (small blind) folded before Flop
Seat 5: Hannibal2211 (big blind) collected ($2)


PokerStars Hand #156896906348:  Hold'em Limit ($3/$6 USD) - 2016/08/05 11:47:04 ET
Table 'Mancunia' 6-max Seat #5 is the button
Seat 3: printzfcm ($16.29 in chips)
Seat 5: Hannibal2211 ($88.25 in chips)
Hannibal2211: posts small blind $1
printzfcm: posts big blind $3
*** HOLE CARDS ***
Hannibal2211: raises $3 to $6
printzfcm: raises $3 to $9
Hannibal2211: calls $3
*** FLOP *** [8c Jh 2h]
printzfcm: bets $3
Hannibal2211: calls $3
*** TURN *** [8c Jh 2h] [6d]
printzfcm: bets $4.29 and is all-in
Hannibal2211: calls $4.29
*** RIVER *** [8c Jh 2h 6d] [7d]
*** SHOW DOWN ***
printzfcm: shows [Ad 8d] (a pair of Eights)
Hannibal2211: shows [Qs Th] (high card Queen)
printzfcm collected $32.08 from pot
*** SUMMARY ***
Total pot $32.58 | Rake $0.50
Board [8c Jh 2h 6d 7d]
Seat 3: printzfcm (big blind) showed [Ad 8d] and won ($32.08) with a pair of Eights
Seat 5: Hannibal2211 (button) (small blind) showed [Qs Th] and lost with high card Queen


PokerStars Hand #156896915326:  Hold'em Limit ($3/$6 USD) - 2016/08/05 11:47:19 ET
Table 'Mancunia' 6-max Seat #3 is the button
Seat 3: printzfcm ($32.08 in chips)
Seat 5: Hannibal2211 ($72 in chips)
printzfcm: posts small blind $1
Hannibal2211: posts big blind $3
*** HOLE CARDS ***
printzfcm: raises $3 to $6
Hannibal2211: calls $3
*** FLOP *** [7s 9d Kc]
Hannibal2211: checks
printzfcm: bets $3
Hannibal2211: raises $3 to $6
printzfcm: calls $3
*** TURN *** [7s 9d Kc] [Qd]
Hannibal2211: bets $6
printzfcm: calls $6
*** RIVER *** [7s 9d Kc Qd] [Ac]
Hannibal2211: bets $6
printzfcm: raises $6 to $12
Hannibal2211: calls $6
*** SHOW DOWN ***
printzfcm: shows [7c Ad] (two pair, Aces and Sevens)
Hannibal2211: mucks hand
printzfcm collected $59.50 from pot
*** SUMMARY ***
Total pot $60 | Rake $0.50
Board [7s 9d Kc Qd Ac]
Seat 3: printzfcm (button) (small blind) showed [7c Ad] and won ($59.50) with two pair, Aces and Sevens
Seat 5: Hannibal2211 (big blind) mucked


PokerStars Hand #156896926451:  Hold'em Limit ($3/$6 USD) - 2016/08/05 11:47:37 ET
Table 'Mancunia' 6-max Seat #5 is the button
Seat 3: printzfcm ($61.58 in chips)
Seat 5: Hannibal2211 ($72 in chips)
Hannibal2211: posts small blind $1
printzfcm: posts big blind $3
*** HOLE CARDS ***
Hannibal2211: raises $3 to $6
printzfcm: calls $3
*** FLOP *** [6c Js Qc]
printzfcm: checks
Hannibal2211: checks
*** TURN *** [6c Js Qc] [6h]
printzfcm: bets $6
Hannibal2211: calls $6
*** RIVER *** [6c Js Qc 6h] [5d]
printzfcm: bets $6
Hannibal2211: calls $6
*** SHOW DOWN ***
printzfcm: shows [3s Jc] (two pair, Jacks and Sixes)
Hannibal2211: mucks hand
printzfcm collected $35.50 from pot
*** SUMMARY ***
Total pot $36 | Rake $0.50
Board [6c Js Qc 6h 5d]
Seat 3: printzfcm (big blind) showed [3s Jc] and won ($35.50) with two pair, Jacks and Sixes
Seat 5: Hannibal2211 (button) (small blind) mucked


PokerStars Hand #156896935097:  Hold'em Limit ($3/$6 USD) - 2016/08/05 11:47:52 ET
Table 'Mancunia' 6-max Seat #3 is the button
Seat 3: printzfcm ($79.08 in chips)
Seat 5: Hannibal2211 ($72 in chips)
printzfcm: posts small blind $1
Hannibal2211: posts big blind $3
*** HOLE CARDS ***
printzfcm: calls $2
Hannibal2211: checks
*** FLOP *** [2h 4d 4s]
Hannibal2211: bets $3
printzfcm: raises $3 to $6
TbIP-TbIP 88 leaves the table
Hannibal2211: calls $3
*** TURN *** [2h 4d 4s] [Qd]
Hannibal2211: checks
printzfcm: bets $6
Hannibal2211: calls $6
*** RIVER *** [2h 4d 4s Qd] [7d]
Hannibal2211: checks
printzfcm: checks
*** SHOW DOWN ***
Hannibal2211: shows [2d 7c] (two pair, Sevens and Fours)
printzfcm: mucks hand
Hannibal2211 collected $29.50 from pot
*** SUMMARY ***
Total pot $30 | Rake $0.50
Board [2h 4d 4s Qd 7d]
Seat 3: printzfcm (button) (small blind) mucked
Seat 5: Hannibal2211 (big blind) showed [2d 7c] and won ($29.50) with two pair, Sevens and Fours


PokerStars Hand #156896943940:  Hold'em Limit ($3/$6 USD) - 2016/08/05 11:48:07 ET
Table 'Mancunia' 6-max Seat #5 is the button
Seat 3: printzfcm ($64.08 in chips)
Seat 5: Hannibal2211 ($86.50 in chips)
Hannibal2211: posts small blind $1
printzfcm: posts big blind $3
*** HOLE CARDS ***
Hannibal2211: raises $3 to $6
printzfcm: calls $3
*** FLOP *** [Kd Jh Ah]
printzfcm: checks
Hannibal2211: bets $3
printzfcm: calls $3
*** TURN *** [Kd Jh Ah] [9s]
printzfcm: checks
Hannibal2211: bets $6
printzfcm: folds
Uncalled bet ($6) returned to Hannibal2211
Hannibal2211 collected $17.64 from pot
*** SUMMARY ***
Total pot $18 | Rake $0.36
Board [Kd Jh Ah 9s]
Seat 3: printzfcm (big blind) folded on the Turn
Seat 5: Hannibal2211 (button) (small blind) collected ($17.64)


PokerStars Hand #156896951039:  Hold'em Limit ($3/$6 USD) - 2016/08/05 11:48:19 ET
Table 'Mancunia' 6-max Seat #3 is the button
Seat 3: printzfcm ($55.08 in chips)
Seat 5: Hannibal2211 ($95.14 in chips)
printzfcm: posts small blind $1
Hannibal2211: posts big blind $3
*** HOLE CARDS ***
printzfcm: raises $3 to $6
Hannibal2211: calls $3
*** FLOP *** [6c Ah 8d]
Hannibal2211: checks
printzfcm: bets $3
Hannibal2211: calls $3
*** TURN *** [6c Ah 8d] [Qs]
Hannibal2211: checks
printzfcm: checks
*** RIVER *** [6c Ah 8d Qs] [2h]
Hannibal2211: bets $6
printzfcm: folds
Uncalled bet ($6) returned to Hannibal2211
Hannibal2211 collected $17.64 from pot
*** SUMMARY ***
Total pot $18 | Rake $0.36
Board [6c Ah 8d Qs 2h]
Seat 3: printzfcm (button) (small blind) folded on the River
Seat 5: Hannibal2211 (big blind) collected ($17.64)


PokerStars Hand #156896970846:  Hold'em Limit ($3/$6 USD) - 2016/08/05 11:48:52 ET
Table 'Mancunia' 6-max Seat #3 is the button
Seat 3: printzfcm ($22.08 in chips)
Seat 5: Hannibal2211 ($127.28 in chips)
printzfcm: posts small blind $1
Hannibal2211: posts big blind $3
*** HOLE CARDS ***
printzfcm: folds
Uncalled bet ($2) returned to Hannibal2211
Hannibal2211 collected $2 from pot
*** SUMMARY ***
Total pot $2 | Rake $0
Seat 3: printzfcm (button) (small blind) folded before Flop
Seat 5: Hannibal2211 (big blind) collected ($2)


PokerStars Hand #156896958882:  Hold'em Limit ($3/$6 USD) - 2016/08/05 11:48:32 ET
Table 'Mancunia' 6-max Seat #5 is the button
Seat 3: printzfcm ($46.08 in chips)
Seat 5: Hannibal2211 ($103.78 in chips)
Hannibal2211: posts small blind $1
printzfcm: posts big blind $3
*** HOLE CARDS ***
Hannibal2211: raises $3 to $6
printzfcm: calls $3
*** FLOP *** [8d Td 6d]
printzfcm: checks
Hannibal2211: bets $3
iskambil joins the table at seat #1
printzfcm: raises $3 to $6
Hannibal2211: calls $3
*** TURN *** [8d Td 6d] [Kc]
printzfcm: checks
Hannibal2211: bets $6
printzfcm: calls $6
*** RIVER *** [8d Td 6d Kc] [9h]
printzfcm: bets $6
Hannibal2211: raises $6 to $12
printzfcm: folds
Uncalled bet ($6) returned to Hannibal2211
Hannibal2211 collected $47.50 from pot
*** SUMMARY ***
Total pot $48 | Rake $0.50
Board [8d Td 6d Kc 9h]
Seat 3: printzfcm (big blind) folded on the River
Seat 5: Hannibal2211 (button) (small blind) collected ($47.50)


PokerStars Hand #156898062108:  Hold'em Limit ($3/$6 USD) - 2016/08/05 12:19:59 ET
Table 'Mancunia' 6-max Seat #6 is the button
Seat 5: Hannibal2211 ($106.30 in chips)
Seat 6: SALZHERZ ($52.36 in chips)
SALZHERZ: posts small blind $1
Airbag999: is sitting out
Hannibal2211: posts big blind $3
*** HOLE CARDS ***
SALZHERZ: raises $3 to $6
Hannibal2211: calls $3
*** FLOP *** [8c Ks 8h]
Hannibal2211: checks
SALZHERZ: bets $3
Hannibal2211: folds
Uncalled bet ($3) returned to SALZHERZ
SALZHERZ collected $11.76 from pot
SALZHERZ: doesn't show hand
*** SUMMARY ***
Total pot $12 | Rake $0.24
Board [8c Ks 8h]
Seat 5: Hannibal2211 (big blind) folded on the Flop
Seat 6: SALZHERZ (button) (small blind) collected ($11.76)


PokerStars Hand #156898074103:  Hold'em Limit ($3/$6 USD) - 2016/08/05 12:20:19 ET
Table 'Mancunia' 6-max Seat #5 is the button
Seat 5: Hannibal2211 ($100.30 in chips)
Seat 6: SALZHERZ ($58.12 in chips)
Hannibal2211: posts small blind $1
SALZHERZ: posts big blind $3
*** HOLE CARDS ***
Hannibal2211: raises $3 to $6
SALZHERZ: calls $3
*** FLOP *** [8h 2s 7s]
SALZHERZ: checks
Hannibal2211: checks
*** TURN *** [8h 2s 7s] [8c]
SALZHERZ: checks
Hannibal2211: checks
*** RIVER *** [8h 2s 7s 8c] [Jc]
SALZHERZ: checks
Hannibal2211: bets $6
SALZHERZ: folds
Uncalled bet ($6) returned to Hannibal2211
Hannibal2211 collected $11.76 from pot
*** SUMMARY ***
Total pot $12 | Rake $0.24
Board [8h 2s 7s 8c Jc]
Seat 5: Hannibal2211 (button) (small blind) collected ($11.76)
Seat 6: SALZHERZ (big blind) folded on the River


PokerStars Hand #156898086702:  Hold'em Limit ($3/$6 USD) - 2016/08/05 12:20:40 ET
Table 'Mancunia' 6-max Seat #6 is the button
Seat 5: Hannibal2211 ($106.06 in chips)
Seat 6: SALZHERZ ($52.12 in chips)
SALZHERZ: posts small blind $1
Hannibal2211: posts big blind $3
*** HOLE CARDS ***
SALZHERZ: raises $3 to $6
Hannibal2211: calls $3
*** FLOP *** [4d 7c 3d]
Hannibal2211: checks
SALZHERZ: bets $3
Hannibal2211: raises $3 to $6
SALZHERZ: calls $3
*** TURN *** [4d 7c 3d] [3h]
Hannibal2211: bets $6
SALZHERZ: calls $6
*** RIVER *** [4d 7c 3d 3h] [9d]
Hannibal2211: checks
SALZHERZ: checks
*** SHOW DOWN ***
Hannibal2211: shows [5d 4h] (two pair, Fours and Threes)
SALZHERZ: mucks hand
Hannibal2211 collected $35.50 from pot
*** SUMMARY ***
Total pot $36 | Rake $0.50
Board [4d 7c 3d 3h 9d]
Seat 5: Hannibal2211 (big blind) showed [5d 4h] and won ($35.50) with two pair, Fours and Threes
Seat 6: SALZHERZ (button) (small blind) mucked


PokerStars Hand #156898102479:  Hold'em Limit ($3/$6 USD) - 2016/08/05 12:21:06 ET
Table 'Mancunia' 6-max Seat #5 is the button
Seat 5: Hannibal2211 ($123.56 in chips)
Seat 6: SALZHERZ ($34.12 in chips)
Hannibal2211: posts small blind $1
SALZHERZ: posts big blind $3
*** HOLE CARDS ***
Hannibal2211: raises $3 to $6
SALZHERZ: calls $3
*** FLOP *** [2d 7c 7h]
SALZHERZ: checks
Great_Kang leaves the table
Hannibal2211: bets $3
SALZHERZ: folds
Uncalled bet ($3) returned to Hannibal2211
Hannibal2211 collected $11.76 from pot
*** SUMMARY ***
Total pot $12 | Rake $0.24
Board [2d 7c 7h]
Seat 5: Hannibal2211 (button) (small blind) collected ($11.76)
Seat 6: SALZHERZ (big blind) folded on the Flop


