PokerStars Hand #150611946880:  Hold'em Limit ($3/$6 USD) - 2016/03/19 16:52:26 ET
Table 'Mancunia II' 6-max Seat #4 is the button
Seat 2: mambofox888 ($433.19 in chips)
Seat 4: FHstyles ($77.50 in chips)
FHstyles: posts small blind $1
mambofox888: posts big blind $3
*** HOLE CARDS ***
FHstyles: raises $3 to $6
mambofox888: calls $3
*** FLOP *** [Ad 7s Qd]
mambofox888: bets $3
FHstyles: folds
Uncalled bet ($3) returned to mambofox888
mambofox888 collected $11.76 from pot
mambofox888: doesn't show hand
*** SUMMARY ***
Total pot $12 | Rake $0.24
Board [Ad 7s Qd]
Seat 2: mambofox888 (big blind) collected ($11.76)
Seat 4: FHstyles (button) (small blind) folded on the Flop


PokerStars Hand #150611975849:  Hold'em Limit ($3/$6 USD) - 2016/03/19 16:52:52 ET
Table 'Mancunia II' 6-max Seat #4 is the button
Seat 2: mambofox888 ($441.83 in chips)
Seat 4: FHstyles ($68.50 in chips)
FHstyles: posts small blind $1
mambofox888: posts big blind $3
*** HOLE CARDS ***
FHstyles: raises $3 to $6
mambofox888: calls $3
*** FLOP *** [7s 7d 7h]
mambofox888: checks
FHstyles: bets $3
mambofox888: calls $3
*** TURN *** [7s 7d 7h] [2d]
mambofox888: checks
FHstyles: bets $6
mambofox888: raises $6 to $12
FHstyles: calls $6
*** RIVER *** [7s 7d 7h 2d] [3d]
mambofox888: bets $6
FHstyles: folds
Uncalled bet ($6) returned to mambofox888
mambofox888 collected $41.50 from pot
mambofox888: doesn't show hand
*** SUMMARY ***
Total pot $42 | Rake $0.50
Board [7s 7d 7h 2d 3d]
Seat 2: mambofox888 (big blind) collected ($41.50)
Seat 4: FHstyles (button) (small blind) folded on the River


PokerStars Hand #150611997474:  Hold'em Limit ($3/$6 USD) - 2016/03/19 16:53:11 ET
Table 'Mancunia II' 6-max Seat #2 is the button
Seat 2: mambofox888 ($462.33 in chips)
Seat 4: FHstyles ($107.50 in chips)
mambofox888: posts small blind $1
FHstyles: posts big blind $3
*** HOLE CARDS ***
mambofox888: calls $2
FHstyles: checks
*** FLOP *** [3d 7s 8d]
FHstyles: checks
mambofox888: checks
*** TURN *** [3d 7s 8d] [Jc]
FHstyles: checks
mambofox888: bets $6
FHstyles: folds
Uncalled bet ($6) returned to mambofox888
BasilAnochin joins the table at seat #5
mambofox888 collected $5.88 from pot
*** SUMMARY ***
Total pot $6 | Rake $0.12
Board [3d 7s 8d Jc]
Seat 2: mambofox888 (button) (small blind) collected ($5.88)
Seat 4: FHstyles (big blind) folded on the Turn


PokerStars Hand #150611960480:  Hold'em Limit ($3/$6 USD) - 2016/03/19 16:52:38 ET
Table 'Mancunia II' 6-max Seat #2 is the button
Seat 2: mambofox888 ($438.95 in chips)
Seat 4: FHstyles ($71.50 in chips)
mambofox888: posts small blind $1
FHstyles: posts big blind $3
*** HOLE CARDS ***
mambofox888: calls $2
FHstyles: checks
*** FLOP *** [Jc Qh Td]
FHstyles: checks
mambofox888: checks
*** TURN *** [Jc Qh Td] [9c]
FHstyles: checks
mambofox888: bets $6
FHstyles: folds
Uncalled bet ($6) returned to mambofox888
mambofox888 collected $5.88 from pot
mambofox888: doesn't show hand
*** SUMMARY ***
Total pot $6 | Rake $0.12
Board [Jc Qh Td 9c]
Seat 2: mambofox888 (button) (small blind) collected ($5.88)
Seat 4: FHstyles (big blind) folded on the Turn


PokerStars Hand #150612082394:  Hold'em Limit ($3/$6 USD) - 2016/03/19 16:54:29 ET
Table 'Mancunia II' 6-max Seat #4 is the button
Seat 2: mambofox888 ($471.64 in chips)
Seat 4: FHstyles ($73.50 in chips)
FHstyles: posts small blind $1
mambofox888: posts big blind $3
*** HOLE CARDS ***
FHstyles: raises $3 to $6
mambofox888: calls $3
*** FLOP *** [3s 8h 8c]
mambofox888: checks
FHstyles: bets $3
mambofox888: calls $3
*** TURN *** [3s 8h 8c] [9c]
mambofox888: checks
FHstyles: checks
*** RIVER *** [3s 8h 8c 9c] [Js]
mambofox888: bets $6
FHstyles: folds
Uncalled bet ($6) returned to mambofox888
mambofox888 collected $17.64 from pot
*** SUMMARY ***
Total pot $18 | Rake $0.36
Board [3s 8h 8c 9c Js]
Seat 2: mambofox888 (big blind) collected ($17.64)
Seat 4: FHstyles (button) (small blind) folded on the River


PokerStars Hand #150612113639:  Hold'em Limit ($3/$6 USD) - 2016/03/19 16:54:59 ET
Table 'Mancunia II' 6-max Seat #4 is the button
Seat 2: mambofox888 ($474.28 in chips)
Seat 4: FHstyles ($70.26 in chips)
FHstyles: posts small blind $1
mambofox888: posts big blind $3
*** HOLE CARDS ***
FHstyles: raises $3 to $6
mambofox888: folds
Uncalled bet ($3) returned to FHstyles
FHstyles collected $6 from pot
FHstyles: doesn't show hand
*** SUMMARY ***
Total pot $6 | Rake $0
Seat 2: mambofox888 (big blind) folded before Flop
Seat 4: FHstyles (button) (small blind) collected ($6)


PokerStars Hand #150612099751:  Hold'em Limit ($3/$6 USD) - 2016/03/19 16:54:46 ET
Table 'Mancunia II' 6-max Seat #2 is the button
Seat 2: mambofox888 ($480.28 in chips)
Seat 4: FHstyles ($64.50 in chips)
mambofox888: posts small blind $1
FHstyles: posts big blind $3
*** HOLE CARDS ***
mambofox888: calls $2
FHstyles: raises $3 to $6
mambofox888: calls $3
*** FLOP *** [Ks 5d 5h]
FHstyles: checks
mambofox888: checks
*** TURN *** [Ks 5d 5h] [2c]
FHstyles: bets $6
mambofox888: folds
Uncalled bet ($6) returned to FHstyles
FHstyles collected $11.76 from pot
FHstyles: doesn't show hand
*** SUMMARY ***
Total pot $12 | Rake $0.24
Board [Ks 5d 5h 2c]
Seat 2: mambofox888 (button) (small blind) folded on the Turn
Seat 4: FHstyles (big blind) collected ($11.76)


PokerStars Hand #150612140015:  Hold'em Limit ($3/$6 USD) - 2016/03/19 16:55:28 ET
Table 'Mancunia II' 6-max Seat #4 is the button
Seat 2: mambofox888 ($477.04 in chips)
Seat 4: FHstyles ($67.26 in chips)
FHstyles: posts small blind $1
mambofox888: posts big blind $3
*** HOLE CARDS ***
FHstyles: raises $3 to $6
mambofox888: folds
Uncalled bet ($3) returned to FHstyles
FHstyles collected $6 from pot
FHstyles: doesn't show hand
xuiloman joins the table at seat #3
*** SUMMARY ***
Total pot $6 | Rake $0
Seat 2: mambofox888 (big blind) folded before Flop
Seat 4: FHstyles (button) (small blind) collected ($6)


PokerStars Hand #150612119468:  Hold'em Limit ($3/$6 USD) - 2016/03/19 16:55:05 ET
Table 'Mancunia II' 6-max Seat #2 is the button
Seat 2: mambofox888 ($471.28 in chips)
Seat 4: FHstyles ($73.26 in chips)
mambofox888: posts small blind $1
FHstyles: posts big blind $3
*** HOLE CARDS ***
mambofox888: raises $3 to $6
FHstyles: calls $3
*** FLOP *** [7s 9d 4c]
FHstyles: checks
mambofox888: checks
*** TURN *** [7s 9d 4c] [Jc]
FHstyles: checks
mambofox888: checks
*** RIVER *** [7s 9d 4c Jc] [7c]
FHstyles: checks
mambofox888: checks
*** SHOW DOWN ***
FHstyles: shows [5c Td] (a pair of Sevens)
mambofox888: shows [6s Qs] (a pair of Sevens - Queen kicker)
mambofox888 collected $11.76 from pot
*** SUMMARY ***
Total pot $12 | Rake $0.24
Board [7s 9d 4c Jc 7c]
Seat 2: mambofox888 (button) (small blind) showed [6s Qs] and won ($11.76) with a pair of Sevens
Seat 4: FHstyles (big blind) showed [5c Td] and lost with a pair of Sevens


PokerStars Hand #150614008485:  Hold'em Limit ($3/$6 USD) - 2016/03/19 17:27:21 ET
Table 'Mancunia II' 6-max Seat #5 is the button
Seat 4: FHstyles ($93.19 in chips)
Seat 5: Chessnok ($69.46 in chips)
Chessnok: posts small blind $1
SmellyToes4u: is sitting out
FHstyles: posts big blind $3
*** HOLE CARDS ***
Chessnok: raises $3 to $6
FHstyles: raises $3 to $9
Chessnok: calls $3
*** FLOP *** [6d 6c 2c]
FHstyles: bets $3
SmellyToes4u leaves the table
Chessnok: folds
Uncalled bet ($3) returned to FHstyles
FHstyles collected $17.64 from pot
FHstyles: doesn't show hand
*** SUMMARY ***
Total pot $18 | Rake $0.36
Board [6d 6c 2c]
Seat 4: FHstyles (big blind) collected ($17.64)
Seat 5: Chessnok (button) (small blind) folded on the Flop


PokerStars Hand #150615248593:  Hold'em Limit ($3/$6 USD) - 2016/03/19 17:47:47 ET
Table 'Mancunia II' 6-max Seat #3 is the button
Seat 3: Agniosius ($220.96 in chips)
Seat 6: Grieserix ($120 in chips)
Agniosius: posts small blind $1
pogi74 joins the table at seat #5
pebblehouse7 joins the table at seat #2
FHstyles: is sitting out
FHstyles leaves the table
Grieserix: posts big blind $3
*** HOLE CARDS ***
Agniosius: raises $3 to $6
Grieserix: calls $3
*** FLOP *** [5s 7h Th]
Grieserix: checks
Agniosius: bets $3
Grieserix: calls $3
*** TURN *** [5s 7h Th] [7c]
Grieserix: checks
Agniosius: bets $6
Grieserix: calls $6
*** RIVER *** [5s 7h Th 7c] [2s]
Grieserix: bets $6
Agniosius: raises $6 to $12
Grieserix: raises $6 to $18
Agniosius: raises $6 to $24
Betting is capped
Grieserix: calls $6
*** SHOW DOWN ***
Agniosius: shows [9h 7s] (three of a kind, Sevens)
Grieserix: shows [2d 7d] (a full house, Sevens full of Deuces)
Grieserix collected $77.50 from pot
fourthtry joins the table at seat #4
*** SUMMARY ***
Total pot $78 | Rake $0.50
Board [5s 7h Th 7c 2s]
Seat 3: Agniosius (button) (small blind) showed [9h 7s] and lost with three of a kind, Sevens
Seat 6: Grieserix (big blind) showed [2d 7d] and won ($77.50) with a full house, Sevens full of Deuces


PokerStars Hand #150616231476:  Hold'em Limit ($3/$6 USD) - 2016/03/19 18:06:06 ET
Table 'Mancunia II' 6-max Seat #1 is the button
Seat 1: Chessnok ($124.09 in chips)
Seat 3: Agniosius ($227.81 in chips)
Chessnok: posts small blind $1
Agniosius: posts big blind $3
*** HOLE CARDS ***
Chessnok: raises $3 to $6
Agniosius: raises $3 to $9
Chessnok: calls $3
*** FLOP *** [5h Kd 2s]
Agniosius: bets $3
Chessnok: calls $3
*** TURN *** [5h Kd 2s] [Qs]
Agniosius: bets $6
Chessnok: raises $6 to $12
Agniosius: calls $6
*** RIVER *** [5h Kd 2s Qs] [Jc]
Agniosius: checks
Chessnok: bets $6
Agniosius: calls $6
*** SHOW DOWN ***
Chessnok: shows [Ks Th] (a pair of Kings)
Agniosius: mucks hand
Chessnok collected $59.50 from pot
*** SUMMARY ***
Total pot $60 | Rake $0.50
Board [5h Kd 2s Qs Jc]
Seat 1: Chessnok (button) (small blind) showed [Ks Th] and won ($59.50) with a pair of Kings
Seat 3: Agniosius (big blind) mucked


PokerStars Hand #150616264006:  Hold'em Limit ($3/$6 USD) - 2016/03/19 18:06:39 ET
Table 'Mancunia II' 6-max Seat #3 is the button
Seat 1: Chessnok ($153.59 in chips)
Seat 3: Agniosius ($197.81 in chips)
Agniosius: posts small blind $1
Chessnok: posts big blind $3
*** HOLE CARDS ***
Agniosius: raises $3 to $6
Chessnok: calls $3
*** FLOP *** [7c Jc Kc]
Chessnok: checks
Agniosius: bets $3
Chessnok: calls $3
*** TURN *** [7c Jc Kc] [Td]
Chessnok: checks
Agniosius: bets $6
Chessnok: calls $6
*** RIVER *** [7c Jc Kc Td] [Ad]
Chessnok: checks
Agniosius: checks
*** SHOW DOWN ***
Chessnok: shows [Ts 9h] (a pair of Tens)
Agniosius: shows [2h Kh] (a pair of Kings)
Agniosius collected $29.50 from pot
*** SUMMARY ***
Total pot $30 | Rake $0.50
Board [7c Jc Kc Td Ad]
Seat 1: Chessnok (big blind) showed [Ts 9h] and lost with a pair of Tens
Seat 3: Agniosius (button) (small blind) showed [2h Kh] and won ($29.50) with a pair of Kings


PokerStars Hand #150616294155:  Hold'em Limit ($3/$6 USD) - 2016/03/19 18:07:09 ET
Table 'Mancunia II' 6-max Seat #1 is the button
Seat 1: Chessnok ($134.59 in chips)
Seat 3: Agniosius ($216.31 in chips)
Chessnok: posts small blind $1
Agniosius: posts big blind $3
*** HOLE CARDS ***
Chessnok: raises $3 to $6
Agniosius: raises $3 to $9
Chessnok: calls $3
*** FLOP *** [Js 7c 8d]
Agniosius: bets $3
Chessnok: calls $3
*** TURN *** [Js 7c 8d] [5d]
Agniosius: bets $6
Chessnok: calls $6
*** RIVER *** [Js 7c 8d 5d] [2d]
Agniosius: bets $6
Chessnok: calls $6
*** SHOW DOWN ***
Agniosius: shows [8h As] (a pair of Eights)
Chessnok: mucks hand
Agniosius collected $47.50 from pot
*** SUMMARY ***
Total pot $48 | Rake $0.50
Board [Js 7c 8d 5d 2d]
Seat 1: Chessnok (button) (small blind) mucked
Seat 3: Agniosius (big blind) showed [8h As] and won ($47.50) with a pair of Eights


PokerStars Hand #150616314420:  Hold'em Limit ($3/$6 USD) - 2016/03/19 18:07:30 ET
Table 'Mancunia II' 6-max Seat #3 is the button
Seat 1: Chessnok ($110.59 in chips)
Seat 3: Agniosius ($239.81 in chips)
Agniosius: posts small blind $1
Chessnok: posts big blind $3
*** HOLE CARDS ***
Agniosius: calls $2
Chessnok: raises $3 to $6
Agniosius: calls $3
*** FLOP *** [Qh 5s 2c]
Chessnok: bets $3
Agniosius: raises $3 to $6
Chessnok: calls $3
*** TURN *** [Qh 5s 2c] [Ts]
Chessnok: checks
Agniosius: bets $6
Chessnok: calls $6
*** RIVER *** [Qh 5s 2c Ts] [2h]
Chessnok: checks
Agniosius: bets $6
DR RUBICON joins the table at seat #4
Chessnok: calls $6
*** SHOW DOWN ***
Agniosius: shows [5d 4h] (two pair, Fives and Deuces)
Chessnok: shows [5c Kc] (two pair, Fives and Deuces - King kicker)
Chessnok collected $47.50 from pot
*** SUMMARY ***
Total pot $48 | Rake $0.50
Board [Qh 5s 2c Ts 2h]
Seat 1: Chessnok (big blind) showed [5c Kc] and won ($47.50) with two pair, Fives and Deuces
Seat 3: Agniosius (button) (small blind) showed [5d 4h] and lost with two pair, Fives and Deuces


PokerStars Hand #150616288068:  Hold'em Limit ($3/$6 USD) - 2016/03/19 18:07:03 ET
Table 'Mancunia II' 6-max Seat #3 is the button
Seat 1: Chessnok ($137.59 in chips)
Seat 3: Agniosius ($213.31 in chips)
Agniosius: posts small blind $1
Chessnok: posts big blind $3
*** HOLE CARDS ***
Agniosius: raises $3 to $6
Chessnok: folds
Uncalled bet ($3) returned to Agniosius
Agniosius collected $6 from pot
Agniosius: doesn't show hand
*** SUMMARY ***
Total pot $6 | Rake $0
Seat 1: Chessnok (big blind) folded before Flop
Seat 3: Agniosius (button) (small blind) collected ($6)


PokerStars Hand #150616283257:  Hold'em Limit ($3/$6 USD) - 2016/03/19 18:06:58 ET
Table 'Mancunia II' 6-max Seat #1 is the button
Seat 1: Chessnok ($138.59 in chips)
Seat 3: Agniosius ($212.31 in chips)
Chessnok: posts small blind $1
Agniosius: posts big blind $3
*** HOLE CARDS ***
Chessnok: folds
Uncalled bet ($2) returned to Agniosius
Agniosius collected $2 from pot
Agniosius: doesn't show hand
*** SUMMARY ***
Total pot $2 | Rake $0
Seat 1: Chessnok (button) (small blind) folded before Flop
Seat 3: Agniosius (big blind) collected ($2)


PokerStars Hand #150616334118:  Hold'em Limit ($3/$6 USD) - 2016/03/19 18:07:50 ET
Table 'Mancunia II' 6-max Seat #1 is the button
Seat 1: Chessnok ($134.09 in chips)
Seat 3: Agniosius ($215.81 in chips)
Chessnok: posts small blind $1
Agniosius: posts big blind $3
*** HOLE CARDS ***
Chessnok: raises $3 to $6
Agniosius: calls $3
*** FLOP *** [8s 5h 4d]
Agniosius: checks
Chessnok: bets $3
Agniosius: calls $3
*** TURN *** [8s 5h 4d] [Ts]
Agniosius: checks
Chessnok: bets $6
Agniosius: raises $6 to $12
Chessnok: raises $6 to $18
Agniosius: calls $6
*** RIVER *** [8s 5h 4d Ts] [2c]
Agniosius: checks
Chessnok: bets $6
Agniosius: calls $6
*** SHOW DOWN ***
Chessnok: shows [7d 9h] (high card Ten)
Agniosius: shows [8d 7c] (a pair of Eights)
Agniosius collected $65.50 from pot
*** SUMMARY ***
Total pot $66 | Rake $0.50
Board [8s 5h 4d Ts 2c]
Seat 1: Chessnok (button) (small blind) showed [7d 9h] and lost with high card Ten
Seat 3: Agniosius (big blind) showed [8d 7c] and won ($65.50) with a pair of Eights


