PokerStars Hand #165943096424:  Hold'em Limit ($3/$6 USD) - 2017/02/09 13:19:42 ET
Table 'Mandeville II' 6-max Seat #6 is the button
Seat 1: vestimokrec ($120 in chips)
Seat 6: Pepperlina ($120 in chips)
Pepperlina: posts small blind $1
vestimokrec: posts big blind $3
*** HOLE CARDS ***
Pepperlina: raises $3 to $6
vestimokrec: calls $3
*** FLOP *** [Ad 8s 5d]
vestimokrec: checks
Pepperlina: bets $3
vestimokrec: calls $3
*** TURN *** [Ad 8s 5d] [3s]
vestimokrec: checks
Pepperlina: bets $6
vestimokrec: calls $6
*** RIVER *** [Ad 8s 5d 3s] [Jh]
vestimokrec: checks
Pepperlina: bets $6
vestimokrec: folds
Uncalled bet ($6) returned to Pepperlina
Pepperlina collected $29.50 from pot
Pepperlina: doesn't show hand
*** SUMMARY ***
Total pot $30 | Rake $0.50
Board [Ad 8s 5d 3s Jh]
Seat 1: vestimokrec (big blind) folded on the River
Seat 6: Pepperlina (button) (small blind) collected ($29.50)


PokerStars Hand #165943165511:  Hold'em Limit ($3/$6 USD) - 2017/02/09 13:20:56 ET
Table 'Mandeville II' 6-max Seat #1 is the button
Seat 1: vestimokrec ($105 in chips)
Seat 6: Pepperlina ($134.50 in chips)
vestimokrec: posts small blind $1
Pepperlina: posts big blind $3
*** HOLE CARDS ***
vestimokrec: raises $3 to $6
Pepperlina: calls $3
*** FLOP *** [Ah Jh 7h]
Pepperlina: checks
Faqquer joins the table at seat #2
vestimokrec: bets $3
Pepperlina: raises $3 to $6
vestimokrec: calls $3
*** TURN *** [Ah Jh 7h] [6s]
Pepperlina: bets $6
vestimokrec: calls $6
*** RIVER *** [Ah Jh 7h 6s] [6c]
Pepperlina: bets $6
vestimokrec: folds
Uncalled bet ($6) returned to Pepperlina
Pepperlina collected $35.50 from pot
Pepperlina: doesn't show hand
*** SUMMARY ***
Total pot $36 | Rake $0.50
Board [Ah Jh 7h 6s 6c]
Seat 1: vestimokrec (button) (small blind) folded on the River
Seat 6: Pepperlina (big blind) collected ($35.50)


PokerStars Hand #165943221140:  Hold'em Limit ($3/$6 USD) - 2017/02/09 13:21:56 ET
Table 'Mandeville II' 6-max Seat #6 is the button
Seat 1: vestimokrec ($87 in chips)
Seat 6: Pepperlina ($152 in chips)
Pepperlina: posts small blind $1
vestimokrec: posts big blind $3
*** HOLE CARDS ***
Pepperlina: raises $3 to $6
vestimokrec: calls $3
*** FLOP *** [As 6s 6d]
vestimokrec: checks
Pepperlina: bets $3
vestimokrec: raises $3 to $6
Pepperlina: folds
Uncalled bet ($3) returned to vestimokrec
vestimokrec collected $17.64 from pot
vestimokrec: doesn't show hand
*** SUMMARY ***
Total pot $18 | Rake $0.36
Board [As 6s 6d]
Seat 1: vestimokrec (big blind) collected ($17.64)
Seat 6: Pepperlina (button) (small blind) folded on the Flop


PokerStars Hand #165943333576:  Hold'em Limit ($3/$6 USD) - 2017/02/09 13:23:46 ET
Table 'Mandeville II' 6-max Seat #6 is the button
Seat 1: vestimokrec ($87.64 in chips)
Seat 6: Pepperlina ($154.19 in chips)
Pepperlina: posts small blind $1
vestimokrec: posts big blind $3
*** HOLE CARDS ***
Pepperlina: raises $3 to $6
vestimokrec: calls $3
*** FLOP *** [Jh 4d 8c]
vestimokrec: checks
Pepperlina: bets $3
vestimokrec: folds
Uncalled bet ($3) returned to Pepperlina
Pepperlina collected $11.76 from pot
Pepperlina: doesn't show hand
*** SUMMARY ***
Total pot $12 | Rake $0.24
Board [Jh 4d 8c]
Seat 1: vestimokrec (big blind) folded on the Flop
Seat 6: Pepperlina (button) (small blind) collected ($11.76)


PokerStars Hand #165943324595:  Hold'em Limit ($3/$6 USD) - 2017/02/09 13:23:36 ET
Table 'Mandeville II' 6-max Seat #1 is the button
Seat 1: vestimokrec ($84.64 in chips)
Seat 6: Pepperlina ($157.19 in chips)
vestimokrec: posts small blind $1
Pepperlina: posts big blind $3
*** HOLE CARDS ***
vestimokrec: raises $3 to $6
Pepperlina: folds
Uncalled bet ($3) returned to vestimokrec
vestimokrec collected $6 from pot
vestimokrec: doesn't show hand
*** SUMMARY ***
Total pot $6 | Rake $0
Seat 1: vestimokrec (button) (small blind) collected ($6)
Seat 6: Pepperlina (big blind) folded before Flop


PokerStars Hand #165943367629:  Hold'em Limit ($3/$6 USD) - 2017/02/09 13:24:22 ET
Table 'Mandeville II' 6-max Seat #6 is the button
Seat 1: vestimokrec ($87.40 in chips)
Seat 6: Pepperlina ($153.95 in chips)
Pepperlina: posts small blind $1
vestimokrec: posts big blind $3
*** HOLE CARDS ***
Pepperlina: raises $3 to $6
vestimokrec: folds
Uncalled bet ($3) returned to Pepperlina
Pepperlina collected $6 from pot
Pepperlina: doesn't show hand
*** SUMMARY ***
Total pot $6 | Rake $0
Seat 1: vestimokrec (big blind) folded before Flop
Seat 6: Pepperlina (button) (small blind) collected ($6)


PokerStars Hand #165943346726:  Hold'em Limit ($3/$6 USD) - 2017/02/09 13:24:00 ET
Table 'Mandeville II' 6-max Seat #1 is the button
Seat 1: vestimokrec ($81.64 in chips)
Seat 6: Pepperlina ($159.95 in chips)
vestimokrec: posts small blind $1
Pepperlina: posts big blind $3
*** HOLE CARDS ***
vestimokrec: raises $3 to $6
Pepperlina: calls $3
*** FLOP *** [Td 7s Ad]
Pepperlina: checks
vestimokrec: bets $3
Pepperlina: folds
Uncalled bet ($3) returned to vestimokrec
vestimokrec collected $11.76 from pot
vestimokrec: doesn't show hand
*** SUMMARY ***
Total pot $12 | Rake $0.24
Board [Td 7s Ad]
Seat 1: vestimokrec (button) (small blind) collected ($11.76)
Seat 6: Pepperlina (big blind) folded on the Flop


PokerStars Hand #165946821794:  Hold'em Limit ($3/$6 USD) - 2017/02/09 14:25:47 ET
Table 'Mandeville II' 6-max Seat #1 is the button
Seat 1: tttzzz ($196.18 in chips)
Seat 4: ABATAPP ($118.16 in chips)
tttzzz: posts small blind $1
pompier40: is sitting out
ABATAPP: posts big blind $3
*** HOLE CARDS ***
pompier40 leaves the table
tttzzz: folds
Uncalled bet ($2) returned to ABATAPP
ABATAPP collected $2 from pot
ABATAPP: doesn't show hand
*** SUMMARY ***
Total pot $2 | Rake $0
Seat 1: tttzzz (button) (small blind) folded before Flop
Seat 4: ABATAPP (big blind) collected ($2)


