PokerStars Hand #156887798355:  Hold'em Limit ($3/$6 USD) - 2016/08/05 6:42:36 ET
Table 'Mandeville' 6-max Seat #1 is the button
Seat 1: Ag3r0n ($72 in chips)
Seat 2: Piparipoker ($65.21 in chips)
Ag3r0n: posts small blind $1
Vetal949 joins the table at seat #4
Piparipoker: posts big blind $3
*** HOLE CARDS ***
Ag3r0n: raises $3 to $6
Piparipoker: raises $3 to $9
Ag3r0n: raises $3 to $12
Betting is capped
Piparipoker: calls $3
*** FLOP *** [7h 8c Td]
Piparipoker: checks
Ag3r0n: bets $3
Piparipoker: calls $3
*** TURN *** [7h 8c Td] [3c]
Piparipoker: checks
Ag3r0n: checks
*** RIVER *** [7h 8c Td 3c] [6s]
Piparipoker: checks
Ag3r0n: bets $6
Piparipoker: folds
Uncalled bet ($6) returned to Ag3r0n
Ag3r0n collected $29.50 from pot
*** SUMMARY ***
Total pot $30 | Rake $0.50
Board [7h 8c Td 3c 6s]
Seat 1: Ag3r0n (button) (small blind) collected ($29.50)
Seat 2: Piparipoker (big blind) folded on the River


PokerStars Hand #156888375090:  Hold'em Limit ($3/$6 USD) - 2016/08/05 7:06:38 ET
Table 'Mandeville' 6-max Seat #6 is the button
Seat 4: Vetal949 ($253.58 in chips)
Seat 6: sinsadir ($162.33 in chips)
sinsadir: posts small blind $1
belik555: is sitting out
Vetal949: posts big blind $3
*** HOLE CARDS ***
sinsadir: raises $3 to $6
belik555 leaves the table
thesquirreln joins the table at seat #3
Vetal949: calls $3
*** FLOP *** [Js 7d Jd]
Vetal949: checks
belik555 joins the table at seat #5
sinsadir: bets $3
Vetal949: calls $3
*** TURN *** [Js 7d Jd] [3h]
Vetal949: checks
sinsadir: bets $6
Vetal949: calls $6
*** RIVER *** [Js 7d Jd 3h] [3d]
Vetal949: bets $6
sinsadir: calls $6
*** SHOW DOWN ***
Vetal949: shows [7s 6s] (two pair, Jacks and Sevens)
sinsadir: mucks hand
Vetal949 collected $41.50 from pot
*** SUMMARY ***
Total pot $42 | Rake $0.50
Board [Js 7d Jd 3h 3d]
Seat 4: Vetal949 (big blind) showed [7s 6s] and won ($41.50) with two pair, Jacks and Sevens
Seat 6: sinsadir (button) (small blind) mucked


PokerStars Hand #156888518692:  Hold'em Limit ($3/$6 USD) - 2016/08/05 7:12:26 ET
Table 'Mandeville' 6-max Seat #4 is the button
Seat 4: Vetal949 ($295.45 in chips)
Seat 5: belik555 ($72 in chips)
Vetal949: posts small blind $1
belik555: posts big blind $3
*** HOLE CARDS ***
Vetal949: calls $2
belik555: checks
*** FLOP *** [6d 5s 3h]
belik555: bets $3
Vetal949: calls $3
*** TURN *** [6d 5s 3h] [9s]
belik555: bets $6
Vetal949: calls $6
*** RIVER *** [6d 5s 3h 9s] [Kh]
belik555: checks
Vetal949: checks
*** SHOW DOWN ***
belik555: shows [5h Tc] (a pair of Fives)
Vetal949: mucks hand
belik555 collected $23.52 from pot
*** SUMMARY ***
Total pot $24 | Rake $0.48
Board [6d 5s 3h 9s Kh]
Seat 4: Vetal949 (button) (small blind) mucked
Seat 5: belik555 (big blind) showed [5h Tc] and won ($23.52) with a pair of Fives


PokerStars Hand #156888527832:  Hold'em Limit ($3/$6 USD) - 2016/08/05 7:12:48 ET
Table 'Mandeville' 6-max Seat #5 is the button
Seat 4: Vetal949 ($283.45 in chips)
Seat 5: belik555 ($83.52 in chips)
belik555: posts small blind $1
Vetal949: posts big blind $3
*** HOLE CARDS ***
belik555: raises $3 to $6
Vetal949: calls $3
*** FLOP *** [Jh Qc 5h]
Vetal949: checks
belik555: bets $3
Vetal949: folds
Uncalled bet ($3) returned to belik555
belik555 collected $11.76 from pot
belik555: doesn't show hand
*** SUMMARY ***
Total pot $12 | Rake $0.24
Board [Jh Qc 5h]
Seat 4: Vetal949 (big blind) folded on the Flop
Seat 5: belik555 (button) (small blind) collected ($11.76)


PokerStars Hand #156888508482:  Hold'em Limit ($3/$6 USD) - 2016/08/05 7:12:01 ET
Table 'Mandeville' 6-max Seat #5 is the button
Seat 4: Vetal949 ($286.81 in chips)
Seat 5: belik555 ($72 in chips)
belik555: posts small blind $1
sinsadir: is sitting out
Vetal949: posts big blind $3
*** HOLE CARDS ***
belik555: raises $3 to $6
Vetal949: raises $3 to $9
sinsadir leaves the table
thesquirreln leaves the table
belik555: calls $3
*** FLOP *** [4s As 4h]
Vetal949: bets $3
belik555: folds
Uncalled bet ($3) returned to Vetal949
Vetal949 collected $17.64 from pot
*** SUMMARY ***
Total pot $18 | Rake $0.36
Board [4s As 4h]
Seat 4: Vetal949 (big blind) collected ($17.64)
Seat 5: belik555 (button) (small blind) folded on the Flop


PokerStars Hand #156888533725:  Hold'em Limit ($3/$6 USD) - 2016/08/05 7:13:02 ET
Table 'Mandeville' 6-max Seat #4 is the button
Seat 4: Vetal949 ($277.45 in chips)
Seat 5: belik555 ($89.28 in chips)
Vetal949: posts small blind $1
belik555: posts big blind $3
*** HOLE CARDS ***
Vetal949: raises $3 to $6
belik555: raises $3 to $9
Vetal949: calls $3
*** FLOP *** [4s 8s 6c]
belik555: bets $3
Vetal949: calls $3
*** TURN *** [4s 8s 6c] [Th]
belik555: checks
Vetal949: checks
*** RIVER *** [4s 8s 6c Th] [7d]
belik555: bets $6
Vetal949: raises $6 to $12
belik555: calls $6
*** SHOW DOWN ***
Vetal949: shows [Ac 5h] (a straight, Four to Eight)
belik555: shows [5s Ah] (a straight, Four to Eight)
belik555 collected $23.75 from pot
Vetal949 collected $23.75 from pot
*** SUMMARY ***
Total pot $48 | Rake $0.50
Board [4s 8s 6c Th 7d]
Seat 4: Vetal949 (button) (small blind) showed [Ac 5h] and won ($23.75) with a straight, Four to Eight
Seat 5: belik555 (big blind) showed [5s Ah] and won ($23.75) with a straight, Four to Eight


PokerStars Hand #156888544118:  Hold'em Limit ($3/$6 USD) - 2016/08/05 7:13:28 ET
Table 'Mandeville' 6-max Seat #5 is the button
Seat 4: Vetal949 ($277.20 in chips)
Seat 5: belik555 ($89.03 in chips)
belik555: posts small blind $1
Vetal949: posts big blind $3
*** HOLE CARDS ***
Kit Liem joins the table at seat #2
belik555: raises $3 to $6
Vetal949: calls $3
*** FLOP *** [3c 5c 4d]
Vetal949: checks
belik555: bets $3
Vetal949: calls $3
*** TURN *** [3c 5c 4d] [7h]
Vetal949: checks
belik555: bets $6
Vetal949: raises $6 to $12
belik555: folds
Uncalled bet ($6) returned to Vetal949
Vetal949 collected $29.50 from pot
*** SUMMARY ***
Total pot $30 | Rake $0.50
Board [3c 5c 4d 7h]
Seat 4: Vetal949 (big blind) collected ($29.50)
Seat 5: belik555 (button) (small blind) folded on the Turn


PokerStars Hand #156888552951:  Hold'em Limit ($3/$6 USD) - 2016/08/05 7:13:49 ET
Table 'Mandeville' 6-max Seat #4 is the button
Seat 4: Vetal949 ($291.70 in chips)
Seat 5: belik555 ($74.03 in chips)
Vetal949: posts small blind $1
belik555: posts big blind $3
*** HOLE CARDS ***
Vetal949: raises $3 to $6
belik555: calls $3
*** FLOP *** [4c Ah 8d]
belik555: checks
Vetal949: bets $3
belik555: raises $3 to $6
sinsadir joins the table at seat #6
Vetal949: calls $3
*** TURN *** [4c Ah 8d] [7s]
belik555: checks
Vetal949: checks
*** RIVER *** [4c Ah 8d 7s] [8c]
belik555: checks
Vetal949: checks
*** SHOW DOWN ***
belik555: shows [4s Qd] (two pair, Eights and Fours)
Vetal949: mucks hand
belik555 collected $23.52 from pot
*** SUMMARY ***
Total pot $24 | Rake $0.48
Board [4c Ah 8d 7s 8c]
Seat 4: Vetal949 (button) (small blind) mucked
Seat 5: belik555 (big blind) showed [4s Qd] and won ($23.52) with two pair, Eights and Fours


PokerStars Hand #156889160062:  Hold'em Limit ($3/$6 USD) - 2016/08/05 7:37:53 ET
Table 'Mandeville' 6-max Seat #2 is the button
Seat 2: Kit Liem ($206.35 in chips)
Seat 5: belik555 ($98.72 in chips)
Kit Liem: posts small blind $1
belik555: posts big blind $3
*** HOLE CARDS ***
Yarra56 leaves the table
Kit Liem: calls $2
belik555: raises $3 to $6
Kit Liem: calls $3
*** FLOP *** [4d 8h Kc]
sinsadir leaves the table
belik555: bets $3
Kit Liem: raises $3 to $6
belik555: calls $3
*** TURN *** [4d 8h Kc] [6s]
belik555: checks
Kit Liem: bets $6
belik555: folds
Uncalled bet ($6) returned to Kit Liem
Kit Liem collected $23.52 from pot
*** SUMMARY ***
Total pot $24 | Rake $0.48
Board [4d 8h Kc 6s]
Seat 2: Kit Liem (button) (small blind) collected ($23.52)
Seat 5: belik555 (big blind) folded on the Turn


PokerStars Hand #156889170288:  Hold'em Limit ($3/$6 USD) - 2016/08/05 7:38:17 ET
Table 'Mandeville' 6-max Seat #5 is the button
Seat 2: Kit Liem ($217.87 in chips)
Seat 5: belik555 ($86.72 in chips)
belik555: posts small blind $1
Kit Liem: posts big blind $3
*** HOLE CARDS ***
belik555: raises $3 to $6
Kit Liem: calls $3
*** FLOP *** [7h 2s 9s]
Kit Liem: checks
belik555: bets $3
Kit Liem: calls $3
*** TURN *** [7h 2s 9s] [6c]
Kit Liem: checks
belik555: bets $6
Kit Liem: folds
Uncalled bet ($6) returned to belik555
belik555 collected $17.64 from pot
belik555: doesn't show hand
*** SUMMARY ***
Total pot $18 | Rake $0.36
Board [7h 2s 9s 6c]
Seat 2: Kit Liem (big blind) folded on the Turn
Seat 5: belik555 (button) (small blind) collected ($17.64)


