PokerStars Hand #152065028905:  Hold'em Limit ($3/$6 USD) - 2016/04/17 16:24:34 ET
Table 'Manto' 6-max Seat #3 is the button
Seat 2: Paok1234 ($34.03 in chips)
Seat 3: GoliafUa ($129.39 in chips)
GoliafUa: posts small blind $1
Paok1234: posts big blind $3
*** HOLE CARDS ***
GoliafUa: raises $3 to $6
Paok1234: folds
Uncalled bet ($3) returned to GoliafUa
GoliafUa collected $6 from pot
*** SUMMARY ***
Total pot $6 | Rake $0
Seat 2: Paok1234 (big blind) folded before Flop
Seat 3: GoliafUa (button) (small blind) collected ($6)


PokerStars Hand #152065023985:  Hold'em Limit ($3/$6 USD) - 2016/04/17 16:24:29 ET
Table 'Manto' 6-max Seat #2 is the button
Seat 2: Paok1234 ($35.03 in chips)
Seat 3: GoliafUa ($128.39 in chips)
Paok1234: posts small blind $1
GoliafUa: posts big blind $3
*** HOLE CARDS ***
Paok1234: folds
Uncalled bet ($2) returned to GoliafUa
GoliafUa collected $2 from pot
*** SUMMARY ***
Total pot $2 | Rake $0
Seat 2: Paok1234 (button) (small blind) folded before Flop
Seat 3: GoliafUa (big blind) collected ($2)


PokerStars Hand #152064989820:  Hold'em Limit ($3/$6 USD) - 2016/04/17 16:23:58 ET
Table 'Manto' 6-max Seat #3 is the button
Seat 2: Paok1234 ($44.03 in chips)
Seat 3: GoliafUa ($119.75 in chips)
GoliafUa: posts small blind $1
Paok1234: posts big blind $3
*** HOLE CARDS ***
GoliafUa: raises $3 to $6
Paok1234: calls $3
*** FLOP *** [3h 2d 8d]
Paok1234: checks
GoliafUa: bets $3
Paok1234: calls $3
*** TURN *** [3h 2d 8d] [7d]
Paok1234: checks
GoliafUa: bets $6
Paok1234: folds
Uncalled bet ($6) returned to GoliafUa
GoliafUa collected $17.64 from pot
*** SUMMARY ***
Total pot $18 | Rake $0.36
Board [3h 2d 8d 7d]
Seat 2: Paok1234 (big blind) folded on the Turn
Seat 3: GoliafUa (button) (small blind) collected ($17.64)


PokerStars Hand #152064945106:  Hold'em Limit ($3/$6 USD) - 2016/04/17 16:23:16 ET
Table 'Manto' 6-max Seat #2 is the button
Seat 2: Paok1234 ($44.28 in chips)
Seat 3: GoliafUa ($120 in chips)
Paok1234: posts small blind $1
GoliafUa: posts big blind $3
*** HOLE CARDS ***
Paok1234: calls $2
GoliafUa: raises $3 to $6
Paok1234: calls $3
*** FLOP *** [6d 5d 4s]
GoliafUa: bets $3
Paok1234: raises $3 to $6
GoliafUa: raises $3 to $9
Paok1234: raises $3 to $12
Betting is capped
GoliafUa: calls $3
*** TURN *** [6d 5d 4s] [3c]
GoliafUa: bets $6
Paok1234: raises $6 to $12
GoliafUa: raises $6 to $18
Paok1234: raises $6 to $24
Betting is capped
GoliafUa: calls $6
*** RIVER *** [6d 5d 4s 3c] [7c]
GoliafUa: checks
Paok1234: bets $2.28 and is all-in
GoliafUa: calls $2.28
*** SHOW DOWN ***
Paok1234: shows [3h 5c] (a straight, Three to Seven)
GoliafUa: shows [7h As] (a straight, Three to Seven)
GoliafUa collected $44.03 from pot
Paok1234 collected $44.03 from pot
*** SUMMARY ***
Total pot $88.56 | Rake $0.50
Board [6d 5d 4s 3c 7c]
Seat 2: Paok1234 (button) (small blind) showed [3h 5c] and won ($44.03) with a straight, Three to Seven
Seat 3: GoliafUa (big blind) showed [7h As] and won ($44.03) with a straight, Three to Seven


PokerStars Hand #152065055899:  Hold'em Limit ($3/$6 USD) - 2016/04/17 16:24:59 ET
Table 'Manto' 6-max Seat #3 is the button
Seat 2: Paok1234 ($36.79 in chips)
Seat 3: GoliafUa ($126.39 in chips)
GoliafUa: posts small blind $1
Paok1234: posts big blind $3
*** HOLE CARDS ***
GoliafUa: raises $3 to $6
Paok1234: calls $3
*** FLOP *** [Ah 4c 6h]
Paok1234: checks
GoliafUa: bets $3
Paok1234: calls $3
*** TURN *** [Ah 4c 6h] [Jd]
Paok1234: checks
GoliafUa: checks
*** RIVER *** [Ah 4c 6h Jd] [7s]
Paok1234: checks
GoliafUa: bets $6
Paok1234: calls $6
*** SHOW DOWN ***
GoliafUa: shows [8d 5h] (a straight, Four to Eight)
Paok1234: mucks hand
GoliafUa collected $29.50 from pot
*** SUMMARY ***
Total pot $30 | Rake $0.50
Board [Ah 4c 6h Jd 7s]
Seat 2: Paok1234 (big blind) mucked
Seat 3: GoliafUa (button) (small blind) showed [8d 5h] and won ($29.50) with a straight, Four to Eight


PokerStars Hand #152065034505:  Hold'em Limit ($3/$6 USD) - 2016/04/17 16:24:39 ET
Table 'Manto' 6-max Seat #2 is the button
Seat 2: Paok1234 ($31.03 in chips)
Seat 3: GoliafUa ($132.39 in chips)
Paok1234: posts small blind $1
GoliafUa: posts big blind $3
*** HOLE CARDS ***
Paok1234: raises $3 to $6
GoliafUa: calls $3
*** FLOP *** [Kd 7h 7s]
GoliafUa: checks
Paok1234: checks
*** TURN *** [Kd 7h 7s] [7d]
GoliafUa: checks
Paok1234: bets $6
GoliafUa: folds
Uncalled bet ($6) returned to Paok1234
Paok1234 collected $11.76 from pot
Paok1234: doesn't show hand
*** SUMMARY ***
Total pot $12 | Rake $0.24
Board [Kd 7h 7s 7d]
Seat 2: Paok1234 (button) (small blind) collected ($11.76)
Seat 3: GoliafUa (big blind) folded on the Turn


PokerStars Hand #152065134425:  Hold'em Limit ($3/$6 USD) - 2016/04/17 16:26:12 ET
Table 'Manto' 6-max Seat #2 is the button
Seat 2: Paok1234 ($20.31 in chips)
Seat 3: GoliafUa ($141.41 in chips)
Paok1234: posts small blind $1
GoliafUa: posts big blind $3
*** HOLE CARDS ***
Paok1234: calls $2
GoliafUa: raises $3 to $6
Paok1234: calls $3
*** FLOP *** [6s Th Kh]
GoliafUa: bets $3
Paok1234: calls $3
*** TURN *** [6s Th Kh] [7h]
GoliafUa: bets $6
Paok1234: folds
Uncalled bet ($6) returned to GoliafUa
GoliafUa collected $17.64 from pot
*** SUMMARY ***
Total pot $18 | Rake $0.36
Board [6s Th Kh 7h]
Seat 2: Paok1234 (button) (small blind) folded on the Turn
Seat 3: GoliafUa (big blind) collected ($17.64)


PokerStars Hand #152065122486:  Hold'em Limit ($3/$6 USD) - 2016/04/17 16:26:01 ET
Table 'Manto' 6-max Seat #3 is the button
Seat 2: Paok1234 ($26.31 in chips)
Seat 3: GoliafUa ($135.65 in chips)
GoliafUa: posts small blind $1
Paok1234: posts big blind $3
*** HOLE CARDS ***
GoliafUa: raises $3 to $6
Paok1234: calls $3
*** FLOP *** [2d Jc 7h]
Paok1234: checks
GoliafUa: bets $3
Paok1234: folds
Uncalled bet ($3) returned to GoliafUa
GoliafUa collected $11.76 from pot
*** SUMMARY ***
Total pot $12 | Rake $0.24
Board [2d Jc 7h]
Seat 2: Paok1234 (big blind) folded on the Flop
Seat 3: GoliafUa (button) (small blind) collected ($11.76)


PokerStars Hand #152065117334:  Hold'em Limit ($3/$6 USD) - 2016/04/17 16:25:56 ET
Table 'Manto' 6-max Seat #2 is the button
Seat 2: Paok1234 ($27.31 in chips)
Seat 3: GoliafUa ($134.65 in chips)
Paok1234: posts small blind $1
GoliafUa: posts big blind $3
*** HOLE CARDS ***
Paok1234: folds
Uncalled bet ($2) returned to GoliafUa
GoliafUa collected $2 from pot
*** SUMMARY ***
Total pot $2 | Rake $0
Seat 2: Paok1234 (button) (small blind) folded before Flop
Seat 3: GoliafUa (big blind) collected ($2)


PokerStars Hand #152065103557:  Hold'em Limit ($3/$6 USD) - 2016/04/17 16:25:43 ET
Table 'Manto' 6-max Seat #3 is the button
Seat 2: Paok1234 ($33.31 in chips)
Seat 3: GoliafUa ($128.89 in chips)
GoliafUa: posts small blind $1
Paok1234: posts big blind $3
*** HOLE CARDS ***
GoliafUa: raises $3 to $6
Paok1234: calls $3
*** FLOP *** [Ac Jd 8c]
Paok1234: checks
GoliafUa: bets $3
Paok1234: folds
Uncalled bet ($3) returned to GoliafUa
GoliafUa collected $11.76 from pot
*** SUMMARY ***
Total pot $12 | Rake $0.24
Board [Ac Jd 8c]
Seat 2: Paok1234 (big blind) folded on the Flop
Seat 3: GoliafUa (button) (small blind) collected ($11.76)


PokerStars Hand #152065087432:  Hold'em Limit ($3/$6 USD) - 2016/04/17 16:25:28 ET
Table 'Manto' 6-max Seat #2 is the button
Seat 2: Paok1234 ($21.79 in chips)
Seat 3: GoliafUa ($140.89 in chips)
Paok1234: posts small blind $1
GoliafUa: posts big blind $3
*** HOLE CARDS ***
Paok1234: calls $2
GoliafUa: raises $3 to $6
Paok1234: calls $3
*** FLOP *** [4h 5s Th]
GoliafUa: bets $3
Paok1234: raises $3 to $6
GoliafUa: calls $3
*** TURN *** [4h 5s Th] [Td]
GoliafUa: checks
Paok1234: bets $6
GoliafUa: folds
Uncalled bet ($6) returned to Paok1234
Paok1234 collected $23.52 from pot
Paok1234: doesn't show hand
*** SUMMARY ***
Total pot $24 | Rake $0.48
Board [4h 5s Th Td]
Seat 2: Paok1234 (button) (small blind) collected ($23.52)
Seat 3: GoliafUa (big blind) folded on the Turn


PokerStars Hand #152065184218:  Hold'em Limit ($3/$6 USD) - 2016/04/17 16:26:59 ET
Table 'Manto' 6-max Seat #2 is the button
Seat 2: Paok1234 ($5.31 in chips)
Seat 3: GoliafUa ($155.81 in chips)
Paok1234: posts small blind $1
GoliafUa: posts big blind $3
*** HOLE CARDS ***
Paok1234: calls $2
GoliafUa: raises $3 to $6
Paok1234: calls $2.31 and is all-in
Uncalled bet ($0.69) returned to GoliafUa
*** FLOP *** [4s Kh 8h]
*** TURN *** [4s Kh 8h] [7h]
*** RIVER *** [4s Kh 8h 7h] [9s]
*** SHOW DOWN ***
GoliafUa: shows [As 7s] (a pair of Sevens)
Paok1234: shows [Ts Jc] (a straight, Seven to Jack)
Paok1234 collected $10.41 from pot
*** SUMMARY ***
Total pot $10.62 | Rake $0.21
Board [4s Kh 8h 7h 9s]
Seat 2: Paok1234 (button) (small blind) showed [Ts Jc] and won ($10.41) with a straight, Seven to Jack
Seat 3: GoliafUa (big blind) showed [As 7s] and lost with a pair of Sevens


PokerStars Hand #152065158287:  Hold'em Limit ($3/$6 USD) - 2016/04/17 16:26:35 ET
Table 'Manto' 6-max Seat #3 is the button
Seat 2: Paok1234 ($11.31 in chips)
Seat 3: GoliafUa ($150.05 in chips)
GoliafUa: posts small blind $1
Paok1234: posts big blind $3
*** HOLE CARDS ***
GoliafUa: raises $3 to $6
Paok1234: calls $3
*** FLOP *** [Td Ts Jd]
Paok1234: checks
GoliafUa: bets $3
Paok1234: folds
Uncalled bet ($3) returned to GoliafUa
GoliafUa collected $11.76 from pot
*** SUMMARY ***
Total pot $12 | Rake $0.24
Board [Td Ts Jd]
Seat 2: Paok1234 (big blind) folded on the Flop
Seat 3: GoliafUa (button) (small blind) collected ($11.76)


PokerStars Hand #152065253391:  Hold'em Limit ($3/$6 USD) - 2016/04/17 16:28:04 ET
Table 'Manto' 6-max Seat #2 is the button
Seat 2: Paok1234 ($92.74 in chips)
Seat 3: GoliafUa ($135.50 in chips)
Paok1234: posts small blind $1
GoliafUa: posts big blind $3
*** HOLE CARDS ***
Paok1234: raises $3 to $6
GoliafUa: calls $3
*** FLOP *** [6s Tc Kh]
GoliafUa: checks
Pelurile joins the table at seat #4
Paok1234: checks
*** TURN *** [6s Tc Kh] [3c]
GoliafUa: checks
Paok1234: checks
*** RIVER *** [6s Tc Kh 3c] [Ad]
GoliafUa: checks
Paok1234: bets $6
GoliafUa: folds
Uncalled bet ($6) returned to Paok1234
Paok1234 collected $11.76 from pot
Paok1234: doesn't show hand
*** SUMMARY ***
Total pot $12 | Rake $0.24
Board [6s Tc Kh 3c Ad]
Seat 2: Paok1234 (button) (small blind) collected ($11.76)
Seat 3: GoliafUa (big blind) folded on the River


PokerStars Hand #152065220673:  Hold'em Limit ($3/$6 USD) - 2016/04/17 16:27:33 ET
Table 'Manto' 6-max Seat #3 is the button
Seat 2: Paok1234 ($78.24 in chips)
Seat 3: GoliafUa ($150.50 in chips)
GoliafUa: posts small blind $1
Paok1234: posts big blind $3
*** HOLE CARDS ***
GoliafUa: raises $3 to $6
Paok1234: calls $3
*** FLOP *** [7c Js 9c]
Paok1234: bets $3
GoliafUa: calls $3
*** TURN *** [7c Js 9c] [9h]
Paok1234: checks
GoliafUa: bets $6
Paok1234: calls $6
*** RIVER *** [7c Js 9c 9h] [Kd]
Paok1234: bets $6
GoliafUa: folds
Uncalled bet ($6) returned to Paok1234
Paok1234 collected $29.50 from pot
Paok1234: doesn't show hand
*** SUMMARY ***
Total pot $30 | Rake $0.50
Board [7c Js 9c 9h Kd]
Seat 2: Paok1234 (big blind) collected ($29.50)
Seat 3: GoliafUa (button) (small blind) folded on the River


PokerStars Hand #152065372774:  Hold'em Limit ($3/$6 USD) - 2016/04/17 16:29:55 ET
Table 'Manto' 6-max Seat #4 is the button
Seat 3: GoliafUa ($132.50 in chips)
Seat 4: Pelurile ($72 in chips)
Pelurile: posts small blind $1
GoliafUa: posts big blind $3
*** HOLE CARDS ***
Pelurile: raises $3 to $6
Paok1234 leaves the table
GoliafUa: calls $3
*** FLOP *** [Ad 8d Jc]
GoliafUa: checks
Pelurile: bets $3
GoliafUa: raises $3 to $6
Pelurile: folds
Uncalled bet ($3) returned to GoliafUa
GoliafUa collected $17.64 from pot
*** SUMMARY ***
Total pot $18 | Rake $0.36
Board [Ad 8d Jc]
Seat 3: GoliafUa (big blind) collected ($17.64)
Seat 4: Pelurile (button) (small blind) folded on the Flop


