PokerStars Hand #155074318756:  Hold'em Limit ($3/$6 USD) - 2016/06/22 17:00:43 ET
Table 'Manto' 6-max Seat #3 is the button
Seat 3: krytalex ($102.92 in chips)
Seat 6: pukuotukxx89 ($73.62 in chips)
krytalex: posts small blind $1
pukuotukxx89: posts big blind $3
*** HOLE CARDS ***
GRAILKO joins the table at seat #1
krytalex: folds
Uncalled bet ($2) returned to pukuotukxx89
pukuotukxx89 collected $2 from pot
*** SUMMARY ***
Total pot $2 | Rake $0
Seat 3: krytalex (button) (small blind) folded before Flop
Seat 6: pukuotukxx89 (big blind) collected ($2)


PokerStars Hand #155074315852:  Hold'em Limit ($3/$6 USD) - 2016/06/22 17:00:38 ET
Table 'Manto' 6-max Seat #6 is the button
Seat 3: krytalex ($101.92 in chips)
Seat 6: pukuotukxx89 ($74.62 in chips)
pukuotukxx89: posts small blind $1
krytalex: posts big blind $3
*** HOLE CARDS ***
pukuotukxx89: folds
Uncalled bet ($2) returned to krytalex
krytalex collected $2 from pot
*** SUMMARY ***
Total pot $2 | Rake $0
Seat 3: krytalex (big blind) collected ($2)
Seat 6: pukuotukxx89 (button) (small blind) folded before Flop


PokerStars Hand #155074302861:  Hold'em Limit ($3/$6 USD) - 2016/06/22 17:00:16 ET
Table 'Manto' 6-max Seat #3 is the button
Seat 3: krytalex ($96.16 in chips)
Seat 6: pukuotukxx89 ($80.62 in chips)
krytalex: posts small blind $1
pukuotukxx89: posts big blind $3
*** HOLE CARDS ***
krytalex: raises $3 to $6
pukuotukxx89: calls $3
*** FLOP *** [4c Tc Ts]
pukuotukxx89: checks
krytalex: bets $3
pukuotukxx89: folds
Uncalled bet ($3) returned to krytalex
krytalex collected $11.76 from pot
*** SUMMARY ***
Total pot $12 | Rake $0.24
Board [4c Tc Ts]
Seat 3: krytalex (button) (small blind) collected ($11.76)
Seat 6: pukuotukxx89 (big blind) folded on the Flop


PokerStars Hand #155074518723:  Hold'em Limit ($3/$6 USD) - 2016/06/22 17:05:25 ET
Table 'Manto' 6-max Seat #4 is the button
Seat 3: krytalex ($84.53 in chips)
Seat 4: Chessnok ($113 in chips)
Chessnok: posts small blind $1
GRAILKO: is sitting out
Kajind: is sitting out
krytalex: posts big blind $3
*** HOLE CARDS ***
GRAILKO leaves the table
Chessnok: raises $3 to $6
Kajind leaves the table
krytalex: folds
Uncalled bet ($3) returned to Chessnok
Chessnok collected $6 from pot
Chessnok: doesn't show hand
*** SUMMARY ***
Total pot $6 | Rake $0
Seat 3: krytalex (big blind) folded before Flop
Seat 4: Chessnok (button) (small blind) collected ($6)


