PokerStars Hand #154977439261:  Hold'em Limit ($3/$6 USD) - 2016/06/20 10:45:28 ET
Table 'Manto' 10-max Seat #1 is the button
Seat 1: Ag3r0n ($72 in chips)
Seat 2: SeanPeary ($30 in chips)
Ag3r0n: posts small blind $1
SeanPeary: posts big blind $3
*** HOLE CARDS ***
Ag3r0n: raises $3 to $6
SeanPeary: calls $3
*** FLOP *** [6s 2c 4s]
SeanPeary: checks
Ag3r0n: bets $3
SeanPeary: calls $3
*** TURN *** [6s 2c 4s] [Qs]
SeanPeary: bets $6
Ag3r0n: calls $6
*** RIVER *** [6s 2c 4s Qs] [2s]
SeanPeary: checks
Ag3r0n: bets $6
SeanPeary: calls $6
*** SHOW DOWN ***
Ag3r0n: shows [Ks 2d] (a flush, King high)
SeanPeary: mucks hand
Ag3r0n collected $41.50 from pot
*** SUMMARY ***
Total pot $42 | Rake $0.50
Board [6s 2c 4s Qs 2s]
Seat 1: Ag3r0n (button) (small blind) showed [Ks 2d] and won ($41.50) with a flush, King high
Seat 2: SeanPeary (big blind) mucked


PokerStars Hand #154977490824:  Hold'em Limit ($3/$6 USD) - 2016/06/20 10:46:57 ET
Table 'Manto' 10-max Seat #2 is the button
Seat 1: Ag3r0n ($93.14 in chips)
Seat 2: SeanPeary ($37.52 in chips)
SeanPeary: posts small blind $1
Ag3r0n: posts big blind $3
*** HOLE CARDS ***
SeanPeary: raises $3 to $6
Ag3r0n: folds
Uncalled bet ($3) returned to SeanPeary
SeanPeary collected $6 from pot
SeanPeary: doesn't show hand
*** SUMMARY ***
Total pot $6 | Rake $0
Seat 1: Ag3r0n (big blind) folded before Flop
Seat 2: SeanPeary (button) (small blind) collected ($6)


PokerStars Hand #154977487615:  Hold'em Limit ($3/$6 USD) - 2016/06/20 10:46:51 ET
Table 'Manto' 10-max Seat #1 is the button
Seat 1: Ag3r0n ($90.14 in chips)
Seat 2: SeanPeary ($40.52 in chips)
Ag3r0n: posts small blind $1
SeanPeary: posts big blind $3
*** HOLE CARDS ***
Ag3r0n: raises $3 to $6
SeanPeary: folds
Uncalled bet ($3) returned to Ag3r0n
Ag3r0n collected $6 from pot
*** SUMMARY ***
Total pot $6 | Rake $0
Seat 1: Ag3r0n (button) (small blind) collected ($6)
Seat 2: SeanPeary (big blind) folded before Flop


PokerStars Hand #154977484982:  Hold'em Limit ($3/$6 USD) - 2016/06/20 10:46:47 ET
Table 'Manto' 10-max Seat #2 is the button
Seat 1: Ag3r0n ($89.14 in chips)
Seat 2: SeanPeary ($41.52 in chips)
SeanPeary: posts small blind $1
Ag3r0n: posts big blind $3
*** HOLE CARDS ***
SeanPeary: folds
Uncalled bet ($2) returned to Ag3r0n
Ag3r0n collected $2 from pot
*** SUMMARY ***
Total pot $2 | Rake $0
Seat 1: Ag3r0n (big blind) collected ($2)
Seat 2: SeanPeary (button) (small blind) folded before Flop


PokerStars Hand #154977476082:  Hold'em Limit ($3/$6 USD) - 2016/06/20 10:46:31 ET
Table 'Manto' 10-max Seat #1 is the button
Seat 1: Ag3r0n ($101.14 in chips)
Seat 2: SeanPeary ($30 in chips)
Ag3r0n: posts small blind $1
SeanPeary: posts big blind $3
*** HOLE CARDS ***
Ag3r0n: raises $3 to $6
SeanPeary: raises $3 to $9
Ag3r0n: calls $3
*** FLOP *** [2s 2d 4c]
SeanPeary: bets $3
Ag3r0n: calls $3
*** TURN *** [2s 2d 4c] [9s]
SeanPeary: bets $6
Ag3r0n: folds
Uncalled bet ($6) returned to SeanPeary
SeanPeary collected $23.52 from pot
SeanPeary: doesn't show hand
*** SUMMARY ***
Total pot $24 | Rake $0.48
Board [2s 2d 4c 9s]
Seat 1: Ag3r0n (button) (small blind) folded on the Turn
Seat 2: SeanPeary (big blind) collected ($23.52)


PokerStars Hand #154977460421:  Hold'em Limit ($3/$6 USD) - 2016/06/20 10:46:04 ET
Table 'Manto' 10-max Seat #2 is the button
Seat 1: Ag3r0n ($92.50 in chips)
Seat 2: SeanPeary ($9 in chips)
SeanPeary: posts small blind $1
Ag3r0n: posts big blind $3
*** HOLE CARDS ***
SeanPeary: raises $3 to $6
Ag3r0n: raises $3 to $9
SeanPeary: calls $3 and is all-in
*** FLOP *** [6h 9s Ks]
*** TURN *** [6h 9s Ks] [Ah]
*** RIVER *** [6h 9s Ks Ah] [Kc]
*** SHOW DOWN ***
Ag3r0n: shows [Ad 8h] (two pair, Aces and Kings)
SeanPeary: shows [6c 5d] (two pair, Kings and Sixes)
Ag3r0n collected $17.64 from pot
*** SUMMARY ***
Total pot $18 | Rake $0.36
Board [6h 9s Ks Ah Kc]
Seat 1: Ag3r0n (big blind) showed [Ad 8h] and won ($17.64) with two pair, Aces and Kings
Seat 2: SeanPeary (button) (small blind) showed [6c 5d] and lost with two pair, Kings and Sixes


PokerStars Hand #154977526588:  Hold'em Limit ($3/$6 USD) - 2016/06/20 10:47:59 ET
Table 'Manto' 10-max Seat #2 is the button
Seat 1: Ag3r0n ($102.64 in chips)
Seat 2: SeanPeary ($27.28 in chips)
SeanPeary: posts small blind $1
Ag3r0n: posts big blind $3
*** HOLE CARDS ***
SeanPeary: raises $3 to $6
Ag3r0n: raises $3 to $9
SeanPeary: calls $3
*** FLOP *** [8s Ts 2s]
Ag3r0n: bets $3
SeanPeary: folds
Uncalled bet ($3) returned to Ag3r0n
Ag3r0n collected $17.64 from pot
*** SUMMARY ***
Total pot $18 | Rake $0.36
Board [8s Ts 2s]
Seat 1: Ag3r0n (big blind) collected ($17.64)
Seat 2: SeanPeary (button) (small blind) folded on the Flop


PokerStars Hand #154977517679:  Hold'em Limit ($3/$6 USD) - 2016/06/20 10:47:44 ET
Table 'Manto' 10-max Seat #1 is the button
Seat 1: Ag3r0n ($108.64 in chips)
Seat 2: SeanPeary ($21.52 in chips)
Ag3r0n: posts small blind $1
SeanPeary: posts big blind $3
*** HOLE CARDS ***
Ag3r0n: calls $2
SeanPeary: raises $3 to $6
Ag3r0n: calls $3
*** FLOP *** [Th 4h 2c]
SeanPeary: checks
Ag3r0n: checks
*** TURN *** [Th 4h 2c] [2s]
SeanPeary: bets $6
Ag3r0n: folds
Uncalled bet ($6) returned to SeanPeary
SeanPeary collected $11.76 from pot
SeanPeary: doesn't show hand
*** SUMMARY ***
Total pot $12 | Rake $0.24
Board [Th 4h 2c 2s]
Seat 1: Ag3r0n (button) (small blind) folded on the Turn
Seat 2: SeanPeary (big blind) collected ($11.76)


PokerStars Hand #154977512990:  Hold'em Limit ($3/$6 USD) - 2016/06/20 10:47:35 ET
Table 'Manto' 10-max Seat #2 is the button
Seat 1: Ag3r0n ($107.64 in chips)
Seat 2: SeanPeary ($22.52 in chips)
SeanPeary: posts small blind $1
Ag3r0n: posts big blind $3
*** HOLE CARDS ***
SeanPeary: folds
Uncalled bet ($2) returned to Ag3r0n
Ag3r0n collected $2 from pot
*** SUMMARY ***
Total pot $2 | Rake $0
Seat 1: Ag3r0n (big blind) collected ($2)
Seat 2: SeanPeary (button) (small blind) folded before Flop


PokerStars Hand #154977495733:  Hold'em Limit ($3/$6 USD) - 2016/06/20 10:47:05 ET
Table 'Manto' 10-max Seat #1 is the button
Seat 1: Ag3r0n ($90.14 in chips)
Seat 2: SeanPeary ($40.52 in chips)
Ag3r0n: posts small blind $1
SeanPeary: posts big blind $3
*** HOLE CARDS ***
Ag3r0n: raises $3 to $6
SeanPeary: raises $3 to $9
Ag3r0n: calls $3
*** FLOP *** [8s Qh Jd]
SeanPeary: bets $3
Ag3r0n: calls $3
*** TURN *** [8s Qh Jd] [Qs]
SeanPeary: checks
Ag3r0n: checks
*** RIVER *** [8s Qh Jd Qs] [9d]
SeanPeary: bets $6
Ag3r0n: calls $6
*** SHOW DOWN ***
SeanPeary: shows [3s Ac] (a pair of Queens)
Ag3r0n: shows [9s Ah] (two pair, Queens and Nines)
Ag3r0n collected $35.50 from pot
*** SUMMARY ***
Total pot $36 | Rake $0.50
Board [8s Qh Jd Qs 9d]
Seat 1: Ag3r0n (button) (small blind) showed [9s Ah] and won ($35.50) with two pair, Queens and Nines
Seat 2: SeanPeary (big blind) showed [3s Ac] and lost with a pair of Queens


PokerStars Hand #154977552376:  Hold'em Limit ($3/$6 USD) - 2016/06/20 10:48:44 ET
Table 'Manto' 10-max Seat #1 is the button
Seat 1: Ag3r0n ($119.92 in chips)
Seat 2: SeanPeary ($9.04 in chips)
Ag3r0n: posts small blind $1
SeanPeary: posts big blind $3
*** HOLE CARDS ***
Ag3r0n: calls $2
SeanPeary: checks
*** FLOP *** [6h Jc 7h]
SeanPeary: checks
Ag3r0n: checks
*** TURN *** [6h Jc 7h] [8h]
SeanPeary: checks
Ag3r0n: checks
*** RIVER *** [6h Jc 7h 8h] [2h]
SeanPeary: checks
Ag3r0n: checks
*** SHOW DOWN ***
SeanPeary: shows [2c 5s] (a pair of Deuces)
Ag3r0n: shows [Kc 3h] (a flush, Eight high)
Ag3r0n collected $5.88 from pot
*** SUMMARY ***
Total pot $6 | Rake $0.12
Board [6h Jc 7h 8h 2h]
Seat 1: Ag3r0n (button) (small blind) showed [Kc 3h] and won ($5.88) with a flush, Eight high
Seat 2: SeanPeary (big blind) showed [2c 5s] and lost with a pair of Deuces


PokerStars Hand #154977543924:  Hold'em Limit ($3/$6 USD) - 2016/06/20 10:48:29 ET
Table 'Manto' 10-max Seat #2 is the button
Seat 1: Ag3r0n ($111.28 in chips)
Seat 2: SeanPeary ($18.04 in chips)
SeanPeary: posts small blind $1
Ag3r0n: posts big blind $3
*** HOLE CARDS ***
SeanPeary: raises $3 to $6
Ag3r0n: calls $3
*** FLOP *** [Ah 4d 5d]
Ag3r0n: checks
SeanPeary: bets $3
Ag3r0n: raises $3 to $6
SeanPeary: folds
Uncalled bet ($3) returned to Ag3r0n
Ag3r0n collected $17.64 from pot
*** SUMMARY ***
Total pot $18 | Rake $0.36
Board [Ah 4d 5d]
Seat 1: Ag3r0n (big blind) collected ($17.64)
Seat 2: SeanPeary (button) (small blind) folded on the Flop


PokerStars Hand #154977540380:  Hold'em Limit ($3/$6 USD) - 2016/06/20 10:48:23 ET
Table 'Manto' 10-max Seat #1 is the button
Seat 1: Ag3r0n ($108.28 in chips)
Seat 2: SeanPeary ($21.04 in chips)
Ag3r0n: posts small blind $1
SeanPeary: posts big blind $3
*** HOLE CARDS ***
Ag3r0n: raises $3 to $6
SeanPeary: folds
Uncalled bet ($3) returned to Ag3r0n
Ag3r0n collected $6 from pot
*** SUMMARY ***
Total pot $6 | Rake $0
Seat 1: Ag3r0n (button) (small blind) collected ($6)
Seat 2: SeanPeary (big blind) folded before Flop


PokerStars Hand #154977535462:  Hold'em Limit ($3/$6 USD) - 2016/06/20 10:48:14 ET
Table 'Manto' 10-max Seat #2 is the button
Seat 1: Ag3r0n ($114.28 in chips)
Seat 2: SeanPeary ($15.28 in chips)
SeanPeary: posts small blind $1
Ag3r0n: posts big blind $3
*** HOLE CARDS ***
SeanPeary: raises $3 to $6
Ag3r0n: calls $3
*** FLOP *** [9c 9s 4h]
Ag3r0n: checks
SeanPeary: bets $3
Ag3r0n: folds
Uncalled bet ($3) returned to SeanPeary
SeanPeary collected $11.76 from pot
SeanPeary: doesn't show hand
*** SUMMARY ***
Total pot $12 | Rake $0.24
Board [9c 9s 4h]
Seat 1: Ag3r0n (big blind) folded on the Flop
Seat 2: SeanPeary (button) (small blind) collected ($11.76)


PokerStars Hand #154977532394:  Hold'em Limit ($3/$6 USD) - 2016/06/20 10:48:09 ET
Table 'Manto' 10-max Seat #1 is the button
Seat 1: Ag3r0n ($111.28 in chips)
Seat 2: SeanPeary ($18.28 in chips)
Ag3r0n: posts small blind $1
SeanPeary: posts big blind $3
*** HOLE CARDS ***
Ag3r0n: raises $3 to $6
SeanPeary: folds
Uncalled bet ($3) returned to Ag3r0n
Ag3r0n collected $6 from pot
*** SUMMARY ***
Total pot $6 | Rake $0
Seat 1: Ag3r0n (button) (small blind) collected ($6)
Seat 2: SeanPeary (big blind) folded before Flop


PokerStars Hand #154977586825:  Hold'em Limit ($3/$6 USD) - 2016/06/20 10:49:44 ET
Table 'Manto' 10-max Seat #2 is the button
Seat 1: Ag3r0n ($104.92 in chips)
Seat 2: SeanPeary ($23.21 in chips)
SeanPeary: posts small blind $1
Ag3r0n: posts big blind $3
*** HOLE CARDS ***
SeanPeary: raises $3 to $6
Ag3r0n: calls $3
*** FLOP *** [6d 8c Qc]
Ag3r0n: checks
SeanPeary: checks
*** TURN *** [6d 8c Qc] [Jh]
Ag3r0n: bets $6
SeanPeary: folds
Uncalled bet ($6) returned to Ag3r0n
Ag3r0n collected $11.76 from pot
*** SUMMARY ***
Total pot $12 | Rake $0.24
Board [6d 8c Qc Jh]
Seat 1: Ag3r0n (big blind) collected ($11.76)
Seat 2: SeanPeary (button) (small blind) folded on the Turn


PokerStars Hand #154977577688:  Hold'em Limit ($3/$6 USD) - 2016/06/20 10:49:28 ET
Table 'Manto' 10-max Seat #1 is the button
Seat 1: Ag3r0n ($116.76 in chips)
Seat 2: SeanPeary ($11.84 in chips)
Ag3r0n: posts small blind $1
SeanPeary: posts big blind $3
*** HOLE CARDS ***
Ag3r0n: raises $3 to $6
SeanPeary: raises $3 to $9
Ag3r0n: calls $3
*** FLOP *** [Qh 5s 7c]
SeanPeary: bets $2.84 and is all-in
Ag3r0n: calls $2.84
*** TURN *** [Qh 5s 7c] [4d]
*** RIVER *** [Qh 5s 7c 4d] [3d]
*** SHOW DOWN ***
SeanPeary: shows [Ac Th] (high card Ace)
Ag3r0n: shows [Tc Jd] (high card Queen)
SeanPeary collected $23.21 from pot
*** SUMMARY ***
Total pot $23.68 | Rake $0.47
Board [Qh 5s 7c 4d 3d]
Seat 1: Ag3r0n (button) (small blind) showed [Tc Jd] and lost with high card Queen
Seat 2: SeanPeary (big blind) showed [Ac Th] and won ($23.21) with high card Ace


PokerStars Hand #154977574689:  Hold'em Limit ($3/$6 USD) - 2016/06/20 10:49:23 ET
Table 'Manto' 10-max Seat #2 is the button
Seat 1: Ag3r0n ($115.76 in chips)
Seat 2: SeanPeary ($12.84 in chips)
SeanPeary: posts small blind $1
Ag3r0n: posts big blind $3
*** HOLE CARDS ***
SeanPeary: folds
Uncalled bet ($2) returned to Ag3r0n
Ag3r0n collected $2 from pot
*** SUMMARY ***
Total pot $2 | Rake $0
Seat 1: Ag3r0n (big blind) collected ($2)
Seat 2: SeanPeary (button) (small blind) folded before Flop


PokerStars Hand #154977570950:  Hold'em Limit ($3/$6 USD) - 2016/06/20 10:49:17 ET
Table 'Manto' 10-max Seat #1 is the button
Seat 1: Ag3r0n ($116.76 in chips)
Seat 2: SeanPeary ($11.84 in chips)
Ag3r0n: posts small blind $1
SeanPeary: posts big blind $3
*** HOLE CARDS ***
Ag3r0n: folds
Uncalled bet ($2) returned to SeanPeary
SeanPeary collected $2 from pot
SeanPeary: doesn't show hand
*** SUMMARY ***
Total pot $2 | Rake $0
Seat 1: Ag3r0n (button) (small blind) folded before Flop
Seat 2: SeanPeary (big blind) collected ($2)


PokerStars Hand #154977562196:  Hold'em Limit ($3/$6 USD) - 2016/06/20 10:49:01 ET
Table 'Manto' 10-max Seat #2 is the button
Seat 1: Ag3r0n ($122.80 in chips)
Seat 2: SeanPeary ($6.04 in chips)
SeanPeary: posts small blind $1
Ag3r0n: posts big blind $3
*** HOLE CARDS ***
SeanPeary: raises $3 to $6
Ag3r0n: raises $3 to $9
SeanPeary: calls $0.04 and is all-in
Uncalled bet ($2.96) returned to Ag3r0n
*** FLOP *** [7s Kd As]
*** TURN *** [7s Kd As] [5s]
*** RIVER *** [7s Kd As 5s] [7h]
*** SHOW DOWN ***
Ag3r0n: shows [Qh 8s] (a pair of Sevens)
SeanPeary: shows [Qs Ad] (two pair, Aces and Sevens)
SeanPeary collected $11.84 from pot
*** SUMMARY ***
Total pot $12.08 | Rake $0.24
Board [7s Kd As 5s 7h]
Seat 1: Ag3r0n (big blind) showed [Qh 8s] and lost with a pair of Sevens
Seat 2: SeanPeary (button) (small blind) showed [Qs Ad] and won ($11.84) with two pair, Aces and Sevens


PokerStars Hand #154977627653:  Hold'em Limit ($3/$6 USD) - 2016/06/20 10:50:55 ET
Table 'Manto' 10-max Seat #2 is the button
Seat 1: Ag3r0n ($88.47 in chips)
Seat 2: SeanPeary ($38.68 in chips)
SeanPeary: posts small blind $1
Ag3r0n: posts big blind $3
*** HOLE CARDS ***
SeanPeary: raises $3 to $6
Ag3r0n: calls $3
*** FLOP *** [7c 5d 2s]
Ag3r0n: checks
SeanPeary: checks
*** TURN *** [7c 5d 2s] [Ad]
Ag3r0n: bets $6
SeanPeary: folds
Uncalled bet ($6) returned to Ag3r0n
Ag3r0n collected $11.76 from pot
*** SUMMARY ***
Total pot $12 | Rake $0.24
Board [7c 5d 2s Ad]
Seat 1: Ag3r0n (big blind) collected ($11.76)
Seat 2: SeanPeary (button) (small blind) folded on the Turn


PokerStars Hand #154977619787:  Hold'em Limit ($3/$6 USD) - 2016/06/20 10:50:42 ET
Table 'Manto' 10-max Seat #1 is the button
Seat 1: Ag3r0n ($94.47 in chips)
Seat 2: SeanPeary ($32.92 in chips)
Ag3r0n: posts small blind $1
SeanPeary: posts big blind $3
*** HOLE CARDS ***
Ag3r0n: raises $3 to $6
SeanPeary: calls $3
*** FLOP *** [3c 5s 9s]
SeanPeary: checks
Ag3r0n: checks
*** TURN *** [3c 5s 9s] [7h]
SeanPeary: bets $6
Ag3r0n: folds
Uncalled bet ($6) returned to SeanPeary
SeanPeary collected $11.76 from pot
SeanPeary: doesn't show hand
*** SUMMARY ***
Total pot $12 | Rake $0.24
Board [3c 5s 9s 7h]
Seat 1: Ag3r0n (button) (small blind) folded on the Turn
Seat 2: SeanPeary (big blind) collected ($11.76)


PokerStars Hand #154977616087:  Hold'em Limit ($3/$6 USD) - 2016/06/20 10:50:35 ET
Table 'Manto' 10-max Seat #2 is the button
Seat 1: Ag3r0n ($93.47 in chips)
Seat 2: SeanPeary ($33.92 in chips)
SeanPeary: posts small blind $1
Ag3r0n: posts big blind $3
*** HOLE CARDS ***
SeanPeary: folds
Uncalled bet ($2) returned to Ag3r0n
Ag3r0n collected $2 from pot
*** SUMMARY ***
Total pot $2 | Rake $0
Seat 1: Ag3r0n (big blind) collected ($2)
Seat 2: SeanPeary (button) (small blind) folded before Flop


PokerStars Hand #154977593859:  Hold'em Limit ($3/$6 USD) - 2016/06/20 10:49:56 ET
Table 'Manto' 10-max Seat #1 is the button
Seat 1: Ag3r0n ($110.68 in chips)
Seat 2: SeanPeary ($17.21 in chips)
Ag3r0n: posts small blind $1
SeanPeary: posts big blind $3
*** HOLE CARDS ***
Ag3r0n: raises $3 to $6
SeanPeary: raises $3 to $9
Ag3r0n: calls $3
*** FLOP *** [9h 9d 3d]
SeanPeary: bets $3
Ag3r0n: calls $3
*** TURN *** [9h 9d 3d] [2h]
SeanPeary: bets $5.21 and is all-in
Ag3r0n: calls $5.21
*** RIVER *** [9h 9d 3d 2h] [9c]
*** SHOW DOWN ***
SeanPeary: shows [2s As] (a full house, Nines full of Deuces)
Ag3r0n: shows [Qc Th] (three of a kind, Nines)
SeanPeary collected $33.92 from pot
*** SUMMARY ***
Total pot $34.42 | Rake $0.50
Board [9h 9d 3d 2h 9c]
Seat 1: Ag3r0n (button) (small blind) showed [Qc Th] and lost with three of a kind, Nines
Seat 2: SeanPeary (big blind) showed [2s As] and won ($33.92) with a full house, Nines full of Deuces


PokerStars Hand #154977660330:  Hold'em Limit ($3/$6 USD) - 2016/06/20 10:51:52 ET
Table 'Manto' 10-max Seat #1 is the button
Seat 1: Ag3r0n ($107.87 in chips)
Seat 2: SeanPeary ($18.68 in chips)
Ag3r0n: posts small blind $1
SeanPeary: posts big blind $3
*** HOLE CARDS ***
Ag3r0n: raises $3 to $6
SeanPeary: folds
Uncalled bet ($3) returned to Ag3r0n
Ag3r0n collected $6 from pot
*** SUMMARY ***
Total pot $6 | Rake $0
Seat 1: Ag3r0n (button) (small blind) collected ($6)
Seat 2: SeanPeary (big blind) folded before Flop


PokerStars Hand #154977657697:  Hold'em Limit ($3/$6 USD) - 2016/06/20 10:51:47 ET
Table 'Manto' 10-max Seat #2 is the button
Seat 1: Ag3r0n ($106.87 in chips)
Seat 2: SeanPeary ($19.68 in chips)
SeanPeary: posts small blind $1
Ag3r0n: posts big blind $3
*** HOLE CARDS ***
SeanPeary: folds
Uncalled bet ($2) returned to Ag3r0n
Ag3r0n collected $2 from pot
*** SUMMARY ***
Total pot $2 | Rake $0
Seat 1: Ag3r0n (big blind) collected ($2)
Seat 2: SeanPeary (button) (small blind) folded before Flop


PokerStars Hand #154977647093:  Hold'em Limit ($3/$6 USD) - 2016/06/20 10:51:29 ET
Table 'Manto' 10-max Seat #1 is the button
Seat 1: Ag3r0n ($98.23 in chips)
Seat 2: SeanPeary ($28.68 in chips)
Ag3r0n: posts small blind $1
SeanPeary: posts big blind $3
*** HOLE CARDS ***
Ag3r0n: raises $3 to $6
SeanPeary: calls $3
*** FLOP *** [8d Qs 2d]
SeanPeary: checks
Ag3r0n: bets $3
SeanPeary: calls $3
*** TURN *** [8d Qs 2d] [4s]
SeanPeary: checks
Ag3r0n: bets $6
SeanPeary: folds
Uncalled bet ($6) returned to Ag3r0n
Ag3r0n collected $17.64 from pot
*** SUMMARY ***
Total pot $18 | Rake $0.36
Board [8d Qs 2d 4s]
Seat 1: Ag3r0n (button) (small blind) collected ($17.64)
Seat 2: SeanPeary (big blind) folded on the Turn


PokerStars Hand #154977644496:  Hold'em Limit ($3/$6 USD) - 2016/06/20 10:51:24 ET
Table 'Manto' 10-max Seat #2 is the button
Seat 1: Ag3r0n ($97.23 in chips)
Seat 2: SeanPeary ($29.68 in chips)
SeanPeary: posts small blind $1
Ag3r0n: posts big blind $3
*** HOLE CARDS ***
SeanPeary: folds
Uncalled bet ($2) returned to Ag3r0n
Ag3r0n collected $2 from pot
*** SUMMARY ***
Total pot $2 | Rake $0
Seat 1: Ag3r0n (big blind) collected ($2)
Seat 2: SeanPeary (button) (small blind) folded before Flop


PokerStars Hand #154977640089:  Hold'em Limit ($3/$6 USD) - 2016/06/20 10:51:17 ET
Table 'Manto' 10-max Seat #1 is the button
Seat 1: Ag3r0n ($94.23 in chips)
Seat 2: SeanPeary ($32.68 in chips)
Ag3r0n: posts small blind $1
SeanPeary: posts big blind $3
*** HOLE CARDS ***
Ag3r0n: raises $3 to $6
SeanPeary: folds
Uncalled bet ($3) returned to Ag3r0n
Ag3r0n collected $6 from pot
*** SUMMARY ***
Total pot $6 | Rake $0
Seat 1: Ag3r0n (button) (small blind) collected ($6)
Seat 2: SeanPeary (big blind) folded before Flop


PokerStars Hand #154977637126:  Hold'em Limit ($3/$6 USD) - 2016/06/20 10:51:11 ET
Table 'Manto' 10-max Seat #2 is the button
Seat 1: Ag3r0n ($97.23 in chips)
Seat 2: SeanPeary ($29.68 in chips)
SeanPeary: posts small blind $1
Ag3r0n: posts big blind $3
*** HOLE CARDS ***
SeanPeary: raises $3 to $6
Ag3r0n: folds
Uncalled bet ($3) returned to SeanPeary
SeanPeary collected $6 from pot
SeanPeary: doesn't show hand
*** SUMMARY ***
Total pot $6 | Rake $0
Seat 1: Ag3r0n (big blind) folded before Flop
Seat 2: SeanPeary (button) (small blind) collected ($6)


PokerStars Hand #154977633995:  Hold'em Limit ($3/$6 USD) - 2016/06/20 10:51:06 ET
Table 'Manto' 10-max Seat #1 is the button
Seat 1: Ag3r0n ($94.23 in chips)
Seat 2: SeanPeary ($32.68 in chips)
Ag3r0n: posts small blind $1
SeanPeary: posts big blind $3
*** HOLE CARDS ***
Ag3r0n: raises $3 to $6
SeanPeary: folds
Uncalled bet ($3) returned to Ag3r0n
Ag3r0n collected $6 from pot
*** SUMMARY ***
Total pot $6 | Rake $0
Seat 1: Ag3r0n (button) (small blind) collected ($6)
Seat 2: SeanPeary (big blind) folded before Flop


PokerStars Hand #154977696057:  Hold'em Limit ($3/$6 USD) - 2016/06/20 10:52:54 ET
Table 'Manto' 10-max Seat #1 is the button
Seat 1: Ag3r0n ($115.83 in chips)
Seat 2: SeanPeary ($9.53 in chips)
Ag3r0n: posts small blind $1
SeanPeary: posts big blind $3
*** HOLE CARDS ***
Ag3r0n: raises $3 to $6
SeanPeary: raises $3 to $9
Ag3r0n: raises $3 to $12
Betting is capped
SeanPeary: calls $0.53 and is all-in
Uncalled bet ($2.47) returned to Ag3r0n
*** FLOP *** [4h Td 2h]
*** TURN *** [4h Td 2h] [8d]
*** RIVER *** [4h Td 2h 8d] [Ks]
*** SHOW DOWN ***
SeanPeary: shows [Kh Ts] (two pair, Kings and Tens)
Ag3r0n: shows [6d Ah] (high card Ace)
SeanPeary collected $18.68 from pot
*** SUMMARY ***
Total pot $19.06 | Rake $0.38
Board [4h Td 2h 8d Ks]
Seat 1: Ag3r0n (button) (small blind) showed [6d Ah] and lost with high card Ace
Seat 2: SeanPeary (big blind) showed [Kh Ts] and won ($18.68) with two pair, Kings and Tens


PokerStars Hand #154977689219:  Hold'em Limit ($3/$6 USD) - 2016/06/20 10:52:42 ET
Table 'Manto' 10-max Seat #2 is the button
Seat 1: Ag3r0n ($120.69 in chips)
Seat 2: SeanPeary ($4.86 in chips)
SeanPeary: posts small blind $1
Ag3r0n: posts big blind $3
*** HOLE CARDS ***
SeanPeary: raises $1.86 to $4.86 and is all-in
Ag3r0n: calls $1.86
*** FLOP *** [Ad Qd Td]
*** TURN *** [Ad Qd Td] [Qc]
*** RIVER *** [Ad Qd Td Qc] [6h]
*** SHOW DOWN ***
Ag3r0n: shows [9d 8c] (a pair of Queens)
SeanPeary: shows [Th Kh] (two pair, Queens and Tens)
SeanPeary collected $9.53 from pot
*** SUMMARY ***
Total pot $9.72 | Rake $0.19
Board [Ad Qd Td Qc 6h]
Seat 1: Ag3r0n (big blind) showed [9d 8c] and lost with a pair of Queens
Seat 2: SeanPeary (button) (small blind) showed [Th Kh] and won ($9.53) with two pair, Queens and Tens


PokerStars Hand #154977679995:  Hold'em Limit ($3/$6 USD) - 2016/06/20 10:52:26 ET
Table 'Manto' 10-max Seat #1 is the button
Seat 1: Ag3r0n ($91.19 in chips)
Seat 2: SeanPeary ($34.86 in chips)
Ag3r0n: posts small blind $1
SeanPeary: posts big blind $3
*** HOLE CARDS ***
Ag3r0n: raises $3 to $6
SeanPeary: raises $3 to $9
Ag3r0n: calls $3
*** FLOP *** [Kd 7c Jh]
SeanPeary: bets $3
Ag3r0n: calls $3
*** TURN *** [Kd 7c Jh] [5s]
SeanPeary: bets $6
Ag3r0n: calls $6
*** RIVER *** [Kd 7c Jh 5s] [3d]
SeanPeary: bets $6
Ag3r0n: raises $6 to $12
SeanPeary: calls $6
*** SHOW DOWN ***
Ag3r0n: shows [3s Kh] (two pair, Kings and Threes)
SeanPeary: mucks hand
Ag3r0n collected $59.50 from pot
*** SUMMARY ***
Total pot $60 | Rake $0.50
Board [Kd 7c Jh 5s 3d]
Seat 1: Ag3r0n (button) (small blind) showed [3s Kh] and won ($59.50) with two pair, Kings and Threes
Seat 2: SeanPeary (big blind) mucked


PokerStars Hand #154977677192:  Hold'em Limit ($3/$6 USD) - 2016/06/20 10:52:21 ET
Table 'Manto' 10-max Seat #2 is the button
Seat 1: Ag3r0n ($94.19 in chips)
Seat 2: SeanPeary ($31.86 in chips)
SeanPeary: posts small blind $1
Ag3r0n: posts big blind $3
*** HOLE CARDS ***
SeanPeary: raises $3 to $6
Ag3r0n: folds
Uncalled bet ($3) returned to SeanPeary
SeanPeary collected $6 from pot
SeanPeary: doesn't show hand
*** SUMMARY ***
Total pot $6 | Rake $0
Seat 1: Ag3r0n (big blind) folded before Flop
Seat 2: SeanPeary (button) (small blind) collected ($6)


PokerStars Hand #154977674494:  Hold'em Limit ($3/$6 USD) - 2016/06/20 10:52:16 ET
Table 'Manto' 10-max Seat #1 is the button
Seat 1: Ag3r0n ($95.19 in chips)
Seat 2: SeanPeary ($30.86 in chips)
Ag3r0n: posts small blind $1
SeanPeary: posts big blind $3
*** HOLE CARDS ***
Ag3r0n: folds
Uncalled bet ($2) returned to SeanPeary
SeanPeary collected $2 from pot
SeanPeary: doesn't show hand
*** SUMMARY ***
Total pot $2 | Rake $0
Seat 1: Ag3r0n (button) (small blind) folded before Flop
Seat 2: SeanPeary (big blind) collected ($2)


PokerStars Hand #154977663711:  Hold'em Limit ($3/$6 USD) - 2016/06/20 10:51:57 ET
Table 'Manto' 10-max Seat #2 is the button
Seat 1: Ag3r0n ($110.87 in chips)
Seat 2: SeanPeary ($15.68 in chips)
SeanPeary: posts small blind $1
Ag3r0n: posts big blind $3
*** HOLE CARDS ***
SeanPeary: raises $3 to $6
Ag3r0n: calls $3
*** FLOP *** [6c Kc 9d]
Ag3r0n: checks
SeanPeary: bets $3
Ag3r0n: calls $3
*** TURN *** [6c Kc 9d] [Jc]
Ag3r0n: checks
SeanPeary: bets $6
Ag3r0n: raises $6 to $12
SeanPeary: calls $0.68 and is all-in
Uncalled bet ($5.32) returned to Ag3r0n
*** RIVER *** [6c Kc 9d Jc] [2s]
*** SHOW DOWN ***
Ag3r0n: shows [Td 9s] (a pair of Nines)
SeanPeary: shows [Ks 8h] (a pair of Kings)
SeanPeary collected $30.86 from pot
*** SUMMARY ***
Total pot $31.36 | Rake $0.50
Board [6c Kc 9d Jc 2s]
Seat 1: Ag3r0n (big blind) showed [Td 9s] and lost with a pair of Nines
Seat 2: SeanPeary (button) (small blind) showed [Ks 8h] and won ($30.86) with a pair of Kings


PokerStars Hand #154977730478:  Hold'em Limit ($3/$6 USD) - 2016/06/20 10:53:54 ET
Table 'Manto' 10-max Seat #2 is the button
Seat 1: Ag3r0n ($106.18 in chips)
Seat 2: SeanPeary ($18.32 in chips)
SeanPeary: posts small blind $1
Ag3r0n: posts big blind $3
*** HOLE CARDS ***
SeanPeary: raises $3 to $6
Ag3r0n: calls $3
*** FLOP *** [7c 9h 2c]
Ag3r0n: checks
SeanPeary: bets $3
Ag3r0n: calls $3
*** TURN *** [7c 9h 2c] [7s]
Ag3r0n: checks
SeanPeary: bets $6
Ag3r0n: folds
Uncalled bet ($6) returned to SeanPeary
SeanPeary collected $17.64 from pot
SeanPeary: doesn't show hand
*** SUMMARY ***
Total pot $18 | Rake $0.36
Board [7c 9h 2c 7s]
Seat 1: Ag3r0n (big blind) folded on the Turn
Seat 2: SeanPeary (button) (small blind) collected ($17.64)


PokerStars Hand #154977722760:  Hold'em Limit ($3/$6 USD) - 2016/06/20 10:53:40 ET
Table 'Manto' 10-max Seat #1 is the button
Seat 1: Ag3r0n ($103.30 in chips)
Seat 2: SeanPeary ($21.32 in chips)
Ag3r0n: posts small blind $1
SeanPeary: posts big blind $3
*** HOLE CARDS ***
Ag3r0n: calls $2
SeanPeary: checks
*** FLOP *** [Ac Jh Qd]
SeanPeary: checks
Ag3r0n: bets $3
SeanPeary: folds
Uncalled bet ($3) returned to Ag3r0n
Ag3r0n collected $5.88 from pot
*** SUMMARY ***
Total pot $6 | Rake $0.12
Board [Ac Jh Qd]
Seat 1: Ag3r0n (button) (small blind) collected ($5.88)
Seat 2: SeanPeary (big blind) folded on the Flop


PokerStars Hand #154977720191:  Hold'em Limit ($3/$6 USD) - 2016/06/20 10:53:35 ET
Table 'Manto' 10-max Seat #2 is the button
Seat 1: Ag3r0n ($102.30 in chips)
Seat 2: SeanPeary ($22.32 in chips)
SeanPeary: posts small blind $1
Ag3r0n: posts big blind $3
*** HOLE CARDS ***
SeanPeary: folds
Uncalled bet ($2) returned to Ag3r0n
Ag3r0n collected $2 from pot
*** SUMMARY ***
Total pot $2 | Rake $0
Seat 1: Ag3r0n (big blind) collected ($2)
Seat 2: SeanPeary (button) (small blind) folded before Flop


PokerStars Hand #154977716011:  Hold'em Limit ($3/$6 USD) - 2016/06/20 10:53:28 ET
Table 'Manto' 10-max Seat #1 is the button
Seat 1: Ag3r0n ($99.30 in chips)
Seat 2: SeanPeary ($25.32 in chips)
Ag3r0n: posts small blind $1
SeanPeary: posts big blind $3
*** HOLE CARDS ***
Ag3r0n: raises $3 to $6
SeanPeary: folds
Uncalled bet ($3) returned to Ag3r0n
Ag3r0n collected $6 from pot
*** SUMMARY ***
Total pot $6 | Rake $0
Seat 1: Ag3r0n (button) (small blind) collected ($6)
Seat 2: SeanPeary (big blind) folded before Flop


PokerStars Hand #154977712913:  Hold'em Limit ($3/$6 USD) - 2016/06/20 10:53:23 ET
Table 'Manto' 10-max Seat #2 is the button
Seat 1: Ag3r0n ($98.30 in chips)
Seat 2: SeanPeary ($26.32 in chips)
SeanPeary: posts small blind $1
Ag3r0n: posts big blind $3
*** HOLE CARDS ***
SeanPeary: folds
Uncalled bet ($2) returned to Ag3r0n
Ag3r0n collected $2 from pot
*** SUMMARY ***
Total pot $2 | Rake $0
Seat 1: Ag3r0n (big blind) collected ($2)
Seat 2: SeanPeary (button) (small blind) folded before Flop


PokerStars Hand #154977707517:  Hold'em Limit ($3/$6 USD) - 2016/06/20 10:53:13 ET
Table 'Manto' 10-max Seat #1 is the button
Seat 1: Ag3r0n ($107.30 in chips)
Seat 2: SeanPeary ($17.68 in chips)
Ag3r0n: posts small blind $1
SeanPeary: posts big blind $3
*** HOLE CARDS ***
Ag3r0n: raises $3 to $6
SeanPeary: raises $3 to $9
Ag3r0n: calls $3
*** FLOP *** [2s Jd Th]
SeanPeary: bets $3
Ag3r0n: folds
Uncalled bet ($3) returned to SeanPeary
SeanPeary collected $17.64 from pot
SeanPeary: doesn't show hand
*** SUMMARY ***
Total pot $18 | Rake $0.36
Board [2s Jd Th]
Seat 1: Ag3r0n (button) (small blind) folded on the Flop
Seat 2: SeanPeary (big blind) collected ($17.64)


PokerStars Hand #154977704747:  Hold'em Limit ($3/$6 USD) - 2016/06/20 10:53:09 ET
Table 'Manto' 10-max Seat #2 is the button
Seat 1: Ag3r0n ($106.30 in chips)
Seat 2: SeanPeary ($18.68 in chips)
SeanPeary: posts small blind $1
Ag3r0n: posts big blind $3
*** HOLE CARDS ***
SeanPeary: folds
Uncalled bet ($2) returned to Ag3r0n
Ag3r0n collected $2 from pot
*** SUMMARY ***
Total pot $2 | Rake $0
Seat 1: Ag3r0n (big blind) collected ($2)
Seat 2: SeanPeary (button) (small blind) folded before Flop


PokerStars Hand #154977769668:  Hold'em Limit ($3/$6 USD) - 2016/06/20 10:55:02 ET
Table 'Manto' 10-max Seat #1 is the button
Seat 1: Ag3r0n ($124.64 in chips)
Seat 2: SeanPeary ($29 in chips)
Ag3r0n: posts small blind $1
SeanPeary: posts big blind $3
*** HOLE CARDS ***
Ag3r0n: folds
Uncalled bet ($2) returned to SeanPeary
SeanPeary collected $2 from pot
SeanPeary: doesn't show hand
*** SUMMARY ***
Total pot $2 | Rake $0
Seat 1: Ag3r0n (button) (small blind) folded before Flop
Seat 2: SeanPeary (big blind) collected ($2)


PokerStars Hand #154977765326:  Hold'em Limit ($3/$6 USD) - 2016/06/20 10:54:54 ET
Table 'Manto' 10-max Seat #2 is the button
Seat 1: Ag3r0n ($123.64 in chips)
Seat 2: SeanPeary ($30 in chips)
SeanPeary: posts small blind $1
Ag3r0n: posts big blind $3
*** HOLE CARDS ***
SeanPeary: folds
Uncalled bet ($2) returned to Ag3r0n
Ag3r0n collected $2 from pot
*** SUMMARY ***
Total pot $2 | Rake $0
Seat 1: Ag3r0n (big blind) collected ($2)
Seat 2: SeanPeary (button) (small blind) folded before Flop


PokerStars Hand #154977745717:  Hold'em Limit ($3/$6 USD) - 2016/06/20 10:54:20 ET
Table 'Manto' 10-max Seat #1 is the button
Seat 1: Ag3r0n ($97.18 in chips)
Seat 2: SeanPeary ($26.96 in chips)
Ag3r0n: posts small blind $1
SeanPeary: posts big blind $3
*** HOLE CARDS ***
Ag3r0n: raises $3 to $6
SeanPeary: raises $3 to $9
Ag3r0n: raises $3 to $12
Betting is capped
SeanPeary: calls $3
*** FLOP *** [2c Kd Qc]
SeanPeary: checks
Ag3r0n: bets $3
SeanPeary: raises $3 to $6
Ag3r0n: calls $3
*** TURN *** [2c Kd Qc] [Ks]
SeanPeary: bets $6
Ag3r0n: raises $6 to $12
SeanPeary: calls $2.96 and is all-in
Uncalled bet ($3.04) returned to Ag3r0n
*** RIVER *** [2c Kd Qc Ks] [Qd]
*** SHOW DOWN ***
SeanPeary: shows [As Ah] (two pair, Aces and Kings)
Ag3r0n: shows [Kc Qh] (a full house, Kings full of Queens)
Ag3r0n collected $53.42 from pot
SeanPeary said, "wow"
*** SUMMARY ***
Total pot $53.92 | Rake $0.50
Board [2c Kd Qc Ks Qd]
Seat 1: Ag3r0n (button) (small blind) showed [Kc Qh] and won ($53.42) with a full house, Kings full of Queens
Seat 2: SeanPeary (big blind) showed [As Ah] and lost with two pair, Aces and Kings


PokerStars Hand #154977742879:  Hold'em Limit ($3/$6 USD) - 2016/06/20 10:54:15 ET
Table 'Manto' 10-max Seat #2 is the button
Seat 1: Ag3r0n ($96.18 in chips)
Seat 2: SeanPeary ($27.96 in chips)
SeanPeary: posts small blind $1
Ag3r0n: posts big blind $3
*** HOLE CARDS ***
SeanPeary: folds
Uncalled bet ($2) returned to Ag3r0n
Ag3r0n collected $2 from pot
*** SUMMARY ***
Total pot $2 | Rake $0
Seat 1: Ag3r0n (big blind) collected ($2)
Seat 2: SeanPeary (button) (small blind) folded before Flop


PokerStars Hand #154977740448:  Hold'em Limit ($3/$6 USD) - 2016/06/20 10:54:11 ET
Table 'Manto' 10-max Seat #1 is the button
Seat 1: Ag3r0n ($97.18 in chips)
Seat 2: SeanPeary ($26.96 in chips)
Ag3r0n: posts small blind $1
SeanPeary: posts big blind $3
*** HOLE CARDS ***
Ag3r0n: folds
Uncalled bet ($2) returned to SeanPeary
SeanPeary collected $2 from pot
SeanPeary: doesn't show hand
*** SUMMARY ***
Total pot $2 | Rake $0
Seat 1: Ag3r0n (button) (small blind) folded before Flop
Seat 2: SeanPeary (big blind) collected ($2)


PokerStars Hand #154977798172:  Hold'em Limit ($3/$6 USD) - 2016/06/20 10:55:58 ET
Table 'Manto' 10-max Seat #2 is the button
Seat 1: Ag3r0n ($72 in chips)
Seat 2: SeanPeary ($81 in chips)
SeanPeary: posts small blind $1
Ag3r0n: posts big blind $3
*** HOLE CARDS ***
SeanPeary: raises $3 to $6
Ag3r0n: calls $3
*** FLOP *** [9h 5d As]
Ag3r0n: checks
SeanPeary: checks
*** TURN *** [9h 5d As] [Ac]
Ag3r0n: checks
SeanPeary: bets $6
Ag3r0n: folds
Uncalled bet ($6) returned to SeanPeary
SeanPeary collected $11.76 from pot
SeanPeary: doesn't show hand
*** SUMMARY ***
Total pot $12 | Rake $0.24
Board [9h 5d As Ac]
Seat 1: Ag3r0n (big blind) folded on the Turn
Seat 2: SeanPeary (button) (small blind) collected ($11.76)


PokerStars Hand #154977788618:  Hold'em Limit ($3/$6 USD) - 2016/06/20 10:55:39 ET
Table 'Manto' 10-max Seat #1 is the button
Seat 1: Ag3r0n ($101.64 in chips)
Seat 2: SeanPeary ($51.50 in chips)
Ag3r0n: posts small blind $1
SeanPeary: posts big blind $3
*** HOLE CARDS ***
Ag3r0n: raises $3 to $6
SeanPeary: raises $3 to $9
Ag3r0n: calls $3
*** FLOP *** [Ad 3s 5c]
SeanPeary: bets $3
Ag3r0n: calls $3
*** TURN *** [Ad 3s 5c] [As]
SeanPeary: bets $6
Ag3r0n: calls $6
*** RIVER *** [Ad 3s 5c As] [Qd]
SeanPeary: bets $6
Ag3r0n: raises $6 to $12
SeanPeary: raises $6 to $18
Ag3r0n: folds
Uncalled bet ($6) returned to SeanPeary
SeanPeary collected $59.50 from pot
SeanPeary: doesn't show hand
*** SUMMARY ***
Total pot $60 | Rake $0.50
Board [Ad 3s 5c As Qd]
Seat 1: Ag3r0n (button) (small blind) folded on the River
Seat 2: SeanPeary (big blind) collected ($59.50)


PokerStars Hand #154977778146:  Hold'em Limit ($3/$6 USD) - 2016/06/20 10:55:17 ET
Table 'Manto' 10-max Seat #2 is the button
Seat 1: Ag3r0n ($127.64 in chips)
Seat 2: SeanPeary ($26 in chips)
SeanPeary: posts small blind $1
Ag3r0n: posts big blind $3
*** HOLE CARDS ***
SeanPeary: raises $3 to $6
Ag3r0n: raises $3 to $9
SeanPeary: raises $3 to $12
Betting is capped
Ag3r0n: calls $3
*** FLOP *** [Qd 3h 5s]
Ag3r0n: checks
SeanPeary: bets $3
Ag3r0n: calls $3
*** TURN *** [Qd 3h 5s] [8s]
Ag3r0n: checks
SeanPeary: bets $6
Ag3r0n: raises $6 to $12
SeanPeary: calls $5 and is all-in
Uncalled bet ($1) returned to Ag3r0n
*** RIVER *** [Qd 3h 5s 8s] [6s]
*** SHOW DOWN ***
Ag3r0n: shows [Qh Kh] (a pair of Queens)
SeanPeary: shows [Qs As] (a flush, Ace high)
SeanPeary collected $51.50 from pot
*** SUMMARY ***
Total pot $52 | Rake $0.50
Board [Qd 3h 5s 8s 6s]
Seat 1: Ag3r0n (big blind) showed [Qh Kh] and lost with a pair of Queens
Seat 2: SeanPeary (button) (small blind) showed [Qs As] and won ($51.50) with a flush, Ace high


PokerStars Hand #154977775214:  Hold'em Limit ($3/$6 USD) - 2016/06/20 10:55:12 ET
Table 'Manto' 10-max Seat #1 is the button
Seat 1: Ag3r0n ($124.64 in chips)
Seat 2: SeanPeary ($29 in chips)
Ag3r0n: posts small blind $1
SeanPeary: posts big blind $3
*** HOLE CARDS ***
Ag3r0n: raises $3 to $6
SeanPeary: folds
Uncalled bet ($3) returned to Ag3r0n
Ag3r0n collected $6 from pot
*** SUMMARY ***
Total pot $6 | Rake $0
Seat 1: Ag3r0n (button) (small blind) collected ($6)
Seat 2: SeanPeary (big blind) folded before Flop


PokerStars Hand #154977772426:  Hold'em Limit ($3/$6 USD) - 2016/06/20 10:55:07 ET
Table 'Manto' 10-max Seat #2 is the button
Seat 1: Ag3r0n ($123.64 in chips)
Seat 2: SeanPeary ($30 in chips)
SeanPeary: posts small blind $1
Ag3r0n: posts big blind $3
*** HOLE CARDS ***
SeanPeary: folds
Uncalled bet ($2) returned to Ag3r0n
Ag3r0n collected $2 from pot
*** SUMMARY ***
Total pot $2 | Rake $0
Seat 1: Ag3r0n (big blind) collected ($2)
Seat 2: SeanPeary (button) (small blind) folded before Flop


PokerStars Hand #154977824673:  Hold'em Limit ($3/$6 USD) - 2016/06/20 10:56:52 ET
Table 'Manto' 10-max Seat #1 is the button
Seat 1: Ag3r0n ($95.50 in chips)
Seat 2: SeanPeary ($62.76 in chips)
Ag3r0n: posts small blind $1
SeanPeary: posts big blind $3
*** HOLE CARDS ***
Ag3r0n: raises $3 to $6
SeanPeary: calls $3
*** FLOP *** [7h 9d Qd]
SeanPeary: checks
Ag3r0n: checks
*** TURN *** [7h 9d Qd] [7s]
SeanPeary: bets $6
Ag3r0n: folds
Uncalled bet ($6) returned to SeanPeary
SeanPeary collected $11.76 from pot
SeanPeary: doesn't show hand
*** SUMMARY ***
Total pot $12 | Rake $0.24
Board [7h 9d Qd 7s]
Seat 1: Ag3r0n (button) (small blind) folded on the Turn
Seat 2: SeanPeary (big blind) collected ($11.76)


PokerStars Hand #154977829768:  Hold'em Limit ($3/$6 USD) - 2016/06/20 10:57:02 ET
Table 'Manto' 10-max Seat #2 is the button
Seat 1: Ag3r0n ($89.50 in chips)
Seat 2: SeanPeary ($68.52 in chips)
SeanPeary: posts small blind $1
Ag3r0n: posts big blind $3
*** HOLE CARDS ***
SeanPeary: folds
Uncalled bet ($2) returned to Ag3r0n
Ag3r0n collected $2 from pot
*** SUMMARY ***
Total pot $2 | Rake $0
Seat 1: Ag3r0n (big blind) collected ($2)
Seat 2: SeanPeary (button) (small blind) folded before Flop


PokerStars Hand #154977854933:  Hold'em Limit ($3/$6 USD) - 2016/06/20 10:57:53 ET
Table 'Manto' 10-max Seat #1 is the button
Seat 1: Ag3r0n ($72 in chips)
Seat 2: SeanPeary ($99.78 in chips)
Ag3r0n: posts small blind $1
SeanPeary: posts big blind $3
*** HOLE CARDS ***
Ag3r0n: raises $3 to $6
SeanPeary: folds
Uncalled bet ($3) returned to Ag3r0n
Ag3r0n collected $6 from pot
*** SUMMARY ***
Total pot $6 | Rake $0
Seat 1: Ag3r0n (button) (small blind) collected ($6)
Seat 2: SeanPeary (big blind) folded before Flop


PokerStars Hand #154977857980:  Hold'em Limit ($3/$6 USD) - 2016/06/20 10:57:59 ET
Table 'Manto' 10-max Seat #2 is the button
Seat 1: Ag3r0n ($75 in chips)
Seat 2: SeanPeary ($96.78 in chips)
SeanPeary: posts small blind $1
Ag3r0n: posts big blind $3
*** HOLE CARDS ***
SeanPeary: raises $3 to $6
Ag3r0n: calls $3
*** FLOP *** [Jh 3c As]
Ag3r0n: checks
SeanPeary: checks
*** TURN *** [Jh 3c As] [3h]
Ag3r0n: checks
SeanPeary: checks
*** RIVER *** [Jh 3c As 3h] [9h]
FabronxRJ joins the table at seat #3
Ag3r0n: checks
SeanPeary: bets $6
Ag3r0n: folds
Uncalled bet ($6) returned to SeanPeary
SeanPeary collected $11.76 from pot
SeanPeary: doesn't show hand
*** SUMMARY ***
Total pot $12 | Rake $0.24
Board [Jh 3c As 3h 9h]
Seat 1: Ag3r0n (big blind) folded on the River
Seat 2: SeanPeary (button) (small blind) collected ($11.76)


PokerStars Hand #154977849114:  Hold'em Limit ($3/$6 USD) - 2016/06/20 10:57:41 ET
Table 'Manto' 10-max Seat #1 is the button
Seat 1: Ag3r0n ($72 in chips)
Seat 2: SeanPeary ($99.78 in chips)
Ag3r0n: posts small blind $1
SeanPeary: posts big blind $3
*** HOLE CARDS ***
Ag3r0n: raises $3 to $6
SeanPeary: folds
Uncalled bet ($3) returned to Ag3r0n
Ag3r0n collected $6 from pot
*** SUMMARY ***
Total pot $6 | Rake $0
Seat 1: Ag3r0n (button) (small blind) collected ($6)
Seat 2: SeanPeary (big blind) folded before Flop


PokerStars Hand #154977832010:  Hold'em Limit ($3/$6 USD) - 2016/06/20 10:57:07 ET
Table 'Manto' 10-max Seat #1 is the button
Seat 1: Ag3r0n ($90.50 in chips)
Seat 2: SeanPeary ($67.52 in chips)
Ag3r0n: posts small blind $1
SeanPeary: posts big blind $3
*** HOLE CARDS ***
Ag3r0n: raises $3 to $6
SeanPeary: calls $3
*** FLOP *** [5h 2c 7c]
SeanPeary: checks
Ag3r0n: bets $3
SeanPeary: calls $3
*** TURN *** [5h 2c 7c] [Jc]
SeanPeary: checks
Ag3r0n: bets $6
SeanPeary: raises $6 to $12
Ag3r0n: calls $6
*** RIVER *** [5h 2c 7c Jc] [Qh]
SeanPeary: bets $6
Ag3r0n: calls $6
*** SHOW DOWN ***
SeanPeary: shows [6c 4c] (a flush, Jack high)
Ag3r0n: mucks hand
SeanPeary collected $53.50 from pot
*** SUMMARY ***
Total pot $54 | Rake $0.50
Board [5h 2c 7c Jc Qh]
Seat 1: Ag3r0n (button) (small blind) mucked
Seat 2: SeanPeary (big blind) showed [6c 4c] and won ($53.50) with a flush, Jack high


PokerStars Hand #154977811657:  Hold'em Limit ($3/$6 USD) - 2016/06/20 10:56:25 ET
Table 'Manto' 10-max Seat #2 is the button
Seat 1: Ag3r0n ($86.50 in chips)
Seat 2: SeanPeary ($71.76 in chips)
SeanPeary: posts small blind $1
Ag3r0n: posts big blind $3
*** HOLE CARDS ***
SeanPeary: folds
Uncalled bet ($2) returned to Ag3r0n
Ag3r0n collected $2 from pot
*** SUMMARY ***
Total pot $2 | Rake $0
Seat 1: Ag3r0n (big blind) collected ($2)
Seat 2: SeanPeary (button) (small blind) folded before Flop


PokerStars Hand #154977803849:  Hold'em Limit ($3/$6 USD) - 2016/06/20 10:56:09 ET
Table 'Manto' 10-max Seat #1 is the button
Seat 1: Ag3r0n ($72 in chips)
Seat 2: SeanPeary ($86.76 in chips)
Ag3r0n: posts small blind $1
SeanPeary: posts big blind $3
*** HOLE CARDS ***
Ag3r0n: raises $3 to $6
SeanPeary: calls $3
*** FLOP *** [8s 5h 2h]
SeanPeary: checks
Ag3r0n: bets $3
SeanPeary: calls $3
*** TURN *** [8s 5h 2h] [As]
SeanPeary: checks
Ag3r0n: bets $6
SeanPeary: calls $6
*** RIVER *** [8s 5h 2h As] [Ts]
SeanPeary: checks
Ag3r0n: checks
*** SHOW DOWN ***
SeanPeary: shows [5s 7d] (a pair of Fives)
Ag3r0n: shows [9d 9s] (a pair of Nines)
Ag3r0n collected $29.50 from pot
*** SUMMARY ***
Total pot $30 | Rake $0.50
Board [8s 5h 2h As Ts]
Seat 1: Ag3r0n (button) (small blind) showed [9d 9s] and won ($29.50) with a pair of Nines
Seat 2: SeanPeary (big blind) showed [5s 7d] and lost with a pair of Fives


PokerStars Hand #154977813917:  Hold'em Limit ($3/$6 USD) - 2016/06/20 10:56:30 ET
Table 'Manto' 10-max Seat #1 is the button
Seat 1: Ag3r0n ($87.50 in chips)
Seat 2: SeanPeary ($70.76 in chips)
Ag3r0n: posts small blind $1
SeanPeary: posts big blind $3
*** HOLE CARDS ***
Ag3r0n: raises $3 to $6
SeanPeary: folds
Uncalled bet ($3) returned to Ag3r0n
Ag3r0n collected $6 from pot
*** SUMMARY ***
Total pot $6 | Rake $0
Seat 1: Ag3r0n (button) (small blind) collected ($6)
Seat 2: SeanPeary (big blind) folded before Flop


PokerStars Hand #154977819676:  Hold'em Limit ($3/$6 USD) - 2016/06/20 10:56:42 ET
Table 'Manto' 10-max Seat #1 is the button
Seat 1: Ag3r0n ($91.50 in chips)
Seat 2: SeanPeary ($66.76 in chips)
Ag3r0n: posts small blind $1
SeanPeary: posts big blind $3
*** HOLE CARDS ***
Ag3r0n: raises $3 to $6
SeanPeary: folds
Uncalled bet ($3) returned to Ag3r0n
Ag3r0n collected $6 from pot
*** SUMMARY ***
Total pot $6 | Rake $0
Seat 1: Ag3r0n (button) (small blind) collected ($6)
Seat 2: SeanPeary (big blind) folded before Flop


PokerStars Hand #154977817327:  Hold'em Limit ($3/$6 USD) - 2016/06/20 10:56:37 ET
Table 'Manto' 10-max Seat #2 is the button
Seat 1: Ag3r0n ($90.50 in chips)
Seat 2: SeanPeary ($67.76 in chips)
SeanPeary: posts small blind $1
Ag3r0n: posts big blind $3
*** HOLE CARDS ***
SeanPeary: folds
Uncalled bet ($2) returned to Ag3r0n
Ag3r0n collected $2 from pot
*** SUMMARY ***
Total pot $2 | Rake $0
Seat 1: Ag3r0n (big blind) collected ($2)
Seat 2: SeanPeary (button) (small blind) folded before Flop


PokerStars Hand #154977865973:  Hold'em Limit ($3/$6 USD) - 2016/06/20 10:58:15 ET
Table 'Manto' 10-max Seat #1 is the button
Seat 1: Ag3r0n ($72 in chips)
Seat 2: SeanPeary ($102.54 in chips)
Ag3r0n: posts small blind $1
SeanPeary: posts big blind $3
*** HOLE CARDS ***
Ag3r0n: raises $3 to $6
BrownieSpy joins the table at seat #4
SeanPeary: folds
Uncalled bet ($3) returned to Ag3r0n
Ag3r0n collected $6 from pot
*** SUMMARY ***
Total pot $6 | Rake $0
Seat 1: Ag3r0n (button) (small blind) collected ($6)
Seat 2: SeanPeary (big blind) folded before Flop


PokerStars Hand #154978207779:  Hold'em Limit ($3/$6 USD) - 2016/06/20 11:08:27 ET
Table 'Manto' 10-max Seat #4 is the button
Seat 1: Ag3r0n ($80.07 in chips)
Seat 4: BrownieSpy ($99.35 in chips)
BrownieSpy: posts small blind $1
Ag3r0n: posts big blind $3
*** HOLE CARDS ***
BrownieSpy: folds
Uncalled bet ($2) returned to Ag3r0n
Ag3r0n collected $2 from pot
SeanPeary said, "gtg"
*** SUMMARY ***
Total pot $2 | Rake $0
Seat 1: Ag3r0n (big blind) collected ($2)
Seat 4: BrownieSpy (button) (small blind) folded before Flop


