PokerStars Hand #151837726750:  Hold'em Limit ($3/$6 USD) - 2016/04/12 20:41:08 ET
Table 'Manto' 10-max Seat #6 is the button
Seat 6: Mind90 ($121 in chips)
Seat 10: anetkaapro ($119 in chips)
Mind90: posts small blind $1
anetkaapro: posts big blind $3
*** HOLE CARDS ***
Mind90: folds
Uncalled bet ($2) returned to anetkaapro
anetkaapro collected $2 from pot
anetkaapro: doesn't show hand
*** SUMMARY ***
Total pot $2 | Rake $0
Seat 6: Mind90 (button) (small blind) folded before Flop
Seat 10: anetkaapro (big blind) collected ($2)


PokerStars Hand #151837744772:  Hold'em Limit ($3/$6 USD) - 2016/04/12 20:41:47 ET
Table 'Manto' 10-max Seat #6 is the button
Seat 6: Mind90 ($81 in chips)
Seat 10: anetkaapro ($158.50 in chips)
Mind90: posts small blind $1
anetkaapro: posts big blind $3
*** HOLE CARDS ***
Mind90: folds
Uncalled bet ($2) returned to anetkaapro
anetkaapro collected $2 from pot
anetkaapro: doesn't show hand
*** SUMMARY ***
Total pot $2 | Rake $0
Seat 6: Mind90 (button) (small blind) folded before Flop
Seat 10: anetkaapro (big blind) collected ($2)


PokerStars Hand #151837729123:  Hold'em Limit ($3/$6 USD) - 2016/04/12 20:41:13 ET
Table 'Manto' 10-max Seat #10 is the button
Seat 6: Mind90 ($120 in chips)
Seat 10: anetkaapro ($120 in chips)
anetkaapro: posts small blind $1
Mind90: posts big blind $3
*** HOLE CARDS ***
anetkaapro: raises $3 to $6
Mind90: calls $3
*** FLOP *** [7c 7d Ac]
Mind90: checks
anetkaapro: bets $3
Mind90: calls $3
*** TURN *** [7c 7d Ac] [Kc]
Mind90: checks
anetkaapro: bets $6
Mind90: raises $6 to $12
anetkaapro: calls $6
*** RIVER *** [7c 7d Ac Kc] [6h]
Mind90: bets $6
anetkaapro: raises $6 to $12
Mind90: raises $6 to $18
anetkaapro: calls $6
*** SHOW DOWN ***
Mind90: shows [4c 9c] (a flush, Ace high)
anetkaapro: shows [Qc 5c] (a flush, Ace high - Queen higher)
anetkaapro collected $77.50 from pot
*** SUMMARY ***
Total pot $78 | Rake $0.50
Board [7c 7d Ac Kc 6h]
Seat 6: Mind90 (big blind) showed [4c 9c] and lost with a flush, Ace high
Seat 10: anetkaapro (button) (small blind) showed [Qc 5c] and won ($77.50) with a flush, Ace high


PokerStars Hand #151837747042:  Hold'em Limit ($3/$6 USD) - 2016/04/12 20:41:52 ET
Table 'Manto' 10-max Seat #10 is the button
Seat 6: Mind90 ($80 in chips)
Seat 10: anetkaapro ($159.50 in chips)
anetkaapro: posts small blind $1
Mind90: posts big blind $3
*** HOLE CARDS ***
anetkaapro: folds
Uncalled bet ($2) returned to Mind90
Mind90 collected $2 from pot
Mind90: doesn't show hand
*** SUMMARY ***
Total pot $2 | Rake $0
Seat 6: Mind90 (big blind) collected ($2)
Seat 10: anetkaapro (button) (small blind) folded before Flop


PokerStars Hand #151837798736:  Hold'em Limit ($3/$6 USD) - 2016/04/12 20:43:46 ET
Table 'Manto' 10-max Seat #10 is the button
Seat 6: Mind90 ($83.14 in chips)
Seat 10: anetkaapro ($155 in chips)
anetkaapro: posts small blind $1
Mind90: posts big blind $3
*** HOLE CARDS ***
anetkaapro: raises $3 to $6
Mind90: folds
Uncalled bet ($3) returned to anetkaapro
anetkaapro collected $6 from pot
anetkaapro: doesn't show hand
*** SUMMARY ***
Total pot $6 | Rake $0
Seat 6: Mind90 (big blind) folded before Flop
Seat 10: anetkaapro (button) (small blind) collected ($6)


PokerStars Hand #151837790307:  Hold'em Limit ($3/$6 USD) - 2016/04/12 20:43:28 ET
Table 'Manto' 10-max Seat #6 is the button
Seat 6: Mind90 ($104.14 in chips)
Seat 10: anetkaapro ($134.50 in chips)
Mind90: posts small blind $1
anetkaapro: posts big blind $3
*** HOLE CARDS ***
Mind90: calls $2
anetkaapro: raises $3 to $6
Mind90: calls $3
*** FLOP *** [9d 3s 8s]
anetkaapro: bets $3
Mind90: calls $3
*** TURN *** [9d 3s 8s] [Th]
anetkaapro: checks
Mind90: bets $6
anetkaapro: calls $6
*** RIVER *** [9d 3s 8s Th] [8c]
anetkaapro: checks
Mind90: bets $6
anetkaapro: calls $6
*** SHOW DOWN ***
Mind90: shows [5s 4s] (a pair of Eights)
anetkaapro: shows [As 3c] (two pair, Eights and Threes)
anetkaapro collected $41.50 from pot
*** SUMMARY ***
Total pot $42 | Rake $0.50
Board [9d 3s 8s Th 8c]
Seat 6: Mind90 (button) (small blind) showed [5s 4s] and lost with a pair of Eights
Seat 10: anetkaapro (big blind) showed [As 3c] and won ($41.50) with two pair, Eights and Threes


PokerStars Hand #151837780942:  Hold'em Limit ($3/$6 USD) - 2016/04/12 20:43:07 ET
Table 'Manto' 10-max Seat #10 is the button
Seat 6: Mind90 ($95.50 in chips)
Seat 10: anetkaapro ($143.50 in chips)
anetkaapro: posts small blind $1
Mind90: posts big blind $3
*** HOLE CARDS ***
anetkaapro: raises $3 to $6
Mind90: raises $3 to $9
anetkaapro: calls $3
*** FLOP *** [3d Ah 8d]
Mind90: bets $3
anetkaapro: folds
Uncalled bet ($3) returned to Mind90
Mind90 collected $17.64 from pot
Mind90: doesn't show hand
*** SUMMARY ***
Total pot $18 | Rake $0.36
Board [3d Ah 8d]
Seat 6: Mind90 (big blind) collected ($17.64)
Seat 10: anetkaapro (button) (small blind) folded on the Flop


PokerStars Hand #151837802028:  Hold'em Limit ($3/$6 USD) - 2016/04/12 20:43:54 ET
Table 'Manto' 10-max Seat #6 is the button
Seat 6: Mind90 ($80.14 in chips)
Seat 10: anetkaapro ($158 in chips)
Mind90: posts small blind $1
anetkaapro: posts big blind $3
*** HOLE CARDS ***
Mind90: raises $3 to $6
anetkaapro: calls $3
*** FLOP *** [Kc Js 6c]
anetkaapro: checks
Mind90: bets $3
anetkaapro: raises $3 to $6
Mind90: calls $3
*** TURN *** [Kc Js 6c] [8s]
anetkaapro: bets $6
Mind90: calls $6
*** RIVER *** [Kc Js 6c 8s] [6d]
anetkaapro: checks
Mind90: checks
*** SHOW DOWN ***
anetkaapro: shows [7c Qh] (a pair of Sixes)
Mind90: shows [5h 5c] (two pair, Sixes and Fives)
Mind90 collected $35.50 from pot
*** SUMMARY ***
Total pot $36 | Rake $0.50
Board [Kc Js 6c 8s 6d]
Seat 6: Mind90 (button) (small blind) showed [5h 5c] and won ($35.50) with two pair, Sixes and Fives
Seat 10: anetkaapro (big blind) showed [7c Qh] and lost with a pair of Sixes


PokerStars Hand #151837814956:  Hold'em Limit ($3/$6 USD) - 2016/04/12 20:44:23 ET
Table 'Manto' 10-max Seat #10 is the button
Seat 6: Mind90 ($97.64 in chips)
Seat 10: anetkaapro ($140 in chips)
anetkaapro: posts small blind $1
Mind90: posts big blind $3
*** HOLE CARDS ***
anetkaapro: folds
Uncalled bet ($2) returned to Mind90
Mind90 collected $2 from pot
Mind90: doesn't show hand
*** SUMMARY ***
Total pot $2 | Rake $0
Seat 6: Mind90 (big blind) collected ($2)
Seat 10: anetkaapro (button) (small blind) folded before Flop


PokerStars Hand #151837818615:  Hold'em Limit ($3/$6 USD) - 2016/04/12 20:44:31 ET
Table 'Manto' 10-max Seat #6 is the button
Seat 6: Mind90 ($98.64 in chips)
Seat 10: anetkaapro ($139 in chips)
Mind90: posts small blind $1
anetkaapro: posts big blind $3
*** HOLE CARDS ***
Mind90: raises $3 to $6
anetkaapro: calls $3
*** FLOP *** [2s Kc 3s]
anetkaapro: checks
Mind90: bets $3
anetkaapro: raises $3 to $6
Mind90: folds
Uncalled bet ($3) returned to anetkaapro
anetkaapro collected $17.64 from pot
anetkaapro: doesn't show hand
*** SUMMARY ***
Total pot $18 | Rake $0.36
Board [2s Kc 3s]
Seat 6: Mind90 (button) (small blind) folded on the Flop
Seat 10: anetkaapro (big blind) collected ($17.64)


PokerStars Hand #151837823001:  Hold'em Limit ($3/$6 USD) - 2016/04/12 20:44:41 ET
Table 'Manto' 10-max Seat #10 is the button
Seat 6: Mind90 ($89.64 in chips)
Seat 10: anetkaapro ($147.64 in chips)
anetkaapro: posts small blind $1
Mind90: posts big blind $3
*** HOLE CARDS ***
anetkaapro: folds
Uncalled bet ($2) returned to Mind90
Mind90 collected $2 from pot
Mind90: doesn't show hand
*** SUMMARY ***
Total pot $2 | Rake $0
Seat 6: Mind90 (big blind) collected ($2)
Seat 10: anetkaapro (button) (small blind) folded before Flop


PokerStars Hand #151837825648:  Hold'em Limit ($3/$6 USD) - 2016/04/12 20:44:47 ET
Table 'Manto' 10-max Seat #6 is the button
Seat 6: Mind90 ($90.64 in chips)
Seat 10: anetkaapro ($146.64 in chips)
Mind90: posts small blind $1
anetkaapro: posts big blind $3
*** HOLE CARDS ***
Mind90: raises $3 to $6
anetkaapro: calls $3
*** FLOP *** [2h 4h Kd]
anetkaapro: checks
Mind90: bets $3
anetkaapro: raises $3 to $6
Mind90: calls $3
*** TURN *** [2h 4h Kd] [Qh]
anetkaapro: bets $6
Mind90: calls $6
*** RIVER *** [2h 4h Kd Qh] [9h]
anetkaapro: checks
Mind90: bets $6
anetkaapro: calls $6
*** SHOW DOWN ***
Mind90: shows [Ac Ah] (a flush, Ace high)
anetkaapro: mucks hand
Mind90 collected $47.50 from pot
*** SUMMARY ***
Total pot $48 | Rake $0.50
Board [2h 4h Kd Qh 9h]
Seat 6: Mind90 (button) (small blind) showed [Ac Ah] and won ($47.50) with a flush, Ace high
Seat 10: anetkaapro (big blind) mucked


PokerStars Hand #151837837277:  Hold'em Limit ($3/$6 USD) - 2016/04/12 20:45:13 ET
Table 'Manto' 10-max Seat #10 is the button
Seat 6: Mind90 ($114.14 in chips)
Seat 10: anetkaapro ($122.64 in chips)
anetkaapro: posts small blind $1
Mind90: posts big blind $3
*** HOLE CARDS ***
anetkaapro: raises $3 to $6
Mind90: raises $3 to $9
anetkaapro: calls $3
*** FLOP *** [3h Tc 4d]
Mind90: bets $3
anetkaapro: calls $3
*** TURN *** [3h Tc 4d] [2c]
Mind90: bets $6
anetkaapro: calls $6
*** RIVER *** [3h Tc 4d 2c] [8d]
Mind90: checks
anetkaapro: checks
*** SHOW DOWN ***
Mind90: shows [Ac Jd] (high card Ace)
anetkaapro: mucks hand
Mind90 collected $35.50 from pot
*** SUMMARY ***
Total pot $36 | Rake $0.50
Board [3h Tc 4d 2c 8d]
Seat 6: Mind90 (big blind) showed [Ac Jd] and won ($35.50) with high card Ace
Seat 10: anetkaapro (button) (small blind) mucked


PokerStars Hand #151837854274:  Hold'em Limit ($3/$6 USD) - 2016/04/12 20:45:50 ET
Table 'Manto' 10-max Seat #10 is the button
Seat 6: Mind90 ($119.64 in chips)
Seat 10: anetkaapro ($116.16 in chips)
anetkaapro: posts small blind $1
Mind90: posts big blind $3
*** HOLE CARDS ***
anetkaapro: raises $3 to $6
Mind90: folds
Uncalled bet ($3) returned to anetkaapro
anetkaapro collected $6 from pot
anetkaapro: doesn't show hand
*** SUMMARY ***
Total pot $6 | Rake $0
Seat 6: Mind90 (big blind) folded before Flop
Seat 10: anetkaapro (button) (small blind) collected ($6)


PokerStars Hand #151837847516:  Hold'em Limit ($3/$6 USD) - 2016/04/12 20:45:35 ET
Table 'Manto' 10-max Seat #6 is the button
Seat 6: Mind90 ($131.64 in chips)
Seat 10: anetkaapro ($104.64 in chips)
Mind90: posts small blind $1
anetkaapro: posts big blind $3
*** HOLE CARDS ***
Mind90: raises $3 to $6
anetkaapro: calls $3
*** FLOP *** [Qh Jd Qd]
anetkaapro: checks
Mind90: bets $3
anetkaapro: raises $3 to $6
Mind90: calls $3
*** TURN *** [Qh Jd Qd] [7c]
anetkaapro: bets $6
Mind90: folds
Uncalled bet ($6) returned to anetkaapro
anetkaapro collected $23.52 from pot
anetkaapro: doesn't show hand
*** SUMMARY ***
Total pot $24 | Rake $0.48
Board [Qh Jd Qd 7c]
Seat 6: Mind90 (button) (small blind) folded on the Turn
Seat 10: anetkaapro (big blind) collected ($23.52)


PokerStars Hand #151837868010:  Hold'em Limit ($3/$6 USD) - 2016/04/12 20:46:20 ET
Table 'Manto' 10-max Seat #10 is the button
Seat 6: Mind90 ($92.64 in chips)
Seat 10: anetkaapro ($142.66 in chips)
anetkaapro: posts small blind $1
Mind90: posts big blind $3
*** HOLE CARDS ***
anetkaapro: folds
Uncalled bet ($2) returned to Mind90
Mind90 collected $2 from pot
Mind90: doesn't show hand
*** SUMMARY ***
Total pot $2 | Rake $0
Seat 6: Mind90 (big blind) collected ($2)
Seat 10: anetkaapro (button) (small blind) folded before Flop


PokerStars Hand #151837858046:  Hold'em Limit ($3/$6 USD) - 2016/04/12 20:45:58 ET
Table 'Manto' 10-max Seat #6 is the button
Seat 6: Mind90 ($116.64 in chips)
Seat 10: anetkaapro ($119.16 in chips)
Mind90: posts small blind $1
anetkaapro: posts big blind $3
*** HOLE CARDS ***
Mind90: raises $3 to $6
anetkaapro: raises $3 to $9
Mind90: calls $3
*** FLOP *** [Qh Jc Tc]
anetkaapro: bets $3
Mind90: calls $3
*** TURN *** [Qh Jc Tc] [6h]
anetkaapro: bets $6
Mind90: calls $6
*** RIVER *** [Qh Jc Tc 6h] [5c]
anetkaapro: checks
Mind90: bets $6
anetkaapro: calls $6
*** SHOW DOWN ***
Mind90: shows [7s 9d] (high card Queen)
anetkaapro: shows [Kd Td] (a pair of Tens)
anetkaapro collected $47.50 from pot
*** SUMMARY ***
Total pot $48 | Rake $0.50
Board [Qh Jc Tc 6h 5c]
Seat 6: Mind90 (button) (small blind) showed [7s 9d] and lost with high card Queen
Seat 10: anetkaapro (big blind) showed [Kd Td] and won ($47.50) with a pair of Tens


PokerStars Hand #151837870056:  Hold'em Limit ($3/$6 USD) - 2016/04/12 20:46:25 ET
Table 'Manto' 10-max Seat #6 is the button
Seat 6: Mind90 ($93.64 in chips)
Seat 10: anetkaapro ($141.66 in chips)
Mind90: posts small blind $1
anetkaapro: posts big blind $3
*** HOLE CARDS ***
Mind90: raises $3 to $6
anetkaapro: calls $3
*** FLOP *** [2d Qs Kh]
anetkaapro: checks
Mind90: bets $3
anetkaapro: folds
Uncalled bet ($3) returned to Mind90
Mind90 collected $11.76 from pot
Mind90: doesn't show hand
*** SUMMARY ***
Total pot $12 | Rake $0.24
Board [2d Qs Kh]
Seat 6: Mind90 (button) (small blind) collected ($11.76)
Seat 10: anetkaapro (big blind) folded on the Flop


PokerStars Hand #151837874417:  Hold'em Limit ($3/$6 USD) - 2016/04/12 20:46:35 ET
Table 'Manto' 10-max Seat #10 is the button
Seat 6: Mind90 ($99.40 in chips)
Seat 10: anetkaapro ($135.66 in chips)
anetkaapro: posts small blind $1
Mind90: posts big blind $3
*** HOLE CARDS ***
anetkaapro: raises $3 to $6
Mind90: folds
Uncalled bet ($3) returned to anetkaapro
anetkaapro collected $6 from pot
anetkaapro: doesn't show hand
*** SUMMARY ***
Total pot $6 | Rake $0
Seat 6: Mind90 (big blind) folded before Flop
Seat 10: anetkaapro (button) (small blind) collected ($6)


PokerStars Hand #151837876682:  Hold'em Limit ($3/$6 USD) - 2016/04/12 20:46:40 ET
Table 'Manto' 10-max Seat #6 is the button
Seat 6: Mind90 ($96.40 in chips)
Seat 10: anetkaapro ($138.66 in chips)
Mind90: posts small blind $1
anetkaapro: posts big blind $3
*** HOLE CARDS ***
Mind90: raises $3 to $6
anetkaapro: raises $3 to $9
Mind90: calls $3
*** FLOP *** [Ks 2d 9c]
anetkaapro: bets $3
Mind90: calls $3
*** TURN *** [Ks 2d 9c] [2h]
anetkaapro: bets $6
Mind90: calls $6
*** RIVER *** [Ks 2d 9c 2h] [4d]
anetkaapro: checks
Mind90: checks
*** SHOW DOWN ***
anetkaapro: shows [3d 3c] (two pair, Threes and Deuces)
Mind90: mucks hand
anetkaapro collected $35.50 from pot
*** SUMMARY ***
Total pot $36 | Rake $0.50
Board [Ks 2d 9c 2h 4d]
Seat 6: Mind90 (button) (small blind) mucked
Seat 10: anetkaapro (big blind) showed [3d 3c] and won ($35.50) with two pair, Threes and Deuces


PokerStars Hand #151837894006:  Hold'em Limit ($3/$6 USD) - 2016/04/12 20:47:18 ET
Table 'Manto' 10-max Seat #6 is the button
Seat 6: Mind90 ($87.04 in chips)
Seat 10: anetkaapro ($147.16 in chips)
Mind90: posts small blind $1
anetkaapro: posts big blind $3
*** HOLE CARDS ***
Mind90: folds
Uncalled bet ($2) returned to anetkaapro
Mind90 leaves the table
anetkaapro collected $2 from pot
anetkaapro: doesn't show hand
*** SUMMARY ***
Total pot $2 | Rake $0
Seat 6: Mind90 (button) (small blind) folded before Flop
Seat 10: anetkaapro (big blind) collected ($2)


