PokerStars Hand #151108304681:  Hold'em Limit ($3/$6 USD) - 2016/03/29 7:27:23 ET
Table 'Marbachia II' 6-max Seat #3 is the button
Seat 3: boom65 ($54.62 in chips)
Seat 4: Agrotait ($72 in chips)
boom65: posts small blind $1
Agrotait: posts big blind $3
*** HOLE CARDS ***
boom65: folds
Uncalled bet ($2) returned to Agrotait
Agrotait collected $2 from pot
Agrotait: doesn't show hand
*** SUMMARY ***
Total pot $2 | Rake $0
Seat 3: boom65 (button) (small blind) folded before Flop
Seat 4: Agrotait (big blind) collected ($2)


PokerStars Hand #151108335074:  Hold'em Limit ($3/$6 USD) - 2016/03/29 7:28:23 ET
Table 'Marbachia II' 6-max Seat #4 is the button
Seat 3: boom65 ($67.12 in chips)
Seat 4: Agrotait ($76 in chips)
Agrotait: posts small blind $1
boom65: posts big blind $3
*** HOLE CARDS ***
Agrotait: raises $3 to $6
boom65: folds
Uncalled bet ($3) returned to Agrotait
Agrotait collected $6 from pot
Agrotait: doesn't show hand
*** SUMMARY ***
Total pot $6 | Rake $0
Seat 3: boom65 (big blind) folded before Flop
Seat 4: Agrotait (button) (small blind) collected ($6)


PokerStars Hand #151108332048:  Hold'em Limit ($3/$6 USD) - 2016/03/29 7:28:17 ET
Table 'Marbachia II' 6-max Seat #3 is the button
Seat 3: boom65 ($68.12 in chips)
Seat 4: Agrotait ($75 in chips)
boom65: posts small blind $1
Agrotait: posts big blind $3
*** HOLE CARDS ***
boom65: folds
Uncalled bet ($2) returned to Agrotait
Agrotait collected $2 from pot
Agrotait: doesn't show hand
*** SUMMARY ***
Total pot $2 | Rake $0
Seat 3: boom65 (button) (small blind) folded before Flop
Seat 4: Agrotait (big blind) collected ($2)


PokerStars Hand #151108329046:  Hold'em Limit ($3/$6 USD) - 2016/03/29 7:28:11 ET
Table 'Marbachia II' 6-max Seat #4 is the button
Seat 3: boom65 ($71.12 in chips)
Seat 4: Agrotait ($72 in chips)
Agrotait: posts small blind $1
boom65: posts big blind $3
*** HOLE CARDS ***
Agrotait: raises $3 to $6
boom65: folds
Uncalled bet ($3) returned to Agrotait
Agrotait collected $6 from pot
Agrotait: doesn't show hand
*** SUMMARY ***
Total pot $6 | Rake $0
Seat 3: boom65 (big blind) folded before Flop
Seat 4: Agrotait (button) (small blind) collected ($6)


PokerStars Hand #151108316830:  Hold'em Limit ($3/$6 USD) - 2016/03/29 7:27:47 ET
Table 'Marbachia II' 6-max Seat #3 is the button
Seat 3: boom65 ($50.62 in chips)
Seat 4: Agrotait ($76 in chips)
boom65: posts small blind $1
Agrotait: posts big blind $3
*** HOLE CARDS ***
boom65: raises $3 to $6
Agrotait: calls $3
*** FLOP *** [As 2d 4c]
Agrotait: checks
boom65: bets $3
Agrotait: calls $3
*** TURN *** [As 2d 4c] [Qd]
Agrotait: checks
boom65: bets $6
Agrotait: calls $6
*** RIVER *** [As 2d 4c Qd] [8h]
Agrotait: checks
boom65: bets $6
Agrotait: calls $6
*** SHOW DOWN ***
boom65: shows [9d Ad] (a pair of Aces)
Agrotait: mucks hand
boom65 collected $41.50 from pot
*** SUMMARY ***
Total pot $42 | Rake $0.50
Board [As 2d 4c Qd 8h]
Seat 3: boom65 (button) (small blind) showed [9d Ad] and won ($41.50) with a pair of Aces
Seat 4: Agrotait (big blind) mucked


PokerStars Hand #151108313158:  Hold'em Limit ($3/$6 USD) - 2016/03/29 7:27:40 ET
Table 'Marbachia II' 6-max Seat #4 is the button
Seat 3: boom65 ($53.62 in chips)
Seat 4: Agrotait ($73 in chips)
Agrotait: posts small blind $1
boom65: posts big blind $3
*** HOLE CARDS ***
Agrotait: raises $3 to $6
boom65: folds
Uncalled bet ($3) returned to Agrotait
Agrotait collected $6 from pot
Agrotait: doesn't show hand
*** SUMMARY ***
Total pot $6 | Rake $0
Seat 3: boom65 (big blind) folded before Flop
Seat 4: Agrotait (button) (small blind) collected ($6)


PokerStars Hand #151108358314:  Hold'em Limit ($3/$6 USD) - 2016/03/29 7:29:09 ET
Table 'Marbachia II' 6-max Seat #4 is the button
Seat 3: boom65 ($69.88 in chips)
Seat 4: Agrotait ($73 in chips)
Agrotait: posts small blind $1
boom65: posts big blind $3
*** HOLE CARDS ***
Agrotait: raises $3 to $6
boom65: folds
Uncalled bet ($3) returned to Agrotait
Agrotait collected $6 from pot
Agrotait: doesn't show hand
*** SUMMARY ***
Total pot $6 | Rake $0
Seat 3: boom65 (big blind) folded before Flop
Seat 4: Agrotait (button) (small blind) collected ($6)


PokerStars Hand #151108338554:  Hold'em Limit ($3/$6 USD) - 2016/03/29 7:28:30 ET
Table 'Marbachia II' 6-max Seat #3 is the button
Seat 3: boom65 ($64.12 in chips)
Seat 4: Agrotait ($79 in chips)
boom65: posts small blind $1
Agrotait: posts big blind $3
*** HOLE CARDS ***
boom65: calls $2
Agrotait: checks
*** FLOP *** [Jd 3c Th]
Agrotait: bets $3
boom65: calls $3
*** TURN *** [Jd 3c Th] [9c]
Agrotait: checks
boom65: bets $6
Agrotait: folds
Uncalled bet ($6) returned to boom65
boom65 collected $11.76 from pot
*** SUMMARY ***
Total pot $12 | Rake $0.24
Board [Jd 3c Th 9c]
Seat 3: boom65 (button) (small blind) collected ($11.76)
Seat 4: Agrotait (big blind) folded on the Turn


PokerStars Hand #151108393899:  Hold'em Limit ($3/$6 USD) - 2016/03/29 7:30:20 ET
Table 'Marbachia II' 6-max Seat #3 is the button
Seat 3: boom65 ($45.88 in chips)
Seat 4: Agrotait ($96.16 in chips)
boom65: posts small blind $1
Agrotait: posts big blind $3
*** HOLE CARDS ***
boom65: raises $3 to $6
Agrotait: calls $3
*** FLOP *** [2c 2h 9s]
Agrotait: checks
boom65: bets $3
Agrotait: folds
Uncalled bet ($3) returned to boom65
boom65 collected $11.76 from pot
*** SUMMARY ***
Total pot $12 | Rake $0.24
Board [2c 2h 9s]
Seat 3: boom65 (button) (small blind) collected ($11.76)
Seat 4: Agrotait (big blind) folded on the Flop


PokerStars Hand #151108386290:  Hold'em Limit ($3/$6 USD) - 2016/03/29 7:30:04 ET
Table 'Marbachia II' 6-max Seat #4 is the button
Seat 3: boom65 ($54.88 in chips)
Seat 4: Agrotait ($87.52 in chips)
Agrotait: posts small blind $1
boom65: posts big blind $3
*** HOLE CARDS ***
Agrotait: raises $3 to $6
boom65: calls $3
*** FLOP *** [Qc 6s 6h]
boom65: checks
Agrotait: bets $3
boom65: calls $3
*** TURN *** [Qc 6s 6h] [6c]
boom65: checks
Agrotait: bets $6
boom65: folds
Uncalled bet ($6) returned to Agrotait
Agrotait collected $17.64 from pot
Agrotait: doesn't show hand
*** SUMMARY ***
Total pot $18 | Rake $0.36
Board [Qc 6s 6h 6c]
Seat 3: boom65 (big blind) folded on the Turn
Seat 4: Agrotait (button) (small blind) collected ($17.64)


PokerStars Hand #151108361567:  Hold'em Limit ($3/$6 USD) - 2016/03/29 7:29:16 ET
Table 'Marbachia II' 6-max Seat #3 is the button
Seat 3: boom65 ($66.88 in chips)
Seat 4: Agrotait ($76 in chips)
boom65: posts small blind $1
Agrotait: posts big blind $3
*** HOLE CARDS ***
boom65: calls $2
Agrotait: checks
*** FLOP *** [2c 7s 9s]
Agrotait: bets $3
boom65: calls $3
*** TURN *** [2c 7s 9s] [Qc]
Agrotait: bets $6
boom65: calls $6
*** RIVER *** [2c 7s 9s Qc] [5c]
Agrotait: checks
boom65: checks
*** SHOW DOWN ***
Agrotait: shows [2s 8c] (a pair of Deuces)
boom65: mucks hand
Agrotait collected $23.52 from pot
*** SUMMARY ***
Total pot $24 | Rake $0.48
Board [2c 7s 9s Qc 5c]
Seat 3: boom65 (button) (small blind) mucked
Seat 4: Agrotait (big blind) showed [2s 8c] and won ($23.52) with a pair of Deuces


PokerStars Hand #151108413290:  Hold'em Limit ($3/$6 USD) - 2016/03/29 7:30:58 ET
Table 'Marbachia II' 6-max Seat #3 is the button
Seat 3: boom65 ($48.64 in chips)
Seat 4: Agrotait ($93.16 in chips)
boom65: posts small blind $1
Agrotait: posts big blind $3
*** HOLE CARDS ***
boom65: raises $3 to $6
Agrotait: calls $3
*** FLOP *** [8d 9s Kc]
Agrotait: checks
boom65: checks
*** TURN *** [8d 9s Kc] [9h]
Agrotait: bets $6
boom65: calls $6
*** RIVER *** [8d 9s Kc 9h] [4c]
Agrotait: checks
boom65: bets $6
Agrotait: folds
Uncalled bet ($6) returned to boom65
boom65 collected $23.52 from pot
*** SUMMARY ***
Total pot $24 | Rake $0.48
Board [8d 9s Kc 9h 4c]
Seat 3: boom65 (button) (small blind) collected ($23.52)
Seat 4: Agrotait (big blind) folded on the River


PokerStars Hand #151108403516:  Hold'em Limit ($3/$6 USD) - 2016/03/29 7:30:39 ET
Table 'Marbachia II' 6-max Seat #4 is the button
Seat 3: boom65 ($51.64 in chips)
Seat 4: Agrotait ($90.16 in chips)
Agrotait: posts small blind $1
boom65: posts big blind $3
*** HOLE CARDS ***
Agrotait: raises $3 to $6
boom65: folds
Uncalled bet ($3) returned to Agrotait
Agrotait collected $6 from pot
Agrotait: doesn't show hand
*** SUMMARY ***
Total pot $6 | Rake $0
Seat 3: boom65 (big blind) folded before Flop
Seat 4: Agrotait (button) (small blind) collected ($6)


PokerStars Hand #151108439209:  Hold'em Limit ($3/$6 USD) - 2016/03/29 7:31:49 ET
Table 'Marbachia II' 6-max Seat #3 is the button
Seat 3: boom65 ($57.16 in chips)
Seat 4: Agrotait ($84.16 in chips)
boom65: posts small blind $1
Agrotait: posts big blind $3
*** HOLE CARDS ***
boom65: raises $3 to $6
Agrotait: raises $3 to $9
boom65: calls $3
*** FLOP *** [3d Ac 5d]
Agrotait: bets $3
boom65: calls $3
*** TURN *** [3d Ac 5d] [Qh]
Agrotait: bets $6
boom65: calls $6
*** RIVER *** [3d Ac 5d Qh] [Ts]
Agrotait: checks
boom65: bets $6
Agrotait: calls $6
*** SHOW DOWN ***
boom65: shows [6s 6c] (a pair of Sixes)
Agrotait: shows [9d Td] (a pair of Tens)
Agrotait collected $47.50 from pot
*** SUMMARY ***
Total pot $48 | Rake $0.50
Board [3d Ac 5d Qh Ts]
Seat 3: boom65 (button) (small blind) showed [6s 6c] and lost with a pair of Sixes
Seat 4: Agrotait (big blind) showed [9d Td] and won ($47.50) with a pair of Tens


PokerStars Hand #151108430928:  Hold'em Limit ($3/$6 USD) - 2016/03/29 7:31:33 ET
Table 'Marbachia II' 6-max Seat #4 is the button
Seat 3: boom65 ($60.16 in chips)
Seat 4: Agrotait ($81.16 in chips)
Agrotait: posts small blind $1
boom65: posts big blind $3
*** HOLE CARDS ***
Agrotait: raises $3 to $6
boom65: folds
Uncalled bet ($3) returned to Agrotait
Agrotait collected $6 from pot
Agrotait: doesn't show hand
*** SUMMARY ***
Total pot $6 | Rake $0
Seat 3: boom65 (big blind) folded before Flop
Seat 4: Agrotait (button) (small blind) collected ($6)


PokerStars Hand #151108477256:  Hold'em Limit ($3/$6 USD) - 2016/03/29 7:33:04 ET
Table 'Marbachia II' 6-max Seat #3 is the button
Seat 3: boom65 ($12.16 in chips)
Seat 4: Agrotait ($128.16 in chips)
boom65: posts small blind $1
Agrotait: posts big blind $3
*** HOLE CARDS ***
boom65: raises $3 to $6
Agrotait: folds
Uncalled bet ($3) returned to boom65
boom65 collected $6 from pot
*** SUMMARY ***
Total pot $6 | Rake $0
Seat 3: boom65 (button) (small blind) collected ($6)
Seat 4: Agrotait (big blind) folded before Flop


PokerStars Hand #151108460306:  Hold'em Limit ($3/$6 USD) - 2016/03/29 7:32:31 ET
Table 'Marbachia II' 6-max Seat #4 is the button
Seat 3: boom65 ($33.16 in chips)
Seat 4: Agrotait ($107.66 in chips)
Agrotait: posts small blind $1
boom65: posts big blind $3
*** HOLE CARDS ***
Agrotait: raises $3 to $6
boom65: calls $3
*** FLOP *** [8c Ad Qh]
boom65: bets $3
Agrotait: calls $3
*** TURN *** [8c Ad Qh] [9c]
boom65: bets $6
Agrotait: calls $6
*** RIVER *** [8c Ad Qh 9c] [Qd]
boom65: bets $6
Agrotait: calls $6
*** SHOW DOWN ***
boom65: shows [7c 6d] (a pair of Queens)
Agrotait: shows [Tc 9s] (two pair, Queens and Nines)
Agrotait collected $41.50 from pot
*** SUMMARY ***
Total pot $42 | Rake $0.50
Board [8c Ad Qh 9c Qd]
Seat 3: boom65 (big blind) showed [7c 6d] and lost with a pair of Queens
Seat 4: Agrotait (button) (small blind) showed [Tc 9s] and won ($41.50) with two pair, Queens and Nines


PokerStars Hand #151108525369:  Hold'em Limit ($3/$6 USD) - 2016/03/29 7:34:39 ET
Table 'Marbachia II' 6-max Seat #3 is the button
Seat 3: boom65 ($29.14 in chips)
Seat 4: Agrotait ($109.68 in chips)
boom65: posts small blind $1
Agrotait: posts big blind $3
*** HOLE CARDS ***
boom65: folds
Uncalled bet ($2) returned to Agrotait
Agrotait collected $2 from pot
Agrotait: doesn't show hand
*** SUMMARY ***
Total pot $2 | Rake $0
Seat 3: boom65 (button) (small blind) folded before Flop
Seat 4: Agrotait (big blind) collected ($2)


PokerStars Hand #151108512419:  Hold'em Limit ($3/$6 USD) - 2016/03/29 7:34:14 ET
Table 'Marbachia II' 6-max Seat #4 is the button
Seat 3: boom65 ($14.82 in chips)
Seat 4: Agrotait ($124.50 in chips)
Agrotait: posts small blind $1
boom65: posts big blind $3
*** HOLE CARDS ***
Agrotait: raises $3 to $6
boom65: calls $3
*** FLOP *** [Js 9d Jh]
boom65: bets $3
Agrotait: calls $3
*** TURN *** [Js 9d Jh] [8c]
boom65: bets $5.82 and is all-in
Agrotait: calls $5.82
*** RIVER *** [Js 9d Jh 8c] [Qd]
*** SHOW DOWN ***
boom65: shows [Kh Tc] (a straight, Nine to King)
Agrotait: shows [Ah 3c] (a pair of Jacks)
boom65 collected $29.14 from pot
*** SUMMARY ***
Total pot $29.64 | Rake $0.50
Board [Js 9d Jh 8c Qd]
Seat 3: boom65 (big blind) showed [Kh Tc] and won ($29.14) with a straight, Nine to King
Seat 4: Agrotait (button) (small blind) showed [Ah 3c] and lost with a pair of Jacks


PokerStars Hand #151108500436:  Hold'em Limit ($3/$6 USD) - 2016/03/29 7:33:50 ET
Table 'Marbachia II' 6-max Seat #3 is the button
Seat 3: boom65 ($29.82 in chips)
Seat 4: Agrotait ($110 in chips)
boom65: posts small blind $1
Agrotait: posts big blind $3
*** HOLE CARDS ***
boom65: calls $2
Agrotait: raises $3 to $6
boom65: calls $3
*** FLOP *** [Kc 7h Ad]
Agrotait: bets $3
boom65: calls $3
*** TURN *** [Kc 7h Ad] [9d]
Agrotait: checks
boom65: checks
*** RIVER *** [Kc 7h Ad 9d] [Ts]
Agrotait: bets $6
boom65: calls $6
*** SHOW DOWN ***
Agrotait: shows [Qh Jh] (a straight, Ten to Ace)
boom65: mucks hand
Agrotait collected $29.50 from pot
*** SUMMARY ***
Total pot $30 | Rake $0.50
Board [Kc 7h Ad 9d Ts]
Seat 3: boom65 (button) (small blind) mucked
Seat 4: Agrotait (big blind) showed [Qh Jh] and won ($29.50) with a straight, Ten to Ace


PokerStars Hand #151108481907:  Hold'em Limit ($3/$6 USD) - 2016/03/29 7:33:13 ET
Table 'Marbachia II' 6-max Seat #4 is the button
Seat 3: boom65 ($15.16 in chips)
Seat 4: Agrotait ($125.16 in chips)
Agrotait: posts small blind $1
boom65: posts big blind $3
*** HOLE CARDS ***
Agrotait: raises $3 to $6
boom65: calls $3
*** FLOP *** [4s Ad As]
boom65: checks
Agrotait: bets $3
boom65: calls $3
*** TURN *** [4s Ad As] [Qh]
boom65: checks
Agrotait: bets $6
boom65: raises $0.16 to $6.16 and is all-in
Agrotait: calls $0.16
*** RIVER *** [4s Ad As Qh] [Jd]
*** SHOW DOWN ***
boom65: shows [Ac 3d] (three of a kind, Aces)
Agrotait: shows [8d Kd] (a pair of Aces)
boom65 collected $29.82 from pot
*** SUMMARY ***
Total pot $30.32 | Rake $0.50
Board [4s Ad As Qh Jd]
Seat 3: boom65 (big blind) showed [Ac 3d] and won ($29.82) with three of a kind, Aces
Seat 4: Agrotait (button) (small blind) showed [8d Kd] and lost with a pair of Aces


PokerStars Hand #151108530810:  Hold'em Limit ($3/$6 USD) - 2016/03/29 7:34:50 ET
Table 'Marbachia II' 6-max Seat #3 is the button
Seat 3: boom65 ($29.14 in chips)
Seat 4: Agrotait ($109.68 in chips)
boom65: posts small blind $1
Agrotait: posts big blind $3
*** HOLE CARDS ***
boom65: calls $2
Agrotait: checks
*** FLOP *** [9c Kh 7s]
Agrotait: checks
boom65: checks
*** TURN *** [9c Kh 7s] [Tc]
Agrotait: checks
boom65: bets $6
Agrotait: folds
Uncalled bet ($6) returned to boom65
boom65 collected $5.88 from pot
*** SUMMARY ***
Total pot $6 | Rake $0.12
Board [9c Kh 7s Tc]
Seat 3: boom65 (button) (small blind) collected ($5.88)
Seat 4: Agrotait (big blind) folded on the Turn


PokerStars Hand #151108528375:  Hold'em Limit ($3/$6 USD) - 2016/03/29 7:34:45 ET
Table 'Marbachia II' 6-max Seat #4 is the button
Seat 3: boom65 ($28.14 in chips)
Seat 4: Agrotait ($110.68 in chips)
Agrotait: posts small blind $1
boom65: posts big blind $3
*** HOLE CARDS ***
Agrotait: folds
Uncalled bet ($2) returned to boom65
boom65 collected $2 from pot
*** SUMMARY ***
Total pot $2 | Rake $0
Seat 3: boom65 (big blind) collected ($2)
Seat 4: Agrotait (button) (small blind) folded before Flop


PokerStars Hand #151108581705:  Hold'em Limit ($3/$6 USD) - 2016/03/29 7:36:30 ET
Table 'Marbachia II' 6-max Seat #4 is the button
Seat 3: boom65 ($40.52 in chips)
Seat 4: Agrotait ($97.44 in chips)
Agrotait: posts small blind $1
boom65: posts big blind $3
*** HOLE CARDS ***
Agrotait: raises $3 to $6
boom65: folds
Uncalled bet ($3) returned to Agrotait
Agrotait collected $6 from pot
Agrotait: doesn't show hand
*** SUMMARY ***
Total pot $6 | Rake $0
Seat 3: boom65 (big blind) folded before Flop
Seat 4: Agrotait (button) (small blind) collected ($6)


PokerStars Hand #151108570438:  Hold'em Limit ($3/$6 USD) - 2016/03/29 7:36:08 ET
Table 'Marbachia II' 6-max Seat #3 is the button
Seat 3: boom65 ($46.52 in chips)
Seat 4: Agrotait ($91.68 in chips)
boom65: posts small blind $1
Agrotait: posts big blind $3
*** HOLE CARDS ***
boom65: calls $2
Agrotait: raises $3 to $6
boom65: calls $3
*** FLOP *** [9s As 4h]
Agrotait: bets $3
boom65: folds
Uncalled bet ($3) returned to Agrotait
Agrotait collected $11.76 from pot
Agrotait: doesn't show hand
*** SUMMARY ***
Total pot $12 | Rake $0.24
Board [9s As 4h]
Seat 3: boom65 (button) (small blind) folded on the Flop
Seat 4: Agrotait (big blind) collected ($11.76)


PokerStars Hand #151108553375:  Hold'em Limit ($3/$6 USD) - 2016/03/29 7:35:35 ET
Table 'Marbachia II' 6-max Seat #4 is the button
Seat 3: boom65 ($32.02 in chips)
Seat 4: Agrotait ($106.68 in chips)
Agrotait: posts small blind $1
boom65: posts big blind $3
*** HOLE CARDS ***
Agrotait: raises $3 to $6
boom65: calls $3
*** FLOP *** [Qc 8d 9s]
boom65: checks
Agrotait: bets $3
boom65: calls $3
*** TURN *** [Qc 8d 9s] [Ac]
boom65: checks
Agrotait: bets $6
boom65: calls $6
*** RIVER *** [Qc 8d 9s Ac] [5d]
boom65: checks
Agrotait: checks
*** SHOW DOWN ***
boom65: shows [3c Jc] (high card Ace)
Agrotait: mucks hand
boom65 collected $29.50 from pot
*** SUMMARY ***
Total pot $30 | Rake $0.50
Board [Qc 8d 9s Ac 5d]
Seat 3: boom65 (big blind) showed [3c Jc] and won ($29.50) with high card Ace
Seat 4: Agrotait (button) (small blind) mucked


PokerStars Hand #151108603825:  Hold'em Limit ($3/$6 USD) - 2016/03/29 7:37:13 ET
Table 'Marbachia II' 6-max Seat #3 is the button
Seat 3: boom65 ($20.52 in chips)
Seat 4: Agrotait ($116.94 in chips)
boom65: posts small blind $1
Agrotait: posts big blind $3
*** HOLE CARDS ***
boom65: calls $2
Agrotait: raises $3 to $6
boom65: calls $3
*** FLOP *** [5h 4d 5s]
Agrotait: bets $3
boom65: raises $3 to $6
Agrotait: raises $3 to $9
boom65: raises $3 to $12
Betting is capped
Agrotait: calls $3
*** TURN *** [5h 4d 5s] [2s]
Agrotait: checks
boom65: bets $2.52 and is all-in
Agrotait: calls $2.52
*** RIVER *** [5h 4d 5s 2s] [Js]
*** SHOW DOWN ***
Agrotait: shows [6h As] (a pair of Fives)
boom65: shows [7h 4h] (two pair, Fives and Fours)
boom65 collected $40.54 from pot
*** SUMMARY ***
Total pot $41.04 | Rake $0.50
Board [5h 4d 5s 2s Js]
Seat 3: boom65 (button) (small blind) showed [7h 4h] and won ($40.54) with two pair, Fives and Fours
Seat 4: Agrotait (big blind) showed [6h As] and lost with a pair of Fives


PokerStars Hand #151108597375:  Hold'em Limit ($3/$6 USD) - 2016/03/29 7:37:00 ET
Table 'Marbachia II' 6-max Seat #4 is the button
Seat 3: boom65 ($19.52 in chips)
Seat 4: Agrotait ($117.94 in chips)
Agrotait: posts small blind $1
boom65: posts big blind $3
*** HOLE CARDS ***
Agrotait: folds
Uncalled bet ($2) returned to boom65
boom65 collected $2 from pot
*** SUMMARY ***
Total pot $2 | Rake $0
Seat 3: boom65 (big blind) collected ($2)
Seat 4: Agrotait (button) (small blind) folded before Flop


PokerStars Hand #151108585849:  Hold'em Limit ($3/$6 USD) - 2016/03/29 7:36:38 ET
Table 'Marbachia II' 6-max Seat #3 is the button
Seat 3: boom65 ($37.52 in chips)
Seat 4: Agrotait ($100.44 in chips)
boom65: posts small blind $1
Agrotait: posts big blind $3
*** HOLE CARDS ***
boom65: calls $2
Agrotait: checks
*** FLOP *** [6h 7d 9d]
Agrotait: bets $3
boom65: calls $3
*** TURN *** [6h 7d 9d] [Ts]
Agrotait: bets $6
boom65: calls $6
*** RIVER *** [6h 7d 9d Ts] [9s]
Agrotait: bets $6
boom65: calls $6
*** SHOW DOWN ***
Agrotait: shows [8h 7c] (a straight, Six to Ten)
boom65: mucks hand
Agrotait collected $35.50 from pot
*** SUMMARY ***
Total pot $36 | Rake $0.50
Board [6h 7d 9d Ts 9s]
Seat 3: boom65 (button) (small blind) mucked
Seat 4: Agrotait (big blind) showed [8h 7c] and won ($35.50) with a straight, Six to Ten


PokerStars Hand #151108628923:  Hold'em Limit ($3/$6 USD) - 2016/03/29 7:38:02 ET
Table 'Marbachia II' 6-max Seat #4 is the button
Seat 3: boom65 ($34.54 in chips)
Seat 4: Agrotait ($102.06 in chips)
Agrotait: posts small blind $1
boom65: posts big blind $3
*** HOLE CARDS ***
Agrotait: raises $3 to $6
boom65: calls $3
*** FLOP *** [Qh 9s 2c]
boom65: checks
Agrotait: bets $3
boom65: calls $3
*** TURN *** [Qh 9s 2c] [4s]
boom65: checks
Agrotait: checks
*** RIVER *** [Qh 9s 2c 4s] [5h]
boom65: bets $6
Agrotait: folds
Uncalled bet ($6) returned to boom65
boom65 collected $17.64 from pot
*** SUMMARY ***
Total pot $18 | Rake $0.36
Board [Qh 9s 2c 4s 5h]
Seat 3: boom65 (big blind) collected ($17.64)
Seat 4: Agrotait (button) (small blind) folded on the River


PokerStars Hand #151108625400:  Hold'em Limit ($3/$6 USD) - 2016/03/29 7:37:55 ET
Table 'Marbachia II' 6-max Seat #3 is the button
Seat 3: boom65 ($31.54 in chips)
Seat 4: Agrotait ($105.06 in chips)
boom65: posts small blind $1
Agrotait: posts big blind $3
*** HOLE CARDS ***
boom65: raises $3 to $6
Agrotait: folds
Uncalled bet ($3) returned to boom65
boom65 collected $6 from pot
*** SUMMARY ***
Total pot $6 | Rake $0
Seat 3: boom65 (button) (small blind) collected ($6)
Seat 4: Agrotait (big blind) folded before Flop


PokerStars Hand #151108617506:  Hold'em Limit ($3/$6 USD) - 2016/03/29 7:37:40 ET
Table 'Marbachia II' 6-max Seat #4 is the button
Seat 3: boom65 ($40.54 in chips)
Seat 4: Agrotait ($96.42 in chips)
Agrotait: posts small blind $1
boom65: posts big blind $3
*** HOLE CARDS ***
Agrotait: raises $3 to $6
boom65: calls $3
*** FLOP *** [8c 7d 3d]
boom65: checks
Agrotait: bets $3
boom65: calls $3
*** TURN *** [8c 7d 3d] [5s]
boom65: checks
Agrotait: bets $6
boom65: folds
Uncalled bet ($6) returned to Agrotait
Agrotait collected $17.64 from pot
Agrotait: doesn't show hand
*** SUMMARY ***
Total pot $18 | Rake $0.36
Board [8c 7d 3d 5s]
Seat 3: boom65 (big blind) folded on the Turn
Seat 4: Agrotait (button) (small blind) collected ($17.64)


PokerStars Hand #151108668395:  Hold'em Limit ($3/$6 USD) - 2016/03/29 7:39:19 ET
Table 'Marbachia II' 6-max Seat #4 is the button
Seat 3: boom65 ($46.06 in chips)
Seat 4: Agrotait ($90.06 in chips)
Agrotait: posts small blind $1
boom65: posts big blind $3
*** HOLE CARDS ***
Agrotait: folds
Uncalled bet ($2) returned to boom65
boom65 collected $2 from pot
*** SUMMARY ***
Total pot $2 | Rake $0
Seat 3: boom65 (big blind) collected ($2)
Seat 4: Agrotait (button) (small blind) folded before Flop


PokerStars Hand #151108645359:  Hold'em Limit ($3/$6 USD) - 2016/03/29 7:38:34 ET
Table 'Marbachia II' 6-max Seat #3 is the button
Seat 3: boom65 ($43.18 in chips)
Seat 4: Agrotait ($93.06 in chips)
boom65: posts small blind $1
Agrotait: posts big blind $3
*** HOLE CARDS ***
boom65: calls $2
Agrotait: checks
*** FLOP *** [Jd Kd Qs]
Agrotait: checks
boom65: bets $3
Agrotait: folds
Uncalled bet ($3) returned to boom65
boom65 collected $5.88 from pot
*** SUMMARY ***
Total pot $6 | Rake $0.12
Board [Jd Kd Qs]
Seat 3: boom65 (button) (small blind) collected ($5.88)
Seat 4: Agrotait (big blind) folded on the Flop


PokerStars Hand #151108707960:  Hold'em Limit ($3/$6 USD) - 2016/03/29 7:40:37 ET
Table 'Marbachia II' 6-max Seat #3 is the button
Seat 3: boom65 ($85.06 in chips)
Seat 4: Agrotait ($72 in chips)
boom65: posts small blind $1
Agrotait: posts big blind $3
*** HOLE CARDS ***
boom65: calls $2
Agrotait: raises $3 to $6
boom65: calls $3
*** FLOP *** [9c Qc 2h]
Agrotait: bets $3
boom65: folds
Uncalled bet ($3) returned to Agrotait
Agrotait collected $11.76 from pot
Agrotait: doesn't show hand
*** SUMMARY ***
Total pot $12 | Rake $0.24
Board [9c Qc 2h]
Seat 3: boom65 (button) (small blind) folded on the Flop
Seat 4: Agrotait (big blind) collected ($11.76)


PokerStars Hand #151108696562:  Hold'em Limit ($3/$6 USD) - 2016/03/29 7:40:15 ET
Table 'Marbachia II' 6-max Seat #4 is the button
Seat 3: boom65 ($70.56 in chips)
Seat 4: Agrotait ($65.06 in chips)
Agrotait: posts small blind $1
boom65: posts big blind $3
*** HOLE CARDS ***
Agrotait: raises $3 to $6
boom65: calls $3
*** FLOP *** [8s Ac 4c]
boom65: checks
Agrotait: bets $3
boom65: calls $3
*** TURN *** [8s Ac 4c] [As]
boom65: checks
Agrotait: bets $6
boom65: calls $6
*** RIVER *** [8s Ac 4c As] [7d]
boom65: checks
Agrotait: checks
*** SHOW DOWN ***
boom65: shows [Kh 4h] (two pair, Aces and Fours)
Agrotait: mucks hand
boom65 collected $29.50 from pot
*** SUMMARY ***
Total pot $30 | Rake $0.50
Board [8s Ac 4c As 7d]
Seat 3: boom65 (big blind) showed [Kh 4h] and won ($29.50) with two pair, Aces and Fours
Seat 4: Agrotait (button) (small blind) mucked


PokerStars Hand #151108673787:  Hold'em Limit ($3/$6 USD) - 2016/03/29 7:39:30 ET
Table 'Marbachia II' 6-max Seat #3 is the button
Seat 3: boom65 ($47.06 in chips)
Seat 4: Agrotait ($89.06 in chips)
boom65: posts small blind $1
Agrotait: posts big blind $3
*** HOLE CARDS ***
boom65: raises $3 to $6
Agrotait: calls $3
*** FLOP *** [5s Jc 8d]
Agrotait: checks
boom65: bets $3
Agrotait: raises $3 to $6
boom65: calls $3
*** TURN *** [5s Jc 8d] [Ah]
Agrotait: bets $6
boom65: raises $6 to $12
Agrotait: calls $6
*** RIVER *** [5s Jc 8d Ah] [4s]
Agrotait: checks
boom65: bets $6
Agrotait: folds
Uncalled bet ($6) returned to boom65
boom65 collected $47.50 from pot
boom65: shows [Js Jh] (three of a kind, Jacks)
*** SUMMARY ***
Total pot $48 | Rake $0.50
Board [5s Jc 8d Ah 4s]
Seat 3: boom65 (button) (small blind) collected ($47.50)
Seat 4: Agrotait (big blind) folded on the River


