PokerStars Hand #151346172888:  Hold'em Limit ($3/$6 USD) - 2016/04/02 21:33:32 ET
Table 'Marbachia II' 6-max Seat #2 is the button
Seat 2: korikurti ($172.26 in chips)
Seat 6: DirtyDouble2 ($385.27 in chips)
korikurti: posts small blind $1
DirtyDouble2: posts big blind $3
*** HOLE CARDS ***
stiflerkk leaves the table
korikurti: raises $3 to $6
DirtyDouble2: calls $3
*** FLOP *** [8h 2d 2s]
DirtyDouble2: checks
korikurti: bets $3
DirtyDouble2: calls $3
*** TURN *** [8h 2d 2s] [6s]
DirtyDouble2: checks
korikurti: bets $6
DirtyDouble2: raises $6 to $12
korikurti: raises $6 to $18
DirtyDouble2: raises $6 to $24
Betting is capped
korikurti: calls $6
*** RIVER *** [8h 2d 2s 6s] [Qd]
DirtyDouble2: bets $6
korikurti: raises $6 to $12
DirtyDouble2: raises $6 to $18
korikurti: calls $6
*** SHOW DOWN ***
DirtyDouble2: shows [2c 2h] (four of a kind, Deuces)
korikurti: mucks hand
DirtyDouble2 collected $101.50 from pot
*** SUMMARY ***
Total pot $102 | Rake $0.50
Board [8h 2d 2s 6s Qd]
Seat 2: korikurti (button) (small blind) mucked
Seat 6: DirtyDouble2 (big blind) showed [2c 2h] and won ($101.50) with four of a kind, Deuces


PokerStars Hand #151346190120:  Hold'em Limit ($3/$6 USD) - 2016/04/02 21:34:12 ET
Table 'Marbachia II' 6-max Seat #6 is the button
Seat 2: korikurti ($121.26 in chips)
Seat 6: DirtyDouble2 ($435.77 in chips)
DirtyDouble2: posts small blind $1
korikurti: posts big blind $3
*** HOLE CARDS ***
DirtyDouble2: raises $3 to $6
korikurti: raises $3 to $9
DirtyDouble2: calls $3
*** FLOP *** [4s Ac 2d]
korikurti: checks
DirtyDouble2: checks
*** TURN *** [4s Ac 2d] [6s]
korikurti: bets $6
DirtyDouble2: raises $6 to $12
korikurti: calls $6
*** RIVER *** [4s Ac 2d 6s] [Js]
korikurti: checks
DirtyDouble2: bets $6
korikurti: folds
Uncalled bet ($6) returned to DirtyDouble2
DirtyDouble2 collected $41.50 from pot
DirtyDouble2: doesn't show hand
*** SUMMARY ***
Total pot $42 | Rake $0.50
Board [4s Ac 2d 6s Js]
Seat 2: korikurti (big blind) folded on the River
Seat 6: DirtyDouble2 (button) (small blind) collected ($41.50)


PokerStars Hand #151346225330:  Hold'em Limit ($3/$6 USD) - 2016/04/02 21:35:34 ET
Table 'Marbachia II' 6-max Seat #2 is the button
Seat 2: korikurti ($107.51 in chips)
Seat 6: DirtyDouble2 ($437.27 in chips)
korikurti: posts small blind $1
harrydonkey: is sitting out
harrydonkey leaves the table
DirtyDouble2: posts big blind $3
*** HOLE CARDS ***
korikurti: raises $3 to $6
DirtyDouble2: calls $3
*** FLOP *** [4h Kh Qh]
DirtyDouble2: checks
korikurti: bets $3
DirtyDouble2: raises $3 to $6
korikurti: raises $3 to $9
DirtyDouble2: calls $3
*** TURN *** [4h Kh Qh] [7d]
DirtyDouble2: checks
korikurti: bets $6
DirtyDouble2: calls $6
*** RIVER *** [4h Kh Qh 7d] [9d]
DirtyDouble2: checks
korikurti: bets $6
DirtyDouble2: folds
Uncalled bet ($6) returned to korikurti
korikurti collected $41.50 from pot
korikurti: doesn't show hand
DirtyDouble2 leaves the table
*** SUMMARY ***
Total pot $42 | Rake $0.50
Board [4h Kh Qh 7d 9d]
Seat 2: korikurti (button) (small blind) collected ($41.50)
Seat 6: DirtyDouble2 (big blind) folded on the River


PokerStars Hand #151347594102:  Hold'em Limit ($3/$6 USD) - 2016/04/02 22:33:40 ET
Table 'Marbachia II' 6-max Seat #6 is the button
Seat 5: VolkovDmitri ($120 in chips)
Seat 6: korikurti ($87.33 in chips)
korikurti: posts small blind $1
VolkovDmitri: posts big blind $3
*** HOLE CARDS ***
korikurti: calls $2
VolkovDmitri: raises $3 to $6
korikurti: calls $3
*** FLOP *** [Js 8d 8s]
VolkovDmitri: bets $3
korikurti: folds
Uncalled bet ($3) returned to VolkovDmitri
VolkovDmitri collected $11.76 from pot
*** SUMMARY ***
Total pot $12 | Rake $0.24
Board [Js 8d 8s]
Seat 5: VolkovDmitri (big blind) collected ($11.76)
Seat 6: korikurti (button) (small blind) folded on the Flop


PokerStars Hand #151347607370:  Hold'em Limit ($3/$6 USD) - 2016/04/02 22:34:05 ET
Table 'Marbachia II' 6-max Seat #5 is the button
Seat 5: VolkovDmitri ($125.76 in chips)
Seat 6: korikurti ($81.33 in chips)
VolkovDmitri: posts small blind $1
korikurti: posts big blind $3
*** HOLE CARDS ***
VolkovDmitri: raises $3 to $6
korikurti: raises $3 to $9
VolkovDmitri: calls $3
*** FLOP *** [Ah Td 8c]
korikurti: checks
VolkovDmitri: bets $3
korikurti: calls $3
*** TURN *** [Ah Td 8c] [Tc]
korikurti: checks
VolkovDmitri: checks
*** RIVER *** [Ah Td 8c Tc] [8h]
korikurti: checks
VolkovDmitri: bets $6
korikurti: calls $6
*** SHOW DOWN ***
VolkovDmitri: shows [8d Jc] (a full house, Eights full of Tens)
korikurti: mucks hand
VolkovDmitri collected $35.50 from pot
*** SUMMARY ***
Total pot $36 | Rake $0.50
Board [Ah Td 8c Tc 8h]
Seat 5: VolkovDmitri (button) (small blind) showed [8d Jc] and won ($35.50) with a full house, Eights full of Tens
Seat 6: korikurti (big blind) mucked


PokerStars Hand #151347641429:  Hold'em Limit ($3/$6 USD) - 2016/04/02 22:35:38 ET
Table 'Marbachia II' 6-max Seat #5 is the button
Seat 5: VolkovDmitri ($157.76 in chips)
Seat 6: korikurti ($48.33 in chips)
VolkovDmitri: posts small blind $1
korikurti: posts big blind $3
*** HOLE CARDS ***
VolkovDmitri: raises $3 to $6
korikurti: folds
Uncalled bet ($3) returned to VolkovDmitri
VolkovDmitri collected $6 from pot
VolkovDmitri: doesn't show hand
*** SUMMARY ***
Total pot $6 | Rake $0
Seat 5: VolkovDmitri (button) (small blind) collected ($6)
Seat 6: korikurti (big blind) folded before Flop


PokerStars Hand #151347627220:  Hold'em Limit ($3/$6 USD) - 2016/04/02 22:34:59 ET
Table 'Marbachia II' 6-max Seat #6 is the button
Seat 5: VolkovDmitri ($143.26 in chips)
Seat 6: korikurti ($63.33 in chips)
korikurti: posts small blind $1
VolkovDmitri: posts big blind $3
*** HOLE CARDS ***
korikurti: calls $2
VolkovDmitri: raises $3 to $6
korikurti: calls $3
*** FLOP *** [Td 6d Th]
VolkovDmitri: bets $3
korikurti: calls $3
*** TURN *** [Td 6d Th] [Qh]
VolkovDmitri: bets $6
korikurti: calls $6
*** RIVER *** [Td 6d Th Qh] [8s]
VolkovDmitri: bets $6
korikurti: folds
Uncalled bet ($6) returned to VolkovDmitri
VolkovDmitri collected $29.50 from pot
VolkovDmitri: doesn't show hand
*** SUMMARY ***
Total pot $30 | Rake $0.50
Board [Td 6d Th Qh 8s]
Seat 5: VolkovDmitri (big blind) collected ($29.50)
Seat 6: korikurti (button) (small blind) folded on the River


PokerStars Hand #151347645418:  Hold'em Limit ($3/$6 USD) - 2016/04/02 22:35:49 ET
Table 'Marbachia II' 6-max Seat #6 is the button
Seat 5: VolkovDmitri ($160.76 in chips)
Seat 6: korikurti ($45.33 in chips)
korikurti: posts small blind $1
VolkovDmitri: posts big blind $3
*** HOLE CARDS ***
korikurti: calls $2
VolkovDmitri: checks
*** FLOP *** [4d Ts Kc]
VolkovDmitri: bets $3
korikurti: calls $3
*** TURN *** [4d Ts Kc] [5s]
VolkovDmitri: checks
korikurti: bets $6
VolkovDmitri: calls $6
*** RIVER *** [4d Ts Kc 5s] [Jh]
VolkovDmitri: checks
korikurti: checks
*** SHOW DOWN ***
VolkovDmitri: shows [6h 4c] (a pair of Fours)
korikurti: shows [Tc 8d] (a pair of Tens)
korikurti collected $23.52 from pot
*** SUMMARY ***
Total pot $24 | Rake $0.48
Board [4d Ts Kc 5s Jh]
Seat 5: VolkovDmitri (big blind) showed [6h 4c] and lost with a pair of Fours
Seat 6: korikurti (button) (small blind) showed [Tc 8d] and won ($23.52) with a pair of Tens


PokerStars Hand #151347689691:  Hold'em Limit ($3/$6 USD) - 2016/04/02 22:37:53 ET
Table 'Marbachia II' 6-max Seat #6 is the button
Seat 5: VolkovDmitri ($154.52 in chips)
Seat 6: korikurti ($50.85 in chips)
korikurti: posts small blind $1
VolkovDmitri: posts big blind $3
*** HOLE CARDS ***
korikurti: raises $3 to $6
VolkovDmitri: folds
Uncalled bet ($3) returned to korikurti
korikurti collected $6 from pot
korikurti: doesn't show hand
*** SUMMARY ***
Total pot $6 | Rake $0
Seat 5: VolkovDmitri (big blind) folded before Flop
Seat 6: korikurti (button) (small blind) collected ($6)


PokerStars Hand #151347675951:  Hold'em Limit ($3/$6 USD) - 2016/04/02 22:37:15 ET
Table 'Marbachia II' 6-max Seat #5 is the button
Seat 5: VolkovDmitri ($148.76 in chips)
Seat 6: korikurti ($56.85 in chips)
VolkovDmitri: posts small blind $1
korikurti: posts big blind $3
*** HOLE CARDS ***
VolkovDmitri: raises $3 to $6
korikurti: calls $3
*** FLOP *** [6h Qh Jc]
korikurti: checks
VolkovDmitri: bets $3
korikurti: folds
Uncalled bet ($3) returned to VolkovDmitri
VolkovDmitri collected $11.76 from pot
VolkovDmitri: doesn't show hand
*** SUMMARY ***
Total pot $12 | Rake $0.24
Board [6h Qh Jc]
Seat 5: VolkovDmitri (button) (small blind) collected ($11.76)
Seat 6: korikurti (big blind) folded on the Flop


PokerStars Hand #151347692398:  Hold'em Limit ($3/$6 USD) - 2016/04/02 22:38:01 ET
Table 'Marbachia II' 6-max Seat #5 is the button
Seat 5: VolkovDmitri ($151.52 in chips)
Seat 6: korikurti ($53.85 in chips)
VolkovDmitri: posts small blind $1
korikurti: posts big blind $3
*** HOLE CARDS ***
VolkovDmitri: raises $3 to $6
korikurti: folds
Uncalled bet ($3) returned to VolkovDmitri
VolkovDmitri collected $6 from pot
VolkovDmitri: doesn't show hand
*** SUMMARY ***
Total pot $6 | Rake $0
Seat 5: VolkovDmitri (button) (small blind) collected ($6)
Seat 6: korikurti (big blind) folded before Flop


PokerStars Hand #151347697933:  Hold'em Limit ($3/$6 USD) - 2016/04/02 22:38:17 ET
Table 'Marbachia II' 6-max Seat #6 is the button
Seat 5: VolkovDmitri ($154.52 in chips)
Seat 6: korikurti ($50.85 in chips)
korikurti: posts small blind $1
VolkovDmitri: posts big blind $3
*** HOLE CARDS ***
korikurti: raises $3 to $6
VolkovDmitri: raises $3 to $9
korikurti: raises $3 to $12
Betting is capped
VolkovDmitri: calls $3
*** FLOP *** [7c 3c 8c]
VolkovDmitri: bets $3
korikurti: calls $3
*** TURN *** [7c 3c 8c] [Jd]
VolkovDmitri: bets $6
korikurti: calls $6
*** RIVER *** [7c 3c 8c Jd] [6s]
VolkovDmitri: bets $6
korikurti: folds
Uncalled bet ($6) returned to VolkovDmitri
VolkovDmitri collected $41.50 from pot
VolkovDmitri: doesn't show hand
*** SUMMARY ***
Total pot $42 | Rake $0.50
Board [7c 3c 8c Jd 6s]
Seat 5: VolkovDmitri (big blind) collected ($41.50)
Seat 6: korikurti (button) (small blind) folded on the River


PokerStars Hand #151347719059:  Hold'em Limit ($3/$6 USD) - 2016/04/02 22:39:17 ET
Table 'Marbachia II' 6-max Seat #5 is the button
Seat 5: VolkovDmitri ($175.02 in chips)
Seat 6: korikurti ($29.85 in chips)
VolkovDmitri: posts small blind $1
korikurti: posts big blind $3
*** HOLE CARDS ***
VolkovDmitri: raises $3 to $6
korikurti: folds
Uncalled bet ($3) returned to VolkovDmitri
VolkovDmitri collected $6 from pot
VolkovDmitri: doesn't show hand
*** SUMMARY ***
Total pot $6 | Rake $0
Seat 5: VolkovDmitri (button) (small blind) collected ($6)
Seat 6: korikurti (big blind) folded before Flop


PokerStars Hand #151347726699:  Hold'em Limit ($3/$6 USD) - 2016/04/02 22:39:38 ET
Table 'Marbachia II' 6-max Seat #6 is the button
Seat 5: VolkovDmitri ($178.02 in chips)
Seat 6: korikurti ($26.85 in chips)
korikurti: posts small blind $1
VolkovDmitri: posts big blind $3
*** HOLE CARDS ***
korikurti: raises $3 to $6
VolkovDmitri: raises $3 to $9
korikurti: raises $3 to $12
Betting is capped
VolkovDmitri: calls $3
*** FLOP *** [6d 3c 2s]
VolkovDmitri: bets $3
korikurti: raises $3 to $6
VolkovDmitri: raises $3 to $9
korikurti: raises $3 to $12
Betting is capped
VolkovDmitri: calls $3
*** TURN *** [6d 3c 2s] [7c]
VolkovDmitri: bets $6
korikurti: calls $2.85 and is all-in
Uncalled bet ($3.15) returned to VolkovDmitri
*** RIVER *** [6d 3c 2s 7c] [Ks]
*** SHOW DOWN ***
VolkovDmitri: shows [4h 4c] (a pair of Fours)
korikurti: shows [Th Ac] (high card Ace)
VolkovDmitri collected $53.20 from pot
*** SUMMARY ***
Total pot $53.70 | Rake $0.50
Board [6d 3c 2s 7c Ks]
Seat 5: VolkovDmitri (big blind) showed [4h 4c] and won ($53.20) with a pair of Fours
Seat 6: korikurti (button) (small blind) showed [Th Ac] and lost with high card Ace


