PokerStars Hand #155958678478:  Hold'em Limit ($3/$6 USD) - 2016/07/14 10:48:42 ET
Table 'Marconia' 6-max Seat #3 is the button
Seat 3: sawel888 ($101.38 in chips)
Seat 4: VolkovDmitri ($120 in chips)
sawel888: posts small blind $1
VolkovDmitri: posts big blind $3
*** HOLE CARDS ***
Fabulous108 joins the table at seat #6
sawel888: calls $2
VolkovDmitri: checks
*** FLOP *** [7s 6h 6c]
VolkovDmitri: bets $3
sawel888: calls $3
*** TURN *** [7s 6h 6c] [Kc]
VolkovDmitri: checks
sawel888: bets $6
VolkovDmitri: calls $6
*** RIVER *** [7s 6h 6c Kc] [8s]
VolkovDmitri: checks
sawel888: bets $6
VolkovDmitri: calls $6
*** SHOW DOWN ***
sawel888: shows [Js 8h] (two pair, Eights and Sixes)
VolkovDmitri: mucks hand
sawel888 collected $35.50 from pot
*** SUMMARY ***
Total pot $36 | Rake $0.50
Board [7s 6h 6c Kc 8s]
Seat 3: sawel888 (button) (small blind) showed [Js 8h] and won ($35.50) with two pair, Eights and Sixes
Seat 4: VolkovDmitri (big blind) mucked


PokerStars Hand #155959303729:  Hold'em Limit ($3/$6 USD) - 2016/07/14 11:08:07 ET
Table 'Marconia' 6-max Seat #6 is the button
Seat 2: Wurst2000 ($94.06 in chips)
Seat 6: Fabulous108 ($156.61 in chips)
Fabulous108: posts small blind $1
Wurst2000: posts big blind $3
*** HOLE CARDS ***
Fabulous108: folds
Uncalled bet ($2) returned to Wurst2000
Wurst2000 collected $2 from pot
Wurst2000: doesn't show hand
*** SUMMARY ***
Total pot $2 | Rake $0
Seat 2: Wurst2000 (big blind) collected ($2)
Seat 6: Fabulous108 (button) (small blind) folded before Flop


PokerStars Hand #155959300653:  Hold'em Limit ($3/$6 USD) - 2016/07/14 11:08:02 ET
Table 'Marconia' 6-max Seat #2 is the button
Seat 2: Wurst2000 ($95.06 in chips)
Seat 6: Fabulous108 ($155.61 in chips)
Wurst2000: posts small blind $1
Fabulous108: posts big blind $3
*** HOLE CARDS ***
Wurst2000: folds
Uncalled bet ($2) returned to Fabulous108
Fabulous108 collected $2 from pot
Fabulous108: doesn't show hand
*** SUMMARY ***
Total pot $2 | Rake $0
Seat 2: Wurst2000 (button) (small blind) folded before Flop
Seat 6: Fabulous108 (big blind) collected ($2)


PokerStars Hand #155959297851:  Hold'em Limit ($3/$6 USD) - 2016/07/14 11:07:57 ET
Table 'Marconia' 6-max Seat #6 is the button
Seat 2: Wurst2000 ($94.06 in chips)
Seat 6: Fabulous108 ($156.61 in chips)
Fabulous108: posts small blind $1
Wurst2000: posts big blind $3
*** HOLE CARDS ***
VolkovDmitri leaves the table
Fabulous108: folds
Uncalled bet ($2) returned to Wurst2000
Wurst2000 collected $2 from pot
Wurst2000: doesn't show hand
*** SUMMARY ***
Total pot $2 | Rake $0
Seat 2: Wurst2000 (big blind) collected ($2)
Seat 6: Fabulous108 (button) (small blind) folded before Flop


PokerStars Hand #155960013934:  Hold'em Limit ($3/$6 USD) - 2016/07/14 11:28:28 ET
Table 'Marconia' 6-max Seat #6 is the button
Seat 5: Necromadx ($229 in chips)
Seat 6: chrismat ($46.08 in chips)
chrismat: posts small blind $1
Necromadx: posts big blind $3
*** HOLE CARDS ***
chrismat: raises $3 to $6
Necromadx: raises $3 to $9
chrismat: raises $3 to $12
Betting is capped
Necromadx: calls $3
*** FLOP *** [6c 8c 6s]
Necromadx: checks
chrismat: bets $3
Necromadx: calls $3
*** TURN *** [6c 8c 6s] [7c]
Necromadx: checks
chrismat: bets $6
Necromadx: calls $6
*** RIVER *** [6c 8c 6s 7c] [4c]
Necromadx: checks
chrismat: checks
*** SHOW DOWN ***
Necromadx: shows [Kd As] (a pair of Sixes)
chrismat: mucks hand
Necromadx collected $41.50 from pot
*** SUMMARY ***
Total pot $42 | Rake $0.50
Board [6c 8c 6s 7c 4c]
Seat 5: Necromadx (big blind) showed [Kd As] and won ($41.50) with a pair of Sixes
Seat 6: chrismat (button) (small blind) mucked


PokerStars Hand #155960039114:  Hold'em Limit ($3/$6 USD) - 2016/07/14 11:29:12 ET
Table 'Marconia' 6-max Seat #5 is the button
Seat 5: Necromadx ($263.90 in chips)
Seat 6: chrismat ($10.08 in chips)
Necromadx: posts small blind $1
chrismat: posts big blind $3
*** HOLE CARDS ***
Necromadx: folds
Uncalled bet ($2) returned to chrismat
chrismat collected $2 from pot
*** SUMMARY ***
Total pot $2 | Rake $0
Seat 5: Necromadx (button) (small blind) folded before Flop
Seat 6: chrismat (big blind) collected ($2)


PokerStars Hand #155960031452:  Hold'em Limit ($3/$6 USD) - 2016/07/14 11:28:59 ET
Table 'Marconia' 6-max Seat #6 is the button
Seat 5: Necromadx ($255.26 in chips)
Seat 6: chrismat ($19.08 in chips)
chrismat: posts small blind $1
Necromadx: posts big blind $3
*** HOLE CARDS ***
chrismat: raises $3 to $6
Necromadx: calls $3
*** FLOP *** [Qc Kd 9d]
Necromadx: checks
chrismat: bets $3
Necromadx: calls $3
*** TURN *** [Qc Kd 9d] [5d]
Necromadx: checks
chrismat: checks
*** RIVER *** [Qc Kd 9d 5d] [9c]
Necromadx: bets $6
chrismat: folds
Uncalled bet ($6) returned to Necromadx
Necromadx collected $17.64 from pot
Necromadx: doesn't show hand
*** SUMMARY ***
Total pot $18 | Rake $0.36
Board [Qc Kd 9d 5d 9c]
Seat 5: Necromadx (big blind) collected ($17.64)
Seat 6: chrismat (button) (small blind) folded on the River


PokerStars Hand #155960024727:  Hold'em Limit ($3/$6 USD) - 2016/07/14 11:28:47 ET
Table 'Marconia' 6-max Seat #5 is the button
Seat 5: Necromadx ($249.50 in chips)
Seat 6: chrismat ($25.08 in chips)
Necromadx: posts small blind $1
chrismat: posts big blind $3
*** HOLE CARDS ***
Necromadx: raises $3 to $6
chrismat: calls $3
*** FLOP *** [9s 5s 3c]
chrismat: checks
Necromadx: checks
*** TURN *** [9s 5s 3c] [9h]
chrismat: checks
Necromadx: checks
*** RIVER *** [9s 5s 3c 9h] [8d]
chrismat: checks
Necromadx: checks
*** SHOW DOWN ***
chrismat: shows [6c Ts] (a pair of Nines)
Necromadx: shows [Th Qh] (a pair of Nines - Queen kicker)
Necromadx collected $11.76 from pot
*** SUMMARY ***
Total pot $12 | Rake $0.24
Board [9s 5s 3c 9h 8d]
Seat 5: Necromadx (button) (small blind) showed [Th Qh] and won ($11.76) with a pair of Nines
Seat 6: chrismat (big blind) showed [6c Ts] and lost with a pair of Nines


PokerStars Hand #155960047235:  Hold'em Limit ($3/$6 USD) - 2016/07/14 11:29:26 ET
Table 'Marconia' 6-max Seat #5 is the button
Seat 5: Necromadx ($263.90 in chips)
Seat 6: chrismat ($10.08 in chips)
Necromadx: posts small blind $1
chrismat: posts big blind $3
*** HOLE CARDS ***
Necromadx: raises $3 to $6
chrismat: calls $3
*** FLOP *** [Th 5s Qh]
chrismat: bets $3
Necromadx: raises $3 to $6
chrismat: calls $1.08 and is all-in
Uncalled bet ($1.92) returned to Necromadx
*** TURN *** [Th 5s Qh] [7d]
*** RIVER *** [Th 5s Qh 7d] [3s]
*** SHOW DOWN ***
chrismat: shows [Jh 6c] (high card Queen)
Necromadx: shows [Jc 8s] (high card Queen - Jack+Ten+Eight kicker)
Necromadx collected $19.76 from pot
*** SUMMARY ***
Total pot $20.16 | Rake $0.40
Board [Th 5s Qh 7d 3s]
Seat 5: Necromadx (button) (small blind) showed [Jc 8s] and won ($19.76) with high card Queen
Seat 6: chrismat (big blind) showed [Jh 6c] and lost with high card Queen


PokerStars Hand #155960044297:  Hold'em Limit ($3/$6 USD) - 2016/07/14 11:29:21 ET
Table 'Marconia' 6-max Seat #6 is the button
Seat 5: Necromadx ($262.90 in chips)
Seat 6: chrismat ($11.08 in chips)
chrismat: posts small blind $1
Necromadx: posts big blind $3
*** HOLE CARDS ***
chrismat: folds
Uncalled bet ($2) returned to Necromadx
Necromadx collected $2 from pot
Necromadx: doesn't show hand
*** SUMMARY ***
Total pot $2 | Rake $0
Seat 5: Necromadx (big blind) collected ($2)
Seat 6: chrismat (button) (small blind) folded before Flop


