PokerStars Hand #156972674001:  Hold'em Limit ($3/$6 USD) - 2016/08/07 8:27:03 ET
Table 'Marcelle' 6-max Seat #4 is the button
Seat 3: hudecam ($44.50 in chips)
Seat 4: VolkovDmitri ($120 in chips)
VolkovDmitri: posts small blind $1
hudecam: posts big blind $3
*** HOLE CARDS ***
VolkovDmitri: raises $3 to $6
hudecam: calls $3
*** FLOP *** [Ad Tc Jd]
hudecam: checks
VolkovDmitri: bets $3
hudecam: folds
Uncalled bet ($3) returned to VolkovDmitri
VolkovDmitri collected $11.76 from pot
VolkovDmitri: doesn't show hand
*** SUMMARY ***
Total pot $12 | Rake $0.24
Board [Ad Tc Jd]
Seat 3: hudecam (big blind) folded on the Flop
Seat 4: VolkovDmitri (button) (small blind) collected ($11.76)


PokerStars Hand #156972682066:  Hold'em Limit ($3/$6 USD) - 2016/08/07 8:27:19 ET
Table 'Marcelle' 6-max Seat #3 is the button
Seat 3: hudecam ($38.50 in chips)
Seat 4: VolkovDmitri ($125.76 in chips)
hudecam: posts small blind $1
VolkovDmitri: posts big blind $3
*** HOLE CARDS ***
hudecam: folds
Uncalled bet ($2) returned to VolkovDmitri
VolkovDmitri collected $2 from pot
*** SUMMARY ***
Total pot $2 | Rake $0
Seat 3: hudecam (button) (small blind) folded before Flop
Seat 4: VolkovDmitri (big blind) collected ($2)


PokerStars Hand #156972659725:  Hold'em Limit ($3/$6 USD) - 2016/08/07 8:26:35 ET
Table 'Marcelle' 6-max Seat #3 is the button
Seat 3: hudecam ($30 in chips)
Seat 4: VolkovDmitri ($120 in chips)
hudecam: posts small blind $1
VolkovDmitri: posts big blind $3
*** HOLE CARDS ***
hudecam: raises $3 to $6
VolkovDmitri: raises $3 to $9
hudecam: calls $3
*** FLOP *** [Kd 8d 9d]
VolkovDmitri: bets $3
hudecam: raises $3 to $6
VolkovDmitri: calls $3
*** TURN *** [Kd 8d 9d] [6h]
VolkovDmitri: checks
hudecam: bets $6
VolkovDmitri: folds
Uncalled bet ($6) returned to hudecam
hudecam collected $29.50 from pot
hudecam: doesn't show hand
*** SUMMARY ***
Total pot $30 | Rake $0.50
Board [Kd 8d 9d 6h]
Seat 3: hudecam (button) (small blind) collected ($29.50)
Seat 4: VolkovDmitri (big blind) folded on the Turn


PokerStars Hand #156972684441:  Hold'em Limit ($3/$6 USD) - 2016/08/07 8:27:23 ET
Table 'Marcelle' 6-max Seat #4 is the button
Seat 3: hudecam ($37.50 in chips)
Seat 4: VolkovDmitri ($126.76 in chips)
VolkovDmitri: posts small blind $1
hudecam: posts big blind $3
*** HOLE CARDS ***
VolkovDmitri: raises $3 to $6
hudecam: raises $3 to $9
VolkovDmitri: calls $3
*** FLOP *** [7d Qc Ah]
hudecam: bets $3
VolkovDmitri: folds
Uncalled bet ($3) returned to hudecam
hudecam collected $17.64 from pot
hudecam: doesn't show hand
*** SUMMARY ***
Total pot $18 | Rake $0.36
Board [7d Qc Ah]
Seat 3: hudecam (big blind) collected ($17.64)
Seat 4: VolkovDmitri (button) (small blind) folded on the Flop


PokerStars Hand #156972699717:  Hold'em Limit ($3/$6 USD) - 2016/08/07 8:27:53 ET
Table 'Marcelle' 6-max Seat #4 is the button
Seat 3: hudecam ($38.14 in chips)
Seat 4: VolkovDmitri ($127.76 in chips)
VolkovDmitri: posts small blind $1
hudecam: posts big blind $3
*** HOLE CARDS ***
VolkovDmitri: raises $3 to $6
hudecam: calls $3
*** FLOP *** [9h 9s 5d]
hudecam: checks
VolkovDmitri: bets $3
hudecam: raises $3 to $6
VolkovDmitri: calls $3
*** TURN *** [9h 9s 5d] [3s]
hudecam: bets $6
VolkovDmitri: calls $6
*** RIVER *** [9h 9s 5d 3s] [Td]
hudecam: bets $6
VolkovDmitri: calls $6
*** SHOW DOWN ***
hudecam: shows [Ad 5h] (two pair, Nines and Fives)
VolkovDmitri: mucks hand
hudecam collected $47.50 from pot
*** SUMMARY ***
Total pot $48 | Rake $0.50
Board [9h 9s 5d 3s Td]
Seat 3: hudecam (big blind) showed [Ad 5h] and won ($47.50) with two pair, Nines and Fives
Seat 4: VolkovDmitri (button) (small blind) mucked


PokerStars Hand #156972693147:  Hold'em Limit ($3/$6 USD) - 2016/08/07 8:27:40 ET
Table 'Marcelle' 6-max Seat #4 is the button
Seat 3: hudecam ($45.14 in chips)
Seat 4: VolkovDmitri ($121 in chips)
VolkovDmitri: posts small blind $1
hudecam: posts big blind $3
*** HOLE CARDS ***
VolkovDmitri: raises $3 to $6
hudecam: calls $3
*** FLOP *** [Kd Jd Ac]
hudecam: folds
VolkovDmitri collected $11.76 from pot
VolkovDmitri: doesn't show hand
*** SUMMARY ***
Total pot $12 | Rake $0.24
Board [Kd Jd Ac]
Seat 3: hudecam (big blind) folded on the Flop
Seat 4: VolkovDmitri (button) (small blind) collected ($11.76)


PokerStars Hand #156972690753:  Hold'em Limit ($3/$6 USD) - 2016/08/07 8:27:35 ET
Table 'Marcelle' 6-max Seat #3 is the button
Seat 3: hudecam ($46.14 in chips)
Seat 4: VolkovDmitri ($120 in chips)
hudecam: posts small blind $1
VolkovDmitri: posts big blind $3
*** HOLE CARDS ***
hudecam: folds
Uncalled bet ($2) returned to VolkovDmitri
VolkovDmitri collected $2 from pot
VolkovDmitri: doesn't show hand
*** SUMMARY ***
Total pot $2 | Rake $0
Seat 3: hudecam (button) (small blind) folded before Flop
Seat 4: VolkovDmitri (big blind) collected ($2)


PokerStars Hand #156972697432:  Hold'em Limit ($3/$6 USD) - 2016/08/07 8:27:48 ET
Table 'Marcelle' 6-max Seat #3 is the button
Seat 3: hudecam ($39.14 in chips)
Seat 4: VolkovDmitri ($126.76 in chips)
hudecam: posts small blind $1
VolkovDmitri: posts big blind $3
*** HOLE CARDS ***
hudecam: folds
Uncalled bet ($2) returned to VolkovDmitri
VolkovDmitri collected $2 from pot
VolkovDmitri: doesn't show hand
*** SUMMARY ***
Total pot $2 | Rake $0
Seat 3: hudecam (button) (small blind) folded before Flop
Seat 4: VolkovDmitri (big blind) collected ($2)


PokerStars Hand #156973550568:  Hold'em Limit ($3/$6 USD) - 2016/08/07 8:55:18 ET
Table 'Marcelle' 6-max Seat #4 is the button
Seat 4: VolkovDmitri ($120 in chips)
Seat 6: hudecam ($35.76 in chips)
VolkovDmitri: posts small blind $1
hudecam: posts big blind $3
*** HOLE CARDS ***
VolkovDmitri: raises $3 to $6
hudecam: calls $3
*** FLOP *** [Kc 8h 3s]
hudecam: checks
VolkovDmitri: bets $3
hudecam: calls $3
*** TURN *** [Kc 8h 3s] [4d]
hudecam: checks
VolkovDmitri: bets $6
hudecam: calls $6
*** RIVER *** [Kc 8h 3s 4d] [6s]
hudecam: checks
VolkovDmitri: checks
*** SHOW DOWN ***
hudecam: shows [Js 3c] (a pair of Threes)
VolkovDmitri: mucks hand
hudecam collected $29.50 from pot
*** SUMMARY ***
Total pot $30 | Rake $0.50
Board [Kc 8h 3s 4d 6s]
Seat 4: VolkovDmitri (button) (small blind) mucked
Seat 6: hudecam (big blind) showed [Js 3c] and won ($29.50) with a pair of Threes


PokerStars Hand #156973541186:  Hold'em Limit ($3/$6 USD) - 2016/08/07 8:54:57 ET
Table 'Marcelle' 6-max Seat #6 is the button
Seat 4: VolkovDmitri ($120 in chips)
Seat 6: hudecam ($30 in chips)
hudecam: posts small blind $1
VolkovDmitri: posts big blind $3
*** HOLE CARDS ***
hudecam: raises $3 to $6
VolkovDmitri: calls $3
*** FLOP *** [Qc Jh 2c]
VolkovDmitri: checks
hudecam: checks
*** TURN *** [Qc Jh 2c] [8h]
VolkovDmitri: checks
hudecam: checks
*** RIVER *** [Qc Jh 2c 8h] [Th]
VolkovDmitri: checks
hudecam: checks
*** SHOW DOWN ***
VolkovDmitri: shows [6c Kh] (high card King)
hudecam: shows [Ac 7s] (high card Ace)
hudecam collected $11.76 from pot
*** SUMMARY ***
Total pot $12 | Rake $0.24
Board [Qc Jh 2c 8h Th]
Seat 4: VolkovDmitri (big blind) showed [6c Kh] and lost with high card King
Seat 6: hudecam (button) (small blind) showed [Ac 7s] and won ($11.76) with high card Ace


PokerStars Hand #156973575615:  Hold'em Limit ($3/$6 USD) - 2016/08/07 8:56:16 ET
Table 'Marcelle' 6-max Seat #3 is the button
Seat 3: jl45259071 ($100 in chips)
Seat 4: VolkovDmitri ($120 in chips)
jl45259071: posts small blind $1
VolkovDmitri: posts big blind $3
*** HOLE CARDS ***
jl45259071: raises $3 to $6
VolkovDmitri: calls $3
*** FLOP *** [Qh Ks Tc]
hudecam joins the table at seat #6
VolkovDmitri: checks
jl45259071: bets $3
VolkovDmitri: calls $3
*** TURN *** [Qh Ks Tc] [3d]
VolkovDmitri: checks
jl45259071: bets $6
VolkovDmitri: calls $6
*** RIVER *** [Qh Ks Tc 3d] [Ts]
VolkovDmitri: bets $6
jl45259071: calls $6
*** SHOW DOWN ***
VolkovDmitri: shows [Td 8h] (three of a kind, Tens)
jl45259071: mucks hand
VolkovDmitri collected $41.50 from pot
*** SUMMARY ***
Total pot $42 | Rake $0.50
Board [Qh Ks Tc 3d Ts]
Seat 3: jl45259071 (button) (small blind) mucked
Seat 4: VolkovDmitri (big blind) showed [Td 8h] and won ($41.50) with three of a kind, Tens


PokerStars Hand #156975643972:  Hold'em Limit ($3/$6 USD) - 2016/08/07 9:57:54 ET
Table 'Marcelle' 6-max Seat #2 is the button
Seat 2: poooohpooh ($122 in chips)
Seat 6: Jannuh ($179.63 in chips)
poooohpooh: posts small blind $1
Jannuh: posts big blind $3
*** HOLE CARDS ***
poooohpooh: raises $3 to $6
Jannuh: calls $3
*** FLOP *** [9c 4h 8s]
Jannuh: checks
poooohpooh: checks
*** TURN *** [9c 4h 8s] [Ah]
Jannuh: bets $6
poooohpooh: raises $6 to $12
Jannuh: calls $6
*** RIVER *** [9c 4h 8s Ah] [As]
Jannuh: bets $6
poooohpooh: folds
Uncalled bet ($6) returned to Jannuh
Jannuh collected $35.50 from pot
*** SUMMARY ***
Total pot $36 | Rake $0.50
Board [9c 4h 8s Ah As]
Seat 2: poooohpooh (button) (small blind) folded on the River
Seat 6: Jannuh (big blind) collected ($35.50)


PokerStars Hand #156975682722:  Hold'em Limit ($3/$6 USD) - 2016/08/07 9:58:59 ET
Table 'Marcelle' 6-max Seat #6 is the button
Seat 2: poooohpooh ($105 in chips)
Seat 6: Jannuh ($195.89 in chips)
Jannuh: posts small blind $1
poooohpooh: posts big blind $3
*** HOLE CARDS ***
Jannuh: raises $3 to $6
poooohpooh: folds
Uncalled bet ($3) returned to Jannuh
Jannuh collected $6 from pot
*** SUMMARY ***
Total pot $6 | Rake $0
Seat 2: poooohpooh (big blind) folded before Flop
Seat 6: Jannuh (button) (small blind) collected ($6)


PokerStars Hand #156975671892:  Hold'em Limit ($3/$6 USD) - 2016/08/07 9:58:52 ET
Table 'Marcelle' 6-max Seat #2 is the button
Seat 2: poooohpooh ($102 in chips)
Seat 6: Jannuh ($198.89 in chips)
poooohpooh: posts small blind $1
Jannuh: posts big blind $3
*** HOLE CARDS ***
poooohpooh: raises $3 to $6
Jannuh: folds
Uncalled bet ($3) returned to poooohpooh
poooohpooh collected $6 from pot
poooohpooh: doesn't show hand
*** SUMMARY ***
Total pot $6 | Rake $0
Seat 2: poooohpooh (button) (small blind) collected ($6)
Seat 6: Jannuh (big blind) folded before Flop


PokerStars Hand #156975669786:  Hold'em Limit ($3/$6 USD) - 2016/08/07 9:58:48 ET
Table 'Marcelle' 6-max Seat #6 is the button
Seat 2: poooohpooh ($101 in chips)
Seat 6: Jannuh ($199.89 in chips)
Jannuh: posts small blind $1
poooohpooh: posts big blind $3
*** HOLE CARDS ***
Jannuh: folds
Uncalled bet ($2) returned to poooohpooh
poooohpooh collected $2 from pot
poooohpooh: doesn't show hand
*** SUMMARY ***
Total pot $2 | Rake $0
Seat 2: poooohpooh (big blind) collected ($2)
Seat 6: Jannuh (button) (small blind) folded before Flop


PokerStars Hand #156975667652:  Hold'em Limit ($3/$6 USD) - 2016/08/07 9:58:43 ET
Table 'Marcelle' 6-max Seat #2 is the button
Seat 2: poooohpooh ($102 in chips)
Seat 6: Jannuh ($198.89 in chips)
poooohpooh: posts small blind $1
Grieserix was removed from the table for failing to post
Jannuh: posts big blind $3
*** HOLE CARDS ***
poooohpooh: folds
Uncalled bet ($2) returned to Jannuh
Jannuh collected $2 from pot
*** SUMMARY ***
Total pot $2 | Rake $0
Seat 2: poooohpooh (button) (small blind) folded before Flop
Seat 6: Jannuh (big blind) collected ($2)


PokerStars Hand #156975664921:  Hold'em Limit ($3/$6 USD) - 2016/08/07 9:58:38 ET
Table 'Marcelle' 6-max Seat #6 is the button
Seat 2: poooohpooh ($101 in chips)
Seat 6: Jannuh ($199.89 in chips)
Jannuh: posts small blind $1
poooohpooh: posts big blind $3
*** HOLE CARDS ***
Jannuh: folds
Uncalled bet ($2) returned to poooohpooh
poooohpooh collected $2 from pot
poooohpooh: doesn't show hand
*** SUMMARY ***
Total pot $2 | Rake $0
Seat 2: poooohpooh (big blind) collected ($2)
Seat 6: Jannuh (button) (small blind) folded before Flop


PokerStars Hand #156975661592:  Hold'em Limit ($3/$6 USD) - 2016/08/07 9:58:31 ET
Table 'Marcelle' 6-max Seat #2 is the button
Seat 2: poooohpooh ($98 in chips)
Seat 6: Jannuh ($202.89 in chips)
poooohpooh: posts small blind $1
Jannuh: posts big blind $3
*** HOLE CARDS ***
poooohpooh: raises $3 to $6
Jannuh: folds
Uncalled bet ($3) returned to poooohpooh
poooohpooh collected $6 from pot
poooohpooh: doesn't show hand
*** SUMMARY ***
Total pot $6 | Rake $0
Seat 2: poooohpooh (button) (small blind) collected ($6)
Seat 6: Jannuh (big blind) folded before Flop


PokerStars Hand #156975654734:  Hold'em Limit ($3/$6 USD) - 2016/08/07 9:58:16 ET
Table 'Marcelle' 6-max Seat #6 is the button
Seat 2: poooohpooh ($104 in chips)
Seat 6: Jannuh ($197.13 in chips)
Jannuh: posts small blind $1
poooohpooh: posts big blind $3
*** HOLE CARDS ***
Jannuh: raises $3 to $6
poooohpooh: calls $3
*** FLOP *** [6s 4s 5c]
poooohpooh: checks
Jannuh: checks
*** TURN *** [6s 4s 5c] [5s]
poooohpooh: checks
Jannuh: bets $6
poooohpooh: folds
Uncalled bet ($6) returned to Jannuh
Jannuh collected $11.76 from pot
*** SUMMARY ***
Total pot $12 | Rake $0.24
Board [6s 4s 5c 5s]
Seat 2: poooohpooh (big blind) folded on the Turn
Seat 6: Jannuh (button) (small blind) collected ($11.76)


PokerStars Hand #156975717362:  Hold'em Limit ($3/$6 USD) - 2016/08/07 10:00:10 ET
Table 'Marcelle' 6-max Seat #2 is the button
Seat 2: poooohpooh ($81.50 in chips)
Seat 6: Jannuh ($217.89 in chips)
poooohpooh: posts small blind $1
Jannuh: posts big blind $3
*** HOLE CARDS ***
poooohpooh: raises $3 to $6
Jannuh: folds
Uncalled bet ($3) returned to poooohpooh
poooohpooh collected $6 from pot
poooohpooh: doesn't show hand
*** SUMMARY ***
Total pot $6 | Rake $0
Seat 2: poooohpooh (button) (small blind) collected ($6)
Seat 6: Jannuh (big blind) folded before Flop


PokerStars Hand #156975714652:  Hold'em Limit ($3/$6 USD) - 2016/08/07 10:00:05 ET
Table 'Marcelle' 6-max Seat #6 is the button
Seat 2: poooohpooh ($80.50 in chips)
Seat 6: Jannuh ($218.89 in chips)
Jannuh: posts small blind $1
poooohpooh: posts big blind $3
*** HOLE CARDS ***
Jannuh: folds
Uncalled bet ($2) returned to poooohpooh
poooohpooh collected $2 from pot
poooohpooh: doesn't show hand
*** SUMMARY ***
Total pot $2 | Rake $0
Seat 2: poooohpooh (big blind) collected ($2)
Seat 6: Jannuh (button) (small blind) folded before Flop


PokerStars Hand #156975705839:  Hold'em Limit ($3/$6 USD) - 2016/08/07 9:59:47 ET
Table 'Marcelle' 6-max Seat #2 is the button
Seat 2: poooohpooh ($60 in chips)
Seat 6: Jannuh ($239.89 in chips)
poooohpooh: posts small blind $1
Jannuh: posts big blind $3
*** HOLE CARDS ***
poooohpooh: raises $3 to $6
Jannuh: calls $3
*** FLOP *** [Ks 6c 3d]
Jannuh: checks
poooohpooh: bets $3
Jannuh: calls $3
*** TURN *** [Ks 6c 3d] [9h]
Jannuh: checks
poooohpooh: bets $6
Jannuh: calls $6
*** RIVER *** [Ks 6c 3d 9h] [Jh]
Jannuh: checks
poooohpooh: bets $6
Jannuh: calls $6
*** SHOW DOWN ***
poooohpooh: shows [2h Kh] (a pair of Kings)
Jannuh: mucks hand
poooohpooh collected $41.50 from pot
*** SUMMARY ***
Total pot $42 | Rake $0.50
Board [Ks 6c 3d 9h Jh]
Seat 2: poooohpooh (button) (small blind) showed [2h Kh] and won ($41.50) with a pair of Kings
Seat 6: Jannuh (big blind) mucked


PokerStars Hand #156975703541:  Hold'em Limit ($3/$6 USD) - 2016/08/07 9:59:42 ET
Table 'Marcelle' 6-max Seat #6 is the button
Seat 2: poooohpooh ($59 in chips)
Seat 6: Jannuh ($240.89 in chips)
Jannuh: posts small blind $1
poooohpooh: posts big blind $3
*** HOLE CARDS ***
Jannuh: folds
Uncalled bet ($2) returned to poooohpooh
poooohpooh collected $2 from pot
poooohpooh: doesn't show hand
*** SUMMARY ***
Total pot $2 | Rake $0
Seat 2: poooohpooh (big blind) collected ($2)
Seat 6: Jannuh (button) (small blind) folded before Flop


PokerStars Hand #156975701604:  Hold'em Limit ($3/$6 USD) - 2016/08/07 9:59:38 ET
Table 'Marcelle' 6-max Seat #2 is the button
Seat 2: poooohpooh ($60 in chips)
Seat 6: Jannuh ($239.89 in chips)
poooohpooh: posts small blind $1
Jannuh: posts big blind $3
*** HOLE CARDS ***
poooohpooh: folds
Uncalled bet ($2) returned to Jannuh
Jannuh collected $2 from pot
*** SUMMARY ***
Total pot $2 | Rake $0
Seat 2: poooohpooh (button) (small blind) folded before Flop
Seat 6: Jannuh (big blind) collected ($2)


PokerStars Hand #156975693869:  Hold'em Limit ($3/$6 USD) - 2016/08/07 9:59:22 ET
Table 'Marcelle' 6-max Seat #6 is the button
Seat 2: poooohpooh ($75 in chips)
Seat 6: Jannuh ($225.39 in chips)
Jannuh: posts small blind $1
poooohpooh: posts big blind $3
*** HOLE CARDS ***
Jannuh: raises $3 to $6
poooohpooh: calls $3
*** FLOP *** [8s Qc 9h]
poooohpooh: checks
Jannuh: bets $3
poooohpooh: calls $3
*** TURN *** [8s Qc 9h] [8d]
poooohpooh: checks
Jannuh: checks
*** RIVER *** [8s Qc 9h 8d] [4h]
poooohpooh: bets $6
Jannuh: calls $6
*** SHOW DOWN ***
poooohpooh: shows [6s 5c] (a pair of Eights)
Jannuh: shows [Tc 9s] (two pair, Nines and Eights)
Jannuh collected $29.50 from pot
*** SUMMARY ***
Total pot $30 | Rake $0.50
Board [8s Qc 9h 8d 4h]
Seat 2: poooohpooh (big blind) showed [6s 5c] and lost with a pair of Eights
Seat 6: Jannuh (button) (small blind) showed [Tc 9s] and won ($29.50) with two pair, Nines and Eights


PokerStars Hand #156975686152:  Hold'em Limit ($3/$6 USD) - 2016/08/07 9:59:06 ET
Table 'Marcelle' 6-max Seat #2 is the button
Seat 2: poooohpooh ($102 in chips)
Seat 6: Jannuh ($198.89 in chips)
poooohpooh: posts small blind $1
Jannuh: posts big blind $3
*** HOLE CARDS ***
poooohpooh: raises $3 to $6
Jannuh: calls $3
*** FLOP *** [6c 6d Ts]
Jannuh: checks
poooohpooh: bets $3
Jannuh: calls $3
*** TURN *** [6c 6d Ts] [6s]
Jannuh: checks
poooohpooh: bets $6
Jannuh: raises $6 to $12
poooohpooh: calls $6
*** RIVER *** [6c 6d Ts 6s] [5s]
Jannuh: bets $6
poooohpooh: calls $6
*** SHOW DOWN ***
Jannuh: shows [9d Th] (a full house, Sixes full of Tens)
poooohpooh: mucks hand
Jannuh collected $53.50 from pot
*** SUMMARY ***
Total pot $54 | Rake $0.50
Board [6c 6d Ts 6s 5s]
Seat 2: poooohpooh (button) (small blind) mucked
Seat 6: Jannuh (big blind) showed [9d Th] and won ($53.50) with a full house, Sixes full of Tens


PokerStars Hand #156975720070:  Hold'em Limit ($3/$6 USD) - 2016/08/07 10:00:15 ET
Table 'Marcelle' 6-max Seat #6 is the button
Seat 2: poooohpooh ($84.50 in chips)
Seat 6: Jannuh ($214.89 in chips)
Jannuh: posts small blind $1
poooohpooh: posts big blind $3
*** HOLE CARDS ***
Jannuh: raises $3 to $6
poooohpooh: raises $3 to $9
19woody58 joins the table at seat #4
Jannuh: calls $3
*** FLOP *** [8c 4h 6c]
poooohpooh: bets $3
Jannuh: calls $3
*** TURN *** [8c 4h 6c] [Qd]
poooohpooh: bets $6
Jannuh: calls $6
*** RIVER *** [8c 4h 6c Qd] [Tc]
poooohpooh: checks
Jannuh: checks
*** SHOW DOWN ***
poooohpooh: shows [7d 7c] (a pair of Sevens)
Jannuh: shows [8h Ks] (a pair of Eights)
Jannuh collected $35.50 from pot
*** SUMMARY ***
Total pot $36 | Rake $0.50
Board [8c 4h 6c Qd Tc]
Seat 2: poooohpooh (big blind) showed [7d 7c] and lost with a pair of Sevens
Seat 6: Jannuh (button) (small blind) showed [8h Ks] and won ($35.50) with a pair of Eights


PokerStars Hand #156976733410:  Hold'em Limit ($3/$6 USD) - 2016/08/07 10:28:05 ET
Table 'Marcelle' 6-max Seat #3 is the button
Seat 2: Jannuh ($152.35 in chips)
Seat 3: Ahmed528 ($125.55 in chips)
Ahmed528: posts small blind $1
Jannuh: posts big blind $3
*** HOLE CARDS ***
Ahmed528: raises $3 to $6
Jannuh: calls $3
*** FLOP *** [8h Kd 5h]
Jannuh: checks
Ahmed528: bets $3
Jannuh: raises $3 to $6
Ahmed528: calls $3
*** TURN *** [8h Kd 5h] [9c]
Jannuh: bets $6
Ahmed528: folds
Uncalled bet ($6) returned to Jannuh
Jannuh collected $23.52 from pot
*** SUMMARY ***
Total pot $24 | Rake $0.48
Board [8h Kd 5h 9c]
Seat 2: Jannuh (big blind) collected ($23.52)
Seat 3: Ahmed528 (button) (small blind) folded on the Turn


PokerStars Hand #156976779824:  Hold'em Limit ($3/$6 USD) - 2016/08/07 10:29:20 ET
Table 'Marcelle' 6-max Seat #2 is the button
Seat 2: Jannuh ($146.37 in chips)
Seat 3: Ahmed528 ($129.81 in chips)
Jannuh: posts small blind $1
Ahmed528: posts big blind $3
*** HOLE CARDS ***
Jannuh: raises $3 to $6
Ahmed528: folds
Uncalled bet ($3) returned to Jannuh
Jannuh collected $6 from pot
*** SUMMARY ***
Total pot $6 | Rake $0
Seat 2: Jannuh (button) (small blind) collected ($6)
Seat 3: Ahmed528 (big blind) folded before Flop


PokerStars Hand #156976773384:  Hold'em Limit ($3/$6 USD) - 2016/08/07 10:29:09 ET
Table 'Marcelle' 6-max Seat #3 is the button
Seat 2: Jannuh ($152.37 in chips)
Seat 3: Ahmed528 ($124.05 in chips)
Ahmed528: posts small blind $1
Jannuh: posts big blind $3
*** HOLE CARDS ***
Ahmed528: raises $3 to $6
Jannuh: calls $3
*** FLOP *** [Td Th 9c]
Jannuh: checks
Ahmed528: bets $3
Jannuh: folds
Uncalled bet ($3) returned to Ahmed528
Ahmed528 collected $11.76 from pot
Ahmed528: doesn't show hand
*** SUMMARY ***
Total pot $12 | Rake $0.24
Board [Td Th 9c]
Seat 2: Jannuh (big blind) folded on the Flop
Seat 3: Ahmed528 (button) (small blind) collected ($11.76)


PokerStars Hand #156976760045:  Hold'em Limit ($3/$6 USD) - 2016/08/07 10:28:48 ET
Table 'Marcelle' 6-max Seat #2 is the button
Seat 2: Jannuh ($179.37 in chips)
Seat 3: Ahmed528 ($97.55 in chips)
Jannuh: posts small blind $1
Ahmed528: posts big blind $3
*** HOLE CARDS ***
Jannuh: raises $3 to $6
Ahmed528: calls $3
*** FLOP *** [7c 6d 5s]
Ahmed528: checks
Jannuh: bets $3
Ahmed528: raises $3 to $6
Jannuh: raises $3 to $9
Ahmed528: calls $3
*** TURN *** [7c 6d 5s] [8c]
Ahmed528: bets $6
Jannuh: calls $6
*** RIVER *** [7c 6d 5s 8c] [Jh]
Ahmed528: bets $6
Jannuh: calls $6
*** SHOW DOWN ***
Ahmed528: shows [4h Ad] (a straight, Four to Eight)
Jannuh: shows [6h 6c] (three of a kind, Sixes)
Ahmed528 collected $53.50 from pot
*** SUMMARY ***
Total pot $54 | Rake $0.50
Board [7c 6d 5s 8c Jh]
Seat 2: Jannuh (button) (small blind) showed [6h 6c] and lost with three of a kind, Sixes
Seat 3: Ahmed528 (big blind) showed [4h Ad] and won ($53.50) with a straight, Four to Eight


PokerStars Hand #156976756927:  Hold'em Limit ($3/$6 USD) - 2016/08/07 10:28:43 ET
Table 'Marcelle' 6-max Seat #3 is the button
Seat 2: Jannuh ($178.37 in chips)
Seat 3: Ahmed528 ($98.55 in chips)
Ahmed528: posts small blind $1
Jannuh: posts big blind $3
*** HOLE CARDS ***
Ahmed528: folds
Uncalled bet ($2) returned to Jannuh
Jannuh collected $2 from pot
*** SUMMARY ***
Total pot $2 | Rake $0
Seat 2: Jannuh (big blind) collected ($2)
Seat 3: Ahmed528 (button) (small blind) folded before Flop


PokerStars Hand #156976744639:  Hold'em Limit ($3/$6 USD) - 2016/08/07 10:28:23 ET
Table 'Marcelle' 6-max Seat #2 is the button
Seat 2: Jannuh ($163.87 in chips)
Seat 3: Ahmed528 ($113.55 in chips)
Jannuh: posts small blind $1
Ahmed528: posts big blind $3
*** HOLE CARDS ***
Jannuh: raises $3 to $6
Ahmed528: calls $3
*** FLOP *** [Tc Qd 6s]
Ahmed528: checks
Jannuh: bets $3
Ahmed528: raises $3 to $6
Jannuh: raises $3 to $9
Ahmed528: calls $3
*** TURN *** [Tc Qd 6s] [Qh]
Ahmed528: checks
Jannuh: bets $6
Ahmed528: folds
Uncalled bet ($6) returned to Jannuh
Jannuh collected $29.50 from pot
*** SUMMARY ***
Total pot $30 | Rake $0.50
Board [Tc Qd 6s Qh]
Seat 2: Jannuh (button) (small blind) collected ($29.50)
Seat 3: Ahmed528 (big blind) folded on the Turn


PokerStars Hand #156976786971:  Hold'em Limit ($3/$6 USD) - 2016/08/07 10:29:32 ET
Table 'Marcelle' 6-max Seat #2 is the button
Seat 2: Jannuh ($146.37 in chips)
Seat 3: Ahmed528 ($129.81 in chips)
Jannuh: posts small blind $1
Ahmed528: posts big blind $3
*** HOLE CARDS ***
Jannuh: raises $3 to $6
Ahmed528: folds
Uncalled bet ($3) returned to Jannuh
Jannuh collected $6 from pot
*** SUMMARY ***
Total pot $6 | Rake $0
Seat 2: Jannuh (button) (small blind) collected ($6)
Seat 3: Ahmed528 (big blind) folded before Flop


PokerStars Hand #156976783301:  Hold'em Limit ($3/$6 USD) - 2016/08/07 10:29:26 ET
Table 'Marcelle' 6-max Seat #3 is the button
Seat 2: Jannuh ($149.37 in chips)
Seat 3: Ahmed528 ($126.81 in chips)
Ahmed528: posts small blind $1
Jannuh: posts big blind $3
*** HOLE CARDS ***
Ahmed528: raises $3 to $6
Jannuh: folds
Uncalled bet ($3) returned to Ahmed528
Ahmed528 collected $6 from pot
Ahmed528: doesn't show hand
*** SUMMARY ***
Total pot $6 | Rake $0
Seat 2: Jannuh (big blind) folded before Flop
Seat 3: Ahmed528 (button) (small blind) collected ($6)


