PokerStars Hand #144693633055:  Hold'em Limit ($3/$6 USD) - 2015/12/01 22:43:50 ET
Table 'Marconia' 6-max Seat #6 is the button
Seat 5: pokerbff72 ($120 in chips)
Seat 6: B_loJkl ($150 in chips)
B_loJkl: posts small blind $1
SlickDickey: is sitting out
SlickDickey leaves the table
pokerbff72: posts big blind $3
*** HOLE CARDS ***
B_loJkl: raises $3 to $6
pokerbff72: raises $3 to $9
B_loJkl: calls $3
*** FLOP *** [9d 4d 4c]
pokerbff72: bets $3
B_loJkl: folds
Uncalled bet ($3) returned to pokerbff72
pokerbff72 collected $17.64 from pot
pokerbff72: doesn't show hand
*** SUMMARY ***
Total pot $18 | Rake $0.36
Board [9d 4d 4c]
Seat 5: pokerbff72 (big blind) collected ($17.64)
Seat 6: B_loJkl (button) (small blind) folded on the Flop


PokerStars Hand #144693654042:  Hold'em Limit ($3/$6 USD) - 2015/12/01 22:44:53 ET
Table 'Marconia' 6-max Seat #6 is the button
Seat 5: pokerbff72 ($155.14 in chips)
Seat 6: B_loJkl ($114 in chips)
B_loJkl: posts small blind $1
pokerbff72: posts big blind $3
*** HOLE CARDS ***
B_loJkl: raises $3 to $6
pokerbff72: calls $3
*** FLOP *** [2h 8h 5d]
pokerbff72: checks
B_loJkl: bets $3
pokerbff72: raises $3 to $6
B_loJkl: calls $3
*** TURN *** [2h 8h 5d] [6c]
pokerbff72: bets $6
B_loJkl: calls $6
*** RIVER *** [2h 8h 5d 6c] [Ts]
pokerbff72: checks
B_loJkl: bets $6
pokerbff72: calls $6
*** SHOW DOWN ***
B_loJkl: shows [5s Ks] (a pair of Fives)
pokerbff72: shows [5c Ad] (a pair of Fives - Ace kicker)
pokerbff72 collected $47.50 from pot
*** SUMMARY ***
Total pot $48 | Rake $0.50
Board [2h 8h 5d 6c Ts]
Seat 5: pokerbff72 (big blind) showed [5c Ad] and won ($47.50) with a pair of Fives
Seat 6: B_loJkl (button) (small blind) showed [5s Ks] and lost with a pair of Fives


PokerStars Hand #144693644534:  Hold'em Limit ($3/$6 USD) - 2015/12/01 22:44:24 ET
Table 'Marconia' 6-max Seat #5 is the button
Seat 5: pokerbff72 ($128.64 in chips)
Seat 6: B_loJkl ($141 in chips)
pokerbff72: posts small blind $1
B_loJkl: posts big blind $3
*** HOLE CARDS ***
pokerbff72: calls $2
B_loJkl: checks
*** FLOP *** [5d 2d 8h]
B_loJkl: bets $3
pokerbff72: raises $3 to $6
B_loJkl: calls $3
*** TURN *** [5d 2d 8h] [9s]
B_loJkl: checks
pokerbff72: bets $6
B_loJkl: raises $6 to $12
pokerbff72: raises $6 to $18
B_loJkl: calls $6
*** RIVER *** [5d 2d 8h 9s] [Qs]
B_loJkl: checks
pokerbff72: bets $6
B_loJkl: folds
Uncalled bet ($6) returned to pokerbff72
pokerbff72 collected $53.50 from pot
pokerbff72: doesn't show hand
*** SUMMARY ***
Total pot $54 | Rake $0.50
Board [5d 2d 8h 9s Qs]
Seat 5: pokerbff72 (button) (small blind) collected ($53.50)
Seat 6: B_loJkl (big blind) folded on the River


PokerStars Hand #144693675059:  Hold'em Limit ($3/$6 USD) - 2015/12/01 22:45:56 ET
Table 'Marconia' 6-max Seat #6 is the button
Seat 5: pokerbff72 ($208.14 in chips)
Seat 6: B_loJkl ($60 in chips)
B_loJkl: posts small blind $1
pokerbff72: posts big blind $3
*** HOLE CARDS ***
B_loJkl: raises $3 to $6
pokerbff72: calls $3
*** FLOP *** [4c Qd Js]
pokerbff72: checks
B_loJkl: bets $3
pokerbff72: folds
Uncalled bet ($3) returned to B_loJkl
B_loJkl collected $11.76 from pot
B_loJkl: doesn't show hand
*** SUMMARY ***
Total pot $12 | Rake $0.24
Board [4c Qd Js]
Seat 5: pokerbff72 (big blind) folded on the Flop
Seat 6: B_loJkl (button) (small blind) collected ($11.76)


PokerStars Hand #144693661438:  Hold'em Limit ($3/$6 USD) - 2015/12/01 22:45:15 ET
Table 'Marconia' 6-max Seat #5 is the button
Seat 5: pokerbff72 ($178.64 in chips)
Seat 6: B_loJkl ($90 in chips)
pokerbff72: posts small blind $1
B_loJkl: posts big blind $3
*** HOLE CARDS ***
pokerbff72: raises $3 to $6
B_loJkl: calls $3
*** FLOP *** [2c 5s Kh]
B_loJkl: checks
pokerbff72: bets $3
B_loJkl: raises $3 to $6
pokerbff72: calls $3
*** TURN *** [2c 5s Kh] [4d]
B_loJkl: bets $6
pokerbff72: raises $6 to $12
B_loJkl: calls $6
*** RIVER *** [2c 5s Kh 4d] [6d]
B_loJkl: checks
pokerbff72: bets $6
B_loJkl: calls $6
*** SHOW DOWN ***
pokerbff72: shows [3c Ac] (a straight, Deuce to Six)
B_loJkl: mucks hand
pokerbff72 collected $59.50 from pot
*** SUMMARY ***
Total pot $60 | Rake $0.50
Board [2c 5s Kh 4d 6d]
Seat 5: pokerbff72 (button) (small blind) showed [3c Ac] and won ($59.50) with a straight, Deuce to Six
Seat 6: B_loJkl (big blind) mucked


PokerStars Hand #144693691446:  Hold'em Limit ($3/$6 USD) - 2015/12/01 22:46:45 ET
Table 'Marconia' 6-max Seat #6 is the button
Seat 5: pokerbff72 ($210.78 in chips)
Seat 6: B_loJkl ($56.76 in chips)
B_loJkl: posts small blind $1
pokerbff72: posts big blind $3
*** HOLE CARDS ***
B_loJkl: raises $3 to $6
pokerbff72: folds
Uncalled bet ($3) returned to B_loJkl
B_loJkl collected $6 from pot
B_loJkl: doesn't show hand
*** SUMMARY ***
Total pot $6 | Rake $0
Seat 5: pokerbff72 (big blind) folded before Flop
Seat 6: B_loJkl (button) (small blind) collected ($6)


PokerStars Hand #144693693010:  Hold'em Limit ($3/$6 USD) - 2015/12/01 22:46:50 ET
Table 'Marconia' 6-max Seat #5 is the button
Seat 5: pokerbff72 ($207.78 in chips)
Seat 6: B_loJkl ($59.76 in chips)
pokerbff72: posts small blind $1
B_loJkl: posts big blind $3
*** HOLE CARDS ***
pokerbff72: raises $3 to $6
B_loJkl: calls $3
*** FLOP *** [4d Tc As]
B_loJkl: checks
pokerbff72: bets $3
B_loJkl: folds
Uncalled bet ($3) returned to pokerbff72
pokerbff72 collected $11.76 from pot
pokerbff72: doesn't show hand
*** SUMMARY ***
Total pot $12 | Rake $0.24
Board [4d Tc As]
Seat 5: pokerbff72 (button) (small blind) collected ($11.76)
Seat 6: B_loJkl (big blind) folded on the Flop


PokerStars Hand #144693688706:  Hold'em Limit ($3/$6 USD) - 2015/12/01 22:46:37 ET
Table 'Marconia' 6-max Seat #5 is the button
Seat 5: pokerbff72 ($207.78 in chips)
Seat 6: B_loJkl ($59.76 in chips)
pokerbff72: posts small blind $1
B_loJkl: posts big blind $3
*** HOLE CARDS ***
pokerbff72: raises $3 to $6
B_loJkl: folds
Uncalled bet ($3) returned to pokerbff72
pokerbff72 collected $6 from pot
pokerbff72: doesn't show hand
*** SUMMARY ***
Total pot $6 | Rake $0
Seat 5: pokerbff72 (button) (small blind) collected ($6)
Seat 6: B_loJkl (big blind) folded before Flop


PokerStars Hand #144693686265:  Hold'em Limit ($3/$6 USD) - 2015/12/01 22:46:29 ET
Table 'Marconia' 6-max Seat #6 is the button
Seat 5: pokerbff72 ($210.78 in chips)
Seat 6: B_loJkl ($56.76 in chips)
B_loJkl: posts small blind $1
pokerbff72: posts big blind $3
*** HOLE CARDS ***
B_loJkl: raises $3 to $6
pokerbff72: folds
Uncalled bet ($3) returned to B_loJkl
B_loJkl collected $6 from pot
B_loJkl: doesn't show hand
*** SUMMARY ***
Total pot $6 | Rake $0
Seat 5: pokerbff72 (big blind) folded before Flop
Seat 6: B_loJkl (button) (small blind) collected ($6)


PokerStars Hand #144693707566:  Hold'em Limit ($3/$6 USD) - 2015/12/01 22:47:34 ET
Table 'Marconia' 6-max Seat #5 is the button
Seat 5: pokerbff72 ($204.54 in chips)
Seat 6: B_loJkl ($62.40 in chips)
pokerbff72: posts small blind $1
B_loJkl: posts big blind $3
*** HOLE CARDS ***
pokerbff72: raises $3 to $6
B_loJkl: calls $3
*** FLOP *** [9d 7h Qc]
B_loJkl: checks
pokerbff72: checks
*** TURN *** [9d 7h Qc] [Tc]
B_loJkl: bets $6
pokerbff72: calls $6
*** RIVER *** [9d 7h Qc Tc] [8h]
B_loJkl: bets $6
pokerbff72: folds
Uncalled bet ($6) returned to B_loJkl
B_loJkl collected $23.52 from pot
B_loJkl: doesn't show hand
*** SUMMARY ***
Total pot $24 | Rake $0.48
Board [9d 7h Qc Tc 8h]
Seat 5: pokerbff72 (button) (small blind) folded on the River
Seat 6: B_loJkl (big blind) collected ($23.52)


PokerStars Hand #144693701699:  Hold'em Limit ($3/$6 USD) - 2015/12/01 22:47:16 ET
Table 'Marconia' 6-max Seat #6 is the button
Seat 5: pokerbff72 ($213.54 in chips)
Seat 6: B_loJkl ($53.76 in chips)
B_loJkl: posts small blind $1
pokerbff72: posts big blind $3
*** HOLE CARDS ***
B_loJkl: raises $3 to $6
pokerbff72: calls $3
*** FLOP *** [7h 6h Tc]
pokerbff72: checks
B_loJkl: bets $3
pokerbff72: calls $3
*** TURN *** [7h 6h Tc] [Ac]
pokerbff72: checks
B_loJkl: bets $6
pokerbff72: folds
Uncalled bet ($6) returned to B_loJkl
B_loJkl collected $17.64 from pot
B_loJkl: doesn't show hand
*** SUMMARY ***
Total pot $18 | Rake $0.36
Board [7h 6h Tc Ac]
Seat 5: pokerbff72 (big blind) folded on the Turn
Seat 6: B_loJkl (button) (small blind) collected ($17.64)


PokerStars Hand #144693725357:  Hold'em Limit ($3/$6 USD) - 2015/12/01 22:48:28 ET
Table 'Marconia' 6-max Seat #5 is the button
Seat 5: pokerbff72 ($183.54 in chips)
Seat 6: B_loJkl ($82.56 in chips)
pokerbff72: posts small blind $1
B_loJkl: posts big blind $3
*** HOLE CARDS ***
pokerbff72: folds
Uncalled bet ($2) returned to B_loJkl
B_loJkl collected $2 from pot
B_loJkl: doesn't show hand
*** SUMMARY ***
Total pot $2 | Rake $0
Seat 5: pokerbff72 (button) (small blind) folded before Flop
Seat 6: B_loJkl (big blind) collected ($2)


PokerStars Hand #144693716375:  Hold'em Limit ($3/$6 USD) - 2015/12/01 22:48:01 ET
Table 'Marconia' 6-max Seat #6 is the button
Seat 5: pokerbff72 ($192.54 in chips)
Seat 6: B_loJkl ($73.92 in chips)
B_loJkl: posts small blind $1
pokerbff72: posts big blind $3
*** HOLE CARDS ***
miss thang32 joins the table at seat #2
B_loJkl: raises $3 to $6
pokerbff72: calls $3
*** FLOP *** [3s Tc Ad]
pokerbff72: checks
B_loJkl: bets $3
pokerbff72: calls $3
*** TURN *** [3s Tc Ad] [9c]
pokerbff72: checks
B_loJkl: checks
*** RIVER *** [3s Tc Ad 9c] [2d]
pokerbff72: checks
B_loJkl: checks
*** SHOW DOWN ***
pokerbff72: shows [Jh Qd] (high card Ace)
B_loJkl: shows [Kd Qs] (high card Ace - King kicker)
B_loJkl collected $17.64 from pot
*** SUMMARY ***
Total pot $18 | Rake $0.36
Board [3s Tc Ad 9c 2d]
Seat 5: pokerbff72 (big blind) showed [Jh Qd] and lost with high card Ace
Seat 6: B_loJkl (button) (small blind) showed [Kd Qs] and won ($17.64) with high card Ace


PokerStars Hand #144693747075:  Hold'em Limit ($3/$6 USD) - 2015/12/01 22:49:34 ET
Table 'Marconia' 6-max Seat #5 is the button
Seat 5: pokerbff72 ($137.54 in chips)
Seat 6: B_loJkl ($135.06 in chips)
pokerbff72: posts small blind $1
B_loJkl: posts big blind $3
*** HOLE CARDS ***
pokerbff72: folds
Uncalled bet ($2) returned to B_loJkl
B_loJkl collected $2 from pot
B_loJkl: doesn't show hand
*** SUMMARY ***
Total pot $2 | Rake $0
Seat 5: pokerbff72 (button) (small blind) folded before Flop
Seat 6: B_loJkl (big blind) collected ($2)


PokerStars Hand #144693737785:  Hold'em Limit ($3/$6 USD) - 2015/12/01 22:49:06 ET
Table 'Marconia' 6-max Seat #6 is the button
Seat 5: pokerbff72 ($152.54 in chips)
Seat 6: B_loJkl ($120.56 in chips)
B_loJkl: posts small blind $1
pokerbff72: posts big blind $3
*** HOLE CARDS ***
B_loJkl: raises $3 to $6
pokerbff72: calls $3
*** FLOP *** [8d 3d 2h]
pokerbff72: checks
B_loJkl: bets $3
pokerbff72: calls $3
*** TURN *** [8d 3d 2h] [9c]
pokerbff72: checks
B_loJkl: bets $6
pokerbff72: calls $6
*** RIVER *** [8d 3d 2h 9c] [9h]
pokerbff72: checks
B_loJkl: bets $6
pokerbff72: folds
Uncalled bet ($6) returned to B_loJkl
B_loJkl collected $29.50 from pot
B_loJkl: doesn't show hand
*** SUMMARY ***
Total pot $30 | Rake $0.50
Board [8d 3d 2h 9c 9h]
Seat 5: pokerbff72 (big blind) folded on the River
Seat 6: B_loJkl (button) (small blind) collected ($29.50)


PokerStars Hand #144693748825:  Hold'em Limit ($3/$6 USD) - 2015/12/01 22:49:40 ET
Table 'Marconia' 6-max Seat #6 is the button
Seat 5: pokerbff72 ($136.54 in chips)
Seat 6: B_loJkl ($136.06 in chips)
B_loJkl: posts small blind $1
pokerbff72: posts big blind $3
*** HOLE CARDS ***
B_loJkl: raises $3 to $6
pokerbff72: folds
Uncalled bet ($3) returned to B_loJkl
B_loJkl collected $6 from pot
B_loJkl: doesn't show hand
*** SUMMARY ***
Total pot $6 | Rake $0
Seat 5: pokerbff72 (big blind) folded before Flop
Seat 6: B_loJkl (button) (small blind) collected ($6)


PokerStars Hand #144693750378:  Hold'em Limit ($3/$6 USD) - 2015/12/01 22:49:44 ET
Table 'Marconia' 6-max Seat #5 is the button
Seat 5: pokerbff72 ($133.54 in chips)
Seat 6: B_loJkl ($139.06 in chips)
pokerbff72: posts small blind $1
B_loJkl: posts big blind $3
*** HOLE CARDS ***
pokerbff72: raises $3 to $6
B_loJkl: calls $3
*** FLOP *** [Th 4h 9d]
B_loJkl: checks
pokerbff72: bets $3
B_loJkl: calls $3
*** TURN *** [Th 4h 9d] [4s]
B_loJkl: checks
pokerbff72: bets $6
B_loJkl: calls $6
*** RIVER *** [Th 4h 9d 4s] [Qc]
B_loJkl: bets $6
pokerbff72: calls $6
*** SHOW DOWN ***
B_loJkl: shows [Qd 8s] (two pair, Queens and Fours)
pokerbff72: mucks hand
B_loJkl collected $41.50 from pot
*** SUMMARY ***
Total pot $42 | Rake $0.50
Board [Th 4h 9d 4s Qc]
Seat 5: pokerbff72 (button) (small blind) mucked
Seat 6: B_loJkl (big blind) showed [Qd 8s] and won ($41.50) with two pair, Queens and Fours


PokerStars Hand #144693760718:  Hold'em Limit ($3/$6 USD) - 2015/12/01 22:50:16 ET
Table 'Marconia' 6-max Seat #6 is the button
Seat 5: pokerbff72 ($112.54 in chips)
Seat 6: B_loJkl ($159.56 in chips)
B_loJkl: posts small blind $1
pokerbff72: posts big blind $3
*** HOLE CARDS ***
B_loJkl: raises $3 to $6
pokerbff72: raises $3 to $9
B_loJkl: calls $3
*** FLOP *** [Jc 3s Ad]
pokerbff72: bets $3
B_loJkl: calls $3
*** TURN *** [Jc 3s Ad] [Qs]
pokerbff72: bets $6
B_loJkl: calls $6
*** RIVER *** [Jc 3s Ad Qs] [6h]
pokerbff72: bets $6
B_loJkl: calls $6
*** SHOW DOWN ***
pokerbff72: shows [Js Qc] (two pair, Queens and Jacks)
B_loJkl: mucks hand
pokerbff72 collected $47.50 from pot
*** SUMMARY ***
Total pot $48 | Rake $0.50
Board [Jc 3s Ad Qs 6h]
Seat 5: pokerbff72 (big blind) showed [Js Qc] and won ($47.50) with two pair, Queens and Jacks
Seat 6: B_loJkl (button) (small blind) mucked


PokerStars Hand #144693767212:  Hold'em Limit ($3/$6 USD) - 2015/12/01 22:50:36 ET
Table 'Marconia' 6-max Seat #5 is the button
Seat 5: pokerbff72 ($136.04 in chips)
Seat 6: B_loJkl ($135.56 in chips)
pokerbff72: posts small blind $1
B_loJkl: posts big blind $3
*** HOLE CARDS ***
pokerbff72: folds
Uncalled bet ($2) returned to B_loJkl
B_loJkl collected $2 from pot
B_loJkl: doesn't show hand
*** SUMMARY ***
Total pot $2 | Rake $0
Seat 5: pokerbff72 (button) (small blind) folded before Flop
Seat 6: B_loJkl (big blind) collected ($2)


PokerStars Hand #144693768706:  Hold'em Limit ($3/$6 USD) - 2015/12/01 22:50:41 ET
Table 'Marconia' 6-max Seat #6 is the button
Seat 5: pokerbff72 ($135.04 in chips)
Seat 6: B_loJkl ($136.56 in chips)
B_loJkl: posts small blind $1
pokerbff72: posts big blind $3
*** HOLE CARDS ***
B_loJkl: raises $3 to $6
pokerbff72: calls $3
*** FLOP *** [Jd 5c 2c]
pokerbff72: checks
B_loJkl: bets $3
pokerbff72: calls $3
*** TURN *** [Jd 5c 2c] [2s]
pokerbff72: checks
B_loJkl: bets $6
pokerbff72: raises $6 to $12
B_loJkl: folds
Uncalled bet ($6) returned to pokerbff72
pokerbff72 collected $29.50 from pot
pokerbff72: doesn't show hand
*** SUMMARY ***
Total pot $30 | Rake $0.50
Board [Jd 5c 2c 2s]
Seat 5: pokerbff72 (big blind) collected ($29.50)
Seat 6: B_loJkl (button) (small blind) folded on the Turn


PokerStars Hand #144693774595:  Hold'em Limit ($3/$6 USD) - 2015/12/01 22:50:59 ET
Table 'Marconia' 6-max Seat #5 is the button
Seat 5: pokerbff72 ($149.54 in chips)
Seat 6: B_loJkl ($121.56 in chips)
pokerbff72: posts small blind $1
B_loJkl: posts big blind $3
*** HOLE CARDS ***
pokerbff72: calls $2
B_loJkl: checks
*** FLOP *** [Js Qh 5d]
B_loJkl: checks
pokerbff72: checks
*** TURN *** [Js Qh 5d] [2c]
B_loJkl: bets $6
pokerbff72: folds
Uncalled bet ($6) returned to B_loJkl
B_loJkl collected $5.88 from pot
B_loJkl: doesn't show hand
*** SUMMARY ***
Total pot $6 | Rake $0.12
Board [Js Qh 5d 2c]
Seat 5: pokerbff72 (button) (small blind) folded on the Turn
Seat 6: B_loJkl (big blind) collected ($5.88)


PokerStars Hand #144693788705:  Hold'em Limit ($3/$6 USD) - 2015/12/01 22:51:43 ET
Table 'Marconia' 6-max Seat #5 is the button
Seat 5: pokerbff72 ($122.54 in chips)
Seat 6: B_loJkl ($147.94 in chips)
pokerbff72: posts small blind $1
B_loJkl: posts big blind $3
*** HOLE CARDS ***
pokerbff72: folds
Uncalled bet ($2) returned to B_loJkl
B_loJkl collected $2 from pot
B_loJkl: doesn't show hand
*** SUMMARY ***
Total pot $2 | Rake $0
Seat 5: pokerbff72 (button) (small blind) folded before Flop
Seat 6: B_loJkl (big blind) collected ($2)


PokerStars Hand #144693779215:  Hold'em Limit ($3/$6 USD) - 2015/12/01 22:51:14 ET
Table 'Marconia' 6-max Seat #6 is the button
Seat 5: pokerbff72 ($146.54 in chips)
Seat 6: B_loJkl ($124.44 in chips)
B_loJkl: posts small blind $1
pokerbff72: posts big blind $3
*** HOLE CARDS ***
B_loJkl: raises $3 to $6
pokerbff72: raises $3 to $9
B_loJkl: calls $3
*** FLOP *** [5s 6s Kd]
pokerbff72: bets $3
B_loJkl: calls $3
*** TURN *** [5s 6s Kd] [7d]
pokerbff72: bets $6
B_loJkl: raises $6 to $12
pokerbff72: calls $6
*** RIVER *** [5s 6s Kd 7d] [3c]
pokerbff72: checks
B_loJkl: bets $6
pokerbff72: folds
Uncalled bet ($6) returned to B_loJkl
B_loJkl collected $47.50 from pot
B_loJkl: doesn't show hand
*** SUMMARY ***
Total pot $48 | Rake $0.50
Board [5s 6s Kd 7d 3c]
Seat 5: pokerbff72 (big blind) folded on the River
Seat 6: B_loJkl (button) (small blind) collected ($47.50)


PokerStars Hand #144693801105:  Hold'em Limit ($3/$6 USD) - 2015/12/01 22:52:22 ET
Table 'Marconia' 6-max Seat #5 is the button
Seat 5: pokerbff72 ($97.54 in chips)
Seat 6: B_loJkl ($172.44 in chips)
pokerbff72: posts small blind $1
B_loJkl: posts big blind $3
*** HOLE CARDS ***
pokerbff72: raises $3 to $6
B_loJkl: folds
Uncalled bet ($3) returned to pokerbff72
pokerbff72 collected $6 from pot
pokerbff72: doesn't show hand
*** SUMMARY ***
Total pot $6 | Rake $0
Seat 5: pokerbff72 (button) (small blind) collected ($6)
Seat 6: B_loJkl (big blind) folded before Flop


PokerStars Hand #144693790319:  Hold'em Limit ($3/$6 USD) - 2015/12/01 22:51:48 ET
Table 'Marconia' 6-max Seat #6 is the button
Seat 5: pokerbff72 ($121.54 in chips)
Seat 6: B_loJkl ($148.94 in chips)
B_loJkl: posts small blind $1
pokerbff72: posts big blind $3
*** HOLE CARDS ***
B_loJkl: raises $3 to $6
pokerbff72: raises $3 to $9
B_loJkl: calls $3
*** FLOP *** [Ah 5c Qs]
pokerbff72: bets $3
B_loJkl: calls $3
*** TURN *** [Ah 5c Qs] [Tc]
pokerbff72: bets $6
B_loJkl: calls $6
*** RIVER *** [Ah 5c Qs Tc] [3c]
pokerbff72: bets $6
B_loJkl: calls $6
*** SHOW DOWN ***
pokerbff72: shows [4c 4d] (a pair of Fours)
B_loJkl: shows [3s 5s] (two pair, Fives and Threes)
B_loJkl collected $47.50 from pot
*** SUMMARY ***
Total pot $48 | Rake $0.50
Board [Ah 5c Qs Tc 3c]
Seat 5: pokerbff72 (big blind) showed [4c 4d] and lost with a pair of Fours
Seat 6: B_loJkl (button) (small blind) showed [3s 5s] and won ($47.50) with two pair, Fives and Threes


PokerStars Hand #144693803129:  Hold'em Limit ($3/$6 USD) - 2015/12/01 22:52:28 ET
Table 'Marconia' 6-max Seat #6 is the button
Seat 5: pokerbff72 ($100.54 in chips)
Seat 6: B_loJkl ($169.44 in chips)
B_loJkl: posts small blind $1
pokerbff72: posts big blind $3
*** HOLE CARDS ***
B_loJkl: raises $3 to $6
pokerbff72: folds
Uncalled bet ($3) returned to B_loJkl
B_loJkl collected $6 from pot
B_loJkl: doesn't show hand
*** SUMMARY ***
Total pot $6 | Rake $0
Seat 5: pokerbff72 (big blind) folded before Flop
Seat 6: B_loJkl (button) (small blind) collected ($6)


PokerStars Hand #144693805000:  Hold'em Limit ($3/$6 USD) - 2015/12/01 22:52:34 ET
Table 'Marconia' 6-max Seat #5 is the button
Seat 5: pokerbff72 ($97.54 in chips)
Seat 6: B_loJkl ($172.44 in chips)
pokerbff72: posts small blind $1
B_loJkl: posts big blind $3
*** HOLE CARDS ***
pokerbff72: raises $3 to $6
B_loJkl: calls $3
*** FLOP *** [8s 8d 5h]
B_loJkl: checks
pokerbff72: checks
*** TURN *** [8s 8d 5h] [2c]
B_loJkl: bets $6
pokerbff72: folds
Uncalled bet ($6) returned to B_loJkl
B_loJkl collected $11.76 from pot
B_loJkl: doesn't show hand
*** SUMMARY ***
Total pot $12 | Rake $0.24
Board [8s 8d 5h 2c]
Seat 5: pokerbff72 (button) (small blind) folded on the Turn
Seat 6: B_loJkl (big blind) collected ($11.76)


PokerStars Hand #144693808886:  Hold'em Limit ($3/$6 USD) - 2015/12/01 22:52:46 ET
Table 'Marconia' 6-max Seat #6 is the button
Seat 5: pokerbff72 ($91.54 in chips)
Seat 6: B_loJkl ($178.20 in chips)
B_loJkl: posts small blind $1
pokerbff72: posts big blind $3
*** HOLE CARDS ***
B_loJkl: raises $3 to $6
pokerbff72: calls $3
*** FLOP *** [Jc Ks Jd]
pokerbff72: checks
B_loJkl: bets $3
pokerbff72: folds
Uncalled bet ($3) returned to B_loJkl
B_loJkl collected $11.76 from pot
B_loJkl: doesn't show hand
*** SUMMARY ***
Total pot $12 | Rake $0.24
Board [Jc Ks Jd]
Seat 5: pokerbff72 (big blind) folded on the Flop
Seat 6: B_loJkl (button) (small blind) collected ($11.76)


