PokerStars Hand #152413278589:  Hold'em Limit ($3/$6 USD) - 2016/04/25 3:57:07 ET
Table 'Marconia II' 6-max Seat #2 is the button
Seat 1: Airbag999 ($119 in chips)
Seat 2: MissEKAmouse ($121 in chips)
MissEKAmouse: posts small blind $1
Airbag999: posts big blind $3
*** HOLE CARDS ***
MissEKAmouse: raises $3 to $6
Airbag999: calls $3
*** FLOP *** [7h 3s 2c]
Airbag999: checks
MissEKAmouse: bets $3
Airbag999: calls $3
*** TURN *** [7h 3s 2c] [3h]
Airbag999: checks
MissEKAmouse: bets $6
Airbag999: calls $6
*** RIVER *** [7h 3s 2c 3h] [4d]
Airbag999: checks
MissEKAmouse: bets $6
Airbag999: calls $6
*** SHOW DOWN ***
MissEKAmouse: shows [7c Ac] (two pair, Sevens and Threes)
Airbag999: mucks hand
MissEKAmouse collected $41.50 from pot
*** SUMMARY ***
Total pot $42 | Rake $0.50
Board [7h 3s 2c 3h 4d]
Seat 1: Airbag999 (big blind) mucked
Seat 2: MissEKAmouse (button) (small blind) showed [7c Ac] and won ($41.50) with two pair, Sevens and Threes


PokerStars Hand #152413276351:  Hold'em Limit ($3/$6 USD) - 2016/04/25 3:56:59 ET
Table 'Marconia II' 6-max Seat #1 is the button
Seat 1: Airbag999 ($120 in chips)
Seat 2: MissEKAmouse ($120 in chips)
Airbag999: posts small blind $1
Agrotait leaves the table
MissEKAmouse: posts big blind $3
*** HOLE CARDS ***
Airbag999: folds
Uncalled bet ($2) returned to MissEKAmouse
MissEKAmouse collected $2 from pot
MissEKAmouse: doesn't show hand
*** SUMMARY ***
Total pot $2 | Rake $0
Seat 1: Airbag999 (button) (small blind) folded before Flop
Seat 2: MissEKAmouse (big blind) collected ($2)


PokerStars Hand #152413302165:  Hold'em Limit ($3/$6 USD) - 2016/04/25 3:58:34 ET
Table 'Marconia II' 6-max Seat #1 is the button
Seat 1: Airbag999 ($99 in chips)
Seat 2: MissEKAmouse ($173.52 in chips)
Airbag999: posts small blind $1
MissEKAmouse: posts big blind $3
*** HOLE CARDS ***
Airbag999: folds
Uncalled bet ($2) returned to MissEKAmouse
MissEKAmouse collected $2 from pot
MissEKAmouse: doesn't show hand
*** SUMMARY ***
Total pot $2 | Rake $0
Seat 1: Airbag999 (button) (small blind) folded before Flop
Seat 2: MissEKAmouse (big blind) collected ($2)


PokerStars Hand #152413294403:  Hold'em Limit ($3/$6 USD) - 2016/04/25 3:58:05 ET
Table 'Marconia II' 6-max Seat #2 is the button
Seat 1: Airbag999 ($120 in chips)
Seat 2: MissEKAmouse ($153.02 in chips)
MissEKAmouse: posts small blind $1
Airbag999: posts big blind $3
*** HOLE CARDS ***
MissEKAmouse: raises $3 to $6
Airbag999: calls $3
*** FLOP *** [Kd 9d Qc]
Airbag999: checks
MissEKAmouse: bets $3
Airbag999: calls $3
*** TURN *** [Kd 9d Qc] [Ah]
Airbag999: checks
MissEKAmouse: bets $6
Airbag999: calls $6
*** RIVER *** [Kd 9d Qc Ah] [Jh]
Airbag999: checks
MissEKAmouse: bets $6
Airbag999: calls $6
*** SHOW DOWN ***
MissEKAmouse: shows [Td 7h] (a straight, Ten to Ace)
Airbag999: mucks hand
MissEKAmouse collected $41.50 from pot
*** SUMMARY ***
Total pot $42 | Rake $0.50
Board [Kd 9d Qc Ah Jh]
Seat 1: Airbag999 (big blind) mucked
Seat 2: MissEKAmouse (button) (small blind) showed [Td 7h] and won ($41.50) with a straight, Ten to Ace


PokerStars Hand #152413287645:  Hold'em Limit ($3/$6 USD) - 2016/04/25 3:57:41 ET
Table 'Marconia II' 6-max Seat #1 is the button
Seat 1: Airbag999 ($98 in chips)
Seat 2: MissEKAmouse ($141.50 in chips)
Airbag999: posts small blind $1
MissEKAmouse: posts big blind $3
*** HOLE CARDS ***
Airbag999: raises $3 to $6
MissEKAmouse: calls $3
*** FLOP *** [4c 6s 3c]
MissEKAmouse: checks
Airbag999: checks
*** TURN *** [4c 6s 3c] [Ts]
MissEKAmouse: bets $6
Airbag999: calls $6
*** RIVER *** [4c 6s 3c Ts] [Kc]
MissEKAmouse: bets $6
Airbag999: folds
Uncalled bet ($6) returned to MissEKAmouse
MissEKAmouse collected $23.52 from pot
MissEKAmouse: doesn't show hand
*** SUMMARY ***
Total pot $24 | Rake $0.48
Board [4c 6s 3c Ts Kc]
Seat 1: Airbag999 (button) (small blind) folded on the River
Seat 2: MissEKAmouse (big blind) collected ($23.52)


PokerStars Hand #152413305263:  Hold'em Limit ($3/$6 USD) - 2016/04/25 3:58:45 ET
Table 'Marconia II' 6-max Seat #2 is the button
Seat 1: Airbag999 ($98 in chips)
Seat 2: MissEKAmouse ($174.52 in chips)
MissEKAmouse: posts small blind $1
Airbag999: posts big blind $3
*** HOLE CARDS ***
MissEKAmouse: raises $3 to $6
Airbag999: calls $3
*** FLOP *** [2s Ts Ah]
Airbag999: checks
MissEKAmouse: bets $3
Airbag999: calls $3
*** TURN *** [2s Ts Ah] [Jh]
Airbag999: checks
MissEKAmouse: bets $6
Airbag999: calls $6
*** RIVER *** [2s Ts Ah Jh] [2h]
Airbag999: checks
MissEKAmouse: bets $6
tangxueke joins the table at seat #5
Airbag999: calls $6
*** SHOW DOWN ***
MissEKAmouse: shows [Qh 5h] (a flush, Ace high)
Airbag999: mucks hand
MissEKAmouse collected $41.50 from pot
*** SUMMARY ***
Total pot $42 | Rake $0.50
Board [2s Ts Ah Jh 2h]
Seat 1: Airbag999 (big blind) mucked
Seat 2: MissEKAmouse (button) (small blind) showed [Qh 5h] and won ($41.50) with a flush, Ace high


PokerStars Hand #152413326401:  Hold'em Limit ($3/$6 USD) - 2016/04/25 4:00:02 ET
Table 'Marconia II' 6-max Seat #2 is the button
Seat 1: Airbag999 ($105 in chips)
Seat 2: MissEKAmouse ($209.52 in chips)
MissEKAmouse: posts small blind $1
Airbag999: posts big blind $3
*** HOLE CARDS ***
MissEKAmouse: raises $3 to $6
Airbag999: raises $3 to $9
MissEKAmouse: calls $3
*** FLOP *** [2c 5s 3s]
Airbag999: bets $3
MissEKAmouse: calls $3
*** TURN *** [2c 5s 3s] [9d]
Airbag999: bets $6
MissEKAmouse: calls $6
*** RIVER *** [2c 5s 3s 9d] [Jc]
Airbag999: bets $6
MissEKAmouse: folds
Uncalled bet ($6) returned to Airbag999
Airbag999 collected $35.50 from pot
Airbag999: doesn't show hand
*** SUMMARY ***
Total pot $36 | Rake $0.50
Board [2c 5s 3s 9d Jc]
Seat 1: Airbag999 (big blind) collected ($35.50)
Seat 2: MissEKAmouse (button) (small blind) folded on the River


PokerStars Hand #152413315893:  Hold'em Limit ($3/$6 USD) - 2016/04/25 3:59:24 ET
Table 'Marconia II' 6-max Seat #1 is the button
Seat 1: Airbag999 ($120 in chips)
Seat 2: MissEKAmouse ($195.02 in chips)
Airbag999: posts small blind $1
MissEKAmouse: posts big blind $3
*** HOLE CARDS ***
Airbag999: raises $3 to $6
MissEKAmouse: raises $3 to $9
Airbag999: calls $3
*** FLOP *** [Qs 9d Jd]
MissEKAmouse: checks
Airbag999: checks
*** TURN *** [Qs 9d Jd] [5c]
MissEKAmouse: bets $6
Airbag999: calls $6
*** RIVER *** [Qs 9d Jd 5c] [6s]
MissEKAmouse: checks
Airbag999: checks
*** SHOW DOWN ***
MissEKAmouse: shows [Th Ac] (high card Ace)
Airbag999: mucks hand
MissEKAmouse collected $29.50 from pot
*** SUMMARY ***
Total pot $30 | Rake $0.50
Board [Qs 9d Jd 5c 6s]
Seat 1: Airbag999 (button) (small blind) mucked
Seat 2: MissEKAmouse (big blind) showed [Th Ac] and won ($29.50) with high card Ace


PokerStars Hand #152413336425:  Hold'em Limit ($3/$6 USD) - 2016/04/25 4:00:37 ET
Table 'Marconia II' 6-max Seat #1 is the button
Seat 1: Airbag999 ($122.50 in chips)
Seat 2: MissEKAmouse ($191.52 in chips)
Airbag999: posts small blind $1
MissEKAmouse: posts big blind $3
*** HOLE CARDS ***
Airbag999: raises $3 to $6
MissEKAmouse: folds
Uncalled bet ($3) returned to Airbag999
Airbag999 collected $6 from pot
Airbag999: doesn't show hand
*** SUMMARY ***
Total pot $6 | Rake $0
Seat 1: Airbag999 (button) (small blind) collected ($6)
Seat 2: MissEKAmouse (big blind) folded before Flop


PokerStars Hand #152413436604:  Hold'em Limit ($3/$6 USD) - 2016/04/25 4:06:05 ET
Table 'Marconia II' 6-max Seat #1 is the button
Seat 1: Airbag999 ($121 in chips)
Seat 2: MissEKAmouse ($181.32 in chips)
Airbag999: posts small blind $1
MissEKAmouse: posts big blind $3
*** HOLE CARDS ***
Airbag999: raises $3 to $6
MissEKAmouse: calls $3
*** FLOP *** [9c 4c Kc]
MissEKAmouse: checks
Airbag999: bets $3
MissEKAmouse: calls $3
*** TURN *** [9c 4c Kc] [5c]
MissEKAmouse: checks
Airbag999: checks
*** RIVER *** [9c 4c Kc 5c] [2h]
MissEKAmouse: checks
Airbag999: bets $6
MissEKAmouse: calls $6
*** SHOW DOWN ***
Airbag999: shows [8d 8c] (a flush, King high)
MissEKAmouse: mucks hand
Airbag999 collected $29.50 from pot
*** SUMMARY ***
Total pot $30 | Rake $0.50
Board [9c 4c Kc 5c 2h]
Seat 1: Airbag999 (button) (small blind) showed [8d 8c] and won ($29.50) with a flush, King high
Seat 2: MissEKAmouse (big blind) mucked


PokerStars Hand #152413434639:  Hold'em Limit ($3/$6 USD) - 2016/04/25 4:05:59 ET
Table 'Marconia II' 6-max Seat #2 is the button
Seat 1: Airbag999 ($120 in chips)
Seat 2: MissEKAmouse ($182.32 in chips)
MissEKAmouse: posts small blind $1
Airbag999: posts big blind $3
*** HOLE CARDS ***
MissEKAmouse: folds
Uncalled bet ($2) returned to Airbag999
Airbag999 collected $2 from pot
Airbag999: doesn't show hand
*** SUMMARY ***
Total pot $2 | Rake $0
Seat 1: Airbag999 (big blind) collected ($2)
Seat 2: MissEKAmouse (button) (small blind) folded before Flop


PokerStars Hand #152413457205:  Hold'em Limit ($3/$6 USD) - 2016/04/25 4:07:12 ET
Table 'Marconia II' 6-max Seat #1 is the button
Seat 1: Airbag999 ($150 in chips)
Seat 2: MissEKAmouse ($151.32 in chips)
Airbag999: posts small blind $1
MissEKAmouse: posts big blind $3
*** HOLE CARDS ***
Airbag999: raises $3 to $6
MissEKAmouse: raises $3 to $9
Airbag999: calls $3
*** FLOP *** [9d Ah 4s]
MissEKAmouse: bets $3
Airbag999: calls $3
*** TURN *** [9d Ah 4s] [6d]
MissEKAmouse: bets $6
Airbag999: calls $6
*** RIVER *** [9d Ah 4s 6d] [Ts]
MissEKAmouse: bets $6
Airbag999: calls $6
*** SHOW DOWN ***
MissEKAmouse: shows [Ad 9c] (two pair, Aces and Nines)
Airbag999: mucks hand
MissEKAmouse collected $47.50 from pot
*** SUMMARY ***
Total pot $48 | Rake $0.50
Board [9d Ah 4s 6d Ts]
Seat 1: Airbag999 (button) (small blind) mucked
Seat 2: MissEKAmouse (big blind) showed [Ad 9c] and won ($47.50) with two pair, Aces and Nines


PokerStars Hand #152413447042:  Hold'em Limit ($3/$6 USD) - 2016/04/25 4:06:39 ET
Table 'Marconia II' 6-max Seat #2 is the button
Seat 1: Airbag999 ($135.50 in chips)
Seat 2: MissEKAmouse ($166.32 in chips)
MissEKAmouse: posts small blind $1
Airbag999: posts big blind $3
*** HOLE CARDS ***
MissEKAmouse: raises $3 to $6
Airbag999: calls $3
*** FLOP *** [5c As Kc]
Airbag999: checks
MissEKAmouse: bets $3
Airbag999: calls $3
*** TURN *** [5c As Kc] [8h]
Airbag999: checks
MissEKAmouse: bets $6
Airbag999: raises $6 to $12
MissEKAmouse: folds
Uncalled bet ($6) returned to Airbag999
Airbag999 collected $29.50 from pot
Airbag999: doesn't show hand
*** SUMMARY ***
Total pot $30 | Rake $0.50
Board [5c As Kc 8h]
Seat 1: Airbag999 (big blind) collected ($29.50)
Seat 2: MissEKAmouse (button) (small blind) folded on the Turn


PokerStars Hand #152413467385:  Hold'em Limit ($3/$6 USD) - 2016/04/25 4:07:44 ET
Table 'Marconia II' 6-max Seat #2 is the button
Seat 1: Airbag999 ($126 in chips)
Seat 2: MissEKAmouse ($174.82 in chips)
MissEKAmouse: posts small blind $1
Airbag999: posts big blind $3
*** HOLE CARDS ***
MissEKAmouse: raises $3 to $6
Airbag999: raises $3 to $9
MissEKAmouse: calls $3
*** FLOP *** [9s 6d Ts]
Airbag999: bets $3
MissEKAmouse: raises $3 to $6
Airbag999: raises $3 to $9
MissEKAmouse: calls $3
*** TURN *** [9s 6d Ts] [6c]
Airbag999: bets $6
MissEKAmouse: calls $6
*** RIVER *** [9s 6d Ts 6c] [Js]
Airbag999: bets $6
MissEKAmouse: calls $6
*** SHOW DOWN ***
Airbag999: shows [Tc Ac] (two pair, Tens and Sixes)
MissEKAmouse: mucks hand
Airbag999 collected $59.50 from pot
*** SUMMARY ***
Total pot $60 | Rake $0.50
Board [9s 6d Ts 6c Js]
Seat 1: Airbag999 (big blind) showed [Tc Ac] and won ($59.50) with two pair, Tens and Sixes
Seat 2: MissEKAmouse (button) (small blind) mucked


PokerStars Hand #152413493461:  Hold'em Limit ($3/$6 USD) - 2016/04/25 4:09:08 ET
Table 'Marconia II' 6-max Seat #1 is the button
Seat 1: Airbag999 ($174 in chips)
Seat 2: MissEKAmouse ($125.82 in chips)
Airbag999: posts small blind $1
MissEKAmouse: posts big blind $3
*** HOLE CARDS ***
Airbag999: raises $3 to $6
MissEKAmouse: folds
Uncalled bet ($3) returned to Airbag999
Airbag999 collected $6 from pot
Airbag999: doesn't show hand
*** SUMMARY ***
Total pot $6 | Rake $0
Seat 1: Airbag999 (button) (small blind) collected ($6)
Seat 2: MissEKAmouse (big blind) folded before Flop


PokerStars Hand #152413491721:  Hold'em Limit ($3/$6 USD) - 2016/04/25 4:09:02 ET
Table 'Marconia II' 6-max Seat #2 is the button
Seat 1: Airbag999 ($173 in chips)
Seat 2: MissEKAmouse ($126.82 in chips)
MissEKAmouse: posts small blind $1
Airbag999: posts big blind $3
*** HOLE CARDS ***
MissEKAmouse: folds
Uncalled bet ($2) returned to Airbag999
Airbag999 collected $2 from pot
Airbag999: doesn't show hand
*** SUMMARY ***
Total pot $2 | Rake $0
Seat 1: Airbag999 (big blind) collected ($2)
Seat 2: MissEKAmouse (button) (small blind) folded before Flop


PokerStars Hand #152413481467:  Hold'em Limit ($3/$6 USD) - 2016/04/25 4:08:29 ET
Table 'Marconia II' 6-max Seat #1 is the button
Seat 1: Airbag999 ($155.50 in chips)
Seat 2: MissEKAmouse ($144.82 in chips)
Airbag999: posts small blind $1
MissEKAmouse: posts big blind $3
*** HOLE CARDS ***
Airbag999: raises $3 to $6
MissEKAmouse: raises $3 to $9
Airbag999: calls $3
*** FLOP *** [Ah 7s 2c]
MissEKAmouse: bets $3
Airbag999: calls $3
*** TURN *** [Ah 7s 2c] [9s]
MissEKAmouse: bets $6
Airbag999: calls $6
*** RIVER *** [Ah 7s 2c 9s] [Kc]
MissEKAmouse: checks
Airbag999: checks
*** SHOW DOWN ***
MissEKAmouse: shows [9h Ts] (a pair of Nines)
Airbag999: shows [Th Tc] (a pair of Tens)
Airbag999 collected $35.50 from pot
*** SUMMARY ***
Total pot $36 | Rake $0.50
Board [Ah 7s 2c 9s Kc]
Seat 1: Airbag999 (button) (small blind) showed [Th Tc] and won ($35.50) with a pair of Tens
Seat 2: MissEKAmouse (big blind) showed [9h Ts] and lost with a pair of Nines


PokerStars Hand #152413510041:  Hold'em Limit ($3/$6 USD) - 2016/04/25 4:10:00 ET
Table 'Marconia II' 6-max Seat #2 is the button
Seat 1: Airbag999 ($162 in chips)
Seat 2: MissEKAmouse ($137.32 in chips)
MissEKAmouse: posts small blind $1
Airbag999: posts big blind $3
*** HOLE CARDS ***
MissEKAmouse: raises $3 to $6
Airbag999: raises $3 to $9
MissEKAmouse: calls $3
*** FLOP *** [9d Kc 4c]
Airbag999: bets $3
MissEKAmouse: calls $3
*** TURN *** [9d Kc 4c] [Qd]
Airbag999: bets $6
MissEKAmouse: calls $6
*** RIVER *** [9d Kc 4c Qd] [8s]
Airbag999: bets $6
Guimp leaves the table
MissEKAmouse: calls $6
*** SHOW DOWN ***
Airbag999: shows [Jh Kd] (a pair of Kings)
MissEKAmouse: mucks hand
Airbag999 collected $47.50 from pot
*** SUMMARY ***
Total pot $48 | Rake $0.50
Board [9d Kc 4c Qd 8s]
Seat 1: Airbag999 (big blind) showed [Jh Kd] and won ($47.50) with a pair of Kings
Seat 2: MissEKAmouse (button) (small blind) mucked


PokerStars Hand #152413506386:  Hold'em Limit ($3/$6 USD) - 2016/04/25 4:09:48 ET
Table 'Marconia II' 6-max Seat #1 is the button
Seat 1: Airbag999 ($159 in chips)
Seat 2: MissEKAmouse ($140.32 in chips)
Airbag999: posts small blind $1
MissEKAmouse: posts big blind $3
*** HOLE CARDS ***
Airbag999: raises $3 to $6
MissEKAmouse: folds
Uncalled bet ($3) returned to Airbag999
Airbag999 collected $6 from pot
Airbag999: doesn't show hand
*** SUMMARY ***
Total pot $6 | Rake $0
Seat 1: Airbag999 (button) (small blind) collected ($6)
Seat 2: MissEKAmouse (big blind) folded before Flop


PokerStars Hand #152413496342:  Hold'em Limit ($3/$6 USD) - 2016/04/25 4:09:17 ET
Table 'Marconia II' 6-max Seat #2 is the button
Seat 1: Airbag999 ($177 in chips)
Seat 2: MissEKAmouse ($122.82 in chips)
MissEKAmouse: posts small blind $1
Airbag999: posts big blind $3
*** HOLE CARDS ***
MissEKAmouse: raises $3 to $6
Airbag999: calls $3
*** FLOP *** [9h 6h Tc]
Airbag999: checks
MissEKAmouse: checks
*** TURN *** [9h 6h Tc] [Js]
Airbag999: bets $6
MissEKAmouse: calls $6
*** RIVER *** [9h 6h Tc Js] [2c]
Airbag999: bets $6
MissEKAmouse: calls $6
*** SHOW DOWN ***
Airbag999: shows [7s 4s] (high card Jack)
MissEKAmouse: shows [6c 8c] (a pair of Sixes)
MissEKAmouse collected $35.50 from pot
*** SUMMARY ***
Total pot $36 | Rake $0.50
Board [9h 6h Tc Js 2c]
Seat 1: Airbag999 (big blind) showed [7s 4s] and lost with high card Jack
Seat 2: MissEKAmouse (button) (small blind) showed [6c 8c] and won ($35.50) with a pair of Sixes


PokerStars Hand #152413535651:  Hold'em Limit ($3/$6 USD) - 2016/04/25 4:11:22 ET
Table 'Marconia II' 6-max Seat #2 is the button
Seat 1: Airbag999 ($215 in chips)
Seat 2: MissEKAmouse ($120 in chips)
MissEKAmouse: posts small blind $1
Airbag999: posts big blind $3
*** HOLE CARDS ***
MissEKAmouse: folds
Uncalled bet ($2) returned to Airbag999
Airbag999 collected $2 from pot
Airbag999: doesn't show hand
*** SUMMARY ***
Total pot $2 | Rake $0
Seat 1: Airbag999 (big blind) collected ($2)
Seat 2: MissEKAmouse (button) (small blind) folded before Flop


PokerStars Hand #152413522246:  Hold'em Limit ($3/$6 USD) - 2016/04/25 4:10:39 ET
Table 'Marconia II' 6-max Seat #1 is the button
Seat 1: Airbag999 ($185.50 in chips)
Seat 2: MissEKAmouse ($120 in chips)
Airbag999: posts small blind $1
MissEKAmouse: posts big blind $3
*** HOLE CARDS ***
Airbag999: raises $3 to $6
MissEKAmouse: raises $3 to $9
Airbag999: calls $3
*** FLOP *** [Ah Ad 4c]
MissEKAmouse: bets $3
Airbag999: calls $3
*** TURN *** [Ah Ad 4c] [6h]
MissEKAmouse: bets $6
Airbag999: raises $6 to $12
MissEKAmouse: calls $6
*** RIVER *** [Ah Ad 4c 6h] [6s]
MissEKAmouse: checks
Airbag999: bets $6
MissEKAmouse: calls $6
*** SHOW DOWN ***
Airbag999: shows [Qs As] (a full house, Aces full of Sixes)
MissEKAmouse: mucks hand
Airbag999 collected $59.50 from pot
*** SUMMARY ***
Total pot $60 | Rake $0.50
Board [Ah Ad 4c 6h 6s]
Seat 1: Airbag999 (button) (small blind) showed [Qs As] and won ($59.50) with a full house, Aces full of Sixes
Seat 2: MissEKAmouse (big blind) mucked


PokerStars Hand #152413539218:  Hold'em Limit ($3/$6 USD) - 2016/04/25 4:11:33 ET
Table 'Marconia II' 6-max Seat #1 is the button
Seat 1: Airbag999 ($216 in chips)
Seat 2: MissEKAmouse ($120 in chips)
Airbag999: posts small blind $1
MissEKAmouse: posts big blind $3
*** HOLE CARDS ***
Airbag999: raises $3 to $6
MissEKAmouse: calls $3
*** FLOP *** [2c 4d 7s]
MissEKAmouse: checks
Airbag999: bets $3
MissEKAmouse: raises $3 to $6
Airbag999: calls $3
*** TURN *** [2c 4d 7s] [9s]
MissEKAmouse: bets $6
Airbag999: calls $6
*** RIVER *** [2c 4d 7s 9s] [Js]
MissEKAmouse: bets $6
Airbag999: calls $6
*** SHOW DOWN ***
MissEKAmouse: shows [5d 6h] (high card Jack)
Airbag999: shows [Ac 6c] (high card Ace)
Airbag999 collected $47.50 from pot
*** SUMMARY ***
Total pot $48 | Rake $0.50
Board [2c 4d 7s 9s Js]
Seat 1: Airbag999 (button) (small blind) showed [Ac 6c] and won ($47.50) with high card Ace
Seat 2: MissEKAmouse (big blind) showed [5d 6h] and lost with high card Jack


PokerStars Hand #152413552763:  Hold'em Limit ($3/$6 USD) - 2016/04/25 4:12:16 ET
Table 'Marconia II' 6-max Seat #2 is the button
Seat 1: Airbag999 ($239.50 in chips)
Seat 2: MissEKAmouse ($120 in chips)
MissEKAmouse: posts small blind $1
Airbag999: posts big blind $3
*** HOLE CARDS ***
MissEKAmouse: folds
Uncalled bet ($2) returned to Airbag999
Airbag999 collected $2 from pot
Airbag999: doesn't show hand
*** SUMMARY ***
Total pot $2 | Rake $0
Seat 1: Airbag999 (big blind) collected ($2)
Seat 2: MissEKAmouse (button) (small blind) folded before Flop


PokerStars Hand #152413555323:  Hold'em Limit ($3/$6 USD) - 2016/04/25 4:12:24 ET
Table 'Marconia II' 6-max Seat #1 is the button
Seat 1: Airbag999 ($240.50 in chips)
Seat 2: MissEKAmouse ($120 in chips)
Airbag999: posts small blind $1
MissEKAmouse: posts big blind $3
*** HOLE CARDS ***
Airbag999: raises $3 to $6
MissEKAmouse: calls $3
*** FLOP *** [Ad 8h As]
MissEKAmouse: checks
Airbag999: bets $3
MissEKAmouse: raises $3 to $6
Airbag999: calls $3
*** TURN *** [Ad 8h As] [8d]
MissEKAmouse: bets $6
Airbag999: folds
Uncalled bet ($6) returned to MissEKAmouse
MissEKAmouse collected $23.52 from pot
MissEKAmouse: doesn't show hand
*** SUMMARY ***
Total pot $24 | Rake $0.48
Board [Ad 8h As 8d]
Seat 1: Airbag999 (button) (small blind) folded on the Turn
Seat 2: MissEKAmouse (big blind) collected ($23.52)


PokerStars Hand #152413568226:  Hold'em Limit ($3/$6 USD) - 2016/04/25 4:13:04 ET
Table 'Marconia II' 6-max Seat #2 is the button
Seat 1: Airbag999 ($228.50 in chips)
Seat 2: MissEKAmouse ($131.52 in chips)
MissEKAmouse: posts small blind $1
Airbag999: posts big blind $3
*** HOLE CARDS ***
MissEKAmouse: raises $3 to $6
Airbag999: calls $3
*** FLOP *** [Js 9h 7d]
Airbag999: checks
MissEKAmouse: bets $3
Airbag999: calls $3
*** TURN *** [Js 9h 7d] [Kd]
Airbag999: checks
MissEKAmouse: bets $6
Airbag999: calls $6
*** RIVER *** [Js 9h 7d Kd] [6d]
Airbag999: checks
MissEKAmouse: checks
*** SHOW DOWN ***
Airbag999: shows [Qc 3c] (high card King)
MissEKAmouse: shows [5d 5c] (a pair of Fives)
MissEKAmouse collected $29.50 from pot
*** SUMMARY ***
Total pot $30 | Rake $0.50
Board [Js 9h 7d Kd 6d]
Seat 1: Airbag999 (big blind) showed [Qc 3c] and lost with high card King
Seat 2: MissEKAmouse (button) (small blind) showed [5d 5c] and won ($29.50) with a pair of Fives


PokerStars Hand #152413578329:  Hold'em Limit ($3/$6 USD) - 2016/04/25 4:13:36 ET
Table 'Marconia II' 6-max Seat #1 is the button
Seat 1: Airbag999 ($213.50 in chips)
Seat 2: MissEKAmouse ($146.02 in chips)
Airbag999: posts small blind $1
MissEKAmouse: posts big blind $3
*** HOLE CARDS ***
Airbag999: raises $3 to $6
MissEKAmouse: calls $3
*** FLOP *** [Ah 5h 5c]
MissEKAmouse: checks
Airbag999: bets $3
MissEKAmouse: raises $3 to $6
Airbag999: calls $3
*** TURN *** [Ah 5h 5c] [6d]
MissEKAmouse: bets $6
Airbag999: raises $6 to $12
MissEKAmouse: calls $6
*** RIVER *** [Ah 5h 5c 6d] [5s]
MissEKAmouse: checks
Airbag999: bets $6
MissEKAmouse: calls $6
*** SHOW DOWN ***
Airbag999: shows [4c 7c] (three of a kind, Fives)
MissEKAmouse: shows [6h Th] (a full house, Fives full of Sixes)
MissEKAmouse collected $59.50 from pot
*** SUMMARY ***
Total pot $60 | Rake $0.50
Board [Ah 5h 5c 6d 5s]
Seat 1: Airbag999 (button) (small blind) showed [4c 7c] and lost with three of a kind, Fives
Seat 2: MissEKAmouse (big blind) showed [6h Th] and won ($59.50) with a full house, Fives full of Sixes


PokerStars Hand #152413590617:  Hold'em Limit ($3/$6 USD) - 2016/04/25 4:14:14 ET
Table 'Marconia II' 6-max Seat #2 is the button
Seat 1: Airbag999 ($183.50 in chips)
Seat 2: MissEKAmouse ($175.52 in chips)
MissEKAmouse: posts small blind $1
Airbag999: posts big blind $3
*** HOLE CARDS ***
MissEKAmouse: folds
Uncalled bet ($2) returned to Airbag999
Airbag999 collected $2 from pot
Airbag999: doesn't show hand
*** SUMMARY ***
Total pot $2 | Rake $0
Seat 1: Airbag999 (big blind) collected ($2)
Seat 2: MissEKAmouse (button) (small blind) folded before Flop


PokerStars Hand #152413593106:  Hold'em Limit ($3/$6 USD) - 2016/04/25 4:14:22 ET
Table 'Marconia II' 6-max Seat #1 is the button
Seat 1: Airbag999 ($184.50 in chips)
Seat 2: MissEKAmouse ($174.52 in chips)
Airbag999: posts small blind $1
MissEKAmouse: posts big blind $3
*** HOLE CARDS ***
Airbag999: raises $3 to $6
MissEKAmouse: folds
Uncalled bet ($3) returned to Airbag999
Airbag999 collected $6 from pot
Airbag999: doesn't show hand
*** SUMMARY ***
Total pot $6 | Rake $0
Seat 1: Airbag999 (button) (small blind) collected ($6)
Seat 2: MissEKAmouse (big blind) folded before Flop


PokerStars Hand #152413595560:  Hold'em Limit ($3/$6 USD) - 2016/04/25 4:14:30 ET
Table 'Marconia II' 6-max Seat #2 is the button
Seat 1: Airbag999 ($187.50 in chips)
Seat 2: MissEKAmouse ($171.52 in chips)
MissEKAmouse: posts small blind $1
Airbag999: posts big blind $3
*** HOLE CARDS ***
MissEKAmouse: raises $3 to $6
Airbag999: calls $3
*** FLOP *** [4d 9h 5d]
Airbag999: checks
MissEKAmouse: checks
*** TURN *** [4d 9h 5d] [8d]
Airbag999: checks
MissEKAmouse: bets $6
Airbag999: folds
Uncalled bet ($6) returned to MissEKAmouse
MissEKAmouse collected $11.76 from pot
MissEKAmouse: doesn't show hand
*** SUMMARY ***
Total pot $12 | Rake $0.24
Board [4d 9h 5d 8d]
Seat 1: Airbag999 (big blind) folded on the Turn
Seat 2: MissEKAmouse (button) (small blind) collected ($11.76)


PokerStars Hand #152413605752:  Hold'em Limit ($3/$6 USD) - 2016/04/25 4:15:01 ET
Table 'Marconia II' 6-max Seat #1 is the button
Seat 1: Airbag999 ($181.50 in chips)
Seat 2: MissEKAmouse ($177.28 in chips)
Airbag999: posts small blind $1
MissEKAmouse: posts big blind $3
*** HOLE CARDS ***
Airbag999: raises $3 to $6
MissEKAmouse: raises $3 to $9
Airbag999: calls $3
*** FLOP *** [Qc 3d Js]
MissEKAmouse: bets $3
Airbag999: folds
Uncalled bet ($3) returned to MissEKAmouse
MissEKAmouse collected $17.64 from pot
MissEKAmouse: doesn't show hand
*** SUMMARY ***
Total pot $18 | Rake $0.36
Board [Qc 3d Js]
Seat 1: Airbag999 (button) (small blind) folded on the Flop
Seat 2: MissEKAmouse (big blind) collected ($17.64)


PokerStars Hand #152413611941:  Hold'em Limit ($3/$6 USD) - 2016/04/25 4:15:21 ET
Table 'Marconia II' 6-max Seat #2 is the button
Seat 1: Airbag999 ($172.50 in chips)
Seat 2: MissEKAmouse ($185.92 in chips)
MissEKAmouse: posts small blind $1
Airbag999: posts big blind $3
*** HOLE CARDS ***
MissEKAmouse: raises $3 to $6
Airbag999: raises $3 to $9
MissEKAmouse: calls $3
*** FLOP *** [2h 3s 8d]
Airbag999: bets $3
MissEKAmouse: calls $3
*** TURN *** [2h 3s 8d] [7d]
Airbag999: bets $6
MissEKAmouse: raises $6 to $12
Airbag999: calls $6
*** RIVER *** [2h 3s 8d 7d] [Ah]
Airbag999: checks
MissEKAmouse: bets $6
Airbag999: calls $6
*** SHOW DOWN ***
MissEKAmouse: shows [9s 6s] (high card Ace)
Airbag999: shows [7h Qh] (a pair of Sevens)
Airbag999 collected $59.50 from pot
*** SUMMARY ***
Total pot $60 | Rake $0.50
Board [2h 3s 8d 7d Ah]
Seat 1: Airbag999 (big blind) showed [7h Qh] and won ($59.50) with a pair of Sevens
Seat 2: MissEKAmouse (button) (small blind) showed [9s 6s] and lost with high card Ace


PokerStars Hand #152413621502:  Hold'em Limit ($3/$6 USD) - 2016/04/25 4:15:50 ET
Table 'Marconia II' 6-max Seat #1 is the button
Seat 1: Airbag999 ($202 in chips)
Seat 2: MissEKAmouse ($155.92 in chips)
Airbag999: posts small blind $1
MissEKAmouse: posts big blind $3
*** HOLE CARDS ***
Airbag999: raises $3 to $6
MissEKAmouse: calls $3
*** FLOP *** [Js 7h Jc]
MissEKAmouse: checks
Airbag999: bets $3
MissEKAmouse: calls $3
*** TURN *** [Js 7h Jc] [6d]
MissEKAmouse: checks
Airbag999: checks
*** RIVER *** [Js 7h Jc 6d] [9s]
MissEKAmouse: checks
Airbag999: checks
*** SHOW DOWN ***
MissEKAmouse: shows [Ah 4c] (a pair of Jacks)
Airbag999: mucks hand
MissEKAmouse collected $17.64 from pot
*** SUMMARY ***
Total pot $18 | Rake $0.36
Board [Js 7h Jc 6d 9s]
Seat 1: Airbag999 (button) (small blind) mucked
Seat 2: MissEKAmouse (big blind) showed [Ah 4c] and won ($17.64) with a pair of Jacks


PokerStars Hand #152413633788:  Hold'em Limit ($3/$6 USD) - 2016/04/25 4:16:28 ET
Table 'Marconia II' 6-max Seat #2 is the button
Seat 1: Airbag999 ($193 in chips)
Seat 2: MissEKAmouse ($164.56 in chips)
MissEKAmouse: posts small blind $1
Airbag999: posts big blind $3
*** HOLE CARDS ***
MissEKAmouse: raises $3 to $6
Airbag999: calls $3
*** FLOP *** [Js 3c 6h]
Airbag999: checks
MissEKAmouse: bets $3
Airbag999: calls $3
*** TURN *** [Js 3c 6h] [8h]
Airbag999: checks
MissEKAmouse: checks
*** RIVER *** [Js 3c 6h 8h] [4s]
Airbag999: bets $6
MissEKAmouse: calls $6
*** SHOW DOWN ***
Airbag999: shows [5c 4d] (a pair of Fours)
MissEKAmouse: mucks hand
Airbag999 collected $29.50 from pot
*** SUMMARY ***
Total pot $30 | Rake $0.50
Board [Js 3c 6h 8h 4s]
Seat 1: Airbag999 (big blind) showed [5c 4d] and won ($29.50) with a pair of Fours
Seat 2: MissEKAmouse (button) (small blind) mucked


PokerStars Hand #152413646322:  Hold'em Limit ($3/$6 USD) - 2016/04/25 4:17:07 ET
Table 'Marconia II' 6-max Seat #1 is the button
Seat 1: Airbag999 ($207.50 in chips)
Seat 2: MissEKAmouse ($149.56 in chips)
Airbag999: posts small blind $1
MissEKAmouse: posts big blind $3
*** HOLE CARDS ***
Airbag999: folds
Uncalled bet ($2) returned to MissEKAmouse
MissEKAmouse collected $2 from pot
MissEKAmouse: doesn't show hand
*** SUMMARY ***
Total pot $2 | Rake $0
Seat 1: Airbag999 (button) (small blind) folded before Flop
Seat 2: MissEKAmouse (big blind) collected ($2)


PokerStars Hand #152413659970:  Hold'em Limit ($3/$6 USD) - 2016/04/25 4:17:48 ET
Table 'Marconia II' 6-max Seat #1 is the button
Seat 1: Airbag999 ($191.50 in chips)
Seat 2: MissEKAmouse ($165.06 in chips)
Airbag999: posts small blind $1
MissEKAmouse: posts big blind $3
*** HOLE CARDS ***
Airbag999: folds
Uncalled bet ($2) returned to MissEKAmouse
MissEKAmouse collected $2 from pot
MissEKAmouse: doesn't show hand
*** SUMMARY ***
Total pot $2 | Rake $0
Seat 1: Airbag999 (button) (small blind) folded before Flop
Seat 2: MissEKAmouse (big blind) collected ($2)


PokerStars Hand #152413649576:  Hold'em Limit ($3/$6 USD) - 2016/04/25 4:17:17 ET
Table 'Marconia II' 6-max Seat #2 is the button
Seat 1: Airbag999 ($206.50 in chips)
Seat 2: MissEKAmouse ($150.56 in chips)
MissEKAmouse: posts small blind $1
Airbag999: posts big blind $3
*** HOLE CARDS ***
MissEKAmouse: raises $3 to $6
Airbag999: calls $3
*** FLOP *** [3h 7s Tc]
Airbag999: checks
MissEKAmouse: bets $3
Airbag999: calls $3
*** TURN *** [3h 7s Tc] [9h]
Airbag999: checks
MissEKAmouse: bets $6
Airbag999: calls $6
*** RIVER *** [3h 7s Tc 9h] [9s]
Airbag999: checks
MissEKAmouse: checks
*** SHOW DOWN ***
Airbag999: shows [Kc 6d] (a pair of Nines)
MissEKAmouse: shows [7d 8c] (two pair, Nines and Sevens)
MissEKAmouse collected $29.50 from pot
*** SUMMARY ***
Total pot $30 | Rake $0.50
Board [3h 7s Tc 9h 9s]
Seat 1: Airbag999 (big blind) showed [Kc 6d] and lost with a pair of Nines
Seat 2: MissEKAmouse (button) (small blind) showed [7d 8c] and won ($29.50) with two pair, Nines and Sevens


PokerStars Hand #152413662454:  Hold'em Limit ($3/$6 USD) - 2016/04/25 4:17:56 ET
Table 'Marconia II' 6-max Seat #2 is the button
Seat 1: Airbag999 ($190.50 in chips)
Seat 2: MissEKAmouse ($166.06 in chips)
MissEKAmouse: posts small blind $1
Airbag999: posts big blind $3
*** HOLE CARDS ***
MissEKAmouse: folds
Uncalled bet ($2) returned to Airbag999
Airbag999 collected $2 from pot
Airbag999: doesn't show hand
*** SUMMARY ***
Total pot $2 | Rake $0
Seat 1: Airbag999 (big blind) collected ($2)
Seat 2: MissEKAmouse (button) (small blind) folded before Flop


