PokerStars Hand #172234884064:  Hold'em Limit ($3/$6 USD) - 2017/06/25 16:06:43 ET
Table 'Marconia' 6-max Seat #1 is the button
Seat 1: x0ticer ($30 in chips)
Seat 4: Actionni13 ($150 in chips)
x0ticer: posts small blind $1
Actionni13: posts big blind $3
*** HOLE CARDS ***
x0ticer: raises $3 to $6
Actionni13: calls $3
*** FLOP *** [3d Jd Qc]
Actionni13: checks
x0ticer: checks
*** TURN *** [3d Jd Qc] [3s]
Actionni13: checks
x0ticer: bets $6
Actionni13: folds
Uncalled bet ($6) returned to x0ticer
x0ticer collected $11.76 from pot
x0ticer: doesn't show hand
*** SUMMARY ***
Total pot $12 | Rake $0.24
Board [3d Jd Qc 3s]
Seat 1: x0ticer (button) (small blind) collected ($11.76)
Seat 4: Actionni13 (big blind) folded on the Turn


PokerStars Hand #172234949526:  Hold'em Limit ($3/$6 USD) - 2017/06/25 16:07:57 ET
Table 'Marconia' 6-max Seat #1 is the button
Seat 1: x0ticer ($42.40 in chips)
Seat 4: Actionni13 ($150 in chips)
x0ticer: posts small blind $1
Actionni13: posts big blind $3
*** HOLE CARDS ***
x0ticer: raises $3 to $6
Actionni13: folds
Uncalled bet ($3) returned to x0ticer
x0ticer collected $6 from pot
x0ticer: doesn't show hand
*** SUMMARY ***
Total pot $6 | Rake $0
Seat 1: x0ticer (button) (small blind) collected ($6)
Seat 4: Actionni13 (big blind) folded before Flop


PokerStars Hand #172234943438:  Hold'em Limit ($3/$6 USD) - 2017/06/25 16:07:50 ET
Table 'Marconia' 6-max Seat #4 is the button
Seat 1: x0ticer ($41.40 in chips)
Seat 4: Actionni13 ($150 in chips)
Actionni13: posts small blind $1
x0ticer: posts big blind $3
*** HOLE CARDS ***
Actionni13: folds
Uncalled bet ($2) returned to x0ticer
x0ticer collected $2 from pot
x0ticer: doesn't show hand
*** SUMMARY ***
Total pot $2 | Rake $0
Seat 1: x0ticer (big blind) collected ($2)
Seat 4: Actionni13 (button) (small blind) folded before Flop


PokerStars Hand #172234912948:  Hold'em Limit ($3/$6 USD) - 2017/06/25 16:07:15 ET
Table 'Marconia' 6-max Seat #1 is the button
Seat 1: x0ticer ($32.76 in chips)
Seat 4: Actionni13 ($153 in chips)
x0ticer: posts small blind $1
Actionni13: posts big blind $3
*** HOLE CARDS ***
x0ticer: raises $3 to $6
Actionni13: calls $3
*** FLOP *** [Kc 3s 8d]
Actionni13: bets $3
x0ticer: calls $3
*** TURN *** [Kc 3s 8d] [Th]
Actionni13: checks
x0ticer: checks
*** RIVER *** [Kc 3s 8d Th] [3h]
Actionni13: checks
x0ticer: bets $6
Actionni13: folds
Uncalled bet ($6) returned to x0ticer
x0ticer collected $17.64 from pot
x0ticer: doesn't show hand
*** SUMMARY ***
Total pot $18 | Rake $0.36
Board [Kc 3s 8d Th 3h]
Seat 1: x0ticer (button) (small blind) collected ($17.64)
Seat 4: Actionni13 (big blind) folded on the River


PokerStars Hand #172234905967:  Hold'em Limit ($3/$6 USD) - 2017/06/25 16:07:08 ET
Table 'Marconia' 6-max Seat #4 is the button
Seat 1: x0ticer ($35.76 in chips)
Seat 4: Actionni13 ($150 in chips)
Actionni13: posts small blind $1
x0ticer: posts big blind $3
*** HOLE CARDS ***
Actionni13: raises $3 to $6
x0ticer: folds
Uncalled bet ($3) returned to Actionni13
Actionni13 collected $6 from pot
Actionni13: doesn't show hand
*** SUMMARY ***
Total pot $6 | Rake $0
Seat 1: x0ticer (big blind) folded before Flop
Seat 4: Actionni13 (button) (small blind) collected ($6)


PokerStars Hand #172234969331:  Hold'em Limit ($3/$6 USD) - 2017/06/25 16:08:20 ET
Table 'Marconia' 6-max Seat #4 is the button
Seat 1: x0ticer ($41.40 in chips)
Seat 4: Actionni13 ($154 in chips)
Actionni13: posts small blind $1
x0ticer: posts big blind $3
*** HOLE CARDS ***
Actionni13: raises $3 to $6
x0ticer: raises $3 to $9
Actionni13: calls $3
*** FLOP *** [Qc 4h 2s]
x0ticer: checks
Actionni13: checks
*** TURN *** [Qc 4h 2s] [5s]
x0ticer: bets $6
Actionni13: raises $6 to $12
x0ticer: calls $6
*** RIVER *** [Qc 4h 2s 5s] [9d]
x0ticer: checks
Actionni13: checks
*** SHOW DOWN ***
x0ticer: shows [Kh Ad] (high card Ace)
Actionni13: mucks hand
x0ticer collected $41.50 from pot
*** SUMMARY ***
Total pot $42 | Rake $0.50
Board [Qc 4h 2s 5s 9d]
Seat 1: x0ticer (big blind) showed [Kh Ad] and won ($41.50) with high card Ace
Seat 4: Actionni13 (button) (small blind) mucked


PokerStars Hand #172234964868:  Hold'em Limit ($3/$6 USD) - 2017/06/25 16:08:15 ET
Table 'Marconia' 6-max Seat #1 is the button
Seat 1: x0ticer ($42.40 in chips)
Seat 4: Actionni13 ($153 in chips)
x0ticer: posts small blind $1
Actionni13: posts big blind $3
*** HOLE CARDS ***
x0ticer: folds
Uncalled bet ($2) returned to Actionni13
Actionni13 collected $2 from pot
Actionni13: doesn't show hand
*** SUMMARY ***
Total pot $2 | Rake $0
Seat 1: x0ticer (button) (small blind) folded before Flop
Seat 4: Actionni13 (big blind) collected ($2)


PokerStars Hand #172234959383:  Hold'em Limit ($3/$6 USD) - 2017/06/25 16:08:09 ET
Table 'Marconia' 6-max Seat #4 is the button
Seat 1: x0ticer ($45.40 in chips)
Seat 4: Actionni13 ($150 in chips)
Actionni13: posts small blind $1
x0ticer: posts big blind $3
*** HOLE CARDS ***
Actionni13: raises $3 to $6
x0ticer: folds
Uncalled bet ($3) returned to Actionni13
Actionni13 collected $6 from pot
Actionni13: doesn't show hand
*** SUMMARY ***
Total pot $6 | Rake $0
Seat 1: x0ticer (big blind) folded before Flop
Seat 4: Actionni13 (button) (small blind) collected ($6)


PokerStars Hand #172235021520:  Hold'em Limit ($3/$6 USD) - 2017/06/25 16:09:20 ET
Table 'Marconia' 6-max Seat #1 is the button
Seat 1: x0ticer ($83.40 in chips)
Seat 4: Actionni13 ($150 in chips)
x0ticer: posts small blind $1
Actionni13: posts big blind $3
*** HOLE CARDS ***
x0ticer: raises $3 to $6
Actionni13: folds
Uncalled bet ($3) returned to x0ticer
x0ticer collected $6 from pot
*** SUMMARY ***
Total pot $6 | Rake $0
Seat 1: x0ticer (button) (small blind) collected ($6)
Seat 4: Actionni13 (big blind) folded before Flop


PokerStars Hand #172235016115:  Hold'em Limit ($3/$6 USD) - 2017/06/25 16:09:14 ET
Table 'Marconia' 6-max Seat #4 is the button
Seat 1: x0ticer ($82.40 in chips)
Seat 4: Actionni13 ($150 in chips)
Actionni13: posts small blind $1
x0ticer: posts big blind $3
*** HOLE CARDS ***
Actionni13: folds
Uncalled bet ($2) returned to x0ticer
x0ticer collected $2 from pot
x0ticer: doesn't show hand
*** SUMMARY ***
Total pot $2 | Rake $0
Seat 1: x0ticer (big blind) collected ($2)
Seat 4: Actionni13 (button) (small blind) folded before Flop


PokerStars Hand #172234987558:  Hold'em Limit ($3/$6 USD) - 2017/06/25 16:08:41 ET
Table 'Marconia' 6-max Seat #1 is the button
Seat 1: x0ticer ($61.90 in chips)
Seat 4: Actionni13 ($150 in chips)
x0ticer: posts small blind $1
Actionni13: posts big blind $3
*** HOLE CARDS ***
x0ticer: raises $3 to $6
Actionni13: raises $3 to $9
x0ticer: calls $3
*** FLOP *** [2s 9c Tc]
Actionni13: bets $3
x0ticer: raises $3 to $6
Actionni13: calls $3
*** TURN *** [2s 9c Tc] [2c]
Actionni13: checks
x0ticer: bets $6
Actionni13: calls $6
*** RIVER *** [2s 9c Tc 2c] [8h]
Actionni13: checks
x0ticer: bets $6
Actionni13: folds
Uncalled bet ($6) returned to x0ticer
x0ticer collected $41.50 from pot
x0ticer: doesn't show hand
*** SUMMARY ***
Total pot $42 | Rake $0.50
Board [2s 9c Tc 2c 8h]
Seat 1: x0ticer (button) (small blind) collected ($41.50)
Seat 4: Actionni13 (big blind) folded on the River


PokerStars Hand #172235660415:  Hold'em Limit ($3/$6 USD) - 2017/06/25 16:21:36 ET
Table 'Marconia' 6-max Seat #4 is the button
Seat 4: Actionni13 ($150 in chips)
Seat 5: Auge72 ($66.76 in chips)
Actionni13: posts small blind $1
Auge72: posts big blind $3
*** HOLE CARDS ***
Actionni13: raises $3 to $6
Auge72: folds
Uncalled bet ($3) returned to Actionni13
Actionni13 collected $6 from pot
Actionni13: doesn't show hand
*** SUMMARY ***
Total pot $6 | Rake $0
Seat 4: Actionni13 (button) (small blind) collected ($6)
Seat 5: Auge72 (big blind) folded before Flop


PokerStars Hand #172235636470:  Hold'em Limit ($3/$6 USD) - 2017/06/25 16:21:08 ET
Table 'Marconia' 6-max Seat #5 is the button
Seat 4: Actionni13 ($150 in chips)
Seat 5: Auge72 ($61 in chips)
Auge72: posts small blind $1
Actionni13: posts big blind $3
*** HOLE CARDS ***
Auge72: raises $3 to $6
Actionni13: calls $3
*** FLOP *** [Js Kc Ah]
Actionni13: checks
Auge72: checks
*** TURN *** [Js Kc Ah] [9h]
Actionni13: checks
Auge72: checks
*** RIVER *** [Js Kc Ah 9h] [4c]
Actionni13: checks
Auge72: bets $6
Actionni13: folds
Uncalled bet ($6) returned to Auge72
Auge72 collected $11.76 from pot
*** SUMMARY ***
Total pot $12 | Rake $0.24
Board [Js Kc Ah 9h 4c]
Seat 4: Actionni13 (big blind) folded on the River
Seat 5: Auge72 (button) (small blind) collected ($11.76)


PokerStars Hand #172235680897:  Hold'em Limit ($3/$6 USD) - 2017/06/25 16:22:00 ET
Table 'Marconia' 6-max Seat #4 is the button
Seat 4: Actionni13 ($185.50 in chips)
Seat 5: Auge72 ($30.76 in chips)
Actionni13: posts small blind $1
Auge72: posts big blind $3
*** HOLE CARDS ***
Actionni13: folds
Uncalled bet ($2) returned to Auge72
Auge72 collected $2 from pot
Auge72: doesn't show hand
*** SUMMARY ***
Total pot $2 | Rake $0
Seat 4: Actionni13 (button) (small blind) folded before Flop
Seat 5: Auge72 (big blind) collected ($2)


PokerStars Hand #172235664936:  Hold'em Limit ($3/$6 USD) - 2017/06/25 16:21:41 ET
Table 'Marconia' 6-max Seat #5 is the button
Seat 4: Actionni13 ($153 in chips)
Seat 5: Auge72 ($63.76 in chips)
Auge72: posts small blind $1
Actionni13: posts big blind $3
*** HOLE CARDS ***
Auge72: raises $3 to $6
Actionni13: raises $3 to $9
Auge72: raises $3 to $12
Betting is capped
Actionni13: calls $3
*** FLOP *** [7s Qd 3d]
Actionni13: bets $3
Auge72: calls $3
*** TURN *** [7s Qd 3d] [Ad]
Actionni13: bets $6
Auge72: raises $6 to $12
Actionni13: calls $6
*** RIVER *** [7s Qd 3d Ad] [5d]
Actionni13: bets $6
Auge72: calls $6
*** SHOW DOWN ***
Actionni13: shows [4s 4d] (a flush, Ace high)
Auge72: mucks hand
belik555 joins the table at seat #6
Actionni13 collected $65.50 from pot
*** SUMMARY ***
Total pot $66 | Rake $0.50
Board [7s Qd 3d Ad 5d]
Seat 4: Actionni13 (big blind) showed [4s 4d] and won ($65.50) with a flush, Ace high
Seat 5: Auge72 (button) (small blind) mucked


