PokerStars Hand #150647156198:  Hold'em Limit ($3/$6 USD) - 2016/03/20 10:34:24 ET
Table 'Marceline' 6-max Seat #2 is the button
Seat 2: igmade ($66 in chips)
Seat 3: SmellyToes4u ($56 in chips)
igmade: posts small blind $1
SmellyToes4u: posts big blind $3
*** HOLE CARDS ***
igmade: calls $2
SmellyToes4u: raises $3 to $6
igmade: calls $3
*** FLOP *** [Th Kh 6h]
vovojc joins the table at seat #4
SmellyToes4u: bets $3
igmade: folds
Uncalled bet ($3) returned to SmellyToes4u
SmellyToes4u collected $11.76 from pot
SmellyToes4u: doesn't show hand
*** SUMMARY ***
Total pot $12 | Rake $0.24
Board [Th Kh 6h]
Seat 2: igmade (button) (small blind) folded on the Flop
Seat 3: SmellyToes4u (big blind) collected ($11.76)


PokerStars Hand #150648413181:  Hold'em Limit ($3/$6 USD) - 2016/03/20 10:59:45 ET
Table 'Marceline' 6-max Seat #4 is the button
Seat 1: pdsnr ($151.63 in chips)
Seat 4: termi3333 ($171.54 in chips)
termi3333: posts small blind $1
pdsnr: posts big blind $3
*** HOLE CARDS ***
termi3333: raises $3 to $6
pdsnr: calls $3
*** FLOP *** [Ks 9d Ad]
3Princesses leaves the table
pdsnr: checks
termi3333: checks
*** TURN *** [Ks 9d Ad] [3s]
pdsnr: checks
termi3333: checks
*** RIVER *** [Ks 9d Ad 3s] [Qd]
pdsnr: checks
termi3333: bets $6
pdsnr: folds
Uncalled bet ($6) returned to termi3333
termi3333 collected $11.76 from pot
termi3333: doesn't show hand
*** SUMMARY ***
Total pot $12 | Rake $0.24
Board [Ks 9d Ad 3s Qd]
Seat 1: pdsnr (big blind) folded on the River
Seat 4: termi3333 (button) (small blind) collected ($11.76)


