PokerStars Hand #151883697044:  Hold'em Limit ($3/$6 USD) - 2016/04/13 20:48:48 ET
Table 'Marconia II' 6-max Seat #6 is the button
Seat 5: poser54 ($167.50 in chips)
Seat 6: Necromadx ($120 in chips)
Necromadx: posts small blind $1
poser54: posts big blind $3
*** HOLE CARDS ***
Necromadx: raises $3 to $6
poser54: raises $3 to $9
Necromadx: calls $3
*** FLOP *** [6s 4s Qs]
poser54: checks
Necromadx: bets $3
poser54: calls $3
*** TURN *** [6s 4s Qs] [3s]
poser54: checks
Necromadx: bets $6
poser54: folds
Uncalled bet ($6) returned to Necromadx
Necromadx collected $23.52 from pot
Necromadx: doesn't show hand
*** SUMMARY ***
Total pot $24 | Rake $0.48
Board [6s 4s Qs 3s]
Seat 5: poser54 (big blind) folded on the Turn
Seat 6: Necromadx (button) (small blind) collected ($23.52)


PokerStars Hand #151883691348:  Hold'em Limit ($3/$6 USD) - 2016/04/13 20:48:35 ET
Table 'Marconia II' 6-max Seat #5 is the button
Seat 5: poser54 ($153 in chips)
Seat 6: Necromadx ($133.64 in chips)
poser54: posts small blind $1
Necromadx: posts big blind $3
*** HOLE CARDS ***
poser54: raises $3 to $6
Necromadx: calls $3
*** FLOP *** [2c 2s Ad]
Necromadx: checks
poser54: bets $3
Necromadx: raises $3 to $6
poser54: raises $3 to $9
Necromadx: calls $3
*** TURN *** [2c 2s Ad] [7c]
Necromadx: checks
poser54: bets $6
Necromadx: folds
Uncalled bet ($6) returned to poser54
poser54 collected $29.50 from pot
poser54: doesn't show hand
*** SUMMARY ***
Total pot $30 | Rake $0.50
Board [2c 2s Ad 7c]
Seat 5: poser54 (button) (small blind) collected ($29.50)
Seat 6: Necromadx (big blind) folded on the Turn


PokerStars Hand #151883685255:  Hold'em Limit ($3/$6 USD) - 2016/04/13 20:48:21 ET
Table 'Marconia II' 6-max Seat #6 is the button
Seat 5: poser54 ($162 in chips)
Seat 6: Necromadx ($125 in chips)
Necromadx: posts small blind $1
poser54: posts big blind $3
*** HOLE CARDS ***
Necromadx: raises $3 to $6
poser54: calls $3
*** FLOP *** [5c 2d 3d]
poser54: checks
Necromadx: bets $3
poser54: calls $3
*** TURN *** [5c 2d 3d] [4s]
poser54: checks
Necromadx: bets $6
poser54: folds
Uncalled bet ($6) returned to Necromadx
Necromadx collected $17.64 from pot
Necromadx: doesn't show hand
*** SUMMARY ***
Total pot $18 | Rake $0.36
Board [5c 2d 3d 4s]
Seat 5: poser54 (big blind) folded on the Turn
Seat 6: Necromadx (button) (small blind) collected ($17.64)


PokerStars Hand #151883704970:  Hold'em Limit ($3/$6 USD) - 2016/04/13 20:49:07 ET
Table 'Marconia II' 6-max Seat #5 is the button
Seat 5: poser54 ($155.50 in chips)
Seat 6: Necromadx ($131.52 in chips)
poser54: posts small blind $1
Necromadx: posts big blind $3
*** HOLE CARDS ***
poser54: raises $3 to $6
Necromadx: calls $3
*** FLOP *** [Ac 9s 4d]
Necromadx: checks
poser54: bets $3
Necromadx: raises $3 to $6
poser54: raises $3 to $9
Necromadx: calls $3
*** TURN *** [Ac 9s 4d] [Tc]
Necromadx: checks
poser54: bets $6
Necromadx: raises $6 to $12
poser54: raises $6 to $18
Necromadx: calls $6
*** RIVER *** [Ac 9s 4d Tc] [9d]
Necromadx: checks
poser54: bets $6
Necromadx: folds
Uncalled bet ($6) returned to poser54
poser54 collected $65.50 from pot
poser54: doesn't show hand
*** SUMMARY ***
Total pot $66 | Rake $0.50
Board [Ac 9s 4d Tc 9d]
Seat 5: poser54 (button) (small blind) collected ($65.50)
Seat 6: Necromadx (big blind) folded on the River


PokerStars Hand #151883720625:  Hold'em Limit ($3/$6 USD) - 2016/04/13 20:49:43 ET
Table 'Marconia II' 6-max Seat #5 is the button
Seat 5: poser54 ($202.50 in chips)
Seat 6: Necromadx ($120 in chips)
poser54: posts small blind $1
Necromadx: posts big blind $3
*** HOLE CARDS ***
poser54: raises $3 to $6
Necromadx: folds
Uncalled bet ($3) returned to poser54
poser54 collected $6 from pot
poser54: doesn't show hand
*** SUMMARY ***
Total pot $6 | Rake $0
Seat 5: poser54 (button) (small blind) collected ($6)
Seat 6: Necromadx (big blind) folded before Flop


PokerStars Hand #151883712281:  Hold'em Limit ($3/$6 USD) - 2016/04/13 20:49:24 ET
Table 'Marconia II' 6-max Seat #6 is the button
Seat 5: poser54 ($188 in chips)
Seat 6: Necromadx ($120 in chips)
Necromadx: posts small blind $1
poser54: posts big blind $3
*** HOLE CARDS ***
Necromadx: raises $3 to $6
poser54: calls $3
*** FLOP *** [Jh Qd 6c]
poser54: checks
Necromadx: bets $3
poser54: calls $3
*** TURN *** [Jh Qd 6c] [4s]
poser54: checks
Necromadx: checks
*** RIVER *** [Jh Qd 6c 4s] [3h]
poser54: bets $6
Necromadx: calls $6
*** SHOW DOWN ***
poser54: shows [6s Ks] (a pair of Sixes)
Necromadx: mucks hand
poser54 collected $29.50 from pot
*** SUMMARY ***
Total pot $30 | Rake $0.50
Board [Jh Qd 6c 4s 3h]
Seat 5: poser54 (big blind) showed [6s Ks] and won ($29.50) with a pair of Sixes
Seat 6: Necromadx (button) (small blind) mucked


PokerStars Hand #151883730739:  Hold'em Limit ($3/$6 USD) - 2016/04/13 20:50:07 ET
Table 'Marconia II' 6-max Seat #5 is the button
Seat 5: poser54 ($220 in chips)
Seat 6: Necromadx ($120 in chips)
poser54: posts small blind $1
Necromadx: posts big blind $3
*** HOLE CARDS ***
poser54: raises $3 to $6
Necromadx: folds
Uncalled bet ($3) returned to poser54
poser54 collected $6 from pot
poser54: doesn't show hand
*** SUMMARY ***
Total pot $6 | Rake $0
Seat 5: poser54 (button) (small blind) collected ($6)
Seat 6: Necromadx (big blind) folded before Flop


PokerStars Hand #151883722944:  Hold'em Limit ($3/$6 USD) - 2016/04/13 20:49:49 ET
Table 'Marconia II' 6-max Seat #6 is the button
Seat 5: poser54 ($205.50 in chips)
Seat 6: Necromadx ($120 in chips)
Necromadx: posts small blind $1
poser54: posts big blind $3
*** HOLE CARDS ***
BuzovaPro joins the table at seat #1
Necromadx: raises $3 to $6
poser54: calls $3
*** FLOP *** [7d 8d Jc]
poser54: checks
Necromadx: bets $3
poser54: calls $3
*** TURN *** [7d 8d Jc] [As]
poser54: checks
Necromadx: checks
*** RIVER *** [7d 8d Jc As] [3c]
poser54: bets $6
Necromadx: calls $6
*** SHOW DOWN ***
poser54: shows [Td 9d] (a straight, Seven to Jack)
Necromadx: mucks hand
poser54 collected $29.50 from pot
*** SUMMARY ***
Total pot $30 | Rake $0.50
Board [7d 8d Jc As 3c]
Seat 5: poser54 (big blind) showed [Td 9d] and won ($29.50) with a straight, Seven to Jack
Seat 6: Necromadx (button) (small blind) mucked


PokerStars Hand #151883801004:  Hold'em Limit ($3/$6 USD) - 2016/04/13 20:52:52 ET
Table 'Marconia II' 6-max Seat #1 is the button
Seat 1: BuzovaPro ($113.36 in chips)
Seat 6: Necromadx ($120 in chips)
BuzovaPro: posts small blind $1
poser54: is sitting out
Necromadx: posts big blind $3
*** HOLE CARDS ***
poser54 leaves the table
BuzovaPro: raises $3 to $6
Necromadx: folds
Uncalled bet ($3) returned to BuzovaPro
BuzovaPro collected $6 from pot
BuzovaPro: doesn't show hand
*** SUMMARY ***
Total pot $6 | Rake $0
Seat 1: BuzovaPro (button) (small blind) collected ($6)
Seat 6: Necromadx (big blind) folded before Flop


PokerStars Hand #151884178791:  Hold'em Limit ($3/$6 USD) - 2016/04/13 21:08:36 ET
Table 'Marconia II' 6-max Seat #6 is the button
Seat 4: Paulllchen ($116.43 in chips)
Seat 6: Necromadx ($125 in chips)
Necromadx: posts small blind $1
Paulllchen: posts big blind $3
*** HOLE CARDS ***
Necromadx: raises $3 to $6
Paulllchen: folds
Uncalled bet ($3) returned to Necromadx
Necromadx collected $6 from pot
Necromadx: doesn't show hand
*** SUMMARY ***
Total pot $6 | Rake $0
Seat 4: Paulllchen (big blind) folded before Flop
Seat 6: Necromadx (button) (small blind) collected ($6)


PokerStars Hand #151884176842:  Hold'em Limit ($3/$6 USD) - 2016/04/13 21:08:31 ET
Table 'Marconia II' 6-max Seat #4 is the button
Seat 4: Paulllchen ($117.43 in chips)
Seat 6: Necromadx ($124 in chips)
Paulllchen: posts small blind $1
Necromadx: posts big blind $3
*** HOLE CARDS ***
Paulllchen: folds
Uncalled bet ($2) returned to Necromadx
Necromadx collected $2 from pot
Necromadx: doesn't show hand
*** SUMMARY ***
Total pot $2 | Rake $0
Seat 4: Paulllchen (button) (small blind) folded before Flop
Seat 6: Necromadx (big blind) collected ($2)


PokerStars Hand #151884173500:  Hold'em Limit ($3/$6 USD) - 2016/04/13 21:08:23 ET
Table 'Marconia II' 6-max Seat #6 is the button
Seat 4: Paulllchen ($120.43 in chips)
Seat 6: Necromadx ($121 in chips)
Necromadx: posts small blind $1
Paulllchen: posts big blind $3
*** HOLE CARDS ***
Necromadx: raises $3 to $6
Paulllchen: folds
Uncalled bet ($3) returned to Necromadx
Necromadx collected $6 from pot
Necromadx: doesn't show hand
*** SUMMARY ***
Total pot $6 | Rake $0
Seat 4: Paulllchen (big blind) folded before Flop
Seat 6: Necromadx (button) (small blind) collected ($6)


PokerStars Hand #151884171482:  Hold'em Limit ($3/$6 USD) - 2016/04/13 21:08:18 ET
Table 'Marconia II' 6-max Seat #4 is the button
Seat 4: Paulllchen ($121.43 in chips)
Seat 6: Necromadx ($120 in chips)
Paulllchen: posts small blind $1
Necromadx: posts big blind $3
*** HOLE CARDS ***
Paulllchen: folds
Uncalled bet ($2) returned to Necromadx
Necromadx collected $2 from pot
Necromadx: doesn't show hand
*** SUMMARY ***
Total pot $2 | Rake $0
Seat 4: Paulllchen (button) (small blind) folded before Flop
Seat 6: Necromadx (big blind) collected ($2)


PokerStars Hand #151884164395:  Hold'em Limit ($3/$6 USD) - 2016/04/13 21:08:01 ET
Table 'Marconia II' 6-max Seat #6 is the button
Seat 4: Paulllchen ($100.93 in chips)
Seat 6: Necromadx ($120 in chips)
Necromadx: posts small blind $1
Paulllchen: posts big blind $3
*** HOLE CARDS ***
Necromadx: raises $3 to $6
Paulllchen: calls $3
*** FLOP *** [6s 9d 4d]
Paulllchen: bets $3
Necromadx: calls $3
*** TURN *** [6s 9d 4d] [9c]
Paulllchen: bets $6
Necromadx: calls $6
*** RIVER *** [6s 9d 4d 9c] [Js]
Paulllchen: checks
Necromadx: bets $6
Paulllchen: calls $6
*** SHOW DOWN ***
Necromadx: shows [8c 7c] (a pair of Nines)
Paulllchen: shows [6d 5h] (two pair, Nines and Sixes)
Paulllchen collected $41.50 from pot
*** SUMMARY ***
Total pot $42 | Rake $0.50
Board [6s 9d 4d 9c Js]
Seat 4: Paulllchen (big blind) showed [6d 5h] and won ($41.50) with two pair, Nines and Sixes
Seat 6: Necromadx (button) (small blind) showed [8c 7c] and lost with a pair of Nines


PokerStars Hand #151884195336:  Hold'em Limit ($3/$6 USD) - 2016/04/13 21:09:17 ET
Table 'Marconia II' 6-max Seat #6 is the button
Seat 4: Paulllchen ($139.93 in chips)
Seat 6: Necromadx ($131.50 in chips)
Necromadx: posts small blind $1
Paulllchen: posts big blind $3
*** HOLE CARDS ***
Necromadx: raises $3 to $6
Paulllchen: raises $3 to $9
Necromadx: calls $3
*** FLOP *** [Kd 7d 5h]
Paulllchen: bets $3
Necromadx: calls $3
*** TURN *** [Kd 7d 5h] [2h]
Paulllchen: bets $6
Necromadx: raises $6 to $12
Paulllchen: calls $6
*** RIVER *** [Kd 7d 5h 2h] [Ts]
Paulllchen: checks
Necromadx: bets $6
Paulllchen: calls $6
*** SHOW DOWN ***
Necromadx: shows [Ks Tc] (two pair, Kings and Tens)
Paulllchen: mucks hand
Necromadx collected $59.50 from pot
*** SUMMARY ***
Total pot $60 | Rake $0.50
Board [Kd 7d 5h 2h Ts]
Seat 4: Paulllchen (big blind) mucked
Seat 6: Necromadx (button) (small blind) showed [Ks Tc] and won ($59.50) with two pair, Kings and Tens


PokerStars Hand #151884206202:  Hold'em Limit ($3/$6 USD) - 2016/04/13 21:09:43 ET
Table 'Marconia II' 6-max Seat #6 is the button
Seat 4: Paulllchen ($97.93 in chips)
Seat 6: Necromadx ($172.52 in chips)
Necromadx: posts small blind $1
Paulllchen: posts big blind $3
*** HOLE CARDS ***
Necromadx: raises $3 to $6
Paulllchen: calls $3
*** FLOP *** [5d 4s Qh]
Paulllchen: checks
Necromadx: bets $3
Paulllchen: folds
Uncalled bet ($3) returned to Necromadx
Necromadx collected $11.76 from pot
Necromadx: doesn't show hand
*** SUMMARY ***
Total pot $12 | Rake $0.24
Board [5d 4s Qh]
Seat 4: Paulllchen (big blind) folded on the Flop
Seat 6: Necromadx (button) (small blind) collected ($11.76)


PokerStars Hand #151884192934:  Hold'em Limit ($3/$6 USD) - 2016/04/13 21:09:11 ET
Table 'Marconia II' 6-max Seat #4 is the button
Seat 4: Paulllchen ($136.93 in chips)
Seat 6: Necromadx ($134.50 in chips)
Paulllchen: posts small blind $1
Necromadx: posts big blind $3
*** HOLE CARDS ***
Paulllchen: raises $3 to $6
Necromadx: folds
Uncalled bet ($3) returned to Paulllchen
Paulllchen collected $6 from pot
Paulllchen: doesn't show hand
*** SUMMARY ***
Total pot $6 | Rake $0
Seat 4: Paulllchen (button) (small blind) collected ($6)
Seat 6: Necromadx (big blind) folded before Flop


PokerStars Hand #151884187734:  Hold'em Limit ($3/$6 USD) - 2016/04/13 21:08:58 ET
Table 'Marconia II' 6-max Seat #6 is the button
Seat 4: Paulllchen ($151.93 in chips)
Seat 6: Necromadx ($120 in chips)
Necromadx: posts small blind $1
Paulllchen: posts big blind $3
*** HOLE CARDS ***
Necromadx: raises $3 to $6
Paulllchen: calls $3
*** FLOP *** [6h Kd 2h]
Paulllchen: checks
Necromadx: bets $3
Paulllchen: calls $3
*** TURN *** [6h Kd 2h] [4d]
Paulllchen: checks
Necromadx: checks
*** RIVER *** [6h Kd 2h 4d] [3h]
Paulllchen: bets $6
Necromadx: calls $6
*** SHOW DOWN ***
Paulllchen: shows [Tc 8d] (high card King)
Necromadx: shows [Jd 3s] (a pair of Threes)
Necromadx collected $29.50 from pot
*** SUMMARY ***
Total pot $30 | Rake $0.50
Board [6h Kd 2h 4d 3h]
Seat 4: Paulllchen (big blind) showed [Tc 8d] and lost with high card King
Seat 6: Necromadx (button) (small blind) showed [Jd 3s] and won ($29.50) with a pair of Threes


PokerStars Hand #151884180688:  Hold'em Limit ($3/$6 USD) - 2016/04/13 21:08:41 ET
Table 'Marconia II' 6-max Seat #4 is the button
Seat 4: Paulllchen ($113.43 in chips)
Seat 6: Necromadx ($128 in chips)
Paulllchen: posts small blind $1
Necromadx: posts big blind $3
*** HOLE CARDS ***
Paulllchen: raises $3 to $6
Necromadx: raises $3 to $9
Paulllchen: calls $3
*** FLOP *** [7h 2d 7d]
Necromadx: bets $3
Paulllchen: raises $3 to $6
Necromadx: calls $3
*** TURN *** [7h 2d 7d] [Js]
Necromadx: checks
Paulllchen: bets $6
Necromadx: raises $6 to $12
Paulllchen: raises $6 to $18
Necromadx: calls $6
*** RIVER *** [7h 2d 7d Js] [4c]
Necromadx: checks
Paulllchen: bets $6
Necromadx: calls $6
*** SHOW DOWN ***
Paulllchen: shows [Qs 7c] (three of a kind, Sevens)
Necromadx: mucks hand
Paulllchen collected $77.50 from pot
*** SUMMARY ***
Total pot $78 | Rake $0.50
Board [7h 2d 7d Js 4c]
Seat 4: Paulllchen (button) (small blind) showed [Qs 7c] and won ($77.50) with three of a kind, Sevens
Seat 6: Necromadx (big blind) mucked


PokerStars Hand #151884201611:  Hold'em Limit ($3/$6 USD) - 2016/04/13 21:09:32 ET
Table 'Marconia II' 6-max Seat #4 is the button
Seat 4: Paulllchen ($109.93 in chips)
Seat 6: Necromadx ($161 in chips)
Paulllchen: posts small blind $1
Necromadx: posts big blind $3
*** HOLE CARDS ***
Paulllchen: raises $3 to $6
Necromadx: calls $3
*** FLOP *** [Qd 3d Ac]
Necromadx: checks
Paulllchen: bets $3
Necromadx: raises $3 to $6
Paulllchen: calls $3
*** TURN *** [Qd 3d Ac] [3s]
Necromadx: bets $6
Paulllchen: folds
Uncalled bet ($6) returned to Necromadx
Necromadx collected $23.52 from pot
Necromadx: doesn't show hand
*** SUMMARY ***
Total pot $24 | Rake $0.48
Board [Qd 3d Ac 3s]
Seat 4: Paulllchen (button) (small blind) folded on the Turn
Seat 6: Necromadx (big blind) collected ($23.52)


PokerStars Hand #151884209713:  Hold'em Limit ($3/$6 USD) - 2016/04/13 21:09:52 ET
Table 'Marconia II' 6-max Seat #4 is the button
Seat 4: Paulllchen ($91.93 in chips)
Seat 6: Necromadx ($178.28 in chips)
Paulllchen: posts small blind $1
Necromadx: posts big blind $3
*** HOLE CARDS ***
Paulllchen: calls $2
Necromadx: raises $3 to $6
Paulllchen: calls $3
*** FLOP *** [8c 5d 3h]
Necromadx: bets $3
Paulllchen: folds
Uncalled bet ($3) returned to Necromadx
Necromadx collected $11.76 from pot
Necromadx: doesn't show hand
*** SUMMARY ***
Total pot $12 | Rake $0.24
Board [8c 5d 3h]
Seat 4: Paulllchen (button) (small blind) folded on the Flop
Seat 6: Necromadx (big blind) collected ($11.76)


PokerStars Hand #151884213502:  Hold'em Limit ($3/$6 USD) - 2016/04/13 21:10:01 ET
Table 'Marconia II' 6-max Seat #6 is the button
Seat 4: Paulllchen ($85.93 in chips)
Seat 6: Necromadx ($184.04 in chips)
Necromadx: posts small blind $1
Paulllchen: posts big blind $3
*** HOLE CARDS ***
Necromadx: raises $3 to $6
Paulllchen: raises $3 to $9
Necromadx: calls $3
*** FLOP *** [Qc 2h 4d]
Paulllchen: bets $3
Necromadx: calls $3
*** TURN *** [Qc 2h 4d] [7s]
Paulllchen: bets $6
Necromadx: calls $6
*** RIVER *** [Qc 2h 4d 7s] [Ac]
Paulllchen: bets $6
Necromadx: calls $6
*** SHOW DOWN ***
Paulllchen: shows [Ah 8h] (a pair of Aces)
Necromadx: mucks hand
Paulllchen collected $47.50 from pot
*** SUMMARY ***
Total pot $48 | Rake $0.50
Board [Qc 2h 4d 7s Ac]
Seat 4: Paulllchen (big blind) showed [Ah 8h] and won ($47.50) with a pair of Aces
Seat 6: Necromadx (button) (small blind) mucked


PokerStars Hand #151884218985:  Hold'em Limit ($3/$6 USD) - 2016/04/13 21:10:15 ET
Table 'Marconia II' 6-max Seat #4 is the button
Seat 4: Paulllchen ($109.43 in chips)
Seat 6: Necromadx ($160.04 in chips)
Paulllchen: posts small blind $1
Necromadx: posts big blind $3
*** HOLE CARDS ***
Paulllchen: raises $3 to $6
Necromadx: calls $3
*** FLOP *** [4s 8s Qh]
Necromadx: checks
Paulllchen: checks
*** TURN *** [4s 8s Qh] [9h]
Necromadx: checks
Paulllchen: bets $6
Necromadx: folds
Uncalled bet ($6) returned to Paulllchen
Paulllchen collected $11.76 from pot
Paulllchen: doesn't show hand
*** SUMMARY ***
Total pot $12 | Rake $0.24
Board [4s 8s Qh 9h]
Seat 4: Paulllchen (button) (small blind) collected ($11.76)
Seat 6: Necromadx (big blind) folded on the Turn


PokerStars Hand #151884224854:  Hold'em Limit ($3/$6 USD) - 2016/04/13 21:10:29 ET
Table 'Marconia II' 6-max Seat #6 is the button
Seat 4: Paulllchen ($115.19 in chips)
Seat 6: Necromadx ($154.04 in chips)
Necromadx: posts small blind $1
Paulllchen: posts big blind $3
*** HOLE CARDS ***
Necromadx: raises $3 to $6
Paulllchen: calls $3
*** FLOP *** [4c 9h Qd]
Paulllchen: bets $3
Necromadx: calls $3
*** TURN *** [4c 9h Qd] [Jc]
Paulllchen: checks
Necromadx: bets $6
Paulllchen: calls $6
*** RIVER *** [4c 9h Qd Jc] [2h]
Paulllchen: checks
Necromadx: bets $6
Paulllchen: calls $6
*** SHOW DOWN ***
Necromadx: shows [Tc Qs] (a pair of Queens)
Paulllchen: mucks hand
Necromadx collected $41.50 from pot
*** SUMMARY ***
Total pot $42 | Rake $0.50
Board [4c 9h Qd Jc 2h]
Seat 4: Paulllchen (big blind) mucked
Seat 6: Necromadx (button) (small blind) showed [Tc Qs] and won ($41.50) with a pair of Queens


PokerStars Hand #151884233122:  Hold'em Limit ($3/$6 USD) - 2016/04/13 21:10:50 ET
Table 'Marconia II' 6-max Seat #6 is the button
Seat 4: Paulllchen ($93.19 in chips)
Seat 6: Necromadx ($175.54 in chips)
Necromadx: posts small blind $1
Paulllchen: posts big blind $3
*** HOLE CARDS ***
Necromadx: raises $3 to $6
Paulllchen: folds
Uncalled bet ($3) returned to Necromadx
Necromadx collected $6 from pot
Necromadx: doesn't show hand
*** SUMMARY ***
Total pot $6 | Rake $0
Seat 4: Paulllchen (big blind) folded before Flop
Seat 6: Necromadx (button) (small blind) collected ($6)


PokerStars Hand #151884231259:  Hold'em Limit ($3/$6 USD) - 2016/04/13 21:10:45 ET
Table 'Marconia II' 6-max Seat #4 is the button
Seat 4: Paulllchen ($94.19 in chips)
Seat 6: Necromadx ($174.54 in chips)
Paulllchen: posts small blind $1
Necromadx: posts big blind $3
*** HOLE CARDS ***
Paulllchen: folds
Uncalled bet ($2) returned to Necromadx
Necromadx collected $2 from pot
Necromadx: doesn't show hand
*** SUMMARY ***
Total pot $2 | Rake $0
Seat 4: Paulllchen (button) (small blind) folded before Flop
Seat 6: Necromadx (big blind) collected ($2)


PokerStars Hand #151884234880:  Hold'em Limit ($3/$6 USD) - 2016/04/13 21:10:54 ET
Table 'Marconia II' 6-max Seat #4 is the button
Seat 4: Paulllchen ($90.19 in chips)
Seat 6: Necromadx ($178.54 in chips)
Paulllchen: posts small blind $1
Necromadx: posts big blind $3
*** HOLE CARDS ***
Paulllchen: raises $3 to $6
Necromadx: raises $3 to $9
Paulllchen: calls $3
*** FLOP *** [3h Ad Ts]
Necromadx: bets $3
Paulllchen: folds
Uncalled bet ($3) returned to Necromadx
Necromadx collected $17.64 from pot
Necromadx: doesn't show hand
*** SUMMARY ***
Total pot $18 | Rake $0.36
Board [3h Ad Ts]
Seat 4: Paulllchen (button) (small blind) folded on the Flop
Seat 6: Necromadx (big blind) collected ($17.64)


PokerStars Hand #151884238024:  Hold'em Limit ($3/$6 USD) - 2016/04/13 21:11:02 ET
Table 'Marconia II' 6-max Seat #6 is the button
Seat 4: Paulllchen ($81.19 in chips)
Seat 6: Necromadx ($187.18 in chips)
Necromadx: posts small blind $1
Paulllchen: posts big blind $3
*** HOLE CARDS ***
Necromadx: raises $3 to $6
Paulllchen: calls $3
*** FLOP *** [2c 9c 6d]
Paulllchen: checks
Necromadx: bets $3
Paulllchen: folds
Uncalled bet ($3) returned to Necromadx
Necromadx collected $11.76 from pot
Necromadx: doesn't show hand
*** SUMMARY ***
Total pot $12 | Rake $0.24
Board [2c 9c 6d]
Seat 4: Paulllchen (big blind) folded on the Flop
Seat 6: Necromadx (button) (small blind) collected ($11.76)


PokerStars Hand #151884241161:  Hold'em Limit ($3/$6 USD) - 2016/04/13 21:11:09 ET
Table 'Marconia II' 6-max Seat #4 is the button
Seat 4: Paulllchen ($75.19 in chips)
Seat 6: Necromadx ($192.94 in chips)
Paulllchen: posts small blind $1
Necromadx: posts big blind $3
*** HOLE CARDS ***
Paulllchen: raises $3 to $6
Necromadx: calls $3
*** FLOP *** [3s 8s Th]
Necromadx: checks
Paulllchen: bets $3
Necromadx: folds
Uncalled bet ($3) returned to Paulllchen
Paulllchen collected $11.76 from pot
Paulllchen: doesn't show hand
*** SUMMARY ***
Total pot $12 | Rake $0.24
Board [3s 8s Th]
Seat 4: Paulllchen (button) (small blind) collected ($11.76)
Seat 6: Necromadx (big blind) folded on the Flop


PokerStars Hand #151884243931:  Hold'em Limit ($3/$6 USD) - 2016/04/13 21:11:16 ET
Table 'Marconia II' 6-max Seat #6 is the button
Seat 4: Paulllchen ($80.95 in chips)
Seat 6: Necromadx ($186.94 in chips)
Necromadx: posts small blind $1
Paulllchen: posts big blind $3
*** HOLE CARDS ***
Necromadx: raises $3 to $6
Paulllchen: raises $3 to $9
Necromadx: calls $3
*** FLOP *** [Td 9c Kd]
Paulllchen: checks
Necromadx: bets $3
Paulllchen: calls $3
*** TURN *** [Td 9c Kd] [Qd]
Paulllchen: bets $6
Necromadx: raises $6 to $12
Paulllchen: folds
Uncalled bet ($6) returned to Necromadx
Necromadx collected $35.50 from pot
Necromadx: doesn't show hand
*** SUMMARY ***
Total pot $36 | Rake $0.50
Board [Td 9c Kd Qd]
Seat 4: Paulllchen (big blind) folded on the Turn
Seat 6: Necromadx (button) (small blind) collected ($35.50)


PokerStars Hand #151884249697:  Hold'em Limit ($3/$6 USD) - 2016/04/13 21:11:30 ET
Table 'Marconia II' 6-max Seat #4 is the button
Seat 4: Paulllchen ($62.95 in chips)
Seat 6: Necromadx ($204.44 in chips)
Paulllchen: posts small blind $1
Necromadx: posts big blind $3
*** HOLE CARDS ***
Paulllchen: calls $2
Necromadx: raises $3 to $6
Paulllchen: calls $3
*** FLOP *** [3c 6s 8s]
Necromadx: bets $3
Paulllchen: raises $3 to $6
Necromadx: calls $3
*** TURN *** [3c 6s 8s] [6c]
Necromadx: checks
Paulllchen: bets $6
Necromadx: folds
Uncalled bet ($6) returned to Paulllchen
Paulllchen collected $23.52 from pot
Paulllchen: doesn't show hand
*** SUMMARY ***
Total pot $24 | Rake $0.48
Board [3c 6s 8s 6c]
Seat 4: Paulllchen (button) (small blind) collected ($23.52)
Seat 6: Necromadx (big blind) folded on the Turn


PokerStars Hand #151884445739:  Hold'em Limit ($3/$6 USD) - 2016/04/13 21:19:24 ET
Table 'Marconia II' 6-max Seat #6 is the button
Seat 3: owenheadch ($120 in chips)
Seat 6: Necromadx ($192.44 in chips)
Necromadx: posts small blind $1
owenheadch: posts big blind $3
*** HOLE CARDS ***
Necromadx: raises $3 to $6
owenheadch: calls $3
*** FLOP *** [Kh 5h Kd]
owenheadch: checks
Necromadx: bets $3
owenheadch: folds
Uncalled bet ($3) returned to Necromadx
Necromadx collected $11.76 from pot
Necromadx: doesn't show hand
*** SUMMARY ***
Total pot $12 | Rake $0.24
Board [Kh 5h Kd]
Seat 3: owenheadch (big blind) folded on the Flop
Seat 6: Necromadx (button) (small blind) collected ($11.76)


PokerStars Hand #151884451821:  Hold'em Limit ($3/$6 USD) - 2016/04/13 21:19:39 ET
Table 'Marconia II' 6-max Seat #6 is the button
Seat 3: owenheadch ($117 in chips)
Seat 6: Necromadx ($195.20 in chips)
Necromadx: posts small blind $1
owenheadch: posts big blind $3
*** HOLE CARDS ***
Necromadx: raises $3 to $6
owenheadch: folds
Uncalled bet ($3) returned to Necromadx
Necromadx collected $6 from pot
Necromadx: doesn't show hand
*** SUMMARY ***
Total pot $6 | Rake $0
Seat 3: owenheadch (big blind) folded before Flop
Seat 6: Necromadx (button) (small blind) collected ($6)


PokerStars Hand #151884461116:  Hold'em Limit ($3/$6 USD) - 2016/04/13 21:20:02 ET
Table 'Marconia II' 6-max Seat #6 is the button
Seat 3: owenheadch ($116.76 in chips)
Seat 6: Necromadx ($194.96 in chips)
Necromadx: posts small blind $1
owenheadch: posts big blind $3
*** HOLE CARDS ***
Necromadx: raises $3 to $6
owenheadch: calls $3
*** FLOP *** [3h 4d 8h]
owenheadch: checks
Necromadx: bets $3
owenheadch: raises $3 to $6
Necromadx: calls $3
*** TURN *** [3h 4d 8h] [Jd]
owenheadch: checks
Necromadx: checks
*** RIVER *** [3h 4d 8h Jd] [8c]
owenheadch: checks
Necromadx: checks
*** SHOW DOWN ***
owenheadch: shows [Qc 7h] (a pair of Eights)
Necromadx: mucks hand
owenheadch collected $23.52 from pot
*** SUMMARY ***
Total pot $24 | Rake $0.48
Board [3h 4d 8h Jd 8c]
Seat 3: owenheadch (big blind) showed [Qc 7h] and won ($23.52) with a pair of Eights
Seat 6: Necromadx (button) (small blind) mucked


PokerStars Hand #151884458402:  Hold'em Limit ($3/$6 USD) - 2016/04/13 21:19:56 ET
Table 'Marconia II' 6-max Seat #3 is the button
Seat 3: owenheadch ($111 in chips)
Seat 6: Necromadx ($200.96 in chips)
owenheadch: posts small blind $1
Necromadx: posts big blind $3
*** HOLE CARDS ***
owenheadch: raises $3 to $6
Necromadx: calls $3
*** FLOP *** [Ah 2s Qd]
Necromadx: checks
owenheadch: bets $3
Necromadx: folds
Uncalled bet ($3) returned to owenheadch
owenheadch collected $11.76 from pot
owenheadch: doesn't show hand
*** SUMMARY ***
Total pot $12 | Rake $0.24
Board [Ah 2s Qd]
Seat 3: owenheadch (button) (small blind) collected ($11.76)
Seat 6: Necromadx (big blind) folded on the Flop


PokerStars Hand #151884455597:  Hold'em Limit ($3/$6 USD) - 2016/04/13 21:19:48 ET
Table 'Marconia II' 6-max Seat #6 is the button
Seat 3: owenheadch ($117 in chips)
Seat 6: Necromadx ($195.20 in chips)
Necromadx: posts small blind $1
owenheadch: posts big blind $3
*** HOLE CARDS ***
Necromadx: raises $3 to $6
owenheadch: calls $3
*** FLOP *** [Ac 2s Td]
owenheadch: checks
Necromadx: bets $3
owenheadch: folds
Uncalled bet ($3) returned to Necromadx
Necromadx collected $11.76 from pot
Necromadx: doesn't show hand
*** SUMMARY ***
Total pot $12 | Rake $0.24
Board [Ac 2s Td]
Seat 3: owenheadch (big blind) folded on the Flop
Seat 6: Necromadx (button) (small blind) collected ($11.76)


PokerStars Hand #151884471293:  Hold'em Limit ($3/$6 USD) - 2016/04/13 21:20:28 ET
Table 'Marconia II' 6-max Seat #6 is the button
Seat 3: owenheadch ($127.28 in chips)
Seat 6: Necromadx ($183.96 in chips)
Necromadx: posts small blind $1
owenheadch: posts big blind $3
*** HOLE CARDS ***
Necromadx: folds
Uncalled bet ($2) returned to owenheadch
owenheadch collected $2 from pot
owenheadch: doesn't show hand
*** SUMMARY ***
Total pot $2 | Rake $0
Seat 3: owenheadch (big blind) collected ($2)
Seat 6: Necromadx (button) (small blind) folded before Flop


PokerStars Hand #151884468275:  Hold'em Limit ($3/$6 USD) - 2016/04/13 21:20:20 ET
Table 'Marconia II' 6-max Seat #3 is the button
Seat 3: owenheadch ($128.28 in chips)
Seat 6: Necromadx ($182.96 in chips)
owenheadch: posts small blind $1
Necromadx: posts big blind $3
*** HOLE CARDS ***
owenheadch: folds
Uncalled bet ($2) returned to Necromadx
Necromadx collected $2 from pot
Necromadx: doesn't show hand
*** SUMMARY ***
Total pot $2 | Rake $0
Seat 3: owenheadch (button) (small blind) folded before Flop
Seat 6: Necromadx (big blind) collected ($2)


PokerStars Hand #151886428489:  Hold'em Limit ($3/$6 USD) - 2016/04/13 22:52:19 ET
Table 'Marconia II' 6-max Seat #4 is the button
Seat 3: BABENA77 ($53.39 in chips)
Seat 4: MissEKAmouse ($134.50 in chips)
MissEKAmouse: posts small blind $1
BABENA77: posts big blind $3
*** HOLE CARDS ***
MissEKAmouse: folds
Uncalled bet ($2) returned to BABENA77
BABENA77 collected $2 from pot
BABENA77: doesn't show hand
*** SUMMARY ***
Total pot $2 | Rake $0
Seat 3: BABENA77 (big blind) collected ($2)
Seat 4: MissEKAmouse (button) (small blind) folded before Flop


PokerStars Hand #151886413501:  Hold'em Limit ($3/$6 USD) - 2016/04/13 22:51:31 ET
Table 'Marconia II' 6-max Seat #3 is the button
Seat 3: BABENA77 ($68.39 in chips)
Seat 4: MissEKAmouse ($120 in chips)
BABENA77: posts small blind $1
MissEKAmouse: posts big blind $3
*** HOLE CARDS ***
BABENA77: raises $3 to $6
MissEKAmouse: calls $3
*** FLOP *** [7h 3d 4d]
MissEKAmouse: bets $3
BABENA77: calls $3
*** TURN *** [7h 3d 4d] [Jd]
MissEKAmouse: bets $6
BABENA77: calls $6
*** RIVER *** [7h 3d 4d Jd] [6h]
MissEKAmouse: bets $6
BABENA77: folds
Uncalled bet ($6) returned to MissEKAmouse
MissEKAmouse collected $29.50 from pot
*** SUMMARY ***
Total pot $30 | Rake $0.50
Board [7h 3d 4d Jd 6h]
Seat 3: BABENA77 (button) (small blind) folded on the River
Seat 4: MissEKAmouse (big blind) collected ($29.50)


PokerStars Hand #151886453887:  Hold'em Limit ($3/$6 USD) - 2016/04/13 22:53:40 ET
Table 'Marconia II' 6-max Seat #3 is the button
Seat 3: BABENA77 ($55.14 in chips)
Seat 4: MissEKAmouse ($132.25 in chips)
BABENA77: posts small blind $1
MissEKAmouse: posts big blind $3
*** HOLE CARDS ***
BABENA77: folds
Uncalled bet ($2) returned to MissEKAmouse
MissEKAmouse collected $2 from pot
*** SUMMARY ***
Total pot $2 | Rake $0
Seat 3: BABENA77 (button) (small blind) folded before Flop
Seat 4: MissEKAmouse (big blind) collected ($2)


PokerStars Hand #151886450081:  Hold'em Limit ($3/$6 USD) - 2016/04/13 22:53:27 ET
Table 'Marconia II' 6-max Seat #4 is the button
Seat 3: BABENA77 ($54.14 in chips)
Seat 4: MissEKAmouse ($133.25 in chips)
MissEKAmouse: posts small blind $1
BABENA77: posts big blind $3
*** HOLE CARDS ***
MissEKAmouse: folds
Uncalled bet ($2) returned to BABENA77
BABENA77 collected $2 from pot
BABENA77: doesn't show hand
*** SUMMARY ***
Total pot $2 | Rake $0
Seat 3: BABENA77 (big blind) collected ($2)
Seat 4: MissEKAmouse (button) (small blind) folded before Flop


PokerStars Hand #151886433141:  Hold'em Limit ($3/$6 USD) - 2016/04/13 22:52:34 ET
Table 'Marconia II' 6-max Seat #3 is the button
Seat 3: BABENA77 ($54.39 in chips)
Seat 4: MissEKAmouse ($133.50 in chips)
BABENA77: posts small blind $1
MissEKAmouse: posts big blind $3
*** HOLE CARDS ***
BABENA77: raises $3 to $6
MissEKAmouse: calls $3
*** FLOP *** [7h 7s 3h]
MissEKAmouse: checks
BABENA77: bets $3
MissEKAmouse: calls $3
*** TURN *** [7h 7s 3h] [8h]
MissEKAmouse: checks
BABENA77: bets $6
MissEKAmouse: calls $6
*** RIVER *** [7h 7s 3h 8h] [4c]
MissEKAmouse: checks
BABENA77: checks
*** SHOW DOWN ***
MissEKAmouse: shows [As 5c] (a pair of Sevens)
BABENA77: shows [5d Ad] (a pair of Sevens)
MissEKAmouse collected $14.75 from pot
BABENA77 collected $14.75 from pot
*** SUMMARY ***
Total pot $30 | Rake $0.50
Board [7h 7s 3h 8h 4c]
Seat 3: BABENA77 (button) (small blind) showed [5d Ad] and won ($14.75) with a pair of Sevens
Seat 4: MissEKAmouse (big blind) showed [As 5c] and won ($14.75) with a pair of Sevens


PokerStars Hand #151886466899:  Hold'em Limit ($3/$6 USD) - 2016/04/13 22:54:22 ET
Table 'Marconia II' 6-max Seat #3 is the button
Seat 3: BABENA77 ($45.14 in chips)
Seat 4: MissEKAmouse ($141.89 in chips)
BABENA77: posts small blind $1
MissEKAmouse: posts big blind $3
*** HOLE CARDS ***
BABENA77: folds
Uncalled bet ($2) returned to MissEKAmouse
MissEKAmouse collected $2 from pot
MissEKAmouse: doesn't show hand
*** SUMMARY ***
Total pot $2 | Rake $0
Seat 3: BABENA77 (button) (small blind) folded before Flop
Seat 4: MissEKAmouse (big blind) collected ($2)


PokerStars Hand #151886455531:  Hold'em Limit ($3/$6 USD) - 2016/04/13 22:53:45 ET
Table 'Marconia II' 6-max Seat #4 is the button
Seat 3: BABENA77 ($54.14 in chips)
Seat 4: MissEKAmouse ($133.25 in chips)
MissEKAmouse: posts small blind $1
BABENA77: posts big blind $3
*** HOLE CARDS ***
MissEKAmouse: raises $3 to $6
BABENA77: calls $3
*** FLOP *** [Ks 6c 5c]
BABENA77: checks
MissEKAmouse: bets $3
BABENA77: calls $3
*** TURN *** [Ks 6c 5c] [Kc]
BABENA77: checks
MissEKAmouse: checks
*** RIVER *** [Ks 6c 5c Kc] [Ah]
BABENA77: checks
MissEKAmouse: checks
*** SHOW DOWN ***
BABENA77: shows [9d 8s] (a pair of Kings)
MissEKAmouse: shows [Qh Td] (a pair of Kings - Ace+Queen kicker)
MissEKAmouse collected $17.64 from pot
*** SUMMARY ***
Total pot $18 | Rake $0.36
Board [Ks 6c 5c Kc Ah]
Seat 3: BABENA77 (big blind) showed [9d 8s] and lost with a pair of Kings
Seat 4: MissEKAmouse (button) (small blind) showed [Qh Td] and won ($17.64) with a pair of Kings


PokerStars Hand #151886469572:  Hold'em Limit ($3/$6 USD) - 2016/04/13 22:54:30 ET
Table 'Marconia II' 6-max Seat #4 is the button
Seat 3: BABENA77 ($44.14 in chips)
Seat 4: MissEKAmouse ($142.89 in chips)
MissEKAmouse: posts small blind $1
BABENA77: posts big blind $3
*** HOLE CARDS ***
MissEKAmouse: folds
Uncalled bet ($2) returned to BABENA77
BABENA77 collected $2 from pot
BABENA77: doesn't show hand
*** SUMMARY ***
Total pot $2 | Rake $0
Seat 3: BABENA77 (big blind) collected ($2)
Seat 4: MissEKAmouse (button) (small blind) folded before Flop


PokerStars Hand #151886482134:  Hold'em Limit ($3/$6 USD) - 2016/04/13 22:54:43 ET
Table 'Marconia II' 6-max Seat #3 is the button
Seat 3: BABENA77 ($45.14 in chips)
Seat 4: MissEKAmouse ($141.89 in chips)
BABENA77: posts small blind $1
MissEKAmouse: posts big blind $3
*** HOLE CARDS ***
BABENA77: raises $3 to $6
MissEKAmouse: calls $3
*** FLOP *** [Kh 4c 2h]
MissEKAmouse: bets $3
BABENA77: folds
Uncalled bet ($3) returned to MissEKAmouse
MissEKAmouse collected $11.76 from pot
MissEKAmouse: doesn't show hand
*** SUMMARY ***
Total pot $12 | Rake $0.24
Board [Kh 4c 2h]
Seat 3: BABENA77 (button) (small blind) folded on the Flop
Seat 4: MissEKAmouse (big blind) collected ($11.76)


PokerStars Hand #151886488335:  Hold'em Limit ($3/$6 USD) - 2016/04/13 22:55:04 ET
Table 'Marconia II' 6-max Seat #4 is the button
Seat 3: BABENA77 ($39.14 in chips)
Seat 4: MissEKAmouse ($147.65 in chips)
MissEKAmouse: posts small blind $1
BABENA77: posts big blind $3
*** HOLE CARDS ***
MissEKAmouse: folds
Uncalled bet ($2) returned to BABENA77
BABENA77 collected $2 from pot
BABENA77: doesn't show hand
*** SUMMARY ***
Total pot $2 | Rake $0
Seat 3: BABENA77 (big blind) collected ($2)
Seat 4: MissEKAmouse (button) (small blind) folded before Flop


