PokerStars Hand #155708939802:  Hold'em Limit ($3/$6 USD) - 2016/07/08 8:39:39 ET
Table 'Marconia II' 6-max Seat #1 is the button
Seat 1: VolkovDmitri ($120 in chips)
Seat 3: alinabaish ($120 in chips)
VolkovDmitri: posts small blind $1
alinabaish: posts big blind $3
*** HOLE CARDS ***
VolkovDmitri: raises $3 to $6
alinabaish: raises $3 to $9
VolkovDmitri: calls $3
*** FLOP *** [Jh Ac 9s]
alinabaish: bets $3
VolkovDmitri: calls $3
*** TURN *** [Jh Ac 9s] [6s]
alinabaish: bets $6
VolkovDmitri: folds
Uncalled bet ($6) returned to alinabaish
alinabaish collected $23.52 from pot
alinabaish: doesn't show hand
*** SUMMARY ***
Total pot $24 | Rake $0.48
Board [Jh Ac 9s 6s]
Seat 1: VolkovDmitri (button) (small blind) folded on the Turn
Seat 3: alinabaish (big blind) collected ($23.52)


PokerStars Hand #155708958235:  Hold'em Limit ($3/$6 USD) - 2016/07/08 8:40:19 ET
Table 'Marconia II' 6-max Seat #3 is the button
Seat 1: VolkovDmitri ($120 in chips)
Seat 3: alinabaish ($131.52 in chips)
alinabaish: posts small blind $1
VolkovDmitri: posts big blind $3
*** HOLE CARDS ***
alinabaish: raises $3 to $6
VolkovDmitri: raises $3 to $9
alinabaish: calls $3
*** FLOP *** [Qs 9d Ks]
VolkovDmitri: bets $3
alinabaish: calls $3
*** TURN *** [Qs 9d Ks] [3c]
VolkovDmitri: bets $6
alinabaish: calls $6
*** RIVER *** [Qs 9d Ks 3c] [5d]
VolkovDmitri: bets $6
alinabaish: folds
Uncalled bet ($6) returned to VolkovDmitri
VolkovDmitri collected $35.50 from pot
VolkovDmitri: doesn't show hand
*** SUMMARY ***
Total pot $36 | Rake $0.50
Board [Qs 9d Ks 3c 5d]
Seat 1: VolkovDmitri (big blind) collected ($35.50)
Seat 3: alinabaish (button) (small blind) folded on the River


PokerStars Hand #155708990371:  Hold'em Limit ($3/$6 USD) - 2016/07/08 8:41:30 ET
Table 'Marconia II' 6-max Seat #3 is the button
Seat 1: VolkovDmitri ($120 in chips)
Seat 3: alinabaish ($131.02 in chips)
alinabaish: posts small blind $1
VolkovDmitri: posts big blind $3
*** HOLE CARDS ***
alinabaish: folds
Uncalled bet ($2) returned to VolkovDmitri
VolkovDmitri collected $2 from pot
VolkovDmitri: doesn't show hand
*** SUMMARY ***
Total pot $2 | Rake $0
Seat 1: VolkovDmitri (big blind) collected ($2)
Seat 3: alinabaish (button) (small blind) folded before Flop


PokerStars Hand #155708970941:  Hold'em Limit ($3/$6 USD) - 2016/07/08 8:40:47 ET
Table 'Marconia II' 6-max Seat #1 is the button
Seat 1: VolkovDmitri ($137.50 in chips)
Seat 3: alinabaish ($113.52 in chips)
VolkovDmitri: posts small blind $1
alinabaish: posts big blind $3
*** HOLE CARDS ***
VolkovDmitri: raises $3 to $6
alinabaish: raises $3 to $9
VolkovDmitri: calls $3
*** FLOP *** [5s 9h 5d]
alinabaish: bets $3
VolkovDmitri: calls $3
*** TURN *** [5s 9h 5d] [Kd]
alinabaish: bets $6
VolkovDmitri: calls $6
*** RIVER *** [5s 9h 5d Kd] [2h]
alinabaish: checks
VolkovDmitri: checks
*** SHOW DOWN ***
alinabaish: shows [9c Th] (two pair, Nines and Fives)
VolkovDmitri: mucks hand
alinabaish collected $35.50 from pot
*** SUMMARY ***
Total pot $36 | Rake $0.50
Board [5s 9h 5d Kd 2h]
Seat 1: VolkovDmitri (button) (small blind) mucked
Seat 3: alinabaish (big blind) showed [9c Th] and won ($35.50) with two pair, Nines and Fives


PokerStars Hand #155708992963:  Hold'em Limit ($3/$6 USD) - 2016/07/08 8:41:35 ET
Table 'Marconia II' 6-max Seat #1 is the button
Seat 1: VolkovDmitri ($121 in chips)
Seat 3: alinabaish ($130.02 in chips)
VolkovDmitri: posts small blind $1
alinabaish: posts big blind $3
*** HOLE CARDS ***
VolkovDmitri: raises $3 to $6
alinabaish: calls $3
*** FLOP *** [Jh 4d 7h]
alinabaish: checks
VolkovDmitri: bets $3
alinabaish: calls $3
*** TURN *** [Jh 4d 7h] [Kh]
alinabaish: checks
VolkovDmitri: bets $6
alinabaish: folds
Uncalled bet ($6) returned to VolkovDmitri
VolkovDmitri collected $17.64 from pot
VolkovDmitri: doesn't show hand
*** SUMMARY ***
Total pot $18 | Rake $0.36
Board [Jh 4d 7h Kh]
Seat 1: VolkovDmitri (button) (small blind) collected ($17.64)
Seat 3: alinabaish (big blind) folded on the Turn


PokerStars Hand #155709002868:  Hold'em Limit ($3/$6 USD) - 2016/07/08 8:41:57 ET
Table 'Marconia II' 6-max Seat #3 is the button
Seat 1: VolkovDmitri ($129.64 in chips)
Seat 3: alinabaish ($121.02 in chips)
alinabaish: posts small blind $1
VolkovDmitri: posts big blind $3
*** HOLE CARDS ***
alinabaish: folds
Uncalled bet ($2) returned to VolkovDmitri
VolkovDmitri collected $2 from pot
VolkovDmitri: doesn't show hand
*** SUMMARY ***
Total pot $2 | Rake $0
Seat 1: VolkovDmitri (big blind) collected ($2)
Seat 3: alinabaish (button) (small blind) folded before Flop


PokerStars Hand #155709005083:  Hold'em Limit ($3/$6 USD) - 2016/07/08 8:42:02 ET
Table 'Marconia II' 6-max Seat #1 is the button
Seat 1: VolkovDmitri ($130.64 in chips)
Seat 3: alinabaish ($120.02 in chips)
VolkovDmitri: posts small blind $1
alinabaish: posts big blind $3
*** HOLE CARDS ***
VolkovDmitri: raises $3 to $6
alinabaish: folds
Uncalled bet ($3) returned to VolkovDmitri
VolkovDmitri collected $6 from pot
VolkovDmitri: doesn't show hand
*** SUMMARY ***
Total pot $6 | Rake $0
Seat 1: VolkovDmitri (button) (small blind) collected ($6)
Seat 3: alinabaish (big blind) folded before Flop


PokerStars Hand #155709010209:  Hold'em Limit ($3/$6 USD) - 2016/07/08 8:42:13 ET
Table 'Marconia II' 6-max Seat #3 is the button
Seat 1: VolkovDmitri ($133.64 in chips)
Seat 3: alinabaish ($117.02 in chips)
alinabaish: posts small blind $1
VolkovDmitri: posts big blind $3
*** HOLE CARDS ***
alinabaish: raises $3 to $6
VolkovDmitri: raises $3 to $9
alinabaish: calls $3
*** FLOP *** [6h Kd 3d]
VolkovDmitri: bets $3
alinabaish: calls $3
*** TURN *** [6h Kd 3d] [6c]
VolkovDmitri: checks
alinabaish: checks
*** RIVER *** [6h Kd 3d 6c] [Ks]
VolkovDmitri: checks
alinabaish: bets $6
VolkovDmitri: calls $6
*** SHOW DOWN ***
alinabaish: shows [Tc Ad] (two pair, Kings and Sixes)
VolkovDmitri: shows [2h Ah] (two pair, Kings and Sixes)
VolkovDmitri collected $17.75 from pot
alinabaish collected $17.75 from pot
*** SUMMARY ***
Total pot $36 | Rake $0.50
Board [6h Kd 3d 6c Ks]
Seat 1: VolkovDmitri (big blind) showed [2h Ah] and won ($17.75) with two pair, Kings and Sixes
Seat 3: alinabaish (button) (small blind) showed [Tc Ad] and won ($17.75) with two pair, Kings and Sixes


PokerStars Hand #155709040153:  Hold'em Limit ($3/$6 USD) - 2016/07/08 8:43:19 ET
Table 'Marconia II' 6-max Seat #3 is the button
Seat 1: VolkovDmitri ($124.39 in chips)
Seat 3: alinabaish ($125.41 in chips)
alinabaish: posts small blind $1
VolkovDmitri: posts big blind $3
*** HOLE CARDS ***
alinabaish: folds
Uncalled bet ($2) returned to VolkovDmitri
VolkovDmitri collected $2 from pot
VolkovDmitri: doesn't show hand
*** SUMMARY ***
Total pot $2 | Rake $0
Seat 1: VolkovDmitri (big blind) collected ($2)
Seat 3: alinabaish (button) (small blind) folded before Flop


PokerStars Hand #155709028566:  Hold'em Limit ($3/$6 USD) - 2016/07/08 8:42:53 ET
Table 'Marconia II' 6-max Seat #1 is the button
Seat 1: VolkovDmitri ($133.39 in chips)
Seat 3: alinabaish ($116.77 in chips)
VolkovDmitri: posts small blind $1
alinabaish: posts big blind $3
*** HOLE CARDS ***
VolkovDmitri: raises $3 to $6
alinabaish: raises $3 to $9
VolkovDmitri: calls $3
*** FLOP *** [Ad 3h Kc]
alinabaish: bets $3
VolkovDmitri: folds
Uncalled bet ($3) returned to alinabaish
alinabaish collected $17.64 from pot
alinabaish: doesn't show hand
*** SUMMARY ***
Total pot $18 | Rake $0.36
Board [Ad 3h Kc]
Seat 1: VolkovDmitri (button) (small blind) folded on the Flop
Seat 3: alinabaish (big blind) collected ($17.64)


PokerStars Hand #155709042185:  Hold'em Limit ($3/$6 USD) - 2016/07/08 8:43:23 ET
Table 'Marconia II' 6-max Seat #1 is the button
Seat 1: VolkovDmitri ($125.39 in chips)
Seat 3: alinabaish ($124.41 in chips)
VolkovDmitri: posts small blind $1
alinabaish: posts big blind $3
*** HOLE CARDS ***
VolkovDmitri: raises $3 to $6
alinabaish: calls $3
*** FLOP *** [9d 5h Js]
alinabaish: checks
VolkovDmitri: bets $3
alinabaish: calls $3
*** TURN *** [9d 5h Js] [Th]
alinabaish: checks
VolkovDmitri: checks
*** RIVER *** [9d 5h Js Th] [4h]
alinabaish: checks
VolkovDmitri: checks
*** SHOW DOWN ***
alinabaish: shows [7c 9h] (a pair of Nines)
VolkovDmitri: mucks hand
alinabaish collected $17.64 from pot
*** SUMMARY ***
Total pot $18 | Rake $0.36
Board [9d 5h Js Th 4h]
Seat 1: VolkovDmitri (button) (small blind) mucked
Seat 3: alinabaish (big blind) showed [7c 9h] and won ($17.64) with a pair of Nines


PokerStars Hand #155709059152:  Hold'em Limit ($3/$6 USD) - 2016/07/08 8:44:01 ET
Table 'Marconia II' 6-max Seat #1 is the button
Seat 1: VolkovDmitri ($121 in chips)
Seat 3: alinabaish ($132.05 in chips)
VolkovDmitri: posts small blind $1
alinabaish: posts big blind $3
*** HOLE CARDS ***
VolkovDmitri: raises $3 to $6
alinabaish: folds
Uncalled bet ($3) returned to VolkovDmitri
VolkovDmitri collected $6 from pot
VolkovDmitri: doesn't show hand
*** SUMMARY ***
Total pot $6 | Rake $0
Seat 1: VolkovDmitri (button) (small blind) collected ($6)
Seat 3: alinabaish (big blind) folded before Flop


PokerStars Hand #155709056801:  Hold'em Limit ($3/$6 USD) - 2016/07/08 8:43:56 ET
Table 'Marconia II' 6-max Seat #3 is the button
Seat 1: VolkovDmitri ($120 in chips)
Seat 3: alinabaish ($133.05 in chips)
alinabaish: posts small blind $1
VolkovDmitri: posts big blind $3
*** HOLE CARDS ***
alinabaish: folds
Uncalled bet ($2) returned to VolkovDmitri
VolkovDmitri collected $2 from pot
VolkovDmitri: doesn't show hand
*** SUMMARY ***
Total pot $2 | Rake $0
Seat 1: VolkovDmitri (big blind) collected ($2)
Seat 3: alinabaish (button) (small blind) folded before Flop


PokerStars Hand #155709062300:  Hold'em Limit ($3/$6 USD) - 2016/07/08 8:44:08 ET
Table 'Marconia II' 6-max Seat #3 is the button
Seat 1: VolkovDmitri ($124 in chips)
Seat 3: alinabaish ($129.05 in chips)
alinabaish: posts small blind $1
VolkovDmitri: posts big blind $3
*** HOLE CARDS ***
alinabaish: raises $3 to $6
VolkovDmitri: calls $3
*** FLOP *** [5c Kd 3d]
VolkovDmitri: checks
alinabaish: checks
*** TURN *** [5c Kd 3d] [3h]
VolkovDmitri: bets $6
alinabaish: folds
Uncalled bet ($6) returned to VolkovDmitri
VolkovDmitri collected $11.76 from pot
VolkovDmitri: doesn't show hand
*** SUMMARY ***
Total pot $12 | Rake $0.24
Board [5c Kd 3d 3h]
Seat 1: VolkovDmitri (big blind) collected ($11.76)
Seat 3: alinabaish (button) (small blind) folded on the Turn


PokerStars Hand #155709457699:  Hold'em Limit ($3/$6 USD) - 2016/07/08 8:59:07 ET
Table 'Marconia II' 6-max Seat #4 is the button
Seat 3: bbirdish ($120 in chips)
Seat 4: VolkovDmitri ($120 in chips)
VolkovDmitri: posts small blind $1
bbirdish: posts big blind $3
*** HOLE CARDS ***
VolkovDmitri: raises $3 to $6
bbirdish: calls $3
*** FLOP *** [2d 9s 6d]
bbirdish: checks
VolkovDmitri: bets $3
bbirdish: calls $3
*** TURN *** [2d 9s 6d] [8c]
bbirdish: checks
VolkovDmitri: bets $6
bbirdish: raises $6 to $12
VolkovDmitri: calls $6
*** RIVER *** [2d 9s 6d 8c] [5s]
bbirdish: bets $6
VolkovDmitri: calls $6
*** SHOW DOWN ***
bbirdish: shows [9d 6h] (two pair, Nines and Sixes)
VolkovDmitri: mucks hand
bbirdish collected $53.50 from pot
*** SUMMARY ***
Total pot $54 | Rake $0.50
Board [2d 9s 6d 8c 5s]
Seat 3: bbirdish (big blind) showed [9d 6h] and won ($53.50) with two pair, Nines and Sixes
Seat 4: VolkovDmitri (button) (small blind) mucked


PokerStars Hand #155709476906:  Hold'em Limit ($3/$6 USD) - 2016/07/08 8:59:56 ET
Table 'Marconia II' 6-max Seat #3 is the button
Seat 3: bbirdish ($146.50 in chips)
Seat 4: VolkovDmitri ($120 in chips)
bbirdish: posts small blind $1
VolkovDmitri: posts big blind $3
*** HOLE CARDS ***
bbirdish: calls $2
VolkovDmitri: raises $3 to $6
bbirdish: calls $3
*** FLOP *** [Kd 9h 3c]
VolkovDmitri: bets $3
bbirdish: raises $3 to $6
VolkovDmitri: calls $3
*** TURN *** [Kd 9h 3c] [7c]
VolkovDmitri: checks
bbirdish: bets $6
VolkovDmitri: calls $6
*** RIVER *** [Kd 9h 3c 7c] [5h]
VolkovDmitri: checks
bbirdish: bets $6
VolkovDmitri: folds
Uncalled bet ($6) returned to bbirdish
bbirdish collected $35.50 from pot
bbirdish: doesn't show hand
*** SUMMARY ***
Total pot $36 | Rake $0.50
Board [Kd 9h 3c 7c 5h]
Seat 3: bbirdish (button) (small blind) collected ($35.50)
Seat 4: VolkovDmitri (big blind) folded on the River


PokerStars Hand #155709493203:  Hold'em Limit ($3/$6 USD) - 2016/07/08 9:00:36 ET
Table 'Marconia II' 6-max Seat #4 is the button
Seat 3: bbirdish ($164 in chips)
Seat 4: VolkovDmitri ($120 in chips)
VolkovDmitri: posts small blind $1
bbirdish: posts big blind $3
*** HOLE CARDS ***
VolkovDmitri: raises $3 to $6
bbirdish: calls $3
*** FLOP *** [5c Qc Kh]
bbirdish: checks
VolkovDmitri: bets $3
bbirdish: folds
Uncalled bet ($3) returned to VolkovDmitri
VolkovDmitri collected $11.76 from pot
VolkovDmitri: doesn't show hand
*** SUMMARY ***
Total pot $12 | Rake $0.24
Board [5c Qc Kh]
Seat 3: bbirdish (big blind) folded on the Flop
Seat 4: VolkovDmitri (button) (small blind) collected ($11.76)


PokerStars Hand #155709505918:  Hold'em Limit ($3/$6 USD) - 2016/07/08 9:01:06 ET
Table 'Marconia II' 6-max Seat #3 is the button
Seat 3: bbirdish ($158 in chips)
Seat 4: VolkovDmitri ($125.76 in chips)
bbirdish: posts small blind $1
VolkovDmitri: posts big blind $3
*** HOLE CARDS ***
bbirdish: raises $3 to $6
VolkovDmitri: raises $3 to $9
bbirdish: calls $3
*** FLOP *** [Ac 2s 7c]
VolkovDmitri: bets $3
bbirdish: calls $3
*** TURN *** [Ac 2s 7c] [3s]
VolkovDmitri: checks
bbirdish: bets $6
VolkovDmitri: folds
Uncalled bet ($6) returned to bbirdish
bbirdish collected $23.52 from pot
bbirdish: doesn't show hand
*** SUMMARY ***
Total pot $24 | Rake $0.48
Board [Ac 2s 7c 3s]
Seat 3: bbirdish (button) (small blind) collected ($23.52)
Seat 4: VolkovDmitri (big blind) folded on the Turn


PokerStars Hand #155709519968:  Hold'em Limit ($3/$6 USD) - 2016/07/08 9:01:39 ET
Table 'Marconia II' 6-max Seat #4 is the button
Seat 3: bbirdish ($169.52 in chips)
Seat 4: VolkovDmitri ($120 in chips)
VolkovDmitri: posts small blind $1
bbirdish: posts big blind $3
*** HOLE CARDS ***
VolkovDmitri: raises $3 to $6
bbirdish: calls $3
*** FLOP *** [9s Kh Kc]
bbirdish: bets $3
VolkovDmitri: folds
Uncalled bet ($3) returned to bbirdish
bbirdish collected $11.76 from pot
bbirdish: doesn't show hand
*** SUMMARY ***
Total pot $12 | Rake $0.24
Board [9s Kh Kc]
Seat 3: bbirdish (big blind) collected ($11.76)
Seat 4: VolkovDmitri (button) (small blind) folded on the Flop


PokerStars Hand #155709539374:  Hold'em Limit ($3/$6 USD) - 2016/07/08 9:02:21 ET
Table 'Marconia II' 6-max Seat #4 is the button
Seat 3: bbirdish ($169.28 in chips)
Seat 4: VolkovDmitri ($125.76 in chips)
VolkovDmitri: posts small blind $1
bbirdish: posts big blind $3
*** HOLE CARDS ***
VolkovDmitri: raises $3 to $6
bbirdish: calls $3
*** FLOP *** [Jd Ac Th]
bbirdish: checks
VolkovDmitri: bets $3
bbirdish: folds
Uncalled bet ($3) returned to VolkovDmitri
VolkovDmitri collected $11.76 from pot
VolkovDmitri: doesn't show hand
*** SUMMARY ***
Total pot $12 | Rake $0.24
Board [Jd Ac Th]
Seat 3: bbirdish (big blind) folded on the Flop
Seat 4: VolkovDmitri (button) (small blind) collected ($11.76)


PokerStars Hand #155709530353:  Hold'em Limit ($3/$6 USD) - 2016/07/08 9:02:01 ET
Table 'Marconia II' 6-max Seat #3 is the button
Seat 3: bbirdish ($175.28 in chips)
Seat 4: VolkovDmitri ($120 in chips)
bbirdish: posts small blind $1
VolkovDmitri: posts big blind $3
*** HOLE CARDS ***
bbirdish: calls $2
VolkovDmitri: raises $3 to $6
bbirdish: calls $3
*** FLOP *** [As 7c 6d]
VolkovDmitri: bets $3
bbirdish: folds
Uncalled bet ($3) returned to VolkovDmitri
VolkovDmitri collected $11.76 from pot
VolkovDmitri: doesn't show hand
*** SUMMARY ***
Total pot $12 | Rake $0.24
Board [As 7c 6d]
Seat 3: bbirdish (button) (small blind) folded on the Flop
Seat 4: VolkovDmitri (big blind) collected ($11.76)


PokerStars Hand #155709547774:  Hold'em Limit ($3/$6 USD) - 2016/07/08 9:02:41 ET
Table 'Marconia II' 6-max Seat #3 is the button
Seat 3: bbirdish ($163.28 in chips)
Seat 4: VolkovDmitri ($131.52 in chips)
bbirdish: posts small blind $1
VolkovDmitri: posts big blind $3
*** HOLE CARDS ***
bbirdish: folds
Uncalled bet ($2) returned to VolkovDmitri
VolkovDmitri collected $2 from pot
VolkovDmitri: doesn't show hand
*** SUMMARY ***
Total pot $2 | Rake $0
Seat 3: bbirdish (button) (small blind) folded before Flop
Seat 4: VolkovDmitri (big blind) collected ($2)


PokerStars Hand #155709571223:  Hold'em Limit ($3/$6 USD) - 2016/07/08 9:03:30 ET
Table 'Marconia II' 6-max Seat #4 is the button
Seat 3: bbirdish ($175.78 in chips)
Seat 4: VolkovDmitri ($121 in chips)
VolkovDmitri: posts small blind $1
bbirdish: posts big blind $3
*** HOLE CARDS ***
VolkovDmitri: raises $3 to $6
bbirdish: calls $3
*** FLOP *** [Th As 6d]
bbirdish: checks
VolkovDmitri: bets $3
bbirdish: folds
Uncalled bet ($3) returned to VolkovDmitri
VolkovDmitri collected $11.76 from pot
VolkovDmitri: doesn't show hand
*** SUMMARY ***
Total pot $12 | Rake $0.24
Board [Th As 6d]
Seat 3: bbirdish (big blind) folded on the Flop
Seat 4: VolkovDmitri (button) (small blind) collected ($11.76)


PokerStars Hand #155709568815:  Hold'em Limit ($3/$6 USD) - 2016/07/08 9:03:25 ET
Table 'Marconia II' 6-max Seat #3 is the button
Seat 3: bbirdish ($176.78 in chips)
Seat 4: VolkovDmitri ($120 in chips)
bbirdish: posts small blind $1
VolkovDmitri: posts big blind $3
*** HOLE CARDS ***
bbirdish: folds
Uncalled bet ($2) returned to VolkovDmitri
VolkovDmitri collected $2 from pot
VolkovDmitri: doesn't show hand
*** SUMMARY ***
Total pot $2 | Rake $0
Seat 3: bbirdish (button) (small blind) folded before Flop
Seat 4: VolkovDmitri (big blind) collected ($2)


PokerStars Hand #155709550225:  Hold'em Limit ($3/$6 USD) - 2016/07/08 9:02:46 ET
Table 'Marconia II' 6-max Seat #4 is the button
Seat 3: bbirdish ($162.28 in chips)
Seat 4: VolkovDmitri ($132.52 in chips)
VolkovDmitri: posts small blind $1
bbirdish: posts big blind $3
*** HOLE CARDS ***
VolkovDmitri: raises $3 to $6
bbirdish: calls $3
*** FLOP *** [Qc 5s 6d]
bbirdish: checks
VolkovDmitri: bets $3
bbirdish: calls $3
*** TURN *** [Qc 5s 6d] [Kh]
bbirdish: checks
VolkovDmitri: checks
*** RIVER *** [Qc 5s 6d Kh] [9d]
bbirdish: checks
VolkovDmitri: bets $6
bbirdish: calls $6
*** SHOW DOWN ***
VolkovDmitri: shows [Td 9c] (a pair of Nines)
bbirdish: shows [Qh 4s] (a pair of Queens)
bbirdish collected $29.50 from pot
*** SUMMARY ***
Total pot $30 | Rake $0.50
Board [Qc 5s 6d Kh 9d]
Seat 3: bbirdish (big blind) showed [Qh 4s] and won ($29.50) with a pair of Queens
Seat 4: VolkovDmitri (button) (small blind) showed [Td 9c] and lost with a pair of Nines


PokerStars Hand #155709581234:  Hold'em Limit ($3/$6 USD) - 2016/07/08 9:03:52 ET
Table 'Marconia II' 6-max Seat #3 is the button
Seat 3: bbirdish ($169.78 in chips)
Seat 4: VolkovDmitri ($126.76 in chips)
bbirdish: posts small blind $1
VolkovDmitri: posts big blind $3
*** HOLE CARDS ***
bbirdish: raises $3 to $6
VolkovDmitri: raises $3 to $9
bbirdish: calls $3
*** FLOP *** [Ts 6d Kd]
VolkovDmitri: checks
bbirdish: checks
*** TURN *** [Ts 6d Kd] [8h]
VolkovDmitri: checks
bbirdish: checks
*** RIVER *** [Ts 6d Kd 8h] [8c]
VolkovDmitri: checks
bbirdish: checks
*** SHOW DOWN ***
VolkovDmitri: shows [As 4s] (a pair of Eights)
bbirdish: shows [6c 7h] (two pair, Eights and Sixes)
bbirdish collected $17.64 from pot
*** SUMMARY ***
Total pot $18 | Rake $0.36
Board [Ts 6d Kd 8h 8c]
Seat 3: bbirdish (button) (small blind) showed [6c 7h] and won ($17.64) with two pair, Eights and Sixes
Seat 4: VolkovDmitri (big blind) showed [As 4s] and lost with a pair of Eights


PokerStars Hand #155709595900:  Hold'em Limit ($3/$6 USD) - 2016/07/08 9:04:23 ET
Table 'Marconia II' 6-max Seat #4 is the button
Seat 3: bbirdish ($178.42 in chips)
Seat 4: VolkovDmitri ($120 in chips)
VolkovDmitri: posts small blind $1
bbirdish: posts big blind $3
*** HOLE CARDS ***
VolkovDmitri: raises $3 to $6
bbirdish: calls $3
*** FLOP *** [Ts 5h 3d]
bbirdish: checks
VolkovDmitri: bets $3
bbirdish: raises $3 to $6
VolkovDmitri: calls $3
*** TURN *** [Ts 5h 3d] [Kd]
bbirdish: checks
7superpoker joins the table at seat #5
VolkovDmitri: bets $6
bbirdish: folds
Uncalled bet ($6) returned to VolkovDmitri
VolkovDmitri collected $23.52 from pot
VolkovDmitri: doesn't show hand
*** SUMMARY ***
Total pot $24 | Rake $0.48
Board [Ts 5h 3d Kd]
Seat 3: bbirdish (big blind) folded on the Turn
Seat 4: VolkovDmitri (button) (small blind) collected ($23.52)


PokerStars Hand #155709611223:  Hold'em Limit ($3/$6 USD) - 2016/07/08 9:04:57 ET
Table 'Marconia II' 6-max Seat #3 is the button
Seat 3: bbirdish ($166.42 in chips)
Seat 4: VolkovDmitri ($131.52 in chips)
bbirdish: posts small blind $1
VolkovDmitri: posts big blind $3
*** HOLE CARDS ***
bbirdish: folds
Uncalled bet ($2) returned to VolkovDmitri
VolkovDmitri collected $2 from pot
VolkovDmitri: doesn't show hand
*** SUMMARY ***
Total pot $2 | Rake $0
Seat 3: bbirdish (button) (small blind) folded before Flop
Seat 4: VolkovDmitri (big blind) collected ($2)


PokerStars Hand #155709687695:  Hold'em Limit ($3/$6 USD) - 2016/07/08 9:07:37 ET
Table 'Marconia II' 6-max Seat #3 is the button
Seat 3: bbirdish ($219.77 in chips)
Seat 4: VolkovDmitri ($132.98 in chips)
bbirdish: posts small blind $1
VolkovDmitri: posts big blind $3
*** HOLE CARDS ***
bbirdish: raises $3 to $6
7superpoker leaves the table
VolkovDmitri: calls $3
*** FLOP *** [4d Qc 8d]
VolkovDmitri: checks
bbirdish: checks
*** TURN *** [4d Qc 8d] [6s]
VolkovDmitri: bets $6
bbirdish: calls $6
*** RIVER *** [4d Qc 8d 6s] [Qh]
VolkovDmitri: bets $6
bbirdish: folds
Uncalled bet ($6) returned to VolkovDmitri
VolkovDmitri collected $23.52 from pot
VolkovDmitri: doesn't show hand
*** SUMMARY ***
Total pot $24 | Rake $0.48
Board [4d Qc 8d 6s Qh]
Seat 3: bbirdish (button) (small blind) folded on the River
Seat 4: VolkovDmitri (big blind) collected ($23.52)


PokerStars Hand #155709699158:  Hold'em Limit ($3/$6 USD) - 2016/07/08 9:08:02 ET
Table 'Marconia II' 6-max Seat #4 is the button
Seat 3: bbirdish ($207.77 in chips)
Seat 4: VolkovDmitri ($144.50 in chips)
VolkovDmitri: posts small blind $1
bbirdish: posts big blind $3
*** HOLE CARDS ***
VolkovDmitri: raises $3 to $6
bbirdish: calls $3
*** FLOP *** [5c Qs Jh]
jama gama joins the table at seat #6
bbirdish: checks
VolkovDmitri: bets $3
bbirdish: calls $3
*** TURN *** [5c Qs Jh] [4h]
andrey0709 joins the table at seat #1
bbirdish: checks
Bazi712 joins the table at seat #5
VolkovDmitri: checks
*** RIVER *** [5c Qs Jh 4h] [4d]
bbirdish: checks
VolkovDmitri: checks
*** SHOW DOWN ***
bbirdish: shows [6c Ac] (a pair of Fours)
VolkovDmitri: mucks hand
bbirdish collected $17.64 from pot
*** SUMMARY ***
Total pot $18 | Rake $0.36
Board [5c Qs Jh 4h 4d]
Seat 3: bbirdish (big blind) showed [6c Ac] and won ($17.64) with a pair of Fours
Seat 4: VolkovDmitri (button) (small blind) mucked


PokerStars Hand #155709724009:  Hold'em Limit ($3/$6 USD) - 2016/07/08 9:08:54 ET
Table 'Marconia II' 6-max Seat #3 is the button
Seat 3: bbirdish ($216.41 in chips)
Seat 4: VolkovDmitri ($135.50 in chips)
bbirdish: posts small blind $1
VolkovDmitri: posts big blind $3
*** HOLE CARDS ***
bbirdish: raises $3 to $6
VolkovDmitri: raises $3 to $9
bbirdish: calls $3
*** FLOP *** [As 7d 3h]
VolkovDmitri: bets $3
bbirdish: calls $3
*** TURN *** [As 7d 3h] [Qc]
VolkovDmitri: checks
bbirdish: bets $6
VolkovDmitri: calls $6
*** RIVER *** [As 7d 3h Qc] [9d]
VolkovDmitri: checks
bbirdish: bets $6
VolkovDmitri: calls $6
*** SHOW DOWN ***
bbirdish: shows [Qh 7c] (two pair, Queens and Sevens)
VolkovDmitri: mucks hand
bbirdish collected $47.50 from pot
*** SUMMARY ***
Total pot $48 | Rake $0.50
Board [As 7d 3h Qc 9d]
Seat 3: bbirdish (button) (small blind) showed [Qh 7c] and won ($47.50) with two pair, Queens and Sevens
Seat 4: VolkovDmitri (big blind) mucked


PokerStars Hand #155712007578:  Hold'em Limit ($3/$6 USD) - 2016/07/08 10:27:08 ET
Table 'Marconia II' 6-max Seat #5 is the button
Seat 3: TbIP-TbIP 88 ($91.53 in chips)
Seat 5: Tryptamean ($136.89 in chips)
Pokali leaves the table
Tryptamean: posts small blind $1
TbIP-TbIP 88: posts big blind $3
*** HOLE CARDS ***
Tryptamean: raises $3 to $6
TbIP-TbIP 88: calls $3
*** FLOP *** [9d 9s 4s]
TbIP-TbIP 88: checks
Tryptamean: bets $3
TbIP-TbIP 88: calls $3
*** TURN *** [9d 9s 4s] [8c]
TbIP-TbIP 88: checks
Tryptamean: bets $6
jestanie joins the table at seat #4
TbIP-TbIP 88: calls $6
*** RIVER *** [9d 9s 4s 8c] [Ad]
TbIP-TbIP 88: checks
Tryptamean: bets $6
TbIP-TbIP 88: calls $6
*** SHOW DOWN ***
Tryptamean: shows [5c 6c] (a pair of Nines)
TbIP-TbIP 88: shows [Ks Qs] (a pair of Nines - Ace+King kicker)
TbIP-TbIP 88 collected $41.50 from pot
*** SUMMARY ***
Total pot $42 | Rake $0.50
Board [9d 9s 4s 8c Ad]
Seat 3: TbIP-TbIP 88 (big blind) showed [Ks Qs] and won ($41.50) with a pair of Nines
Seat 5: Tryptamean (button) (small blind) showed [5c 6c] and lost with a pair of Nines


PokerStars Hand #155712052475:  Hold'em Limit ($3/$6 USD) - 2016/07/08 10:28:36 ET
Table 'Marconia II' 6-max Seat #4 is the button
Seat 4: jestanie ($128.46 in chips)
Seat 5: Tryptamean ($115.89 in chips)
jestanie: posts small blind $1
Tryptamean: posts big blind $3
*** HOLE CARDS ***
jestanie: folds
Uncalled bet ($2) returned to Tryptamean
Tryptamean collected $2 from pot
Tryptamean: doesn't show hand
*** SUMMARY ***
Total pot $2 | Rake $0
Seat 4: jestanie (button) (small blind) folded before Flop
Seat 5: Tryptamean (big blind) collected ($2)


PokerStars Hand #155712048719:  Hold'em Limit ($3/$6 USD) - 2016/07/08 10:28:29 ET
Table 'Marconia II' 6-max Seat #5 is the button
Seat 4: jestanie ($127.46 in chips)
Seat 5: Tryptamean ($116.89 in chips)
Tryptamean: posts small blind $1
TbIP-TbIP 88: is sitting out
jestanie: posts big blind $3
*** HOLE CARDS ***
Tryptamean: folds
Uncalled bet ($2) returned to jestanie
jestanie collected $2 from pot
jestanie: doesn't show hand
*** SUMMARY ***
Total pot $2 | Rake $0
Seat 4: jestanie (big blind) collected ($2)
Seat 5: Tryptamean (button) (small blind) folded before Flop


PokerStars Hand #155712065122:  Hold'em Limit ($3/$6 USD) - 2016/07/08 10:28:56 ET
Table 'Marconia II' 6-max Seat #5 is the button
Seat 4: jestanie ($127.46 in chips)
Seat 5: Tryptamean ($116.89 in chips)
Tryptamean: posts small blind $1
jestanie: posts big blind $3
*** HOLE CARDS ***
Tryptamean: raises $3 to $6
jestanie: folds
Uncalled bet ($3) returned to Tryptamean
Tryptamean collected $6 from pot
Tryptamean: doesn't show hand
*** SUMMARY ***
Total pot $6 | Rake $0
Seat 4: jestanie (big blind) folded before Flop
Seat 5: Tryptamean (button) (small blind) collected ($6)


PokerStars Hand #155712061544:  Hold'em Limit ($3/$6 USD) - 2016/07/08 10:28:49 ET
Table 'Marconia II' 6-max Seat #4 is the button
Seat 4: jestanie ($124.46 in chips)
Seat 5: Tryptamean ($119.89 in chips)
jestanie: posts small blind $1
Tryptamean: posts big blind $3
*** HOLE CARDS ***
jestanie: raises $3 to $6
Tryptamean: folds
Uncalled bet ($3) returned to jestanie
jestanie collected $6 from pot
jestanie: doesn't show hand
*** SUMMARY ***
Total pot $6 | Rake $0
Seat 4: jestanie (button) (small blind) collected ($6)
Seat 5: Tryptamean (big blind) folded before Flop


PokerStars Hand #155712054833:  Hold'em Limit ($3/$6 USD) - 2016/07/08 10:28:41 ET
Table 'Marconia II' 6-max Seat #5 is the button
Seat 4: jestanie ($127.46 in chips)
Seat 5: Tryptamean ($116.89 in chips)
Tryptamean: posts small blind $1
jestanie: posts big blind $3
*** HOLE CARDS ***
TbIP-TbIP 88 leaves the table
Tryptamean: raises $3 to $6
jestanie: folds
Uncalled bet ($3) returned to Tryptamean
Tryptamean collected $6 from pot
Tryptamean: doesn't show hand
*** SUMMARY ***
Total pot $6 | Rake $0
Seat 4: jestanie (big blind) folded before Flop
Seat 5: Tryptamean (button) (small blind) collected ($6)


PokerStars Hand #155712075122:  Hold'em Limit ($3/$6 USD) - 2016/07/08 10:29:16 ET
Table 'Marconia II' 6-max Seat #5 is the button
Seat 4: jestanie ($123.46 in chips)
Seat 5: Tryptamean ($120.89 in chips)
Tryptamean: posts small blind $1
jestanie: posts big blind $3
*** HOLE CARDS ***
Tryptamean: raises $3 to $6
jestanie: folds
Uncalled bet ($3) returned to Tryptamean
Tryptamean collected $6 from pot
Tryptamean: doesn't show hand
*** SUMMARY ***
Total pot $6 | Rake $0
Seat 4: jestanie (big blind) folded before Flop
Seat 5: Tryptamean (button) (small blind) collected ($6)


PokerStars Hand #155712069738:  Hold'em Limit ($3/$6 USD) - 2016/07/08 10:29:05 ET
Table 'Marconia II' 6-max Seat #4 is the button
Seat 4: jestanie ($124.46 in chips)
Seat 5: Tryptamean ($119.89 in chips)
jestanie: posts small blind $1
Tryptamean: posts big blind $3
*** HOLE CARDS ***
Fess7791 joins the table at seat #3
jestanie: folds
Uncalled bet ($2) returned to Tryptamean
Tryptamean collected $2 from pot
Tryptamean: doesn't show hand
*** SUMMARY ***
Total pot $2 | Rake $0
Seat 4: jestanie (button) (small blind) folded before Flop
Seat 5: Tryptamean (big blind) collected ($2)


PokerStars Hand #155712082455:  Hold'em Limit ($3/$6 USD) - 2016/07/08 10:29:30 ET
Table 'Marconia II' 6-max Seat #5 is the button
Seat 4: jestanie ($119.46 in chips)
Seat 5: Tryptamean ($124.89 in chips)
Tryptamean: posts small blind $1
jestanie: posts big blind $3
*** HOLE CARDS ***
Tryptamean: raises $3 to $6
jestanie: raises $3 to $9
Tryptamean: calls $3
*** FLOP *** [2h As 7s]
jestanie: bets $3
Tryptamean: calls $3
*** TURN *** [2h As 7s] [2d]
jestanie: bets $6
Tryptamean: folds
Uncalled bet ($6) returned to jestanie
jestanie collected $23.52 from pot
jestanie: doesn't show hand
*** SUMMARY ***
Total pot $24 | Rake $0.48
Board [2h As 7s 2d]
Seat 4: jestanie (big blind) collected ($23.52)
Seat 5: Tryptamean (button) (small blind) folded on the Turn


PokerStars Hand #155712078811:  Hold'em Limit ($3/$6 USD) - 2016/07/08 10:29:23 ET
Table 'Marconia II' 6-max Seat #4 is the button
Seat 4: jestanie ($120.46 in chips)
Seat 5: Tryptamean ($123.89 in chips)
jestanie: posts small blind $1
Tryptamean: posts big blind $3
*** HOLE CARDS ***
jestanie: folds
Uncalled bet ($2) returned to Tryptamean
Tryptamean collected $2 from pot
Tryptamean: doesn't show hand
*** SUMMARY ***
Total pot $2 | Rake $0
Seat 4: jestanie (button) (small blind) folded before Flop
Seat 5: Tryptamean (big blind) collected ($2)


PokerStars Hand #155712093060:  Hold'em Limit ($3/$6 USD) - 2016/07/08 10:29:51 ET
Table 'Marconia II' 6-max Seat #4 is the button
Seat 4: jestanie ($130.98 in chips)
Seat 5: Tryptamean ($112.89 in chips)
jestanie: posts small blind $1
Tryptamean: posts big blind $3
*** HOLE CARDS ***
jestanie: folds
Uncalled bet ($2) returned to Tryptamean
Tryptamean collected $2 from pot
Tryptamean: doesn't show hand
*** SUMMARY ***
Total pot $2 | Rake $0
Seat 4: jestanie (button) (small blind) folded before Flop
Seat 5: Tryptamean (big blind) collected ($2)


PokerStars Hand #155712155619:  Hold'em Limit ($3/$6 USD) - 2016/07/08 10:31:53 ET
Table 'Marconia II' 6-max Seat #5 is the button
Seat 4: jestanie ($128.98 in chips)
Seat 5: Tryptamean ($96.89 in chips)
Tryptamean: posts small blind $1
Fess7791: is sitting out
jestanie: posts big blind $3
*** HOLE CARDS ***
Tryptamean: raises $3 to $6
jestanie: raises $3 to $9
Tryptamean: calls $3
*** FLOP *** [2s 6d 2h]
jestanie: bets $3
Tryptamean: calls $3
*** TURN *** [2s 6d 2h] [Ks]
jestanie: bets $6
Tryptamean: calls $6
*** RIVER *** [2s 6d 2h Ks] [Ts]
jestanie: bets $6
Tryptamean: calls $6
*** SHOW DOWN ***
jestanie: shows [As 5s] (a flush, Ace high)
Tryptamean: mucks hand
jestanie collected $47.50 from pot
*** SUMMARY ***
Total pot $48 | Rake $0.50
Board [2s 6d 2h Ks Ts]
Seat 4: jestanie (big blind) showed [As 5s] and won ($47.50) with a flush, Ace high
Seat 5: Tryptamean (button) (small blind) mucked


PokerStars Hand #155712172728:  Hold'em Limit ($3/$6 USD) - 2016/07/08 10:32:26 ET
Table 'Marconia II' 6-max Seat #4 is the button
Seat 4: jestanie ($152.48 in chips)
Seat 5: Tryptamean ($72.89 in chips)
jestanie: posts small blind $1
Tryptamean: posts big blind $3
*** HOLE CARDS ***
jestanie: folds
Uncalled bet ($2) returned to Tryptamean
Tryptamean collected $2 from pot
Tryptamean: doesn't show hand
*** SUMMARY ***
Total pot $2 | Rake $0
Seat 4: jestanie (button) (small blind) folded before Flop
Seat 5: Tryptamean (big blind) collected ($2)


PokerStars Hand #155712175367:  Hold'em Limit ($3/$6 USD) - 2016/07/08 10:32:32 ET
Table 'Marconia II' 6-max Seat #5 is the button
Seat 4: jestanie ($151.48 in chips)
Seat 5: Tryptamean ($73.89 in chips)
Tryptamean: posts small blind $1
jestanie: posts big blind $3
*** HOLE CARDS ***
Tryptamean: raises $3 to $6
jestanie: calls $3
*** FLOP *** [2h 6c 6h]
jestanie: checks
Tryptamean: bets $3
jestanie: calls $3
*** TURN *** [2h 6c 6h] [8s]
jestanie: checks
Tryptamean: bets $6
jestanie: calls $6
*** RIVER *** [2h 6c 6h 8s] [6d]
jestanie: checks
Tryptamean: checks
*** SHOW DOWN ***
jestanie: shows [Ac 5s] (three of a kind, Sixes)
Tryptamean: mucks hand
jestanie collected $29.50 from pot
*** SUMMARY ***
Total pot $30 | Rake $0.50
Board [2h 6c 6h 8s 6d]
Seat 4: jestanie (big blind) showed [Ac 5s] and won ($29.50) with three of a kind, Sixes
Seat 5: Tryptamean (button) (small blind) mucked


PokerStars Hand #155712203423:  Hold'em Limit ($3/$6 USD) - 2016/07/08 10:33:27 ET
Table 'Marconia II' 6-max Seat #5 is the button
Seat 4: jestanie ($180.48 in chips)
Seat 5: Tryptamean ($120 in chips)
Tryptamean: posts small blind $1
jestanie: posts big blind $3
*** HOLE CARDS ***
Tryptamean: raises $3 to $6
jestanie: folds
Uncalled bet ($3) returned to Tryptamean
Tryptamean collected $6 from pot
Tryptamean: doesn't show hand
*** SUMMARY ***
Total pot $6 | Rake $0
Seat 4: jestanie (big blind) folded before Flop
Seat 5: Tryptamean (button) (small blind) collected ($6)


PokerStars Hand #155712187249:  Hold'em Limit ($3/$6 USD) - 2016/07/08 10:32:55 ET
Table 'Marconia II' 6-max Seat #4 is the button
Seat 4: jestanie ($165.98 in chips)
Seat 5: Tryptamean ($58.89 in chips)
jestanie: posts small blind $1
Tryptamean: posts big blind $3
*** HOLE CARDS ***
jestanie: raises $3 to $6
Tryptamean: calls $3
*** FLOP *** [9h 4d Ks]
Tryptamean: checks
jestanie: bets $3
Tryptamean: calls $3
*** TURN *** [9h 4d Ks] [Th]
Tryptamean: checks
jestanie: checks
*** RIVER *** [9h 4d Ks Th] [3d]
Tryptamean: bets $6
jestanie: calls $6
*** SHOW DOWN ***
Tryptamean: shows [8s 4c] (a pair of Fours)
jestanie: shows [9c Qh] (a pair of Nines)
jestanie collected $29.50 from pot
*** SUMMARY ***
Total pot $30 | Rake $0.50
Board [9h 4d Ks Th 3d]
Seat 4: jestanie (button) (small blind) showed [9c Qh] and won ($29.50) with a pair of Nines
Seat 5: Tryptamean (big blind) showed [8s 4c] and lost with a pair of Fours


PokerStars Hand #155712209722:  Hold'em Limit ($3/$6 USD) - 2016/07/08 10:33:39 ET
Table 'Marconia II' 6-max Seat #4 is the button
Seat 4: jestanie ($177.48 in chips)
Seat 5: Tryptamean ($123 in chips)
jestanie: posts small blind $1
Tryptamean: posts big blind $3
*** HOLE CARDS ***
jestanie: raises $3 to $6
Tryptamean: calls $3
*** FLOP *** [9d Qs 3s]
Tryptamean: checks
jestanie: bets $3
Tryptamean: raises $3 to $6
jestanie: folds
Uncalled bet ($3) returned to Tryptamean
Tryptamean collected $17.64 from pot
Tryptamean: doesn't show hand
*** SUMMARY ***
Total pot $18 | Rake $0.36
Board [9d Qs 3s]
Seat 4: jestanie (button) (small blind) folded on the Flop
Seat 5: Tryptamean (big blind) collected ($17.64)


PokerStars Hand #155712230557:  Hold'em Limit ($3/$6 USD) - 2016/07/08 10:34:19 ET
Table 'Marconia II' 6-max Seat #4 is the button
Seat 4: jestanie ($162.48 in chips)
Seat 5: Tryptamean ($137.40 in chips)
jestanie: posts small blind $1
Tryptamean: posts big blind $3
*** HOLE CARDS ***
jestanie: folds
Uncalled bet ($2) returned to Tryptamean
Tryptamean collected $2 from pot
Tryptamean: doesn't show hand
*** SUMMARY ***
Total pot $2 | Rake $0
Seat 4: jestanie (button) (small blind) folded before Flop
Seat 5: Tryptamean (big blind) collected ($2)


PokerStars Hand #155712219745:  Hold'em Limit ($3/$6 USD) - 2016/07/08 10:33:58 ET
Table 'Marconia II' 6-max Seat #5 is the button
Seat 4: jestanie ($168.48 in chips)
Seat 5: Tryptamean ($131.64 in chips)
Tryptamean: posts small blind $1
jestanie: posts big blind $3
*** HOLE CARDS ***
Tryptamean: raises $3 to $6
jestanie: calls $3
*** FLOP *** [6h 4d 4h]
jestanie: checks
Tryptamean: bets $3
jestanie: folds
Uncalled bet ($3) returned to Tryptamean
Tryptamean collected $11.76 from pot
Tryptamean: doesn't show hand
*** SUMMARY ***
Total pot $12 | Rake $0.24
Board [6h 4d 4h]
Seat 4: jestanie (big blind) folded on the Flop
Seat 5: Tryptamean (button) (small blind) collected ($11.76)


PokerStars Hand #155716297809:  Hold'em Limit ($3/$6 USD) - 2016/07/08 12:39:54 ET
Table 'Marconia II' 6-max Seat #6 is the button
Seat 1: kolaz03 ($100.19 in chips)
Seat 6: andrey0709 ($110.20 in chips)
andrey0709: posts small blind $1
kolaz03: posts big blind $3
*** HOLE CARDS ***
andrey0709: calls $2
kolaz03: raises $3 to $6
andrey0709: calls $3
*** FLOP *** [9c 2h Jd]
kolaz03: bets $3
andrey0709: raises $3 to $6
kolaz03: raises $3 to $9
andrey0709: calls $3
*** TURN *** [9c 2h Jd] [2d]
kolaz03: bets $6
andrey0709: calls $6
*** RIVER *** [9c 2h Jd 2d] [4h]
kolaz03: bets $6
andrey0709: calls $6
*** SHOW DOWN ***
kolaz03: shows [Js Qh] (two pair, Jacks and Deuces)
andrey0709: mucks hand
kolaz03 collected $53.50 from pot
*** SUMMARY ***
Total pot $54 | Rake $0.50
Board [9c 2h Jd 2d 4h]
Seat 1: kolaz03 (big blind) showed [Js Qh] and won ($53.50) with two pair, Jacks and Deuces
Seat 6: andrey0709 (button) (small blind) mucked


PokerStars Hand #155716294671:  Hold'em Limit ($3/$6 USD) - 2016/07/08 12:39:49 ET
Table 'Marconia II' 6-max Seat #1 is the button
Seat 1: kolaz03 ($97.19 in chips)
Seat 6: andrey0709 ($113.20 in chips)
kolaz03: posts small blind $1
komornik: is sitting out
andrey0709: posts big blind $3
*** HOLE CARDS ***
kolaz03: raises $3 to $6
andrey0709: folds
Uncalled bet ($3) returned to kolaz03
kolaz03 collected $6 from pot
komornik leaves the table
kolaz03: doesn't show hand
*** SUMMARY ***
Total pot $6 | Rake $0
Seat 1: kolaz03 (button) (small blind) collected ($6)
Seat 6: andrey0709 (big blind) folded before Flop


PokerStars Hand #155716309130:  Hold'em Limit ($3/$6 USD) - 2016/07/08 12:40:13 ET
Table 'Marconia II' 6-max Seat #1 is the button
Seat 1: kolaz03 ($126.69 in chips)
Seat 6: andrey0709 ($83.20 in chips)
kolaz03: posts small blind $1
andrey0709: posts big blind $3
*** HOLE CARDS ***
kolaz03: raises $3 to $6
andrey0709: calls $3
*** FLOP *** [Th 3d 9h]
andrey0709: checks
kolaz03: bets $3
andrey0709: folds
Uncalled bet ($3) returned to kolaz03
kolaz03 collected $11.76 from pot
kolaz03: doesn't show hand
*** SUMMARY ***
Total pot $12 | Rake $0.24
Board [Th 3d 9h]
Seat 1: kolaz03 (button) (small blind) collected ($11.76)
Seat 6: andrey0709 (big blind) folded on the Flop


PokerStars Hand #155716347480:  Hold'em Limit ($3/$6 USD) - 2016/07/08 12:41:20 ET
Table 'Marconia II' 6-max Seat #1 is the button
Seat 1: kolaz03 ($147.47 in chips)
Seat 6: andrey0709 ($60.70 in chips)
kolaz03: posts small blind $1
andrey0709: posts big blind $3
*** HOLE CARDS ***
kolaz03: raises $3 to $6
andrey0709: calls $3
*** FLOP *** [8s Ac Qd]
andrey0709: checks
kolaz03: bets $3
andrey0709: folds
Uncalled bet ($3) returned to kolaz03
kolaz03 collected $11.76 from pot
kolaz03: doesn't show hand
*** SUMMARY ***
Total pot $12 | Rake $0.24
Board [8s Ac Qd]
Seat 1: kolaz03 (button) (small blind) collected ($11.76)
Seat 6: andrey0709 (big blind) folded on the Flop


PokerStars Hand #155716340505:  Hold'em Limit ($3/$6 USD) - 2016/07/08 12:41:08 ET
Table 'Marconia II' 6-max Seat #6 is the button
Seat 1: kolaz03 ($165.47 in chips)
Seat 6: andrey0709 ($43.20 in chips)
andrey0709: posts small blind $1
kolaz03: posts big blind $3
*** HOLE CARDS ***
andrey0709: raises $3 to $6
kolaz03: raises $3 to $9
andrey0709: calls $3
*** FLOP *** [7s Js 4s]
kolaz03: bets $3
andrey0709: calls $3
*** TURN *** [7s Js 4s] [Kd]
kolaz03: bets $6
andrey0709: raises $6 to $12
kolaz03: folds
Uncalled bet ($6) returned to andrey0709
andrey0709 collected $35.50 from pot
andrey0709: doesn't show hand
*** SUMMARY ***
Total pot $36 | Rake $0.50
Board [7s Js 4s Kd]
Seat 1: kolaz03 (big blind) folded on the Turn
Seat 6: andrey0709 (button) (small blind) collected ($35.50)


PokerStars Hand #155716335416:  Hold'em Limit ($3/$6 USD) - 2016/07/08 12:40:59 ET
Table 'Marconia II' 6-max Seat #1 is the button
Seat 1: kolaz03 ($159.71 in chips)
Seat 6: andrey0709 ($49.20 in chips)
kolaz03: posts small blind $1
andrey0709: posts big blind $3
*** HOLE CARDS ***
kolaz03: raises $3 to $6
andrey0709: calls $3
*** FLOP *** [Kd 2s Td]
andrey0709: checks
kolaz03: bets $3
andrey0709: folds
Uncalled bet ($3) returned to kolaz03
kolaz03 collected $11.76 from pot
kolaz03: doesn't show hand
*** SUMMARY ***
Total pot $12 | Rake $0.24
Board [Kd 2s Td]
Seat 1: kolaz03 (button) (small blind) collected ($11.76)
Seat 6: andrey0709 (big blind) folded on the Flop


PokerStars Hand #155716326468:  Hold'em Limit ($3/$6 USD) - 2016/07/08 12:40:43 ET
Table 'Marconia II' 6-max Seat #6 is the button
Seat 1: kolaz03 ($153.95 in chips)
Seat 6: andrey0709 ($55.20 in chips)
andrey0709: posts small blind $1
kolaz03: posts big blind $3
*** HOLE CARDS ***
andrey0709: raises $3 to $6
kolaz03: calls $3
*** FLOP *** [Kd Tc 6h]
kolaz03: checks
andrey0709: checks
*** TURN *** [Kd Tc 6h] [9c]
kolaz03: checks
andrey0709: checks
*** RIVER *** [Kd Tc 6h 9c] [Td]
kolaz03: checks
andrey0709: checks
*** SHOW DOWN ***
kolaz03: shows [Ad 4s] (a pair of Tens)
andrey0709: mucks hand
kolaz03 collected $11.76 from pot
*** SUMMARY ***
Total pot $12 | Rake $0.24
Board [Kd Tc 6h 9c Td]
Seat 1: kolaz03 (big blind) showed [Ad 4s] and won ($11.76) with a pair of Tens
Seat 6: andrey0709 (button) (small blind) mucked


PokerStars Hand #155716316593:  Hold'em Limit ($3/$6 USD) - 2016/07/08 12:40:26 ET
Table 'Marconia II' 6-max Seat #1 is the button
Seat 1: kolaz03 ($133.45 in chips)
Seat 6: andrey0709 ($76.20 in chips)
kolaz03: posts small blind $1
andrey0709: posts big blind $3
*** HOLE CARDS ***
kolaz03: raises $3 to $6
andrey0709: calls $3
*** FLOP *** [9c Th 3h]
andrey0709: checks
kolaz03: bets $3
andrey0709: calls $3
*** TURN *** [9c Th 3h] [Kc]
andrey0709: checks
kolaz03: bets $6
andrey0709: calls $6
*** RIVER *** [9c Th 3h Kc] [Kh]
andrey0709: checks
kolaz03: bets $6
andrey0709: calls $6
*** SHOW DOWN ***
kolaz03: shows [5s Tc] (two pair, Kings and Tens)
andrey0709: mucks hand
kolaz03 collected $41.50 from pot
*** SUMMARY ***
Total pot $42 | Rake $0.50
Board [9c Th 3h Kc Kh]
Seat 1: kolaz03 (button) (small blind) showed [5s Tc] and won ($41.50) with two pair, Kings and Tens
Seat 6: andrey0709 (big blind) mucked


PokerStars Hand #155716354254:  Hold'em Limit ($3/$6 USD) - 2016/07/08 12:41:31 ET
Table 'Marconia II' 6-max Seat #6 is the button
Seat 1: kolaz03 ($153.23 in chips)
Seat 6: andrey0709 ($54.70 in chips)
andrey0709: posts small blind $1
kolaz03: posts big blind $3
*** HOLE CARDS ***
andrey0709: calls $2
kolaz03: checks
*** FLOP *** [3s 5d 8h]
kolaz03: bets $3
andrey0709: calls $3
*** TURN *** [3s 5d 8h] [4h]
kolaz03: bets $6
andrey0709: folds
Uncalled bet ($6) returned to kolaz03
kolaz03 collected $11.76 from pot
kolaz03: doesn't show hand
*** SUMMARY ***
Total pot $12 | Rake $0.24
Board [3s 5d 8h 4h]
Seat 1: kolaz03 (big blind) collected ($11.76)
Seat 6: andrey0709 (button) (small blind) folded on the Turn


PokerStars Hand #155716370282:  Hold'em Limit ($3/$6 USD) - 2016/07/08 12:41:59 ET
Table 'Marconia II' 6-max Seat #6 is the button
Seat 1: kolaz03 ($157.99 in chips)
Seat 6: andrey0709 ($49.70 in chips)
andrey0709: posts small blind $1
kolaz03: posts big blind $3
*** HOLE CARDS ***
andrey0709: calls $2
kolaz03: raises $3 to $6
andrey0709: calls $3
*** FLOP *** [5h 2d 4d]
kolaz03: bets $3
andrey0709: calls $3
*** TURN *** [5h 2d 4d] [Th]
kolaz03: bets $6
andrey0709: folds
Uncalled bet ($6) returned to kolaz03
kolaz03 collected $17.64 from pot
kolaz03: doesn't show hand
*** SUMMARY ***
Total pot $18 | Rake $0.36
Board [5h 2d 4d Th]
Seat 1: kolaz03 (big blind) collected ($17.64)
Seat 6: andrey0709 (button) (small blind) folded on the Turn


PokerStars Hand #155716382953:  Hold'em Limit ($3/$6 USD) - 2016/07/08 12:42:21 ET
Table 'Marconia II' 6-max Seat #6 is the button
Seat 1: kolaz03 ($169.63 in chips)
Seat 6: andrey0709 ($37.70 in chips)
andrey0709: posts small blind $1
kolaz03: posts big blind $3
*** HOLE CARDS ***
andrey0709: folds
Uncalled bet ($2) returned to kolaz03
kolaz03 collected $2 from pot
kolaz03: doesn't show hand
*** SUMMARY ***
Total pot $2 | Rake $0
Seat 1: kolaz03 (big blind) collected ($2)
Seat 6: andrey0709 (button) (small blind) folded before Flop


PokerStars Hand #155716396250:  Hold'em Limit ($3/$6 USD) - 2016/07/08 12:42:43 ET
Table 'Marconia II' 6-max Seat #6 is the button
Seat 1: kolaz03 ($191.13 in chips)
Seat 6: andrey0709 ($15.70 in chips)
andrey0709: posts small blind $1
kolaz03: posts big blind $3
*** HOLE CARDS ***
andrey0709: raises $3 to $6
kolaz03: calls $3
*** FLOP *** [5s 4c 7s]
kolaz03: checks
andrey0709: bets $3
kolaz03: raises $3 to $6
andrey0709: raises $3 to $9
kolaz03: raises $3 to $12
Betting is capped
andrey0709: calls $0.70 and is all-in
Uncalled bet ($2.30) returned to kolaz03
*** TURN *** [5s 4c 7s] [5d]
*** RIVER *** [5s 4c 7s 5d] [8c]
*** SHOW DOWN ***
kolaz03: shows [8h 9d] (two pair, Eights and Fives)
andrey0709: shows [As Ah] (two pair, Aces and Fives)
andrey0709 collected $30.90 from pot
*** SUMMARY ***
Total pot $31.40 | Rake $0.50
Board [5s 4c 7s 5d 8c]
Seat 1: kolaz03 (big blind) showed [8h 9d] and lost with two pair, Eights and Fives
Seat 6: andrey0709 (button) (small blind) showed [As Ah] and won ($30.90) with two pair, Aces and Fives


PokerStars Hand #155716385301:  Hold'em Limit ($3/$6 USD) - 2016/07/08 12:42:24 ET
Table 'Marconia II' 6-max Seat #1 is the button
Seat 1: kolaz03 ($170.63 in chips)
Seat 6: andrey0709 ($36.70 in chips)
kolaz03: posts small blind $1
andrey0709: posts big blind $3
*** HOLE CARDS ***
kolaz03: raises $3 to $6
andrey0709: calls $3
*** FLOP *** [9c 7h 6s]
andrey0709: checks
kolaz03: bets $3
andrey0709: calls $3
*** TURN *** [9c 7h 6s] [Ad]
andrey0709: checks
kolaz03: bets $6
andrey0709: calls $6
*** RIVER *** [9c 7h 6s Ad] [3s]
andrey0709: checks
kolaz03: bets $6
andrey0709: calls $6
*** SHOW DOWN ***
kolaz03: shows [Td Ac] (a pair of Aces)
andrey0709: mucks hand
kolaz03 collected $41.50 from pot
*** SUMMARY ***
Total pot $42 | Rake $0.50
Board [9c 7h 6s Ad 3s]
Seat 1: kolaz03 (button) (small blind) showed [Td Ac] and won ($41.50) with a pair of Aces
Seat 6: andrey0709 (big blind) mucked


PokerStars Hand #155716420864:  Hold'em Limit ($3/$6 USD) - 2016/07/08 12:43:26 ET
Table 'Marconia II' 6-max Seat #6 is the button
Seat 1: kolaz03 ($168.43 in chips)
Seat 6: andrey0709 ($37.54 in chips)
andrey0709: posts small blind $1
kolaz03: posts big blind $3
*** HOLE CARDS ***
andrey0709: folds
Uncalled bet ($2) returned to kolaz03
kolaz03 collected $2 from pot
kolaz03: doesn't show hand
*** SUMMARY ***
Total pot $2 | Rake $0
Seat 1: kolaz03 (big blind) collected ($2)
Seat 6: andrey0709 (button) (small blind) folded before Flop


PokerStars Hand #155716407810:  Hold'em Limit ($3/$6 USD) - 2016/07/08 12:43:03 ET
Table 'Marconia II' 6-max Seat #6 is the button
Seat 1: kolaz03 ($178.43 in chips)
Seat 6: andrey0709 ($27.90 in chips)
andrey0709: posts small blind $1
kolaz03: posts big blind $3
*** HOLE CARDS ***
andrey0709: raises $3 to $6
kolaz03: calls $3
*** FLOP *** [3h 4s 7d]
kolaz03: checks
andrey0709: bets $3
kolaz03: calls $3
*** TURN *** [3h 4s 7d] [5h]
kolaz03: checks
andrey0709: checks
*** RIVER *** [3h 4s 7d 5h] [7s]
kolaz03: checks
andrey0709: checks
*** SHOW DOWN ***
kolaz03: shows [Kd 8d] (a pair of Sevens)
andrey0709: shows [Jc Ah] (a pair of Sevens - Ace kicker)
andrey0709 collected $17.64 from pot
*** SUMMARY ***
Total pot $18 | Rake $0.36
Board [3h 4s 7d 5h 7s]
Seat 1: kolaz03 (big blind) showed [Kd 8d] and lost with a pair of Sevens
Seat 6: andrey0709 (button) (small blind) showed [Jc Ah] and won ($17.64) with a pair of Sevens


PokerStars Hand #155716435720:  Hold'em Limit ($3/$6 USD) - 2016/07/08 12:43:51 ET
Table 'Marconia II' 6-max Seat #6 is the button
Seat 1: kolaz03 ($178.07 in chips)
Seat 6: andrey0709 ($27.54 in chips)
andrey0709: posts small blind $1
kolaz03: posts big blind $3
*** HOLE CARDS ***
andrey0709: calls $2
kolaz03: checks
*** FLOP *** [Qd 2s 6d]
kolaz03: checks
andrey0709: checks
*** TURN *** [Qd 2s 6d] [As]
kolaz03: checks
andrey0709: checks
*** RIVER *** [Qd 2s 6d As] [4d]
kolaz03: bets $6
andrey0709: folds
Uncalled bet ($6) returned to kolaz03
kolaz03 collected $5.88 from pot
kolaz03: doesn't show hand
*** SUMMARY ***
Total pot $6 | Rake $0.12
Board [Qd 2s 6d As 4d]
Seat 1: kolaz03 (big blind) collected ($5.88)
Seat 6: andrey0709 (button) (small blind) folded on the River


PokerStars Hand #155716423516:  Hold'em Limit ($3/$6 USD) - 2016/07/08 12:43:30 ET
Table 'Marconia II' 6-max Seat #1 is the button
Seat 1: kolaz03 ($169.43 in chips)
Seat 6: andrey0709 ($36.54 in chips)
kolaz03: posts small blind $1
andrey0709: posts big blind $3
*** HOLE CARDS ***
kolaz03: folds
Uncalled bet ($2) returned to andrey0709
andrey0709 collected $2 from pot
andrey0709: doesn't show hand
*** SUMMARY ***
Total pot $2 | Rake $0
Seat 1: kolaz03 (button) (small blind) folded before Flop
Seat 6: andrey0709 (big blind) collected ($2)


PokerStars Hand #155716429970:  Hold'em Limit ($3/$6 USD) - 2016/07/08 12:43:41 ET
Table 'Marconia II' 6-max Seat #1 is the button
Seat 1: kolaz03 ($169.43 in chips)
Seat 6: andrey0709 ($36.54 in chips)
kolaz03: posts small blind $1
andrey0709: posts big blind $3
*** HOLE CARDS ***
kolaz03: raises $3 to $6
andrey0709: calls $3
*** FLOP *** [8c 9c 7c]
andrey0709: checks
kolaz03: bets $3
andrey0709: calls $3
*** TURN *** [8c 9c 7c] [2c]
andrey0709: checks
kolaz03: bets $6
andrey0709: folds
Uncalled bet ($6) returned to kolaz03
kolaz03 collected $17.64 from pot
kolaz03: doesn't show hand
*** SUMMARY ***
Total pot $18 | Rake $0.36
Board [8c 9c 7c 2c]
Seat 1: kolaz03 (button) (small blind) collected ($17.64)
Seat 6: andrey0709 (big blind) folded on the Turn


PokerStars Hand #155716449585:  Hold'em Limit ($3/$6 USD) - 2016/07/08 12:44:15 ET
Table 'Marconia II' 6-max Seat #1 is the button
Seat 1: kolaz03 ($180.95 in chips)
Seat 6: andrey0709 ($24.54 in chips)
kolaz03: posts small blind $1
andrey0709: posts big blind $3
*** HOLE CARDS ***
kolaz03: raises $3 to $6
andrey0709: calls $3
*** FLOP *** [6s Kh 9h]
andrey0709: checks
kolaz03: bets $3
andrey0709: calls $3
*** TURN *** [6s Kh 9h] [5d]
andrey0709: checks
kolaz03: checks
*** RIVER *** [6s Kh 9h 5d] [3c]
andrey0709: checks
kolaz03: checks
*** SHOW DOWN ***
andrey0709: shows [Ah 4d] (high card Ace)
kolaz03: mucks hand
andrey0709 collected $17.64 from pot
*** SUMMARY ***
Total pot $18 | Rake $0.36
Board [6s Kh 9h 5d 3c]
Seat 1: kolaz03 (button) (small blind) mucked
Seat 6: andrey0709 (big blind) showed [Ah 4d] and won ($17.64) with high card Ace


PokerStars Hand #155716456589:  Hold'em Limit ($3/$6 USD) - 2016/07/08 12:44:27 ET
Table 'Marconia II' 6-max Seat #6 is the button
Seat 1: kolaz03 ($171.95 in chips)
Seat 6: andrey0709 ($33.18 in chips)
andrey0709: posts small blind $1
kolaz03: posts big blind $3
*** HOLE CARDS ***
andrey0709: calls $2
kolaz03: raises $3 to $6
andrey0709: calls $3
*** FLOP *** [5h 5s 7c]
kolaz03: bets $3
andrey0709: calls $3
*** TURN *** [5h 5s 7c] [Jc]
kolaz03: checks
andrey0709: bets $6
kolaz03: calls $6
*** RIVER *** [5h 5s 7c Jc] [9h]
kolaz03: checks
andrey0709: bets $6
kolaz03: folds
Uncalled bet ($6) returned to andrey0709
andrey0709 collected $29.50 from pot
andrey0709: doesn't show hand
*** SUMMARY ***
Total pot $30 | Rake $0.50
Board [5h 5s 7c Jc 9h]
Seat 1: kolaz03 (big blind) folded on the River
Seat 6: andrey0709 (button) (small blind) collected ($29.50)


PokerStars Hand #155716480398:  Hold'em Limit ($3/$6 USD) - 2016/07/08 12:45:08 ET
Table 'Marconia II' 6-max Seat #6 is the button
Seat 1: kolaz03 ($165.59 in chips)
Seat 6: andrey0709 ($38.68 in chips)
andrey0709: posts small blind $1
tomtom7 joins the table at seat #2
kolaz03: posts big blind $3
*** HOLE CARDS ***
andrey0709: folds
Uncalled bet ($2) returned to kolaz03
kolaz03 collected $2 from pot
kolaz03: doesn't show hand
*** SUMMARY ***
Total pot $2 | Rake $0
Seat 1: kolaz03 (big blind) collected ($2)
Seat 6: andrey0709 (button) (small blind) folded before Flop


PokerStars Hand #155716710893:  Hold'em Limit ($3/$6 USD) - 2016/07/08 12:51:15 ET
Table 'Marconia II' 6-max Seat #2 is the button
Seat 2: tomtom7 ($50.84 in chips)
Seat 3: ZinZar ($76 in chips)
tomtom7: posts small blind $1
ZinZar: posts big blind $3
*** HOLE CARDS ***
Perumov leaves the table
hamsa222 joins the table at seat #6
tomtom7: raises $3 to $6
ZinZar: calls $3
*** FLOP *** [2c Kc Qd]
hamsa222 leaves the table
ZinZar: checks
tomtom7: bets $3
ZinZar: folds
Uncalled bet ($3) returned to tomtom7
tomtom7 collected $11.76 from pot
tomtom7: doesn't show hand
*** SUMMARY ***
Total pot $12 | Rake $0.24
Board [2c Kc Qd]
Seat 2: tomtom7 (button) (small blind) collected ($11.76)
Seat 3: ZinZar (big blind) folded on the Flop


PokerStars Hand #155716707327:  Hold'em Limit ($3/$6 USD) - 2016/07/08 12:51:09 ET
Table 'Marconia II' 6-max Seat #3 is the button
Seat 2: tomtom7 ($53.84 in chips)
Seat 3: ZinZar ($73 in chips)
ZinZar: posts small blind $1
LWNS joins the table at seat #5
Perumov: is sitting out
kolaz03: is sitting out
tomtom7: posts big blind $3
*** HOLE CARDS ***
ZinZar: raises $3 to $6
tomtom7: folds
Uncalled bet ($3) returned to ZinZar
kolaz03 leaves the table
ZinZar collected $6 from pot
ZinZar: doesn't show hand
*** SUMMARY ***
Total pot $6 | Rake $0
Seat 2: tomtom7 (big blind) folded before Flop
Seat 3: ZinZar (button) (small blind) collected ($6)


PokerStars Hand #155716744753:  Hold'em Limit ($3/$6 USD) - 2016/07/08 12:52:09 ET
Table 'Marconia II' 6-max Seat #3 is the button
Seat 2: tomtom7 ($74.61 in chips)
Seat 3: ZinZar ($72 in chips)
ZinZar: posts small blind $1
LWNS: is sitting out
tomtom7: posts big blind $3
*** HOLE CARDS ***
ZinZar: raises $3 to $6
tomtom7: folds
Uncalled bet ($3) returned to ZinZar
ZinZar collected $6 from pot
ZinZar: doesn't show hand
LWNS leaves the table
*** SUMMARY ***
Total pot $6 | Rake $0
Seat 2: tomtom7 (big blind) folded before Flop
Seat 3: ZinZar (button) (small blind) collected ($6)


PokerStars Hand #155716795164:  Hold'em Limit ($3/$6 USD) - 2016/07/08 12:53:31 ET
Table 'Marconia II' 6-max Seat #2 is the button
Seat 2: tomtom7 ($106.39 in chips)
Seat 3: ZinZar ($75 in chips)
tomtom7: posts small blind $1
ZinZar: posts big blind $3
*** HOLE CARDS ***
tomtom7: folds
Uncalled bet ($2) returned to ZinZar
ZinZar collected $2 from pot
ZinZar: doesn't show hand
*** SUMMARY ***
Total pot $2 | Rake $0
Seat 2: tomtom7 (button) (small blind) folded before Flop
Seat 3: ZinZar (big blind) collected ($2)


PokerStars Hand #155716792483:  Hold'em Limit ($3/$6 USD) - 2016/07/08 12:53:27 ET
Table 'Marconia II' 6-max Seat #3 is the button
Seat 2: tomtom7 ($105.39 in chips)
Seat 3: ZinZar ($76 in chips)
ZinZar: posts small blind $1
tomtom7: posts big blind $3
*** HOLE CARDS ***
ZinZar: folds
Uncalled bet ($2) returned to tomtom7
tomtom7 collected $2 from pot
tomtom7: doesn't show hand
*** SUMMARY ***
Total pot $2 | Rake $0
Seat 2: tomtom7 (big blind) collected ($2)
Seat 3: ZinZar (button) (small blind) folded before Flop


PokerStars Hand #155716780915:  Hold'em Limit ($3/$6 USD) - 2016/07/08 12:53:08 ET
Table 'Marconia II' 6-max Seat #2 is the button
Seat 2: tomtom7 ($103.63 in chips)
Seat 3: ZinZar ($72 in chips)
tomtom7: posts small blind $1
ZinZar: posts big blind $3
*** HOLE CARDS ***
tomtom7: raises $3 to $6
ZinZar: calls $3
*** FLOP *** [Kd 5c 9s]
ZinZar: checks
tomtom7: bets $3
ZinZar: folds
Uncalled bet ($3) returned to tomtom7
tomtom7 collected $11.76 from pot
tomtom7: doesn't show hand
*** SUMMARY ***
Total pot $12 | Rake $0.24
Board [Kd 5c 9s]
Seat 2: tomtom7 (button) (small blind) collected ($11.76)
Seat 3: ZinZar (big blind) folded on the Flop


PokerStars Hand #155716766152:  Hold'em Limit ($3/$6 USD) - 2016/07/08 12:52:44 ET
Table 'Marconia II' 6-max Seat #3 is the button
Seat 2: tomtom7 ($83.13 in chips)
Seat 3: ZinZar ($72 in chips)
ZinZar: posts small blind $1
tomtom7: posts big blind $3
*** HOLE CARDS ***
ZinZar: raises $3 to $6
tomtom7: calls $3
*** FLOP *** [Jh 5h 9d]
tomtom7: checks
ZinZar: bets $3
tomtom7: calls $3
*** TURN *** [Jh 5h 9d] [9h]
tomtom7: checks
ZinZar: bets $6
tomtom7: calls $6
*** RIVER *** [Jh 5h 9d 9h] [Kd]
tomtom7: checks
ZinZar: bets $6
tomtom7: calls $6
*** SHOW DOWN ***
ZinZar: shows [2d 7d] (a pair of Nines)
tomtom7: shows [3s 3h] (two pair, Nines and Threes)
tomtom7 collected $41.50 from pot
*** SUMMARY ***
Total pot $42 | Rake $0.50
Board [Jh 5h 9d 9h Kd]
Seat 2: tomtom7 (big blind) showed [3s 3h] and won ($41.50) with two pair, Nines and Threes
Seat 3: ZinZar (button) (small blind) showed [2d 7d] and lost with a pair of Nines


PokerStars Hand #155716789815:  Hold'em Limit ($3/$6 USD) - 2016/07/08 12:53:22 ET
Table 'Marconia II' 6-max Seat #2 is the button
Seat 2: tomtom7 ($106.39 in chips)
Seat 3: ZinZar ($75 in chips)
tomtom7: posts small blind $1
ZinZar: posts big blind $3
*** HOLE CARDS ***
tomtom7: folds
Uncalled bet ($2) returned to ZinZar
ZinZar collected $2 from pot
ZinZar: doesn't show hand
*** SUMMARY ***
Total pot $2 | Rake $0
Seat 2: tomtom7 (button) (small blind) folded before Flop
Seat 3: ZinZar (big blind) collected ($2)


PokerStars Hand #155716748166:  Hold'em Limit ($3/$6 USD) - 2016/07/08 12:52:15 ET
Table 'Marconia II' 6-max Seat #2 is the button
Seat 2: tomtom7 ($71.61 in chips)
Seat 3: ZinZar ($75 in chips)
tomtom7: posts small blind $1
ZinZar: posts big blind $3
*** HOLE CARDS ***
tomtom7: raises $3 to $6
ZinZar: raises $3 to $9
tomtom7: calls $3
*** FLOP *** [7h 5s 2s]
ZinZar: bets $3
tomtom7: calls $3
*** TURN *** [7h 5s 2s] [6c]
ZinZar: checks
tomtom7: bets $6
ZinZar: folds
Uncalled bet ($6) returned to tomtom7
tomtom7 collected $23.52 from pot
tomtom7: doesn't show hand
*** SUMMARY ***
Total pot $24 | Rake $0.48
Board [7h 5s 2s 6c]
Seat 2: tomtom7 (button) (small blind) collected ($23.52)
Seat 3: ZinZar (big blind) folded on the Turn


PokerStars Hand #155716817858:  Hold'em Limit ($3/$6 USD) - 2016/07/08 12:54:07 ET
Table 'Marconia II' 6-max Seat #2 is the button
Seat 2: tomtom7 ($75.39 in chips)
Seat 3: ZinZar ($105.50 in chips)
tomtom7: posts small blind $1
ZinZar: posts big blind $3
*** HOLE CARDS ***
tomtom7: raises $3 to $6
ZinZar: raises $3 to $9
tomtom7: calls $3
*** FLOP *** [5d 6h 2c]
ZinZar: bets $3
tomtom7: calls $3
*** TURN *** [5d 6h 2c] [5h]
ZinZar: bets $6
tomtom7: raises $6 to $12
ZinZar: folds
Uncalled bet ($6) returned to tomtom7
tomtom7 collected $35.50 from pot
tomtom7: doesn't show hand
*** SUMMARY ***
Total pot $36 | Rake $0.50
Board [5d 6h 2c 5h]
Seat 2: tomtom7 (button) (small blind) collected ($35.50)
Seat 3: ZinZar (big blind) folded on the Turn


PokerStars Hand #155716829601:  Hold'em Limit ($3/$6 USD) - 2016/07/08 12:54:26 ET
Table 'Marconia II' 6-max Seat #3 is the button
Seat 2: tomtom7 ($92.89 in chips)
Seat 3: ZinZar ($87.50 in chips)
ZinZar: posts small blind $1
tomtom7: posts big blind $3
*** HOLE CARDS ***
ZinZar: raises $3 to $6
tomtom7: calls $3
*** FLOP *** [Js Kc 5s]
tomtom7: checks
ZinZar: bets $3
tomtom7: folds
Uncalled bet ($3) returned to ZinZar
ZinZar collected $11.76 from pot
ZinZar: doesn't show hand
*** SUMMARY ***
Total pot $12 | Rake $0.24
Board [Js Kc 5s]
Seat 2: tomtom7 (big blind) folded on the Flop
Seat 3: ZinZar (button) (small blind) collected ($11.76)


PokerStars Hand #155716813543:  Hold'em Limit ($3/$6 USD) - 2016/07/08 12:54:00 ET
Table 'Marconia II' 6-max Seat #3 is the button
Seat 2: tomtom7 ($78.39 in chips)
Seat 3: ZinZar ($102.50 in chips)
ZinZar: posts small blind $1
tomtom7: posts big blind $3
*** HOLE CARDS ***
ZinZar: raises $3 to $6
tomtom7: folds
Uncalled bet ($3) returned to ZinZar
ZinZar collected $6 from pot
ZinZar: doesn't show hand
*** SUMMARY ***
Total pot $6 | Rake $0
Seat 2: tomtom7 (big blind) folded before Flop
Seat 3: ZinZar (button) (small blind) collected ($6)


PokerStars Hand #155716800964:  Hold'em Limit ($3/$6 USD) - 2016/07/08 12:53:40 ET
Table 'Marconia II' 6-max Seat #2 is the button
Seat 2: tomtom7 ($102.39 in chips)
Seat 3: ZinZar ($79 in chips)
tomtom7: posts small blind $1
ZinZar: posts big blind $3
*** HOLE CARDS ***
tomtom7: raises $3 to $6
ZinZar: calls $3
*** FLOP *** [8c 7s 7h]
ZinZar: checks
tomtom7: bets $3
ZinZar: raises $3 to $6
tomtom7: calls $3
*** TURN *** [8c 7s 7h] [Kh]
ZinZar: bets $6
tomtom7: calls $6
*** RIVER *** [8c 7s 7h Kh] [6s]
ZinZar: bets $6
tomtom7: calls $6
*** SHOW DOWN ***
ZinZar: shows [4s 8s] (two pair, Eights and Sevens)
tomtom7: mucks hand
ZinZar collected $47.50 from pot
*** SUMMARY ***
Total pot $48 | Rake $0.50
Board [8c 7s 7h Kh 6s]
Seat 2: tomtom7 (button) (small blind) mucked
Seat 3: ZinZar (big blind) showed [4s 8s] and won ($47.50) with two pair, Eights and Sevens


PokerStars Hand #155716834950:  Hold'em Limit ($3/$6 USD) - 2016/07/08 12:54:35 ET
Table 'Marconia II' 6-max Seat #2 is the button
Seat 2: tomtom7 ($86.89 in chips)
Seat 3: ZinZar ($93.26 in chips)
tomtom7: posts small blind $1
ZinZar: posts big blind $3
*** HOLE CARDS ***
tomtom7: folds
Uncalled bet ($2) returned to ZinZar
ZinZar collected $2 from pot
ZinZar: doesn't show hand
*** SUMMARY ***
Total pot $2 | Rake $0
Seat 2: tomtom7 (button) (small blind) folded before Flop
Seat 3: ZinZar (big blind) collected ($2)


PokerStars Hand #155716837525:  Hold'em Limit ($3/$6 USD) - 2016/07/08 12:54:39 ET
Table 'Marconia II' 6-max Seat #3 is the button
Seat 2: tomtom7 ($85.89 in chips)
Seat 3: ZinZar ($94.26 in chips)
ZinZar: posts small blind $1
tomtom7: posts big blind $3
*** HOLE CARDS ***
ZinZar: raises $3 to $6
tomtom7: calls $3
*** FLOP *** [7d Ks 6c]
tomtom7: checks
ZinZar: bets $3
tomtom7: folds
Uncalled bet ($3) returned to ZinZar
ZinZar collected $11.76 from pot
ZinZar: doesn't show hand
*** SUMMARY ***
Total pot $12 | Rake $0.24
Board [7d Ks 6c]
Seat 2: tomtom7 (big blind) folded on the Flop
Seat 3: ZinZar (button) (small blind) collected ($11.76)


PokerStars Hand #155716843751:  Hold'em Limit ($3/$6 USD) - 2016/07/08 12:54:49 ET
Table 'Marconia II' 6-max Seat #2 is the button
Seat 2: tomtom7 ($79.89 in chips)
Seat 3: ZinZar ($100.02 in chips)
tomtom7: posts small blind $1
ZinZar: posts big blind $3
*** HOLE CARDS ***
moveoverover joins the table at seat #4
tomtom7: calls $2
ZinZar: raises $3 to $6
tomtom7: calls $3
*** FLOP *** [4s 6d 6s]
ZinZar: bets $3
tomtom7: folds
Uncalled bet ($3) returned to ZinZar
ZinZar collected $11.76 from pot
ZinZar: doesn't show hand
*** SUMMARY ***
Total pot $12 | Rake $0.24
Board [4s 6d 6s]
Seat 2: tomtom7 (button) (small blind) folded on the Flop
Seat 3: ZinZar (big blind) collected ($11.76)


PokerStars Hand #155727910801:  Hold'em Limit ($3/$6 USD) - 2016/07/08 17:25:02 ET
Table 'Marconia II' 6-max Seat #5 is the button
Seat 2: Chessnok ($142.25 in chips)
Seat 5: baloumogli09 ($26.14 in chips)
baloumogli09: posts small blind $1
Chessnok: posts big blind $3
*** HOLE CARDS ***
baloumogli09: raises $3 to $6
Chessnok: calls $3
*** FLOP *** [2d 2s 8s]
Chessnok: checks
baloumogli09: checks
*** TURN *** [2d 2s 8s] [Ac]
Chessnok: bets $6
baloumogli09: folds
Uncalled bet ($6) returned to Chessnok
Chessnok collected $11.76 from pot
Chessnok: doesn't show hand
*** SUMMARY ***
Total pot $12 | Rake $0.24
Board [2d 2s 8s Ac]
Seat 2: Chessnok (big blind) collected ($11.76)
Seat 5: baloumogli09 (button) (small blind) folded on the Turn


PokerStars Hand #155727904813:  Hold'em Limit ($3/$6 USD) - 2016/07/08 17:24:54 ET
Table 'Marconia II' 6-max Seat #2 is the button
Seat 2: Chessnok ($139.25 in chips)
Seat 5: baloumogli09 ($29.14 in chips)
Chessnok: posts small blind $1
baloumogli09: posts big blind $3
*** HOLE CARDS ***
Chessnok: raises $3 to $6
baloumogli09: folds
Uncalled bet ($3) returned to Chessnok
Chessnok collected $6 from pot
Chessnok: doesn't show hand
*** SUMMARY ***
Total pot $6 | Rake $0
Seat 2: Chessnok (button) (small blind) collected ($6)
Seat 5: baloumogli09 (big blind) folded before Flop


PokerStars Hand #155727900931:  Hold'em Limit ($3/$6 USD) - 2016/07/08 17:24:49 ET
Table 'Marconia II' 6-max Seat #5 is the button
Seat 2: Chessnok ($138.25 in chips)
Seat 5: baloumogli09 ($30.14 in chips)
baloumogli09: posts small blind $1
Chessnok: posts big blind $3
*** HOLE CARDS ***
baloumogli09: folds
Uncalled bet ($2) returned to Chessnok
Chessnok collected $2 from pot
Chessnok: doesn't show hand
*** SUMMARY ***
Total pot $2 | Rake $0
Seat 2: Chessnok (big blind) collected ($2)
Seat 5: baloumogli09 (button) (small blind) folded before Flop


PokerStars Hand #155727897388:  Hold'em Limit ($3/$6 USD) - 2016/07/08 17:24:44 ET
Table 'Marconia II' 6-max Seat #2 is the button
Seat 2: Chessnok ($139.25 in chips)
Seat 5: baloumogli09 ($29.14 in chips)
Chessnok: posts small blind $1
baloumogli09: posts big blind $3
*** HOLE CARDS ***
Chessnok: folds
Uncalled bet ($2) returned to baloumogli09
baloumogli09 collected $2 from pot
*** SUMMARY ***
Total pot $2 | Rake $0
Seat 2: Chessnok (button) (small blind) folded before Flop
Seat 5: baloumogli09 (big blind) collected ($2)


PokerStars Hand #155727886081:  Hold'em Limit ($3/$6 USD) - 2016/07/08 17:24:30 ET
Table 'Marconia II' 6-max Seat #5 is the button
Seat 2: Chessnok ($133.49 in chips)
Seat 5: baloumogli09 ($35.14 in chips)
baloumogli09: posts small blind $1
ice0034: is sitting out
Chessnok: posts big blind $3
*** HOLE CARDS ***
baloumogli09: calls $2
Chessnok: raises $3 to $6
baloumogli09: calls $3
*** FLOP *** [Kc 3d 3c]
Chessnok: bets $3
baloumogli09: folds
Uncalled bet ($3) returned to Chessnok
Chessnok collected $11.76 from pot
Chessnok: doesn't show hand
*** SUMMARY ***
Total pot $12 | Rake $0.24
Board [Kc 3d 3c]
Seat 2: Chessnok (big blind) collected ($11.76)
Seat 5: baloumogli09 (button) (small blind) folded on the Flop


PokerStars Hand #155727925900:  Hold'em Limit ($3/$6 USD) - 2016/07/08 17:25:21 ET
Table 'Marconia II' 6-max Seat #5 is the button
Seat 2: Chessnok ($147.01 in chips)
Seat 5: baloumogli09 ($21.14 in chips)
baloumogli09: posts small blind $1
Chessnok: posts big blind $3
*** HOLE CARDS ***
baloumogli09: raises $3 to $6
Chessnok: folds
Uncalled bet ($3) returned to baloumogli09
baloumogli09 collected $6 from pot
*** SUMMARY ***
Total pot $6 | Rake $0
Seat 2: Chessnok (big blind) folded before Flop
Seat 5: baloumogli09 (button) (small blind) collected ($6)


PokerStars Hand #155727921776:  Hold'em Limit ($3/$6 USD) - 2016/07/08 17:25:16 ET
Table 'Marconia II' 6-max Seat #2 is the button
Seat 2: Chessnok ($148.01 in chips)
Seat 5: baloumogli09 ($20.14 in chips)
Chessnok: posts small blind $1
baloumogli09: posts big blind $3
*** HOLE CARDS ***
Chessnok: folds
Uncalled bet ($2) returned to baloumogli09
baloumogli09 collected $2 from pot
*** SUMMARY ***
Total pot $2 | Rake $0
Seat 2: Chessnok (button) (small blind) folded before Flop
Seat 5: baloumogli09 (big blind) collected ($2)


PokerStars Hand #155727938744:  Hold'em Limit ($3/$6 USD) - 2016/07/08 17:25:37 ET
Table 'Marconia II' 6-max Seat #5 is the button
Seat 2: Chessnok ($143.01 in chips)
Seat 5: baloumogli09 ($25.14 in chips)
baloumogli09: posts small blind $1
Chessnok: posts big blind $3
*** HOLE CARDS ***
baloumogli09: raises $3 to $6
Chessnok: calls $3
*** FLOP *** [2c Th 4s]
Chessnok: checks
baloumogli09: bets $3
Chessnok: raises $3 to $6
baloumogli09: raises $3 to $9
Chessnok: raises $3 to $12
Betting is capped
baloumogli09: calls $3
*** TURN *** [2c Th 4s] [2s]
Chessnok: checks
baloumogli09: bets $6
Chessnok: raises $6 to $12
baloumogli09: calls $1.14 and is all-in
Uncalled bet ($4.86) returned to Chessnok
*** RIVER *** [2c Th 4s 2s] [Ah]
*** SHOW DOWN ***
Chessnok: shows [Ts 8d] (two pair, Tens and Deuces)
baloumogli09: shows [Qs Qh] (two pair, Queens and Deuces)
baloumogli09 collected $49.78 from pot
*** SUMMARY ***
Total pot $50.28 | Rake $0.50
Board [2c Th 4s 2s Ah]
Seat 2: Chessnok (big blind) showed [Ts 8d] and lost with two pair, Tens and Deuces
Seat 5: baloumogli09 (button) (small blind) showed [Qs Qh] and won ($49.78) with two pair, Queens and Deuces


PokerStars Hand #155727931709:  Hold'em Limit ($3/$6 USD) - 2016/07/08 17:25:29 ET
Table 'Marconia II' 6-max Seat #2 is the button
Seat 2: Chessnok ($144.01 in chips)
Seat 5: baloumogli09 ($24.14 in chips)
Chessnok: posts small blind $1
baloumogli09: posts big blind $3
*** HOLE CARDS ***
Chessnok: folds
Uncalled bet ($2) returned to baloumogli09
baloumogli09 collected $2 from pot
*** SUMMARY ***
Total pot $2 | Rake $0
Seat 2: Chessnok (button) (small blind) folded before Flop
Seat 5: baloumogli09 (big blind) collected ($2)


PokerStars Hand #155728014199:  Hold'em Limit ($3/$6 USD) - 2016/07/08 17:27:12 ET
Table 'Marconia II' 6-max Seat #5 is the button
Seat 2: Chessnok ($119.13 in chips)
Seat 5: baloumogli09 ($47.28 in chips)
baloumogli09: posts small blind $1
Chessnok: posts big blind $3
*** HOLE CARDS ***
baloumogli09: folds
Uncalled bet ($2) returned to Chessnok
Chessnok collected $2 from pot
Chessnok: doesn't show hand
*** SUMMARY ***
Total pot $2 | Rake $0
Seat 2: Chessnok (big blind) collected ($2)
Seat 5: baloumogli09 (button) (small blind) folded before Flop


PokerStars Hand #155727999143:  Hold'em Limit ($3/$6 USD) - 2016/07/08 17:26:53 ET
Table 'Marconia II' 6-max Seat #2 is the button
Seat 2: Chessnok ($104.63 in chips)
Seat 5: baloumogli09 ($62.28 in chips)
Chessnok: posts small blind $1
baloumogli09: posts big blind $3
*** HOLE CARDS ***
Chessnok: raises $3 to $6
baloumogli09: calls $3
*** FLOP *** [Qc 6s 2d]
baloumogli09: checks
Chessnok: bets $3
baloumogli09: calls $3
*** TURN *** [Qc 6s 2d] [6d]
baloumogli09: checks
Chessnok: checks
*** RIVER *** [Qc 6s 2d 6d] [Qs]
baloumogli09: bets $6
Chessnok: calls $6
*** SHOW DOWN ***
baloumogli09: shows [Kc 9h] (two pair, Queens and Sixes)
Chessnok: shows [As 4s] (two pair, Queens and Sixes - Ace kicker)
Chessnok collected $29.50 from pot
*** SUMMARY ***
Total pot $30 | Rake $0.50
Board [Qc 6s 2d 6d Qs]
Seat 2: Chessnok (button) (small blind) showed [As 4s] and won ($29.50) with two pair, Queens and Sixes
Seat 5: baloumogli09 (big blind) showed [Kc 9h] and lost with two pair, Queens and Sixes


PokerStars Hand #155727995169:  Hold'em Limit ($3/$6 USD) - 2016/07/08 17:26:48 ET
Table 'Marconia II' 6-max Seat #5 is the button
Seat 2: Chessnok ($103.63 in chips)
Seat 5: baloumogli09 ($63.28 in chips)
baloumogli09: posts small blind $1
Chessnok: posts big blind $3
*** HOLE CARDS ***
baloumogli09: folds
Uncalled bet ($2) returned to Chessnok
Chessnok collected $2 from pot
Chessnok: doesn't show hand
*** SUMMARY ***
Total pot $2 | Rake $0
Seat 2: Chessnok (big blind) collected ($2)
Seat 5: baloumogli09 (button) (small blind) folded before Flop


PokerStars Hand #155727986822:  Hold'em Limit ($3/$6 USD) - 2016/07/08 17:26:37 ET
Table 'Marconia II' 6-max Seat #2 is the button
Seat 2: Chessnok ($97.87 in chips)
Seat 5: baloumogli09 ($69.28 in chips)
Chessnok: posts small blind $1
baloumogli09: posts big blind $3
*** HOLE CARDS ***
Chessnok: raises $3 to $6
baloumogli09: calls $3
*** FLOP *** [Ts 9s 3d]
baloumogli09: checks
Chessnok: bets $3
baloumogli09: folds
Uncalled bet ($3) returned to Chessnok
Chessnok collected $11.76 from pot
Chessnok: doesn't show hand
*** SUMMARY ***
Total pot $12 | Rake $0.24
Board [Ts 9s 3d]
Seat 2: Chessnok (button) (small blind) collected ($11.76)
Seat 5: baloumogli09 (big blind) folded on the Flop


PokerStars Hand #155727982505:  Hold'em Limit ($3/$6 USD) - 2016/07/08 17:26:32 ET
Table 'Marconia II' 6-max Seat #5 is the button
Seat 2: Chessnok ($96.87 in chips)
Seat 5: baloumogli09 ($70.28 in chips)
baloumogli09: posts small blind $1
Chessnok: posts big blind $3
*** HOLE CARDS ***
baloumogli09: folds
Uncalled bet ($2) returned to Chessnok
Chessnok collected $2 from pot
Chessnok: doesn't show hand
*** SUMMARY ***
Total pot $2 | Rake $0
Seat 2: Chessnok (big blind) collected ($2)
Seat 5: baloumogli09 (button) (small blind) folded before Flop


PokerStars Hand #155727963050:  Hold'em Limit ($3/$6 USD) - 2016/07/08 17:26:08 ET
Table 'Marconia II' 6-max Seat #2 is the button
Seat 2: Chessnok ($117.87 in chips)
Seat 5: baloumogli09 ($49.78 in chips)
Chessnok: posts small blind $1
baloumogli09: posts big blind $3
*** HOLE CARDS ***
Chessnok: raises $3 to $6
baloumogli09: calls $3
*** FLOP *** [5s Qc Kc]
baloumogli09: checks
Chessnok: bets $3
baloumogli09: calls $3
*** TURN *** [5s Qc Kc] [Jh]
baloumogli09: checks
Chessnok: checks
*** RIVER *** [5s Qc Kc Jh] [Jc]
baloumogli09: bets $6
Chessnok: raises $6 to $12
baloumogli09: calls $6
*** SHOW DOWN ***
Chessnok: shows [9c Jd] (three of a kind, Jacks)
baloumogli09: shows [9h Tc] (a straight, Nine to King)
baloumogli09 collected $41.50 from pot
*** SUMMARY ***
Total pot $42 | Rake $0.50
Board [5s Qc Kc Jh Jc]
Seat 2: Chessnok (button) (small blind) showed [9c Jd] and lost with three of a kind, Jacks
Seat 5: baloumogli09 (big blind) showed [9h Tc] and won ($41.50) with a straight, Nine to King


PokerStars Hand #155728021461:  Hold'em Limit ($3/$6 USD) - 2016/07/08 17:27:17 ET
Table 'Marconia II' 6-max Seat #2 is the button
Seat 2: Chessnok ($120.13 in chips)
Seat 5: baloumogli09 ($46.28 in chips)
Chessnok: posts small blind $1
baloumogli09: posts big blind $3
*** HOLE CARDS ***
Chessnok: raises $3 to $6
baloumogli09: folds
Uncalled bet ($3) returned to Chessnok
Chessnok collected $6 from pot
Chessnok: doesn't show hand
*** SUMMARY ***
Total pot $6 | Rake $0
Seat 2: Chessnok (button) (small blind) collected ($6)
Seat 5: baloumogli09 (big blind) folded before Flop


PokerStars Hand #155728044144:  Hold'em Limit ($3/$6 USD) - 2016/07/08 17:27:46 ET
Table 'Marconia II' 6-max Seat #5 is the button
Seat 2: Chessnok ($115.13 in chips)
Seat 5: baloumogli09 ($50.92 in chips)
baloumogli09: posts small blind $1
Chessnok: posts big blind $3
*** HOLE CARDS ***
baloumogli09: raises $3 to $6
Chessnok: calls $3
*** FLOP *** [Kd 2d 7s]
Chessnok: checks
baloumogli09: bets $3
Chessnok: folds
Uncalled bet ($3) returned to baloumogli09
baloumogli09 collected $11.76 from pot
*** SUMMARY ***
Total pot $12 | Rake $0.24
Board [Kd 2d 7s]
Seat 2: Chessnok (big blind) folded on the Flop
Seat 5: baloumogli09 (button) (small blind) collected ($11.76)


PokerStars Hand #155728033076:  Hold'em Limit ($3/$6 USD) - 2016/07/08 17:27:32 ET
Table 'Marconia II' 6-max Seat #2 is the button
Seat 2: Chessnok ($124.13 in chips)
Seat 5: baloumogli09 ($42.28 in chips)
Chessnok: posts small blind $1
baloumogli09: posts big blind $3
*** HOLE CARDS ***
Chessnok: raises $3 to $6
baloumogli09: calls $3
*** FLOP *** [6c 6d 7d]
baloumogli09: checks
Chessnok: bets $3
baloumogli09: raises $3 to $6
Chessnok: folds
Uncalled bet ($3) returned to baloumogli09
baloumogli09 collected $17.64 from pot
*** SUMMARY ***
Total pot $18 | Rake $0.36
Board [6c 6d 7d]
Seat 2: Chessnok (button) (small blind) folded on the Flop
Seat 5: baloumogli09 (big blind) collected ($17.64)


PokerStars Hand #155728029250:  Hold'em Limit ($3/$6 USD) - 2016/07/08 17:27:27 ET
Table 'Marconia II' 6-max Seat #5 is the button
Seat 2: Chessnok ($123.13 in chips)
Seat 5: baloumogli09 ($43.28 in chips)
baloumogli09: posts small blind $1
Chessnok: posts big blind $3
*** HOLE CARDS ***
baloumogli09: folds
Uncalled bet ($2) returned to Chessnok
Chessnok collected $2 from pot
Chessnok: doesn't show hand
*** SUMMARY ***
Total pot $2 | Rake $0
Seat 2: Chessnok (big blind) collected ($2)
Seat 5: baloumogli09 (button) (small blind) folded before Flop


PokerStars Hand #155728090807:  Hold'em Limit ($3/$6 USD) - 2016/07/08 17:28:45 ET
Table 'Marconia II' 6-max Seat #2 is the button
Seat 2: Chessnok ($118.77 in chips)
Seat 5: baloumogli09 ($46.68 in chips)
Chessnok: posts small blind $1
baloumogli09: posts big blind $3
*** HOLE CARDS ***
Chessnok: raises $3 to $6
baloumogli09: calls $3
*** FLOP *** [As Kc 7s]
baloumogli09: checks
Chessnok: bets $3
baloumogli09: calls $3
*** TURN *** [As Kc 7s] [Th]
baloumogli09: checks
Chessnok: bets $6
baloumogli09: raises $6 to $12
Chessnok: calls $6
*** RIVER *** [As Kc 7s Th] [2c]
baloumogli09: bets $6
Chessnok: folds
Uncalled bet ($6) returned to baloumogli09
baloumogli09 collected $41.50 from pot
*** SUMMARY ***
Total pot $42 | Rake $0.50
Board [As Kc 7s Th 2c]
Seat 2: Chessnok (button) (small blind) folded on the River
Seat 5: baloumogli09 (big blind) collected ($41.50)


PokerStars Hand #155728086880:  Hold'em Limit ($3/$6 USD) - 2016/07/08 17:28:40 ET
Table 'Marconia II' 6-max Seat #5 is the button
Seat 2: Chessnok ($117.77 in chips)
Seat 5: baloumogli09 ($47.68 in chips)
baloumogli09: posts small blind $1
Chessnok: posts big blind $3
*** HOLE CARDS ***
baloumogli09: folds
Uncalled bet ($2) returned to Chessnok
Chessnok collected $2 from pot
Chessnok: doesn't show hand
*** SUMMARY ***
Total pot $2 | Rake $0
Seat 2: Chessnok (big blind) collected ($2)
Seat 5: baloumogli09 (button) (small blind) folded before Flop


PokerStars Hand #155728059699:  Hold'em Limit ($3/$6 USD) - 2016/07/08 17:28:05 ET
Table 'Marconia II' 6-max Seat #2 is the button
Seat 2: Chessnok ($109.13 in chips)
Seat 5: baloumogli09 ($56.68 in chips)
Chessnok: posts small blind $1
baloumogli09: posts big blind $3
*** HOLE CARDS ***
Chessnok: raises $3 to $6
baloumogli09: calls $3
*** FLOP *** [3c Qd 7h]
baloumogli09: checks
Chessnok: bets $3
baloumogli09: calls $3
*** TURN *** [3c Qd 7h] [9s]
baloumogli09: checks
Chessnok: bets $6
baloumogli09: folds
Uncalled bet ($6) returned to Chessnok
Chessnok collected $17.64 from pot
Chessnok: doesn't show hand
*** SUMMARY ***
Total pot $18 | Rake $0.36
Board [3c Qd 7h 9s]
Seat 2: Chessnok (button) (small blind) collected ($17.64)
Seat 5: baloumogli09 (big blind) folded on the Turn


PokerStars Hand #155728109851:  Hold'em Limit ($3/$6 USD) - 2016/07/08 17:29:09 ET
Table 'Marconia II' 6-max Seat #5 is the button
Seat 2: Chessnok ($97.77 in chips)
Seat 5: baloumogli09 ($67.18 in chips)
baloumogli09: posts small blind $1
Chessnok: posts big blind $3
*** HOLE CARDS ***
baloumogli09: raises $3 to $6
Chessnok: calls $3
*** FLOP *** [7d 2d 5h]
Chessnok: bets $3
baloumogli09: calls $3
*** TURN *** [7d 2d 5h] [6h]
Chessnok: bets $6
baloumogli09: folds
Uncalled bet ($6) returned to Chessnok
Chessnok collected $17.64 from pot
Chessnok: doesn't show hand
*** SUMMARY ***
Total pot $18 | Rake $0.36
Board [7d 2d 5h 6h]
Seat 2: Chessnok (big blind) collected ($17.64)
Seat 5: baloumogli09 (button) (small blind) folded on the Turn


PokerStars Hand #155728128119:  Hold'em Limit ($3/$6 USD) - 2016/07/08 17:29:32 ET
Table 'Marconia II' 6-max Seat #5 is the button
Seat 2: Chessnok ($109.41 in chips)
Seat 5: baloumogli09 ($55.18 in chips)
baloumogli09: posts small blind $1
Chessnok: posts big blind $3
*** HOLE CARDS ***
baloumogli09: raises $3 to $6
Chessnok: calls $3
*** FLOP *** [6h Jh Js]
Chessnok: checks
baloumogli09: bets $3
Chessnok: folds
Uncalled bet ($3) returned to baloumogli09
baloumogli09 collected $11.76 from pot
*** SUMMARY ***
Total pot $12 | Rake $0.24
Board [6h Jh Js]
Seat 2: Chessnok (big blind) folded on the Flop
Seat 5: baloumogli09 (button) (small blind) collected ($11.76)


PokerStars Hand #155728123813:  Hold'em Limit ($3/$6 USD) - 2016/07/08 17:29:27 ET
Table 'Marconia II' 6-max Seat #2 is the button
Seat 2: Chessnok ($106.41 in chips)
Seat 5: baloumogli09 ($58.18 in chips)
Chessnok: posts small blind $1
baloumogli09: posts big blind $3
*** HOLE CARDS ***
Chessnok: raises $3 to $6
baloumogli09: folds
Uncalled bet ($3) returned to Chessnok
Chessnok collected $6 from pot
Chessnok: doesn't show hand
*** SUMMARY ***
Total pot $6 | Rake $0
Seat 2: Chessnok (button) (small blind) collected ($6)
Seat 5: baloumogli09 (big blind) folded before Flop


PokerStars Hand #155728144243:  Hold'em Limit ($3/$6 USD) - 2016/07/08 17:29:53 ET
Table 'Marconia II' 6-max Seat #2 is the button
Seat 2: Chessnok ($103.41 in chips)
Seat 5: baloumogli09 ($60.94 in chips)
Chessnok: posts small blind $1
baloumogli09: posts big blind $3
*** HOLE CARDS ***
Chessnok: raises $3 to $6
baloumogli09: calls $3
*** FLOP *** [Kh Ks 3h]
baloumogli09: checks
Chessnok: bets $3
baloumogli09: raises $3 to $6
kykypy3a000o joins the table at seat #6
Chessnok: folds
Uncalled bet ($3) returned to baloumogli09
baloumogli09 collected $17.64 from pot
*** SUMMARY ***
Total pot $18 | Rake $0.36
Board [Kh Ks 3h]
Seat 2: Chessnok (button) (small blind) folded on the Flop
Seat 5: baloumogli09 (big blind) collected ($17.64)


