PokerStars Hand #173357686849:  Hold'em Limit ($3/$6 USD) - 2017/07/22 9:39:22 ET
Table 'Marceline' 6-max Seat #1 is the button
Seat 1: nedo1414 ($176 in chips)
Seat 4: Anchig ($124 in chips)
nedo1414: posts small blind $1
Anchig: posts big blind $3
*** HOLE CARDS ***
nedo1414: folds
Uncalled bet ($2) returned to Anchig
Anchig collected $2 from pot
Anchig: doesn't show hand
*** SUMMARY ***
Total pot $2 | Rake $0
Seat 1: nedo1414 (button) (small blind) folded before Flop
Seat 4: Anchig (big blind) collected ($2)


PokerStars Hand #173357681908:  Hold'em Limit ($3/$6 USD) - 2017/07/22 9:39:14 ET
Table 'Marceline' 6-max Seat #4 is the button
Seat 1: nedo1414 ($179 in chips)
Seat 4: Anchig ($121 in chips)
Anchig: posts small blind $1
nedo1414: posts big blind $3
*** HOLE CARDS ***
Anchig: raises $3 to $6
nedo1414: folds
Uncalled bet ($3) returned to Anchig
Anchig collected $6 from pot
Anchig: doesn't show hand
*** SUMMARY ***
Total pot $6 | Rake $0
Seat 1: nedo1414 (big blind) folded before Flop
Seat 4: Anchig (button) (small blind) collected ($6)


PokerStars Hand #173357678247:  Hold'em Limit ($3/$6 USD) - 2017/07/22 9:39:08 ET
Table 'Marceline' 6-max Seat #1 is the button
Seat 1: nedo1414 ($180 in chips)
Seat 4: Anchig ($120 in chips)
nedo1414: posts small blind $1
Anchig: posts big blind $3
*** HOLE CARDS ***
nedo1414: folds
Uncalled bet ($2) returned to Anchig
Anchig collected $2 from pot
Anchig: doesn't show hand
*** SUMMARY ***
Total pot $2 | Rake $0
Seat 1: nedo1414 (button) (small blind) folded before Flop
Seat 4: Anchig (big blind) collected ($2)


PokerStars Hand #173357719826:  Hold'em Limit ($3/$6 USD) - 2017/07/22 9:40:17 ET
Table 'Marceline' 6-max Seat #1 is the button
Seat 1: nedo1414 ($145 in chips)
Seat 4: Anchig ($154.14 in chips)
nedo1414: posts small blind $1
Anchig: posts big blind $3
*** HOLE CARDS ***
nedo1414: raises $3 to $6
Anchig: raises $3 to $9
nedo1414: raises $3 to $12
Betting is capped
Anchig: calls $3
*** FLOP *** [Ad 7s 2s]
Anchig: checks
nedo1414: bets $3
Anchig: calls $3
*** TURN *** [Ad 7s 2s] [6s]
Anchig: checks
nedo1414: checks
*** RIVER *** [Ad 7s 2s 6s] [3s]
Anchig: bets $6
nedo1414: calls $6
*** SHOW DOWN ***
Anchig: shows [Td Ks] (a flush, King high)
nedo1414: mucks hand
Anchig collected $41.50 from pot
*** SUMMARY ***
Total pot $42 | Rake $0.50
Board [Ad 7s 2s 6s 3s]
Seat 1: nedo1414 (button) (small blind) mucked
Seat 4: Anchig (big blind) showed [Td Ks] and won ($41.50) with a flush, King high


PokerStars Hand #173357707647:  Hold'em Limit ($3/$6 USD) - 2017/07/22 9:39:56 ET
Table 'Marceline' 6-max Seat #4 is the button
Seat 1: nedo1414 ($163 in chips)
Seat 4: Anchig ($136.64 in chips)
Anchig: posts small blind $1
nedo1414: posts big blind $3
*** HOLE CARDS ***
Anchig: raises $3 to $6
nedo1414: raises $3 to $9
Anchig: calls $3
*** FLOP *** [Ac 6d 5s]
nedo1414: bets $3
Anchig: calls $3
*** TURN *** [Ac 6d 5s] [5d]
nedo1414: checks
Anchig: checks
*** RIVER *** [Ac 6d 5s 5d] [Td]
nedo1414: checks
Anchig: bets $6
nedo1414: calls $6
*** SHOW DOWN ***
Anchig: shows [6s 4d] (two pair, Sixes and Fives)
nedo1414: mucks hand
Anchig collected $35.50 from pot
*** SUMMARY ***
Total pot $36 | Rake $0.50
Board [Ac 6d 5s 5d Td]
Seat 1: nedo1414 (big blind) mucked
Seat 4: Anchig (button) (small blind) showed [6s 4d] and won ($35.50) with two pair, Sixes and Fives


PokerStars Hand #173357696701:  Hold'em Limit ($3/$6 USD) - 2017/07/22 9:39:38 ET
Table 'Marceline' 6-max Seat #1 is the button
Seat 1: nedo1414 ($172 in chips)
Seat 4: Anchig ($128 in chips)
nedo1414: posts small blind $1
Anchig: posts big blind $3
*** HOLE CARDS ***
nedo1414: raises $3 to $6
Anchig: calls $3
*** FLOP *** [2s Ks Td]
Anchig: checks
nedo1414: bets $3
Anchig: calls $3
*** TURN *** [2s Ks Td] [6s]
Anchig: checks
nedo1414: checks
*** RIVER *** [2s Ks Td 6s] [6h]
Anchig: bets $6
nedo1414: folds
Uncalled bet ($6) returned to Anchig
Anchig collected $17.64 from pot
Anchig: doesn't show hand
*** SUMMARY ***
Total pot $18 | Rake $0.36
Board [2s Ks Td 6s 6h]
Seat 1: nedo1414 (button) (small blind) folded on the River
Seat 4: Anchig (big blind) collected ($17.64)


PokerStars Hand #173357689658:  Hold'em Limit ($3/$6 USD) - 2017/07/22 9:39:27 ET
Table 'Marceline' 6-max Seat #4 is the button
Seat 1: nedo1414 ($175 in chips)
Seat 4: Anchig ($125 in chips)
Anchig: posts small blind $1
nedo1414: posts big blind $3
*** HOLE CARDS ***
Anchig: raises $3 to $6
nedo1414: folds
Uncalled bet ($3) returned to Anchig
Anchig collected $6 from pot
Anchig: doesn't show hand
*** SUMMARY ***
Total pot $6 | Rake $0
Seat 1: nedo1414 (big blind) folded before Flop
Seat 4: Anchig (button) (small blind) collected ($6)


PokerStars Hand #173357753315:  Hold'em Limit ($3/$6 USD) - 2017/07/22 9:41:12 ET
Table 'Marceline' 6-max Seat #1 is the button
Seat 1: nedo1414 ($118 in chips)
Seat 4: Anchig ($180.40 in chips)
nedo1414: posts small blind $1
Anchig: posts big blind $3
*** HOLE CARDS ***
nedo1414: folds
Uncalled bet ($2) returned to Anchig
Anchig collected $2 from pot
Anchig: doesn't show hand
*** SUMMARY ***
Total pot $2 | Rake $0
Seat 1: nedo1414 (button) (small blind) folded before Flop
Seat 4: Anchig (big blind) collected ($2)


PokerStars Hand #173357750794:  Hold'em Limit ($3/$6 USD) - 2017/07/22 9:41:08 ET
Table 'Marceline' 6-max Seat #4 is the button
Seat 1: nedo1414 ($117 in chips)
Seat 4: Anchig ($181.40 in chips)
Anchig: posts small blind $1
nedo1414: posts big blind $3
*** HOLE CARDS ***
Anchig: folds
Uncalled bet ($2) returned to nedo1414
nedo1414 collected $2 from pot
nedo1414: doesn't show hand
*** SUMMARY ***
Total pot $2 | Rake $0
Seat 1: nedo1414 (big blind) collected ($2)
Seat 4: Anchig (button) (small blind) folded before Flop


PokerStars Hand #173357745280:  Hold'em Limit ($3/$6 USD) - 2017/07/22 9:40:59 ET
Table 'Marceline' 6-max Seat #1 is the button
Seat 1: nedo1414 ($114 in chips)
Seat 4: Anchig ($184.40 in chips)
nedo1414: posts small blind $1
Anchig: posts big blind $3
*** HOLE CARDS ***
nedo1414: raises $3 to $6
Anchig: folds
Uncalled bet ($3) returned to nedo1414
nedo1414 collected $6 from pot
nedo1414: doesn't show hand
*** SUMMARY ***
Total pot $6 | Rake $0
Seat 1: nedo1414 (button) (small blind) collected ($6)
Seat 4: Anchig (big blind) folded before Flop


PokerStars Hand #173357738054:  Hold'em Limit ($3/$6 USD) - 2017/07/22 9:40:47 ET
Table 'Marceline' 6-max Seat #4 is the button
Seat 1: nedo1414 ($120 in chips)
Seat 4: Anchig ($178.64 in chips)
Anchig: posts small blind $1
nedo1414: posts big blind $3
*** HOLE CARDS ***
Anchig: raises $3 to $6
nedo1414: calls $3
*** FLOP *** [Js 4h 4d]
nedo1414: checks
Anchig: bets $3
nedo1414: folds
Uncalled bet ($3) returned to Anchig
Anchig collected $11.76 from pot
Anchig: doesn't show hand
*** SUMMARY ***
Total pot $12 | Rake $0.24
Board [Js 4h 4d]
Seat 1: nedo1414 (big blind) folded on the Flop
Seat 4: Anchig (button) (small blind) collected ($11.76)


PokerStars Hand #173357735363:  Hold'em Limit ($3/$6 USD) - 2017/07/22 9:40:42 ET
Table 'Marceline' 6-max Seat #1 is the button
Seat 1: nedo1414 ($121 in chips)
Seat 4: Anchig ($177.64 in chips)
nedo1414: posts small blind $1
Anchig: posts big blind $3
*** HOLE CARDS ***
nedo1414: folds
Uncalled bet ($2) returned to Anchig
Anchig collected $2 from pot
Anchig: doesn't show hand
*** SUMMARY ***
Total pot $2 | Rake $0
Seat 1: nedo1414 (button) (small blind) folded before Flop
Seat 4: Anchig (big blind) collected ($2)


PokerStars Hand #173357730507:  Hold'em Limit ($3/$6 USD) - 2017/07/22 9:40:35 ET
Table 'Marceline' 6-max Seat #4 is the button
Seat 1: nedo1414 ($124 in chips)
Seat 4: Anchig ($174.64 in chips)
Anchig: posts small blind $1
nedo1414: posts big blind $3
*** HOLE CARDS ***
Anchig: raises $3 to $6
nedo1414: folds
Uncalled bet ($3) returned to Anchig
Anchig collected $6 from pot
Anchig: doesn't show hand
*** SUMMARY ***
Total pot $6 | Rake $0
Seat 1: nedo1414 (big blind) folded before Flop
Seat 4: Anchig (button) (small blind) collected ($6)


PokerStars Hand #173357786091:  Hold'em Limit ($3/$6 USD) - 2017/07/22 9:42:07 ET
Table 'Marceline' 6-max Seat #1 is the button
Seat 1: nedo1414 ($109.64 in chips)
Seat 4: Anchig ($187.90 in chips)
nedo1414: posts small blind $1
Anchig: posts big blind $3
*** HOLE CARDS ***
nedo1414: raises $3 to $6
Anchig: raises $3 to $9
nedo1414: calls $3
*** FLOP *** [Jh 9c Jc]
Anchig: bets $3
nedo1414: calls $3
*** TURN *** [Jh 9c Jc] [Qs]
Anchig: bets $6
nedo1414: calls $6
*** RIVER *** [Jh 9c Jc Qs] [5h]
Anchig: bets $6
nedo1414: raises $6 to $12
Anchig: raises $6 to $18
nedo1414: calls $6
*** SHOW DOWN ***
Anchig: shows [Ts Js] (three of a kind, Jacks)
nedo1414: shows [Tc Ks] (a straight, Nine to King)
nedo1414 collected $71.50 from pot
*** SUMMARY ***
Total pot $72 | Rake $0.50
Board [Jh 9c Jc Qs 5h]
Seat 1: nedo1414 (button) (small blind) showed [Tc Ks] and won ($71.50) with a straight, Nine to King
Seat 4: Anchig (big blind) showed [Ts Js] and lost with three of a kind, Jacks


PokerStars Hand #173357776007:  Hold'em Limit ($3/$6 USD) - 2017/07/22 9:41:50 ET
Table 'Marceline' 6-max Seat #4 is the button
Seat 1: nedo1414 ($124.64 in chips)
Seat 4: Anchig ($173.40 in chips)
Anchig: posts small blind $1
nedo1414: posts big blind $3
*** HOLE CARDS ***
Anchig: raises $3 to $6
nedo1414: calls $3
*** FLOP *** [8c Qc Ac]
nedo1414: checks
Anchig: bets $3
nedo1414: calls $3
*** TURN *** [8c Qc Ac] [3h]
nedo1414: checks
Anchig: bets $6
nedo1414: calls $6
*** RIVER *** [8c Qc Ac 3h] [Tc]
nedo1414: checks
Anchig: checks
*** SHOW DOWN ***
nedo1414: shows [8s 6s] (a pair of Eights)
Anchig: shows [4d Ad] (a pair of Aces)
Anchig collected $29.50 from pot
*** SUMMARY ***
Total pot $30 | Rake $0.50
Board [8c Qc Ac 3h Tc]
Seat 1: nedo1414 (big blind) showed [8s 6s] and lost with a pair of Eights
Seat 4: Anchig (button) (small blind) showed [4d Ad] and won ($29.50) with a pair of Aces


PokerStars Hand #173357773153:  Hold'em Limit ($3/$6 USD) - 2017/07/22 9:41:45 ET
Table 'Marceline' 6-max Seat #1 is the button
Seat 1: nedo1414 ($125.64 in chips)
Seat 4: Anchig ($172.40 in chips)
nedo1414: posts small blind $1
Anchig: posts big blind $3
*** HOLE CARDS ***
nedo1414: folds
Uncalled bet ($2) returned to Anchig
Anchig collected $2 from pot
Anchig: doesn't show hand
*** SUMMARY ***
Total pot $2 | Rake $0
Seat 1: nedo1414 (button) (small blind) folded before Flop
Seat 4: Anchig (big blind) collected ($2)


PokerStars Hand #173357756696:  Hold'em Limit ($3/$6 USD) - 2017/07/22 9:41:18 ET
Table 'Marceline' 6-max Seat #4 is the button
Seat 1: nedo1414 ($117 in chips)
Seat 4: Anchig ($181.40 in chips)
Anchig: posts small blind $1
nedo1414: posts big blind $3
*** HOLE CARDS ***
Anchig: raises $3 to $6
nedo1414: calls $3
*** FLOP *** [5h 8d 8h]
nedo1414: checks
Anchig: bets $3
nedo1414: raises $3 to $6
Anchig: folds
Uncalled bet ($3) returned to nedo1414
nedo1414 collected $17.64 from pot
nedo1414: doesn't show hand
*** SUMMARY ***
Total pot $18 | Rake $0.36
Board [5h 8d 8h]
Seat 1: nedo1414 (big blind) collected ($17.64)
Seat 4: Anchig (button) (small blind) folded on the Flop


PokerStars Hand #173357832309:  Hold'em Limit ($3/$6 USD) - 2017/07/22 9:43:24 ET
Table 'Marceline' 6-max Seat #1 is the button
Seat 1: nedo1414 ($151.64 in chips)
Seat 4: Anchig ($144.40 in chips)
nedo1414: posts small blind $1
Anchig: posts big blind $3
*** HOLE CARDS ***
nedo1414: folds
Uncalled bet ($2) returned to Anchig
Anchig collected $2 from pot
Anchig: doesn't show hand
*** SUMMARY ***
Total pot $2 | Rake $0
Seat 1: nedo1414 (button) (small blind) folded before Flop
Seat 4: Anchig (big blind) collected ($2)


PokerStars Hand #173357828165:  Hold'em Limit ($3/$6 USD) - 2017/07/22 9:43:17 ET
Table 'Marceline' 6-max Seat #4 is the button
Seat 1: nedo1414 ($150.64 in chips)
Seat 4: Anchig ($145.40 in chips)
Anchig: posts small blind $1
nedo1414: posts big blind $3
*** HOLE CARDS ***
Anchig: folds
Uncalled bet ($2) returned to nedo1414
nedo1414 collected $2 from pot
nedo1414: doesn't show hand
*** SUMMARY ***
Total pot $2 | Rake $0
Seat 1: nedo1414 (big blind) collected ($2)
Seat 4: Anchig (button) (small blind) folded before Flop


PokerStars Hand #173357824428:  Hold'em Limit ($3/$6 USD) - 2017/07/22 9:43:10 ET
Table 'Marceline' 6-max Seat #1 is the button
Seat 1: nedo1414 ($147.64 in chips)
Seat 4: Anchig ($148.40 in chips)
nedo1414: posts small blind $1
Anchig: posts big blind $3
*** HOLE CARDS ***
nedo1414: raises $3 to $6
Anchig: folds
Uncalled bet ($3) returned to nedo1414
nedo1414 collected $6 from pot
nedo1414: doesn't show hand
*** SUMMARY ***
Total pot $6 | Rake $0
Seat 1: nedo1414 (button) (small blind) collected ($6)
Seat 4: Anchig (big blind) folded before Flop


PokerStars Hand #173357816013:  Hold'em Limit ($3/$6 USD) - 2017/07/22 9:42:57 ET
Table 'Marceline' 6-max Seat #4 is the button
Seat 1: nedo1414 ($130.14 in chips)
Seat 4: Anchig ($166.40 in chips)
Anchig: posts small blind $1
nedo1414: posts big blind $3
*** HOLE CARDS ***
Anchig: raises $3 to $6
nedo1414: raises $3 to $9
Anchig: calls $3
*** FLOP *** [3s 9s 5c]
nedo1414: bets $3
Anchig: calls $3
*** TURN *** [3s 9s 5c] [Ks]
nedo1414: bets $6
Anchig: calls $6
*** RIVER *** [3s 9s 5c Ks] [Kh]
nedo1414: bets $6
Anchig: folds
Uncalled bet ($6) returned to nedo1414
nedo1414 collected $35.50 from pot
nedo1414: doesn't show hand
*** SUMMARY ***
Total pot $36 | Rake $0.50
Board [3s 9s 5c Ks Kh]
Seat 1: nedo1414 (big blind) collected ($35.50)
Seat 4: Anchig (button) (small blind) folded on the River


PokerStars Hand #173357813132:  Hold'em Limit ($3/$6 USD) - 2017/07/22 9:42:52 ET
Table 'Marceline' 6-max Seat #1 is the button
Seat 1: nedo1414 ($127.14 in chips)
Seat 4: Anchig ($169.40 in chips)
nedo1414: posts small blind $1
Anchig: posts big blind $3
*** HOLE CARDS ***
nedo1414: raises $3 to $6
Anchig: folds
Uncalled bet ($3) returned to nedo1414
nedo1414 collected $6 from pot
nedo1414: doesn't show hand
*** SUMMARY ***
Total pot $6 | Rake $0
Seat 1: nedo1414 (button) (small blind) collected ($6)
Seat 4: Anchig (big blind) folded before Flop


PokerStars Hand #173357801307:  Hold'em Limit ($3/$6 USD) - 2017/07/22 9:42:32 ET
Table 'Marceline' 6-max Seat #4 is the button
Seat 1: nedo1414 ($145.14 in chips)
Seat 4: Anchig ($151.90 in chips)
Anchig: posts small blind $1
nedo1414: posts big blind $3
*** HOLE CARDS ***
Anchig: raises $3 to $6
nedo1414: calls $3
*** FLOP *** [6c 6h Ah]
nedo1414: checks
Anchig: checks
*** TURN *** [6c 6h Ah] [8s]
nedo1414: checks
Anchig: bets $6
nedo1414: calls $6
*** RIVER *** [6c 6h Ah 8s] [5h]
nedo1414: checks
Anchig: bets $6
nedo1414: calls $6
*** SHOW DOWN ***
Anchig: shows [4d As] (two pair, Aces and Sixes)
nedo1414: mucks hand
Anchig collected $35.50 from pot
*** SUMMARY ***
Total pot $36 | Rake $0.50
Board [6c 6h Ah 8s 5h]
Seat 1: nedo1414 (big blind) mucked
Seat 4: Anchig (button) (small blind) showed [4d As] and won ($35.50) with two pair, Aces and Sixes


PokerStars Hand #173357871748:  Hold'em Limit ($3/$6 USD) - 2017/07/22 9:44:29 ET
Table 'Marceline' 6-max Seat #4 is the button
Seat 1: nedo1414 ($109.46 in chips)
Seat 4: Anchig ($185.48 in chips)
Anchig: posts small blind $1
nedo1414: posts big blind $3
*** HOLE CARDS ***
Anchig: folds
Uncalled bet ($2) returned to nedo1414
nedo1414 collected $2 from pot
nedo1414: doesn't show hand
*** SUMMARY ***
Total pot $2 | Rake $0
Seat 1: nedo1414 (big blind) collected ($2)
Seat 4: Anchig (button) (small blind) folded before Flop


PokerStars Hand #173357868804:  Hold'em Limit ($3/$6 USD) - 2017/07/22 9:44:25 ET
Table 'Marceline' 6-max Seat #1 is the button
Seat 1: nedo1414 ($110.46 in chips)
Seat 4: Anchig ($184.48 in chips)
nedo1414: posts small blind $1
Anchig: posts big blind $3
*** HOLE CARDS ***
nedo1414: folds
Uncalled bet ($2) returned to Anchig
Anchig collected $2 from pot
Anchig: doesn't show hand
*** SUMMARY ***
Total pot $2 | Rake $0
Seat 1: nedo1414 (button) (small blind) folded before Flop
Seat 4: Anchig (big blind) collected ($2)


PokerStars Hand #173357863538:  Hold'em Limit ($3/$6 USD) - 2017/07/22 9:44:16 ET
Table 'Marceline' 6-max Seat #4 is the button
Seat 1: nedo1414 ($116.46 in chips)
Seat 4: Anchig ($178.72 in chips)
Anchig: posts small blind $1
nedo1414: posts big blind $3
*** HOLE CARDS ***
Anchig: raises $3 to $6
nedo1414: calls $3
*** FLOP *** [2h 2c 7c]
nedo1414: checks
Anchig: bets $3
nedo1414: folds
Uncalled bet ($3) returned to Anchig
Anchig collected $11.76 from pot
Anchig: doesn't show hand
*** SUMMARY ***
Total pot $12 | Rake $0.24
Board [2h 2c 7c]
Seat 1: nedo1414 (big blind) folded on the Flop
Seat 4: Anchig (button) (small blind) collected ($11.76)


PokerStars Hand #173357851265:  Hold'em Limit ($3/$6 USD) - 2017/07/22 9:43:55 ET
Table 'Marceline' 6-max Seat #1 is the button
Seat 1: nedo1414 ($146.46 in chips)
Seat 4: Anchig ($149.22 in chips)
nedo1414: posts small blind $1
Anchig: posts big blind $3
*** HOLE CARDS ***
nedo1414: raises $3 to $6
Anchig: raises $3 to $9
nedo1414: calls $3
*** FLOP *** [Ks Tc 3d]
Anchig: bets $3
nedo1414: calls $3
*** TURN *** [Ks Tc 3d] [2c]
Anchig: bets $6
nedo1414: raises $6 to $12
Anchig: calls $6
*** RIVER *** [Ks Tc 3d 2c] [Ac]
Anchig: bets $6
nedo1414: calls $6
*** SHOW DOWN ***
Anchig: shows [Ad Qh] (a pair of Aces)
nedo1414: mucks hand
Anchig collected $59.50 from pot
*** SUMMARY ***
Total pot $60 | Rake $0.50
Board [Ks Tc 3d 2c Ac]
Seat 1: nedo1414 (button) (small blind) mucked
Seat 4: Anchig (big blind) showed [Ad Qh] and won ($59.50) with a pair of Aces


PokerStars Hand #173357847658:  Hold'em Limit ($3/$6 USD) - 2017/07/22 9:43:49 ET
Table 'Marceline' 6-max Seat #4 is the button
Seat 1: nedo1414 ($149.46 in chips)
Seat 4: Anchig ($146.22 in chips)
Anchig: posts small blind $1
nedo1414: posts big blind $3
*** HOLE CARDS ***
Anchig: raises $3 to $6
nedo1414: folds
Uncalled bet ($3) returned to Anchig
Anchig collected $6 from pot
Anchig: doesn't show hand
*** SUMMARY ***
Total pot $6 | Rake $0
Seat 1: nedo1414 (big blind) folded before Flop
Seat 4: Anchig (button) (small blind) collected ($6)


PokerStars Hand #173357844800:  Hold'em Limit ($3/$6 USD) - 2017/07/22 9:43:44 ET
Table 'Marceline' 6-max Seat #1 is the button
Seat 1: nedo1414 ($150.46 in chips)
Seat 4: Anchig ($145.22 in chips)
nedo1414: posts small blind $1
Anchig: posts big blind $3
*** HOLE CARDS ***
nedo1414: folds
Uncalled bet ($2) returned to Anchig
Anchig collected $2 from pot
Anchig: doesn't show hand
*** SUMMARY ***
Total pot $2 | Rake $0
Seat 1: nedo1414 (button) (small blind) folded before Flop
Seat 4: Anchig (big blind) collected ($2)


PokerStars Hand #173357834982:  Hold'em Limit ($3/$6 USD) - 2017/07/22 9:43:28 ET
Table 'Marceline' 6-max Seat #4 is the button
Seat 1: nedo1414 ($150.64 in chips)
Seat 4: Anchig ($145.40 in chips)
Anchig: posts small blind $1
nedo1414: posts big blind $3
*** HOLE CARDS ***
Anchig: raises $3 to $6
nedo1414: calls $3
*** FLOP *** [6c Ac 3c]
nedo1414: checks
Anchig: bets $3
nedo1414: calls $3
*** TURN *** [6c Ac 3c] [2c]
nedo1414: checks
Anchig: checks
*** RIVER *** [6c Ac 3c 2c] [4c]
nedo1414: checks
Anchig: checks
*** SHOW DOWN ***
nedo1414: shows [As 5h] (a flush, Ace high)
Anchig: shows [Js 9s] (a flush, Ace high)
nedo1414 collected $8.82 from pot
Anchig collected $8.82 from pot
*** SUMMARY ***
Total pot $18 | Rake $0.36
Board [6c Ac 3c 2c 4c]
Seat 1: nedo1414 (big blind) showed [As 5h] and won ($8.82) with a flush, Ace high
Seat 4: Anchig (button) (small blind) showed [Js 9s] and won ($8.82) with a flush, Ace high


PokerStars Hand #173357902305:  Hold'em Limit ($3/$6 USD) - 2017/07/22 9:45:20 ET
Table 'Marceline' 6-max Seat #4 is the button
Seat 1: nedo1414 ($87.46 in chips)
Seat 4: Anchig ($206.76 in chips)
Anchig: posts small blind $1
nedo1414: posts big blind $3
*** HOLE CARDS ***
Anchig: raises $3 to $6
nedo1414: calls $3
*** FLOP *** [5h 2s 9s]
nedo1414: checks
Anchig: checks
*** TURN *** [5h 2s 9s] [Kd]
nedo1414: bets $6
Anchig: folds
Uncalled bet ($6) returned to nedo1414
nedo1414 collected $11.76 from pot
nedo1414: doesn't show hand
*** SUMMARY ***
Total pot $12 | Rake $0.24
Board [5h 2s 9s Kd]
Seat 1: nedo1414 (big blind) collected ($11.76)
Seat 4: Anchig (button) (small blind) folded on the Turn


PokerStars Hand #173357899069:  Hold'em Limit ($3/$6 USD) - 2017/07/22 9:45:15 ET
Table 'Marceline' 6-max Seat #1 is the button
Seat 1: nedo1414 ($84.46 in chips)
Seat 4: Anchig ($209.76 in chips)
nedo1414: posts small blind $1
Anchig: posts big blind $3
*** HOLE CARDS ***
nedo1414: raises $3 to $6
Anchig: folds
Uncalled bet ($3) returned to nedo1414
nedo1414 collected $6 from pot
nedo1414: doesn't show hand
*** SUMMARY ***
Total pot $6 | Rake $0
Seat 1: nedo1414 (button) (small blind) collected ($6)
Seat 4: Anchig (big blind) folded before Flop


PokerStars Hand #173357894063:  Hold'em Limit ($3/$6 USD) - 2017/07/22 9:45:06 ET
Table 'Marceline' 6-max Seat #4 is the button
Seat 1: nedo1414 ($90.46 in chips)
Seat 4: Anchig ($204 in chips)
Anchig: posts small blind $1
nedo1414: posts big blind $3
*** HOLE CARDS ***
Anchig: raises $3 to $6
nedo1414: calls $3
*** FLOP *** [Ad Jh 6d]
nedo1414: checks
Anchig: bets $3
nedo1414: folds
Uncalled bet ($3) returned to Anchig
Anchig collected $11.76 from pot
Anchig: doesn't show hand
*** SUMMARY ***
Total pot $12 | Rake $0.24
Board [Ad Jh 6d]
Seat 1: nedo1414 (big blind) folded on the Flop
Seat 4: Anchig (button) (small blind) collected ($11.76)


PokerStars Hand #173357891295:  Hold'em Limit ($3/$6 USD) - 2017/07/22 9:45:02 ET
Table 'Marceline' 6-max Seat #1 is the button
Seat 1: nedo1414 ($91.46 in chips)
Seat 4: Anchig ($203 in chips)
nedo1414: posts small blind $1
Anchig: posts big blind $3
*** HOLE CARDS ***
nedo1414: folds
Uncalled bet ($2) returned to Anchig
Anchig collected $2 from pot
Anchig: doesn't show hand
*** SUMMARY ***
Total pot $2 | Rake $0
Seat 1: nedo1414 (button) (small blind) folded before Flop
Seat 4: Anchig (big blind) collected ($2)


PokerStars Hand #173357888195:  Hold'em Limit ($3/$6 USD) - 2017/07/22 9:44:57 ET
Table 'Marceline' 6-max Seat #4 is the button
Seat 1: nedo1414 ($94.46 in chips)
Seat 4: Anchig ($200 in chips)
Anchig: posts small blind $1
nedo1414: posts big blind $3
*** HOLE CARDS ***
Anchig: raises $3 to $6
nedo1414: folds
Uncalled bet ($3) returned to Anchig
Anchig collected $6 from pot
Anchig: doesn't show hand
*** SUMMARY ***
Total pot $6 | Rake $0
Seat 1: nedo1414 (big blind) folded before Flop
Seat 4: Anchig (button) (small blind) collected ($6)


PokerStars Hand #173357884074:  Hold'em Limit ($3/$6 USD) - 2017/07/22 9:44:50 ET
Table 'Marceline' 6-max Seat #1 is the button
Seat 1: nedo1414 ($95.46 in chips)
Seat 4: Anchig ($199 in chips)
nedo1414: posts small blind $1
Anchig: posts big blind $3
*** HOLE CARDS ***
nedo1414: folds
Uncalled bet ($2) returned to Anchig
Anchig collected $2 from pot
Anchig: doesn't show hand
*** SUMMARY ***
Total pot $2 | Rake $0
Seat 1: nedo1414 (button) (small blind) folded before Flop
Seat 4: Anchig (big blind) collected ($2)


PokerStars Hand #173357881439:  Hold'em Limit ($3/$6 USD) - 2017/07/22 9:44:46 ET
Table 'Marceline' 6-max Seat #4 is the button
Seat 1: nedo1414 ($98.46 in chips)
Seat 4: Anchig ($196 in chips)
Anchig: posts small blind $1
nedo1414: posts big blind $3
*** HOLE CARDS ***
Anchig: raises $3 to $6
nedo1414: folds
Uncalled bet ($3) returned to Anchig
Anchig collected $6 from pot
Anchig: doesn't show hand
*** SUMMARY ***
Total pot $6 | Rake $0
Seat 1: nedo1414 (big blind) folded before Flop
Seat 4: Anchig (button) (small blind) collected ($6)


PokerStars Hand #173357874839:  Hold'em Limit ($3/$6 USD) - 2017/07/22 9:44:34 ET
Table 'Marceline' 6-max Seat #1 is the button
Seat 1: nedo1414 ($110.46 in chips)
Seat 4: Anchig ($184.48 in chips)
nedo1414: posts small blind $1
Anchig: posts big blind $3
*** HOLE CARDS ***
nedo1414: raises $3 to $6
Anchig: calls $3
*** FLOP *** [9s 4h 9h]
Anchig: checks
nedo1414: bets $3
Anchig: raises $3 to $6
nedo1414: calls $3
*** TURN *** [9s 4h 9h] [Ah]
Anchig: bets $6
nedo1414: folds
Uncalled bet ($6) returned to Anchig
Anchig collected $23.52 from pot
Anchig: doesn't show hand
*** SUMMARY ***
Total pot $24 | Rake $0.48
Board [9s 4h 9h Ah]
Seat 1: nedo1414 (button) (small blind) folded on the Turn
Seat 4: Anchig (big blind) collected ($23.52)


PokerStars Hand #173357919920:  Hold'em Limit ($3/$6 USD) - 2017/07/22 9:45:50 ET
Table 'Marceline' 6-max Seat #4 is the button
Seat 1: nedo1414 ($116.72 in chips)
Seat 4: Anchig ($176.76 in chips)
Anchig: posts small blind $1
nedo1414: posts big blind $3
*** HOLE CARDS ***
Anchig: raises $3 to $6
nedo1414: folds
Uncalled bet ($3) returned to Anchig
Anchig collected $6 from pot
Anchig: doesn't show hand
*** SUMMARY ***
Total pot $6 | Rake $0
Seat 1: nedo1414 (big blind) folded before Flop
Seat 4: Anchig (button) (small blind) collected ($6)


PokerStars Hand #173357908501:  Hold'em Limit ($3/$6 USD) - 2017/07/22 9:45:31 ET
Table 'Marceline' 6-max Seat #1 is the button
Seat 1: nedo1414 ($93.22 in chips)
Seat 4: Anchig ($200.76 in chips)
nedo1414: posts small blind $1
Anchig: posts big blind $3
*** HOLE CARDS ***
nedo1414: raises $3 to $6
Anchig: calls $3
*** FLOP *** [8h Qd 3s]
Anchig: checks
nedo1414: bets $3
Anchig: raises $3 to $6
nedo1414: calls $3
*** TURN *** [8h Qd 3s] [As]
Anchig: bets $6
nedo1414: calls $6
*** RIVER *** [8h Qd 3s As] [Qc]
Anchig: checks
nedo1414: bets $6
Anchig: calls $6
NewRocker joins the table at seat #3
*** SHOW DOWN ***
nedo1414: shows [Qs 4s] (three of a kind, Queens)
Anchig: mucks hand
nedo1414 collected $47.50 from pot
*** SUMMARY ***
Total pot $48 | Rake $0.50
Board [8h Qd 3s As Qc]
Seat 1: nedo1414 (button) (small blind) showed [Qs 4s] and won ($47.50) with three of a kind, Queens
Seat 4: Anchig (big blind) mucked


PokerStars Hand #173358004863:  Hold'em Limit ($3/$6 USD) - 2017/07/22 9:48:14 ET
Table 'Marceline' 6-max Seat #5 is the button
Seat 3: NewRocker ($89 in chips)
Seat 5: pecs680 ($121 in chips)
pecs680: posts small blind $1
NewRocker: posts big blind $3
*** HOLE CARDS ***
Anchig leaves the table
pecs680: raises $3 to $6
NewRocker: folds
Uncalled bet ($3) returned to pecs680
pecs680 collected $6 from pot
pecs680: doesn't show hand
*** SUMMARY ***
Total pot $6 | Rake $0
Seat 3: NewRocker (big blind) folded before Flop
Seat 5: pecs680 (button) (small blind) collected ($6)


PokerStars Hand #173358001621:  Hold'em Limit ($3/$6 USD) - 2017/07/22 9:48:09 ET
Table 'Marceline' 6-max Seat #3 is the button
Seat 3: NewRocker ($90 in chips)
Seat 5: pecs680 ($120 in chips)
NewRocker: posts small blind $1
Anchig: is sitting out
pecs680: posts big blind $3
*** HOLE CARDS ***
NewRocker: folds
Uncalled bet ($2) returned to pecs680
pecs680 collected $2 from pot
pecs680: doesn't show hand
*** SUMMARY ***
Total pot $2 | Rake $0
Seat 3: NewRocker (button) (small blind) folded before Flop
Seat 5: pecs680 (big blind) collected ($2)


PokerStars Hand #173358011996:  Hold'em Limit ($3/$6 USD) - 2017/07/22 9:48:26 ET
Table 'Marceline' 6-max Seat #3 is the button
Seat 3: NewRocker ($86 in chips)
Seat 5: pecs680 ($124 in chips)
NewRocker: posts small blind $1
pecs680: posts big blind $3
*** HOLE CARDS ***
NewRocker: raises $3 to $6
pecs680: calls $3
*** FLOP *** [Ad 9d 2d]
noda_ace joins the table at seat #2
pecs680: checks
NewRocker: bets $3
pecs680: folds
Uncalled bet ($3) returned to NewRocker
NewRocker collected $11.76 from pot
NewRocker: doesn't show hand
*** SUMMARY ***
Total pot $12 | Rake $0.24
Board [Ad 9d 2d]
Seat 3: NewRocker (button) (small blind) collected ($11.76)
Seat 5: pecs680 (big blind) folded on the Flop


PokerStars Hand #173362563475:  Hold'em Limit ($3/$6 USD) - 2017/07/22 11:57:31 ET
Table 'Marceline' 6-max Seat #6 is the button
Seat 2: noda_ace ($78.72 in chips)
Seat 6: Krazy90 ($124 in chips)
Krazy90: posts small blind $1
noda_ace: posts big blind $3
*** HOLE CARDS ***
Krazy90: raises $3 to $6
noda_ace: calls $3
*** FLOP *** [3c Kd 7d]
noda_ace: checks
Krazy90: bets $3
noda_ace: folds
Uncalled bet ($3) returned to Krazy90
Krazy90 collected $11.76 from pot
Krazy90: doesn't show hand
*** SUMMARY ***
Total pot $12 | Rake $0.24
Board [3c Kd 7d]
Seat 2: noda_ace (big blind) folded on the Flop
Seat 6: Krazy90 (button) (small blind) collected ($11.76)


