PokerStars Hand #148423583459:  Hold'em Limit ($3/$6 USD) - 2016/02/07 19:01:42 ET
Table 'Marconia' 6-max Seat #4 is the button
Seat 1: alexslep ($161.46 in chips)
Seat 4: thekiing80 ($358.06 in chips)
thekiing80: posts small blind $1
Murrrr_@T: is sitting out
alexslep: posts big blind $3
*** HOLE CARDS ***
thekiing80: raises $3 to $6
Murrrr_@T leaves the table
alexslep: calls $3
*** FLOP *** [6s 8s 7d]
alexslep: checks
thekiing80: bets $3
alexslep: folds
Uncalled bet ($3) returned to thekiing80
thekiing80 collected $11.76 from pot
thekiing80: doesn't show hand
*** SUMMARY ***
Total pot $12 | Rake $0.24
Board [6s 8s 7d]
Seat 1: alexslep (big blind) folded on the Flop
Seat 4: thekiing80 (button) (small blind) collected ($11.76)


PokerStars Hand #148423590460:  Hold'em Limit ($3/$6 USD) - 2016/02/07 19:01:53 ET
Table 'Marconia' 6-max Seat #1 is the button
Seat 1: alexslep ($155.46 in chips)
Seat 4: thekiing80 ($363.82 in chips)
alexslep: posts small blind $1
thekiing80: posts big blind $3
*** HOLE CARDS ***
alexslep: raises $3 to $6
thekiing80: folds
Uncalled bet ($3) returned to alexslep
alexslep collected $6 from pot
alexslep: doesn't show hand
*** SUMMARY ***
Total pot $6 | Rake $0
Seat 1: alexslep (button) (small blind) collected ($6)
Seat 4: thekiing80 (big blind) folded before Flop


