PokerStars Hand #150060314547:  Hold'em Limit ($3/$6 USD) - 2016/03/08 19:30:47 ET
Table 'Marconia' 6-max Seat #4 is the button
Seat 3: Mazylis83 ($32.88 in chips)
Seat 4: AzureCaper ($72 in chips)
AzureCaper: posts small blind $1
Mazylis83: posts big blind $3
*** HOLE CARDS ***
AzureCaper: folds
Uncalled bet ($2) returned to Mazylis83
Mazylis83 collected $2 from pot
Mazylis83: doesn't show hand
*** SUMMARY ***
Total pot $2 | Rake $0
Seat 3: Mazylis83 (big blind) collected ($2)
Seat 4: AzureCaper (button) (small blind) folded before Flop


PokerStars Hand #150060331618:  Hold'em Limit ($3/$6 USD) - 2016/03/08 19:31:15 ET
Table 'Marconia' 6-max Seat #4 is the button
Seat 3: Mazylis83 ($30.88 in chips)
Seat 4: AzureCaper ($74.88 in chips)
AzureCaper: posts small blind $1
Mazylis83: posts big blind $3
*** HOLE CARDS ***
AzureCaper: folds
Uncalled bet ($2) returned to Mazylis83
Mazylis83 collected $2 from pot
Mazylis83: doesn't show hand
*** SUMMARY ***
Total pot $2 | Rake $0
Seat 3: Mazylis83 (big blind) collected ($2)
Seat 4: AzureCaper (button) (small blind) folded before Flop


PokerStars Hand #150060318285:  Hold'em Limit ($3/$6 USD) - 2016/03/08 19:30:52 ET
Table 'Marconia' 6-max Seat #3 is the button
Seat 3: Mazylis83 ($33.88 in chips)
Seat 4: AzureCaper ($72 in chips)
Mazylis83: posts small blind $1
AzureCaper: posts big blind $3
*** HOLE CARDS ***
Mazylis83: calls $2
AzureCaper: checks
*** FLOP *** [Jc Js Ks]
AzureCaper: checks
Mazylis83: checks
*** TURN *** [Jc Js Ks] [6s]
AzureCaper: bets $6
Mazylis83: folds
Uncalled bet ($6) returned to AzureCaper
AzureCaper collected $5.88 from pot
AzureCaper: doesn't show hand
*** SUMMARY ***
Total pot $6 | Rake $0.12
Board [Jc Js Ks 6s]
Seat 3: Mazylis83 (button) (small blind) folded on the Turn
Seat 4: AzureCaper (big blind) collected ($5.88)


PokerStars Hand #150060385525:  Hold'em Limit ($3/$6 USD) - 2016/03/08 19:32:44 ET
Table 'Marconia' 6-max Seat #4 is the button
Seat 3: Mazylis83 ($52.66 in chips)
Seat 4: AzureCaper ($72 in chips)
AzureCaper: posts small blind $1
Mazylis83: posts big blind $3
*** HOLE CARDS ***
AzureCaper: raises $3 to $6
Mazylis83: calls $3
*** FLOP *** [Kh Tc 3c]
Mazylis83: bets $3
AzureCaper: raises $3 to $6
Mazylis83: calls $3
*** TURN *** [Kh Tc 3c] [6d]
Mazylis83: checks
AzureCaper: bets $6
Mazylis83: folds
Uncalled bet ($6) returned to AzureCaper
AzureCaper collected $23.52 from pot
AzureCaper: doesn't show hand
*** SUMMARY ***
Total pot $24 | Rake $0.48
Board [Kh Tc 3c 6d]
Seat 3: Mazylis83 (big blind) folded on the Turn
Seat 4: AzureCaper (button) (small blind) collected ($23.52)


PokerStars Hand #150060350899:  Hold'em Limit ($3/$6 USD) - 2016/03/08 19:31:47 ET
Table 'Marconia' 6-max Seat #3 is the button
Seat 3: Mazylis83 ($49.16 in chips)
Seat 4: AzureCaper ($72 in chips)
Mazylis83: posts small blind $1
AzureCaper: posts big blind $3
*** HOLE CARDS ***
Mazylis83: calls $2
AzureCaper: checks
*** FLOP *** [5s Jh 8s]
AzureCaper: bets $3
Mazylis83: calls $3
*** TURN *** [5s Jh 8s] [Ks]
AzureCaper: checks
Mazylis83: bets $6
AzureCaper: calls $6
*** RIVER *** [5s Jh 8s Ks] [3s]
AzureCaper: bets $6
Mazylis83: folds
Uncalled bet ($6) returned to AzureCaper
AzureCaper collected $23.52 from pot
AzureCaper: doesn't show hand
*** SUMMARY ***
Total pot $24 | Rake $0.48
Board [5s Jh 8s Ks 3s]
Seat 3: Mazylis83 (button) (small blind) folded on the River
Seat 4: AzureCaper (big blind) collected ($23.52)


PokerStars Hand #150060364764:  Hold'em Limit ($3/$6 USD) - 2016/03/08 19:32:10 ET
Table 'Marconia' 6-max Seat #4 is the button
Seat 3: Mazylis83 ($37.16 in chips)
Seat 4: AzureCaper ($83.52 in chips)
AzureCaper: posts small blind $1
Mazylis83: posts big blind $3
*** HOLE CARDS ***
AzureCaper: folds
Uncalled bet ($2) returned to Mazylis83
Mazylis83 collected $2 from pot
Mazylis83: doesn't show hand
*** SUMMARY ***
Total pot $2 | Rake $0
Seat 3: Mazylis83 (big blind) collected ($2)
Seat 4: AzureCaper (button) (small blind) folded before Flop


PokerStars Hand #150060394373:  Hold'em Limit ($3/$6 USD) - 2016/03/08 19:32:59 ET
Table 'Marconia' 6-max Seat #3 is the button
Seat 3: Mazylis83 ($40.66 in chips)
Seat 4: AzureCaper ($83.52 in chips)
Mazylis83: posts small blind $1
AzureCaper: posts big blind $3
*** HOLE CARDS ***
Mazylis83: raises $3 to $6
AzureCaper: calls $3
*** FLOP *** [Th 4h 7d]
AzureCaper: checks
Mazylis83: bets $3
AzureCaper: calls $3
*** TURN *** [Th 4h 7d] [Td]
AzureCaper: checks
Mazylis83: bets $6
AzureCaper: calls $6
*** RIVER *** [Th 4h 7d Td] [Tc]
AzureCaper: checks
Mazylis83: bets $6
AzureCaper: calls $6
*** SHOW DOWN ***
Mazylis83: shows [As 7c] (a full house, Tens full of Sevens)
AzureCaper: mucks hand
Mazylis83 collected $41.50 from pot
*** SUMMARY ***
Total pot $42 | Rake $0.50
Board [Th 4h 7d Td Tc]
Seat 3: Mazylis83 (button) (small blind) showed [As 7c] and won ($41.50) with a full house, Tens full of Sevens
Seat 4: AzureCaper (big blind) mucked


PokerStars Hand #150060427941:  Hold'em Limit ($3/$6 USD) - 2016/03/08 19:33:56 ET
Table 'Marconia' 6-max Seat #4 is the button
Seat 3: Mazylis83 ($69.66 in chips)
Seat 4: AzureCaper ($77.76 in chips)
AzureCaper: posts small blind $1
Mazylis83: posts big blind $3
*** HOLE CARDS ***
AzureCaper: folds
Uncalled bet ($2) returned to Mazylis83
Mazylis83 collected $2 from pot
Mazylis83: doesn't show hand
*** SUMMARY ***
Total pot $2 | Rake $0
Seat 3: Mazylis83 (big blind) collected ($2)
Seat 4: AzureCaper (button) (small blind) folded before Flop


PokerStars Hand #150060405466:  Hold'em Limit ($3/$6 USD) - 2016/03/08 19:33:18 ET
Table 'Marconia' 6-max Seat #4 is the button
Seat 3: Mazylis83 ($61.16 in chips)
Seat 4: AzureCaper ($72 in chips)
AzureCaper: posts small blind $1
Mazylis83: posts big blind $3
*** HOLE CARDS ***
AzureCaper: raises $3 to $6
Mazylis83: calls $3
*** FLOP *** [2h 6c 8c]
Mazylis83: checks
AzureCaper: bets $3
Mazylis83: calls $3
*** TURN *** [2h 6c 8c] [5c]
Mazylis83: checks
AzureCaper: bets $6
Mazylis83: calls $6
*** RIVER *** [2h 6c 8c 5c] [Tc]
Mazylis83: checks
AzureCaper: checks
*** SHOW DOWN ***
Mazylis83: shows [3c Ad] (a flush, Ten high)
AzureCaper: mucks hand
Mazylis83 collected $29.50 from pot
*** SUMMARY ***
Total pot $30 | Rake $0.50
Board [2h 6c 8c 5c Tc]
Seat 3: Mazylis83 (big blind) showed [3c Ad] and won ($29.50) with a flush, Ten high
Seat 4: AzureCaper (button) (small blind) mucked


PokerStars Hand #150060459112:  Hold'em Limit ($3/$6 USD) - 2016/03/08 19:34:49 ET
Table 'Marconia' 6-max Seat #4 is the button
Seat 3: Mazylis83 ($59.42 in chips)
Seat 4: AzureCaper ($89.28 in chips)
AzureCaper: posts small blind $1
Mazylis83: posts big blind $3
*** HOLE CARDS ***
AzureCaper: folds
Uncalled bet ($2) returned to Mazylis83
Mazylis83 collected $2 from pot
Mazylis83: doesn't show hand
*** SUMMARY ***
Total pot $2 | Rake $0
Seat 3: Mazylis83 (big blind) collected ($2)
Seat 4: AzureCaper (button) (small blind) folded before Flop


PokerStars Hand #150060452319:  Hold'em Limit ($3/$6 USD) - 2016/03/08 19:34:37 ET
Table 'Marconia' 6-max Seat #3 is the button
Seat 3: Mazylis83 ($71.42 in chips)
Seat 4: AzureCaper ($77.76 in chips)
Mazylis83: posts small blind $1
AzureCaper: posts big blind $3
*** HOLE CARDS ***
Mazylis83: raises $3 to $6
AzureCaper: raises $3 to $9
Mazylis83: calls $3
*** FLOP *** [2s Jh 5s]
AzureCaper: bets $3
Mazylis83: calls $3
*** TURN *** [2s Jh 5s] [Kc]
AzureCaper: bets $6
Mazylis83: folds
Uncalled bet ($6) returned to AzureCaper
AzureCaper collected $23.52 from pot
AzureCaper: doesn't show hand
*** SUMMARY ***
Total pot $24 | Rake $0.48
Board [2s Jh 5s Kc]
Seat 3: Mazylis83 (button) (small blind) folded on the Turn
Seat 4: AzureCaper (big blind) collected ($23.52)


PokerStars Hand #150060445565:  Hold'em Limit ($3/$6 USD) - 2016/03/08 19:34:26 ET
Table 'Marconia' 6-max Seat #4 is the button
Seat 3: Mazylis83 ($77.42 in chips)
Seat 4: AzureCaper ($72 in chips)
AzureCaper: posts small blind $1
Mazylis83: posts big blind $3
*** HOLE CARDS ***
AzureCaper: raises $3 to $6
Mazylis83: calls $3
*** FLOP *** [3h 8c 2h]
Mazylis83: checks
AzureCaper: bets $3
Mazylis83: folds
Uncalled bet ($3) returned to AzureCaper
AzureCaper collected $11.76 from pot
AzureCaper: doesn't show hand
*** SUMMARY ***
Total pot $12 | Rake $0.24
Board [3h 8c 2h]
Seat 3: Mazylis83 (big blind) folded on the Flop
Seat 4: AzureCaper (button) (small blind) collected ($11.76)


PokerStars Hand #150060436515:  Hold'em Limit ($3/$6 USD) - 2016/03/08 19:34:10 ET
Table 'Marconia' 6-max Seat #4 is the button
Seat 3: Mazylis83 ($73.54 in chips)
Seat 4: AzureCaper ($73.76 in chips)
AzureCaper: posts small blind $1
Mazylis83: posts big blind $3
*** HOLE CARDS ***
AzureCaper: folds
Uncalled bet ($2) returned to Mazylis83
Mazylis83 collected $2 from pot
Mazylis83: doesn't show hand
*** SUMMARY ***
Total pot $2 | Rake $0
Seat 3: Mazylis83 (big blind) collected ($2)
Seat 4: AzureCaper (button) (small blind) folded before Flop


PokerStars Hand #150060430556:  Hold'em Limit ($3/$6 USD) - 2016/03/08 19:34:00 ET
Table 'Marconia' 6-max Seat #3 is the button
Seat 3: Mazylis83 ($70.66 in chips)
Seat 4: AzureCaper ($76.76 in chips)
Mazylis83: posts small blind $1
AzureCaper: posts big blind $3
*** HOLE CARDS ***
Mazylis83: calls $2
AzureCaper: checks
*** FLOP *** [Kd 3d As]
AzureCaper: checks
Mazylis83: bets $3
AzureCaper: folds
Uncalled bet ($3) returned to Mazylis83
Mazylis83 collected $5.88 from pot
Mazylis83: doesn't show hand
*** SUMMARY ***
Total pot $6 | Rake $0.12
Board [Kd 3d As]
Seat 3: Mazylis83 (button) (small blind) collected ($5.88)
Seat 4: AzureCaper (big blind) folded on the Flop


PokerStars Hand #150060478886:  Hold'em Limit ($3/$6 USD) - 2016/03/08 19:35:23 ET
Table 'Marconia' 6-max Seat #4 is the button
Seat 3: Mazylis83 ($40.42 in chips)
Seat 4: AzureCaper ($107.78 in chips)
AzureCaper: posts small blind $1
Mazylis83: posts big blind $3
*** HOLE CARDS ***
AzureCaper: raises $3 to $6
Mazylis83: raises $3 to $9
AzureCaper: calls $3
*** FLOP *** [6c 3s Js]
Mazylis83: bets $3
AzureCaper: raises $3 to $6
Mazylis83: calls $3
*** TURN *** [6c 3s Js] [Td]
Mazylis83: checks
AzureCaper: bets $6
Mazylis83: calls $6
*** RIVER *** [6c 3s Js Td] [8h]
Mazylis83: checks
AzureCaper: bets $6
Mazylis83: calls $6
*** SHOW DOWN ***
AzureCaper: shows [Jd Kh] (a pair of Jacks)
Mazylis83: mucks hand
AzureCaper collected $53.50 from pot
*** SUMMARY ***
Total pot $54 | Rake $0.50
Board [6c 3s Js Td 8h]
Seat 3: Mazylis83 (big blind) mucked
Seat 4: AzureCaper (button) (small blind) showed [Jd Kh] and won ($53.50) with a pair of Jacks


PokerStars Hand #150060475435:  Hold'em Limit ($3/$6 USD) - 2016/03/08 19:35:17 ET
Table 'Marconia' 6-max Seat #3 is the button
Seat 3: Mazylis83 ($37.42 in chips)
Seat 4: AzureCaper ($110.78 in chips)
Mazylis83: posts small blind $1
AzureCaper: posts big blind $3
*** HOLE CARDS ***
Mazylis83: raises $3 to $6
AzureCaper: folds
Uncalled bet ($3) returned to Mazylis83
Mazylis83 collected $6 from pot
Mazylis83: doesn't show hand
*** SUMMARY ***
Total pot $6 | Rake $0
Seat 3: Mazylis83 (button) (small blind) collected ($6)
Seat 4: AzureCaper (big blind) folded before Flop


PokerStars Hand #150060470804:  Hold'em Limit ($3/$6 USD) - 2016/03/08 19:35:09 ET
Table 'Marconia' 6-max Seat #4 is the button
Seat 3: Mazylis83 ($36.42 in chips)
Seat 4: AzureCaper ($111.78 in chips)
AzureCaper: posts small blind $1
Mazylis83: posts big blind $3
*** HOLE CARDS ***
AzureCaper: folds
Uncalled bet ($2) returned to Mazylis83
Mazylis83 collected $2 from pot
Mazylis83: doesn't show hand
*** SUMMARY ***
Total pot $2 | Rake $0
Seat 3: Mazylis83 (big blind) collected ($2)
Seat 4: AzureCaper (button) (small blind) folded before Flop


PokerStars Hand #150060461821:  Hold'em Limit ($3/$6 USD) - 2016/03/08 19:34:53 ET
Table 'Marconia' 6-max Seat #3 is the button
Seat 3: Mazylis83 ($60.42 in chips)
Seat 4: AzureCaper ($88.28 in chips)
Mazylis83: posts small blind $1
AzureCaper: posts big blind $3
*** HOLE CARDS ***
Mazylis83: raises $3 to $6
AzureCaper: raises $3 to $9
Mazylis83: calls $3
*** FLOP *** [Ad 2s 9h]
AzureCaper: bets $3
Mazylis83: calls $3
*** TURN *** [Ad 2s 9h] [8s]
AzureCaper: bets $6
Mazylis83: calls $6
*** RIVER *** [Ad 2s 9h 8s] [6h]
AzureCaper: bets $6
Mazylis83: calls $6
*** SHOW DOWN ***
AzureCaper: shows [Ac Td] (a pair of Aces)
Mazylis83: mucks hand
AzureCaper collected $47.50 from pot
*** SUMMARY ***
Total pot $48 | Rake $0.50
Board [Ad 2s 9h 8s 6h]
Seat 3: Mazylis83 (button) (small blind) mucked
Seat 4: AzureCaper (big blind) showed [Ac Td] and won ($47.50) with a pair of Aces


PokerStars Hand #150060507561:  Hold'em Limit ($3/$6 USD) - 2016/03/08 19:36:12 ET
Table 'Marconia' 6-max Seat #3 is the button
Seat 3: Mazylis83 ($16.05 in chips)
Seat 4: AzureCaper ($131.03 in chips)
Mazylis83: posts small blind $1
AzureCaper: posts big blind $3
*** HOLE CARDS ***
Mazylis83: calls $2
AzureCaper: checks
*** FLOP *** [6h Td 5d]
AzureCaper: bets $3
Mazylis83: calls $3
*** TURN *** [6h Td 5d] [2d]
AzureCaper: bets $6
Mazylis83: calls $6
*** RIVER *** [6h Td 5d 2d] [Kh]
AzureCaper: bets $6
Mazylis83: calls $4.05 and is all-in
Uncalled bet ($1.95) returned to AzureCaper
*** SHOW DOWN ***
AzureCaper: shows [6d 4s] (a pair of Sixes)
Mazylis83: shows [2c 5h] (two pair, Fives and Deuces)
Mazylis83 collected $31.60 from pot
*** SUMMARY ***
Total pot $32.10 | Rake $0.50
Board [6h Td 5d 2d Kh]
Seat 3: Mazylis83 (button) (small blind) showed [2c 5h] and won ($31.60) with two pair, Fives and Deuces
Seat 4: AzureCaper (big blind) showed [6d 4s] and lost with a pair of Sixes


PokerStars Hand #150060533664:  Hold'em Limit ($3/$6 USD) - 2016/03/08 19:36:57 ET
Table 'Marconia' 6-max Seat #3 is the button
Seat 3: Mazylis83 ($32.60 in chips)
Seat 4: AzureCaper ($113.98 in chips)
Mazylis83: posts small blind $1
AzureCaper: posts big blind $3
*** HOLE CARDS ***
Mazylis83: folds
Uncalled bet ($2) returned to AzureCaper
AzureCaper collected $2 from pot
AzureCaper: doesn't show hand
*** SUMMARY ***
Total pot $2 | Rake $0
Seat 3: Mazylis83 (button) (small blind) folded before Flop
Seat 4: AzureCaper (big blind) collected ($2)


PokerStars Hand #150060524048:  Hold'em Limit ($3/$6 USD) - 2016/03/08 19:36:40 ET
Table 'Marconia' 6-max Seat #4 is the button
Seat 3: Mazylis83 ($31.60 in chips)
Seat 4: AzureCaper ($114.98 in chips)
AzureCaper: posts small blind $1
Mazylis83: posts big blind $3
*** HOLE CARDS ***
AzureCaper: folds
Uncalled bet ($2) returned to Mazylis83
Mazylis83 collected $2 from pot
Mazylis83: doesn't show hand
*** SUMMARY ***
Total pot $2 | Rake $0
Seat 3: Mazylis83 (big blind) collected ($2)
Seat 4: AzureCaper (button) (small blind) folded before Flop


PokerStars Hand #150060545937:  Hold'em Limit ($3/$6 USD) - 2016/03/08 19:37:18 ET
Table 'Marconia' 6-max Seat #4 is the button
Seat 3: Mazylis83 ($35.48 in chips)
Seat 4: AzureCaper ($110.98 in chips)
AzureCaper: posts small blind $1
Mazylis83: posts big blind $3
*** HOLE CARDS ***
AzureCaper: raises $3 to $6
Mazylis83: calls $3
*** FLOP *** [Qh 8s Kc]
Mazylis83: checks
AzureCaper: bets $3
Mazylis83: calls $3
*** TURN *** [Qh 8s Kc] [7h]
Mazylis83: checks
AzureCaper: checks
*** RIVER *** [Qh 8s Kc 7h] [4h]
Mazylis83: bets $6
AzureCaper: calls $6
*** SHOW DOWN ***
Mazylis83: shows [Qc 4c] (two pair, Queens and Fours)
AzureCaper: mucks hand
Mazylis83 collected $29.50 from pot
*** SUMMARY ***
Total pot $30 | Rake $0.50
Board [Qh 8s Kc 7h 4h]
Seat 3: Mazylis83 (big blind) showed [Qc 4c] and won ($29.50) with two pair, Queens and Fours
Seat 4: AzureCaper (button) (small blind) mucked


PokerStars Hand #150060539055:  Hold'em Limit ($3/$6 USD) - 2016/03/08 19:37:06 ET
Table 'Marconia' 6-max Seat #3 is the button
Seat 3: Mazylis83 ($32.60 in chips)
Seat 4: AzureCaper ($113.98 in chips)
Mazylis83: posts small blind $1
AzureCaper: posts big blind $3
*** HOLE CARDS ***
Mazylis83: calls $2
AzureCaper: checks
*** FLOP *** [6c Kh Qc]
AzureCaper: checks
Mazylis83: bets $3
AzureCaper: folds
Uncalled bet ($3) returned to Mazylis83
Mazylis83 collected $5.88 from pot
Mazylis83: doesn't show hand
*** SUMMARY ***
Total pot $6 | Rake $0.12
Board [6c Kh Qc]
Seat 3: Mazylis83 (button) (small blind) collected ($5.88)
Seat 4: AzureCaper (big blind) folded on the Flop


PokerStars Hand #150060536679:  Hold'em Limit ($3/$6 USD) - 2016/03/08 19:37:02 ET
Table 'Marconia' 6-max Seat #4 is the button
Seat 3: Mazylis83 ($31.60 in chips)
Seat 4: AzureCaper ($114.98 in chips)
AzureCaper: posts small blind $1
Mazylis83: posts big blind $3
*** HOLE CARDS ***
AzureCaper: folds
Uncalled bet ($2) returned to Mazylis83
Mazylis83 collected $2 from pot
Mazylis83: doesn't show hand
*** SUMMARY ***
Total pot $2 | Rake $0
Seat 3: Mazylis83 (big blind) collected ($2)
Seat 4: AzureCaper (button) (small blind) folded before Flop


PokerStars Hand #150060564784:  Hold'em Limit ($3/$6 USD) - 2016/03/08 19:37:51 ET
Table 'Marconia' 6-max Seat #4 is the button
Seat 3: Mazylis83 ($55.74 in chips)
Seat 4: AzureCaper ($89.98 in chips)
AzureCaper: posts small blind $1
Mazylis83: posts big blind $3
*** HOLE CARDS ***
AzureCaper: folds
Uncalled bet ($2) returned to Mazylis83
Mazylis83 collected $2 from pot
Mazylis83: doesn't show hand
*** SUMMARY ***
Total pot $2 | Rake $0
Seat 3: Mazylis83 (big blind) collected ($2)
Seat 4: AzureCaper (button) (small blind) folded before Flop


PokerStars Hand #150060591532:  Hold'em Limit ($3/$6 USD) - 2016/03/08 19:38:38 ET
Table 'Marconia' 6-max Seat #3 is the button
Seat 3: Mazylis83 ($91.74 in chips)
Seat 4: AzureCaper ($72 in chips)
Mazylis83: posts small blind $1
AzureCaper: posts big blind $3
*** HOLE CARDS ***
Mazylis83: calls $2
AzureCaper: checks
*** FLOP *** [7s Th 5s]
AzureCaper: bets $3
Mazylis83: calls $3
*** TURN *** [7s Th 5s] [8c]
AzureCaper: bets $6
Mazylis83: calls $6
*** RIVER *** [7s Th 5s 8c] [5d]
AzureCaper: bets $6
Mazylis83: calls $6
*** SHOW DOWN ***
AzureCaper: shows [6s Js] (a pair of Fives)
Mazylis83: shows [2c 7h] (two pair, Sevens and Fives)
Mazylis83 collected $35.50 from pot
*** SUMMARY ***
Total pot $36 | Rake $0.50
Board [7s Th 5s 8c 5d]
Seat 3: Mazylis83 (button) (small blind) showed [2c 7h] and won ($35.50) with two pair, Sevens and Fives
Seat 4: AzureCaper (big blind) showed [6s Js] and lost with a pair of Fives


PokerStars Hand #150060581803:  Hold'em Limit ($3/$6 USD) - 2016/03/08 19:38:21 ET
Table 'Marconia' 6-max Seat #4 is the button
Seat 3: Mazylis83 ($71.24 in chips)
Seat 4: AzureCaper ($73.98 in chips)
AzureCaper: posts small blind $1
Mazylis83: posts big blind $3
*** HOLE CARDS ***
AzureCaper: raises $3 to $6
Mazylis83: calls $3
*** FLOP *** [2s 8s 6c]
Mazylis83: checks
AzureCaper: bets $3
Mazylis83: calls $3
*** TURN *** [2s 8s 6c] [Th]
Mazylis83: checks
AzureCaper: bets $6
Mazylis83: calls $6
*** RIVER *** [2s 8s 6c Th] [8d]
Mazylis83: checks
AzureCaper: bets $6
Mazylis83: calls $6
*** SHOW DOWN ***
AzureCaper: shows [9d 5s] (a pair of Eights)
Mazylis83: shows [7d 6s] (two pair, Eights and Sixes)
Mazylis83 collected $41.50 from pot
*** SUMMARY ***
Total pot $42 | Rake $0.50
Board [2s 8s 6c Th 8d]
Seat 3: Mazylis83 (big blind) showed [7d 6s] and won ($41.50) with two pair, Eights and Sixes
Seat 4: AzureCaper (button) (small blind) showed [9d 5s] and lost with a pair of Eights


PokerStars Hand #150060578857:  Hold'em Limit ($3/$6 USD) - 2016/03/08 19:38:16 ET
Table 'Marconia' 6-max Seat #3 is the button
Seat 3: Mazylis83 ($72.24 in chips)
Seat 4: AzureCaper ($72.98 in chips)
Mazylis83: posts small blind $1
AzureCaper: posts big blind $3
*** HOLE CARDS ***
Mazylis83: folds
Uncalled bet ($2) returned to AzureCaper
AzureCaper collected $2 from pot
AzureCaper: doesn't show hand
*** SUMMARY ***
Total pot $2 | Rake $0
Seat 3: Mazylis83 (button) (small blind) folded before Flop
Seat 4: AzureCaper (big blind) collected ($2)


PokerStars Hand #150060576522:  Hold'em Limit ($3/$6 USD) - 2016/03/08 19:38:11 ET
Table 'Marconia' 6-max Seat #4 is the button
Seat 3: Mazylis83 ($71.24 in chips)
Seat 4: AzureCaper ($73.98 in chips)
AzureCaper: posts small blind $1
Mazylis83: posts big blind $3
*** HOLE CARDS ***
AzureCaper: folds
Uncalled bet ($2) returned to Mazylis83
Mazylis83 collected $2 from pot
Mazylis83: doesn't show hand
*** SUMMARY ***
Total pot $2 | Rake $0
Seat 3: Mazylis83 (big blind) collected ($2)
Seat 4: AzureCaper (button) (small blind) folded before Flop


PokerStars Hand #150060567221:  Hold'em Limit ($3/$6 USD) - 2016/03/08 19:37:55 ET
Table 'Marconia' 6-max Seat #3 is the button
Seat 3: Mazylis83 ($56.74 in chips)
Seat 4: AzureCaper ($88.98 in chips)
Mazylis83: posts small blind $1
AzureCaper: posts big blind $3
*** HOLE CARDS ***
Mazylis83: raises $3 to $6
AzureCaper: calls $3
*** FLOP *** [8h 9d 4s]
AzureCaper: checks
Mazylis83: bets $3
AzureCaper: calls $3
*** TURN *** [8h 9d 4s] [8c]
AzureCaper: checks
Mazylis83: bets $6
AzureCaper: calls $6
*** RIVER *** [8h 9d 4s 8c] [Ts]
AzureCaper: checks
Mazylis83: bets $6
AzureCaper: folds
Uncalled bet ($6) returned to Mazylis83
Mazylis83 collected $29.50 from pot
Mazylis83: doesn't show hand
*** SUMMARY ***
Total pot $30 | Rake $0.50
Board [8h 9d 4s 8c Ts]
Seat 3: Mazylis83 (button) (small blind) collected ($29.50)
Seat 4: AzureCaper (big blind) folded on the River


PokerStars Hand #150060599222:  Hold'em Limit ($3/$6 USD) - 2016/03/08 19:38:51 ET
Table 'Marconia' 6-max Seat #4 is the button
Seat 3: Mazylis83 ($109.24 in chips)
Seat 4: AzureCaper ($72 in chips)
AzureCaper: posts small blind $1
Mazylis83: posts big blind $3
*** HOLE CARDS ***
AzureCaper: raises $3 to $6
Mazylis83: calls $3
*** FLOP *** [9h Ac 8h]
Mazylis83: checks
AzureCaper: bets $3
Mazylis83: calls $3
*** TURN *** [9h Ac 8h] [9c]
Mazylis83: checks
AzureCaper: checks
*** RIVER *** [9h Ac 8h 9c] [3c]
Mazylis83: bets $6
AzureCaper: folds
Uncalled bet ($6) returned to Mazylis83
Mazylis83 collected $17.64 from pot
Mazylis83: doesn't show hand
*** SUMMARY ***
Total pot $18 | Rake $0.36
Board [9h Ac 8h 9c 3c]
Seat 3: Mazylis83 (big blind) collected ($17.64)
Seat 4: AzureCaper (button) (small blind) folded on the River


PokerStars Hand #150060606474:  Hold'em Limit ($3/$6 USD) - 2016/03/08 19:39:04 ET
Table 'Marconia' 6-max Seat #3 is the button
Seat 3: Mazylis83 ($117.88 in chips)
Seat 4: AzureCaper ($72 in chips)
Mazylis83: posts small blind $1
AzureCaper: posts big blind $3
*** HOLE CARDS ***
Mazylis83: calls $2
AzureCaper: checks
*** FLOP *** [3d 5d 8s]
AzureCaper: checks
ya$minna joins the table at seat #2
Mazylis83: bets $3
AzureCaper: folds
Uncalled bet ($3) returned to Mazylis83
Mazylis83 collected $5.88 from pot
Mazylis83: doesn't show hand
*** SUMMARY ***
Total pot $6 | Rake $0.12
Board [3d 5d 8s]
Seat 3: Mazylis83 (button) (small blind) collected ($5.88)
Seat 4: AzureCaper (big blind) folded on the Flop


PokerStars Hand #150060668252:  Hold'em Limit ($3/$6 USD) - 2016/03/08 19:40:52 ET
Table 'Marconia' 6-max Seat #5 is the button
Seat 4: AzureCaper ($72 in chips)
Seat 5: Zubasa07 ($491 in chips)
Zubasa07: posts small blind $1
ya$minna: is sitting out
AzureCaper: posts big blind $3
*** HOLE CARDS ***
ya$minna leaves the table
Zubasa07: folds
Uncalled bet ($2) returned to AzureCaper
AzureCaper collected $2 from pot
AzureCaper: doesn't show hand
*** SUMMARY ***
Total pot $2 | Rake $0
Seat 4: AzureCaper (big blind) collected ($2)
Seat 5: Zubasa07 (button) (small blind) folded before Flop


