PokerStars Hand #159023106871:  Hold'em Limit ($3/$6 USD) - 2016/09/24 8:19:37 ET
Table 'Marceline II' 6-max Seat #4 is the button
Seat 4: Agrotait ($66 in chips)
Seat 6: doggindavexx ($254.51 in chips)
Agrotait: posts small blind $1
doggindavexx: posts big blind $3
*** HOLE CARDS ***
Agrotait: raises $3 to $6
doggindavexx: calls $3
*** FLOP *** [5c 9c Ac]
doggindavexx: checks
Agrotait: bets $3
doggindavexx: folds
Uncalled bet ($3) returned to Agrotait
Agrotait collected $11.76 from pot
Agrotait: doesn't show hand
*** SUMMARY ***
Total pot $12 | Rake $0.24
Board [5c 9c Ac]
Seat 4: Agrotait (button) (small blind) collected ($11.76)
Seat 6: doggindavexx (big blind) folded on the Flop


PokerStars Hand #159023095994:  Hold'em Limit ($3/$6 USD) - 2016/09/24 8:19:15 ET
Table 'Marceline II' 6-max Seat #6 is the button
Seat 4: Agrotait ($72 in chips)
Seat 6: doggindavexx ($248.75 in chips)
doggindavexx: posts small blind $1
Agrotait: posts big blind $3
*** HOLE CARDS ***
doggindavexx: calls $2
Agrotait: checks
*** FLOP *** [9c Ks Th]
Agrotait: bets $3
doggindavexx: calls $3
*** TURN *** [9c Ks Th] [3c]
Agrotait: checks
doggindavexx: checks
*** RIVER *** [9c Ks Th 3c] [5d]
Agrotait: checks
doggindavexx: bets $6
Agrotait: folds
Uncalled bet ($6) returned to doggindavexx
doggindavexx collected $11.76 from pot
doggindavexx: doesn't show hand
*** SUMMARY ***
Total pot $12 | Rake $0.24
Board [9c Ks Th 3c 5d]
Seat 4: Agrotait (big blind) folded on the River
Seat 6: doggindavexx (button) (small blind) collected ($11.76)


PokerStars Hand #159023126616:  Hold'em Limit ($3/$6 USD) - 2016/09/24 8:20:18 ET
Table 'Marceline II' 6-max Seat #4 is the button
Seat 4: Agrotait ($89.26 in chips)
Seat 6: doggindavexx ($230.51 in chips)
Agrotait: posts small blind $1
doggindavexx: posts big blind $3
*** HOLE CARDS ***
Agrotait: raises $3 to $6
doggindavexx: calls $3
*** FLOP *** [Tc 9h 6s]
doggindavexx: checks
Agrotait: bets $3
doggindavexx: folds
Uncalled bet ($3) returned to Agrotait
doggindavexx leaves the table
Agrotait collected $11.76 from pot
Agrotait: doesn't show hand
*** SUMMARY ***
Total pot $12 | Rake $0.24
Board [Tc 9h 6s]
Seat 4: Agrotait (button) (small blind) collected ($11.76)
Seat 6: doggindavexx (big blind) folded on the Flop


PokerStars Hand #159023112580:  Hold'em Limit ($3/$6 USD) - 2016/09/24 8:19:49 ET
Table 'Marceline II' 6-max Seat #6 is the button
Seat 4: Agrotait ($71.76 in chips)
Seat 6: doggindavexx ($248.51 in chips)
doggindavexx: posts small blind $1
Agrotait: posts big blind $3
*** HOLE CARDS ***
doggindavexx: calls $2
Agrotait: checks
*** FLOP *** [Jh 7h 3s]
Agrotait: bets $3
doggindavexx: calls $3
*** TURN *** [Jh 7h 3s] [6s]
Agrotait: bets $6
doggindavexx: calls $6
*** RIVER *** [Jh 7h 3s 6s] [7s]
Agrotait: checks
doggindavexx: bets $6
Agrotait: calls $6
*** SHOW DOWN ***
doggindavexx: shows [Th 8s] (a pair of Sevens)
Agrotait: shows [8h Js] (two pair, Jacks and Sevens)
Agrotait collected $35.50 from pot
*** SUMMARY ***
Total pot $36 | Rake $0.50
Board [Jh 7h 3s 6s 7s]
Seat 4: Agrotait (big blind) showed [8h Js] and won ($35.50) with two pair, Jacks and Sevens
Seat 6: doggindavexx (button) (small blind) showed [Th 8s] and lost with a pair of Sevens


