PokerStars Hand #170061531199:  Hold'em Limit ($3/$6 USD) - 2017/05/06 22:31:05 ET
Table 'Marconia' 6-max Seat #2 is the button
Seat 2: Kasperla ($54.92 in chips)
Seat 4: kayway6 ($419 in chips)
Kasperla: posts small blind $1
kayway6: posts big blind $3
*** HOLE CARDS ***
Kasperla: raises $3 to $6
kayway6: calls $3
*** FLOP *** [Ad 7h Qh]
Acidstorm200 leaves the table
kayway6: bets $3
RIGPIG79 joins the table at seat #3
Kasperla: raises $3 to $6
kayway6: calls $3
*** TURN *** [Ad 7h Qh] [8c]
kayway6: checks
Kasperla: bets $6
kayway6: calls $6
*** RIVER *** [Ad 7h Qh 8c] [8d]
kayway6: checks
Kasperla: bets $6
kayway6: calls $6
*** SHOW DOWN ***
Kasperla: shows [Ac 3d] (two pair, Aces and Eights)
kayway6: mucks hand
Kasperla collected $47.50 from pot
*** SUMMARY ***
Total pot $48 | Rake $0.50
Board [Ad 7h Qh 8c 8d]
Seat 2: Kasperla (button) (small blind) showed [Ac 3d] and won ($47.50) with two pair, Aces and Eights
Seat 4: kayway6 (big blind) mucked


PokerStars Hand #170061578701:  Hold'em Limit ($3/$6 USD) - 2017/05/06 22:33:20 ET
Table 'Marconia' 6-max Seat #6 is the button
Seat 4: kayway6 ($377 in chips)
Seat 6: yayaya ($137.50 in chips)
yayaya: posts small blind $1
kayway6: posts big blind $3
*** HOLE CARDS ***
yayaya: folds
Uncalled bet ($2) returned to kayway6
kayway6 collected $2 from pot
kayway6: doesn't show hand
*** SUMMARY ***
Total pot $2 | Rake $0
Seat 4: kayway6 (big blind) collected ($2)
Seat 6: yayaya (button) (small blind) folded before Flop


PokerStars Hand #170061576010:  Hold'em Limit ($3/$6 USD) - 2017/05/06 22:33:13 ET
Table 'Marconia' 6-max Seat #4 is the button
Seat 4: kayway6 ($378 in chips)
Seat 6: yayaya ($136.50 in chips)
kayway6: posts small blind $1
yayaya: posts big blind $3
*** HOLE CARDS ***
kayway6: folds
Uncalled bet ($2) returned to yayaya
yayaya collected $2 from pot
*** SUMMARY ***
Total pot $2 | Rake $0
Seat 4: kayway6 (button) (small blind) folded before Flop
Seat 6: yayaya (big blind) collected ($2)


PokerStars Hand #170061574277:  Hold'em Limit ($3/$6 USD) - 2017/05/06 22:33:08 ET
Table 'Marconia' 6-max Seat #6 is the button
Seat 4: kayway6 ($377 in chips)
Seat 6: yayaya ($137.50 in chips)
yayaya: posts small blind $1
kayway6: posts big blind $3
*** HOLE CARDS ***
yayaya: folds
Uncalled bet ($2) returned to kayway6
kayway6 collected $2 from pot
kayway6: doesn't show hand
*** SUMMARY ***
Total pot $2 | Rake $0
Seat 4: kayway6 (big blind) collected ($2)
Seat 6: yayaya (button) (small blind) folded before Flop


PokerStars Hand #170061565761:  Hold'em Limit ($3/$6 USD) - 2017/05/06 22:32:44 ET
Table 'Marconia' 6-max Seat #4 is the button
Seat 4: kayway6 ($395 in chips)
Seat 6: yayaya ($120 in chips)
kayway6: posts small blind $1
yayaya: posts big blind $3
*** HOLE CARDS ***
kayway6: raises $3 to $6
yayaya: calls $3
*** FLOP *** [5s 8c 9d]
yayaya: checks
kayway6: bets $3
yayaya: raises $3 to $6
kayway6: calls $3
*** TURN *** [5s 8c 9d] [9c]
yayaya: bets $6
kayway6: calls $6
*** RIVER *** [5s 8c 9d 9c] [3s]
yayaya: bets $6
kayway6: folds
Uncalled bet ($6) returned to yayaya
yayaya collected $35.50 from pot
*** SUMMARY ***
Total pot $36 | Rake $0.50
Board [5s 8c 9d 9c 3s]
Seat 4: kayway6 (button) (small blind) folded on the River
Seat 6: yayaya (big blind) collected ($35.50)


PokerStars Hand #170061580396:  Hold'em Limit ($3/$6 USD) - 2017/05/06 22:33:25 ET
Table 'Marconia' 6-max Seat #4 is the button
Seat 4: kayway6 ($378 in chips)
Seat 6: yayaya ($136.50 in chips)
kayway6: posts small blind $1
yayaya: posts big blind $3
*** HOLE CARDS ***
kayway6: raises $3 to $6
yayaya: folds
Uncalled bet ($3) returned to kayway6
kayway6 collected $6 from pot
kayway6: doesn't show hand
*** SUMMARY ***
Total pot $6 | Rake $0
Seat 4: kayway6 (button) (small blind) collected ($6)
Seat 6: yayaya (big blind) folded before Flop


PokerStars Hand #170061589792:  Hold'em Limit ($3/$6 USD) - 2017/05/06 22:33:52 ET
Table 'Marconia' 6-max Seat #4 is the button
Seat 4: kayway6 ($388.76 in chips)
Seat 6: yayaya ($125.50 in chips)
kayway6: posts small blind $1
yayaya: posts big blind $3
*** HOLE CARDS ***
kayway6: folds
Uncalled bet ($2) returned to yayaya
yayaya collected $2 from pot
*** SUMMARY ***
Total pot $2 | Rake $0
Seat 4: kayway6 (button) (small blind) folded before Flop
Seat 6: yayaya (big blind) collected ($2)


PokerStars Hand #170061582627:  Hold'em Limit ($3/$6 USD) - 2017/05/06 22:33:31 ET
Table 'Marconia' 6-max Seat #6 is the button
Seat 4: kayway6 ($381 in chips)
Seat 6: yayaya ($133.50 in chips)
yayaya: posts small blind $1
kayway6: posts big blind $3
*** HOLE CARDS ***
yayaya: folds
Uncalled bet ($2) returned to kayway6
kayway6 collected $2 from pot
kayway6: doesn't show hand
*** SUMMARY ***
Total pot $2 | Rake $0
Seat 4: kayway6 (big blind) collected ($2)
Seat 6: yayaya (button) (small blind) folded before Flop


PokerStars Hand #170061591481:  Hold'em Limit ($3/$6 USD) - 2017/05/06 22:33:56 ET
Table 'Marconia' 6-max Seat #6 is the button
Seat 4: kayway6 ($387.76 in chips)
Seat 6: yayaya ($126.50 in chips)
yayaya: posts small blind $1
kayway6: posts big blind $3
*** HOLE CARDS ***
yayaya: raises $3 to $6
kayway6: folds
Uncalled bet ($3) returned to yayaya
yayaya collected $6 from pot
*** SUMMARY ***
Total pot $6 | Rake $0
Seat 4: kayway6 (big blind) folded before Flop
Seat 6: yayaya (button) (small blind) collected ($6)


PokerStars Hand #170061588253:  Hold'em Limit ($3/$6 USD) - 2017/05/06 22:33:47 ET
Table 'Marconia' 6-max Seat #6 is the button
Seat 4: kayway6 ($387.76 in chips)
Seat 6: yayaya ($126.50 in chips)
yayaya: posts small blind $1
kayway6: posts big blind $3
*** HOLE CARDS ***
yayaya: folds
Uncalled bet ($2) returned to kayway6
kayway6 collected $2 from pot
kayway6: doesn't show hand
*** SUMMARY ***
Total pot $2 | Rake $0
Seat 4: kayway6 (big blind) collected ($2)
Seat 6: yayaya (button) (small blind) folded before Flop


PokerStars Hand #170061584636:  Hold'em Limit ($3/$6 USD) - 2017/05/06 22:33:37 ET
Table 'Marconia' 6-max Seat #4 is the button
Seat 4: kayway6 ($382 in chips)
Seat 6: yayaya ($132.50 in chips)
kayway6: posts small blind $1
yayaya: posts big blind $3
*** HOLE CARDS ***
kayway6: raises $3 to $6
yayaya: calls $3
*** FLOP *** [3s 2c 7c]
yayaya: checks
kayway6: bets $3
yayaya: folds
Uncalled bet ($3) returned to kayway6
kayway6 collected $11.76 from pot
kayway6: doesn't show hand
*** SUMMARY ***
Total pot $12 | Rake $0.24
Board [3s 2c 7c]
Seat 4: kayway6 (button) (small blind) collected ($11.76)
Seat 6: yayaya (big blind) folded on the Flop


PokerStars Hand #170061602286:  Hold'em Limit ($3/$6 USD) - 2017/05/06 22:34:27 ET
Table 'Marconia' 6-max Seat #6 is the button
Seat 4: kayway6 ($372.76 in chips)
Seat 6: yayaya ($141.02 in chips)
yayaya: posts small blind $1
kayway6: posts big blind $3
*** HOLE CARDS ***
yayaya: raises $3 to $6
kayway6: folds
Uncalled bet ($3) returned to yayaya
yayaya collected $6 from pot
*** SUMMARY ***
Total pot $6 | Rake $0
Seat 4: kayway6 (big blind) folded before Flop
Seat 6: yayaya (button) (small blind) collected ($6)


PokerStars Hand #170061594737:  Hold'em Limit ($3/$6 USD) - 2017/05/06 22:34:06 ET
Table 'Marconia' 6-max Seat #4 is the button
Seat 4: kayway6 ($384.76 in chips)
Seat 6: yayaya ($129.50 in chips)
kayway6: posts small blind $1
yayaya: posts big blind $3
*** HOLE CARDS ***
kayway6: raises $3 to $6
yayaya: raises $3 to $9
kayway6: calls $3
*** FLOP *** [5c 8d Kh]
yayaya: bets $3
kayway6: calls $3
*** TURN *** [5c 8d Kh] [Jh]
yayaya: bets $6
kayway6: folds
Uncalled bet ($6) returned to yayaya
yayaya collected $23.52 from pot
*** SUMMARY ***
Total pot $24 | Rake $0.48
Board [5c 8d Kh Jh]
Seat 4: kayway6 (button) (small blind) folded on the Turn
Seat 6: yayaya (big blind) collected ($23.52)


PokerStars Hand #170061611704:  Hold'em Limit ($3/$6 USD) - 2017/05/06 22:34:54 ET
Table 'Marconia' 6-max Seat #6 is the button
Seat 4: kayway6 ($375.52 in chips)
Seat 6: yayaya ($138.02 in chips)
yayaya: posts small blind $1
kayway6: posts big blind $3
*** HOLE CARDS ***
yayaya: raises $3 to $6
kayway6: raises $3 to $9
yayaya: calls $3
*** FLOP *** [Ks 9d 8c]
kayway6: bets $3
yayaya: calls $3
*** TURN *** [Ks 9d 8c] [5s]
kayway6: bets $6
yayaya: folds
Uncalled bet ($6) returned to kayway6
kayway6 collected $23.52 from pot
kayway6: doesn't show hand
*** SUMMARY ***
Total pot $24 | Rake $0.48
Board [Ks 9d 8c 5s]
Seat 4: kayway6 (big blind) collected ($23.52)
Seat 6: yayaya (button) (small blind) folded on the Turn


PokerStars Hand #170061604866:  Hold'em Limit ($3/$6 USD) - 2017/05/06 22:34:35 ET
Table 'Marconia' 6-max Seat #4 is the button
Seat 4: kayway6 ($369.76 in chips)
Seat 6: yayaya ($144.02 in chips)
kayway6: posts small blind $1
yayaya: posts big blind $3
*** HOLE CARDS ***
kayway6: raises $3 to $6
yayaya: calls $3
*** FLOP *** [Tc Ah Ac]
yayaya: checks
kayway6: bets $3
yayaya: folds
Uncalled bet ($3) returned to kayway6
kayway6 collected $11.76 from pot
kayway6: doesn't show hand
*** SUMMARY ***
Total pot $12 | Rake $0.24
Board [Tc Ah Ac]
Seat 4: kayway6 (button) (small blind) collected ($11.76)
Seat 6: yayaya (big blind) folded on the Flop


PokerStars Hand #170061634502:  Hold'em Limit ($3/$6 USD) - 2017/05/06 22:35:57 ET
Table 'Marconia' 6-max Seat #4 is the button
Seat 4: kayway6 ($343.04 in chips)
Seat 6: yayaya ($169.02 in chips)
kayway6: posts small blind $1
yayaya: posts big blind $3
*** HOLE CARDS ***
kayway6: raises $3 to $6
yayaya: raises $3 to $9
kayway6: calls $3
*** FLOP *** [2s 9s Js]
yayaya: bets $3
kayway6: calls $3
*** TURN *** [2s 9s Js] [8s]
yayaya: checks
kayway6: checks
*** RIVER *** [2s 9s Js 8s] [As]
yayaya: checks
kayway6: bets $6
yayaya: calls $6
*** SHOW DOWN ***
kayway6: shows [2h Ad] (a flush, Ace high)
yayaya: shows [7s 7d] (a flush, Ace high - Seven higher)
yayaya collected $35.50 from pot
*** SUMMARY ***
Total pot $36 | Rake $0.50
Board [2s 9s Js 8s As]
Seat 4: kayway6 (button) (small blind) showed [2h Ad] and lost with a flush, Ace high
Seat 6: yayaya (big blind) showed [7s 7d] and won ($35.50) with a flush, Ace high


PokerStars Hand #170061627857:  Hold'em Limit ($3/$6 USD) - 2017/05/06 22:35:39 ET
Table 'Marconia' 6-max Seat #6 is the button
Seat 4: kayway6 ($373.04 in chips)
Seat 6: yayaya ($139.52 in chips)
yayaya: posts small blind $1
kayway6: posts big blind $3
*** HOLE CARDS ***
yayaya: raises $3 to $6
kayway6: raises $3 to $9
yayaya: calls $3
*** FLOP *** [2h 3d Tc]
kayway6: bets $3
yayaya: raises $3 to $6
kayway6: raises $3 to $9
yayaya: calls $3
*** TURN *** [2h 3d Tc] [7h]
kayway6: bets $6
yayaya: calls $6
*** RIVER *** [2h 3d Tc 7h] [Td]
kayway6: bets $6
yayaya: calls $6
*** SHOW DOWN ***
kayway6: shows [Ks Jh] (a pair of Tens)
yayaya: shows [Kh 3s] (two pair, Tens and Threes)
yayaya collected $59.50 from pot
*** SUMMARY ***
Total pot $60 | Rake $0.50
Board [2h 3d Tc 7h Td]
Seat 4: kayway6 (big blind) showed [Ks Jh] and lost with a pair of Tens
Seat 6: yayaya (button) (small blind) showed [Kh 3s] and won ($59.50) with two pair, Tens and Threes


PokerStars Hand #170061617086:  Hold'em Limit ($3/$6 USD) - 2017/05/06 22:35:09 ET
Table 'Marconia' 6-max Seat #4 is the button
Seat 4: kayway6 ($387.04 in chips)
Seat 6: yayaya ($126.02 in chips)
kayway6: posts small blind $1
yayaya: posts big blind $3
*** HOLE CARDS ***
kayway6: raises $3 to $6
yayaya: calls $3
*** FLOP *** [Jd 4d 3c]
yayaya: checks
kayway6: bets $3
yayaya: raises $3 to $6
kayway6: calls $3
*** TURN *** [Jd 4d 3c] [4h]
yayaya: bets $6
kayway6: calls $6
*** RIVER *** [Jd 4d 3c 4h] [4s]
yayaya: bets $6
kayway6: folds
Uncalled bet ($6) returned to yayaya
yayaya collected $35.50 from pot
*** SUMMARY ***
Total pot $36 | Rake $0.50
Board [Jd 4d 3c 4h 4s]
Seat 4: kayway6 (button) (small blind) folded on the River
Seat 6: yayaya (big blind) collected ($35.50)


PokerStars Hand #170061625830:  Hold'em Limit ($3/$6 USD) - 2017/05/06 22:35:33 ET
Table 'Marconia' 6-max Seat #4 is the button
Seat 4: kayway6 ($370.04 in chips)
Seat 6: yayaya ($142.52 in chips)
kayway6: posts small blind $1
yayaya: posts big blind $3
*** HOLE CARDS ***
kayway6: raises $3 to $6
yayaya: folds
Uncalled bet ($3) returned to kayway6
kayway6 collected $6 from pot
kayway6: doesn't show hand
*** SUMMARY ***
Total pot $6 | Rake $0
Seat 4: kayway6 (button) (small blind) collected ($6)
Seat 6: yayaya (big blind) folded before Flop


PokerStars Hand #170061644682:  Hold'em Limit ($3/$6 USD) - 2017/05/06 22:36:26 ET
Table 'Marconia' 6-max Seat #6 is the button
Seat 4: kayway6 ($325.04 in chips)
Seat 6: yayaya ($186.52 in chips)
yayaya: posts small blind $1
kayway6: posts big blind $3
*** HOLE CARDS ***
yayaya: raises $3 to $6
kayway6: raises $3 to $9
yayaya: calls $3
*** FLOP *** [7h Qc 6c]
kayway6: bets $3
yayaya: calls $3
*** TURN *** [7h Qc 6c] [Tc]
kayway6: bets $6
yayaya: calls $6
*** RIVER *** [7h Qc 6c Tc] [Kc]
kayway6: bets $6
yayaya: calls $6
*** SHOW DOWN ***
kayway6: shows [9s 3s] (high card King)
yayaya: shows [3c Ah] (a flush, King high)
yayaya collected $47.50 from pot
*** SUMMARY ***
Total pot $48 | Rake $0.50
Board [7h Qc 6c Tc Kc]
Seat 4: kayway6 (big blind) showed [9s 3s] and lost with high card King
Seat 6: yayaya (button) (small blind) showed [3c Ah] and won ($47.50) with a flush, King high


PokerStars Hand #170061650263:  Hold'em Limit ($3/$6 USD) - 2017/05/06 22:36:42 ET
Table 'Marconia' 6-max Seat #4 is the button
Seat 4: kayway6 ($301.04 in chips)
Seat 6: yayaya ($210.02 in chips)
kayway6: posts small blind $1
yayaya: posts big blind $3
*** HOLE CARDS ***
kayway6: raises $3 to $6
yayaya: calls $3
*** FLOP *** [2s 6d 8h]
yayaya: checks
kayway6: bets $3
yayaya: raises $3 to $6
kayway6: calls $3
*** TURN *** [2s 6d 8h] [5h]
yayaya: bets $6
kayway6: calls $6
*** RIVER *** [2s 6d 8h 5h] [5s]
yayaya: bets $6
kayway6: folds
Uncalled bet ($6) returned to yayaya
yayaya collected $35.50 from pot
*** SUMMARY ***
Total pot $36 | Rake $0.50
Board [2s 6d 8h 5h 5s]
Seat 4: kayway6 (button) (small blind) folded on the River
Seat 6: yayaya (big blind) collected ($35.50)


PokerStars Hand #170061659474:  Hold'em Limit ($3/$6 USD) - 2017/05/06 22:37:08 ET
Table 'Marconia' 6-max Seat #6 is the button
Seat 4: kayway6 ($283.04 in chips)
Seat 6: yayaya ($227.52 in chips)
yayaya: posts small blind $1
kayway6: posts big blind $3
*** HOLE CARDS ***
yayaya: folds
Uncalled bet ($2) returned to kayway6
kayway6 collected $2 from pot
kayway6: doesn't show hand
*** SUMMARY ***
Total pot $2 | Rake $0
Seat 4: kayway6 (big blind) collected ($2)
Seat 6: yayaya (button) (small blind) folded before Flop


PokerStars Hand #170061657848:  Hold'em Limit ($3/$6 USD) - 2017/05/06 22:37:03 ET
Table 'Marconia' 6-max Seat #4 is the button
Seat 4: kayway6 ($284.04 in chips)
Seat 6: yayaya ($226.52 in chips)
kayway6: posts small blind $1
yayaya: posts big blind $3
*** HOLE CARDS ***
kayway6: folds
Uncalled bet ($2) returned to yayaya
yayaya collected $2 from pot
*** SUMMARY ***
Total pot $2 | Rake $0
Seat 4: kayway6 (button) (small blind) folded before Flop
Seat 6: yayaya (big blind) collected ($2)


PokerStars Hand #170061642694:  Hold'em Limit ($3/$6 USD) - 2017/05/06 22:36:20 ET
Table 'Marconia' 6-max Seat #4 is the button
Seat 4: kayway6 ($326.04 in chips)
Seat 6: yayaya ($185.52 in chips)
kayway6: posts small blind $1
yayaya: posts big blind $3
*** HOLE CARDS ***
kayway6: folds
Uncalled bet ($2) returned to yayaya
yayaya collected $2 from pot
*** SUMMARY ***
Total pot $2 | Rake $0
Seat 4: kayway6 (button) (small blind) folded before Flop
Seat 6: yayaya (big blind) collected ($2)


PokerStars Hand #170061661297:  Hold'em Limit ($3/$6 USD) - 2017/05/06 22:37:13 ET
Table 'Marconia' 6-max Seat #4 is the button
Seat 4: kayway6 ($284.04 in chips)
Seat 6: yayaya ($226.52 in chips)
kayway6: posts small blind $1
yayaya: posts big blind $3
*** HOLE CARDS ***
kayway6: raises $3 to $6
yayaya: calls $3
*** FLOP *** [Kc Td Kd]
yayaya: checks
kayway6: bets $3
yayaya: folds
Uncalled bet ($3) returned to kayway6
kayway6 collected $11.76 from pot
kayway6: doesn't show hand
*** SUMMARY ***
Total pot $12 | Rake $0.24
Board [Kc Td Kd]
Seat 4: kayway6 (button) (small blind) collected ($11.76)
Seat 6: yayaya (big blind) folded on the Flop


PokerStars Hand #170061673941:  Hold'em Limit ($3/$6 USD) - 2017/05/06 22:37:48 ET
Table 'Marconia' 6-max Seat #6 is the button
Seat 4: kayway6 ($283.44 in chips)
Seat 6: yayaya ($226.02 in chips)
yayaya: posts small blind $1
kayway6: posts big blind $3
*** HOLE CARDS ***
yayaya: folds
Uncalled bet ($2) returned to kayway6
kayway6 collected $2 from pot
kayway6: doesn't show hand
*** SUMMARY ***
Total pot $2 | Rake $0
Seat 4: kayway6 (big blind) collected ($2)
Seat 6: yayaya (button) (small blind) folded before Flop


PokerStars Hand #170061667943:  Hold'em Limit ($3/$6 USD) - 2017/05/06 22:37:32 ET
Table 'Marconia' 6-max Seat #4 is the button
Seat 4: kayway6 ($298.44 in chips)
Seat 6: yayaya ($211.52 in chips)
kayway6: posts small blind $1
yayaya: posts big blind $3
*** HOLE CARDS ***
kayway6: raises $3 to $6
yayaya: raises $3 to $9
kayway6: raises $3 to $12
Betting is capped
yayaya: calls $3
*** FLOP *** [3d 2c 3h]
yayaya: checks
kayway6: bets $3
yayaya: calls $3
*** TURN *** [3d 2c 3h] [Qc]
yayaya: checks
kayway6: checks
*** RIVER *** [3d 2c 3h Qc] [Kc]
yayaya: checks
kayway6: checks
*** SHOW DOWN ***
yayaya: shows [As Jc] (a pair of Threes)
kayway6: mucks hand
yayaya collected $29.50 from pot
*** SUMMARY ***
Total pot $30 | Rake $0.50
Board [3d 2c 3h Qc Kc]
Seat 4: kayway6 (button) (small blind) mucked
Seat 6: yayaya (big blind) showed [As Jc] and won ($29.50) with a pair of Threes


PokerStars Hand #170061664687:  Hold'em Limit ($3/$6 USD) - 2017/05/06 22:37:22 ET
Table 'Marconia' 6-max Seat #6 is the button
Seat 4: kayway6 ($289.80 in chips)
Seat 6: yayaya ($220.52 in chips)
yayaya: posts small blind $1
kayway6: posts big blind $3
*** HOLE CARDS ***
yayaya: raises $3 to $6
kayway6: raises $3 to $9
yayaya: calls $3
*** FLOP *** [Kc 4h Ts]
kayway6: bets $3
yayaya: folds
Uncalled bet ($3) returned to kayway6
kayway6 collected $17.64 from pot
kayway6: doesn't show hand
*** SUMMARY ***
Total pot $18 | Rake $0.36
Board [Kc 4h Ts]
Seat 4: kayway6 (big blind) collected ($17.64)
Seat 6: yayaya (button) (small blind) folded on the Flop


PokerStars Hand #170067558647:  Hold'em Limit ($3/$6 USD) - 2017/05/07 4:09:57 ET
Table 'Marconia' 6-max Seat #4 is the button
Seat 3: suitedthrash ($139.97 in chips)
Seat 4: VolkovDmitri ($171.81 in chips)
VolkovDmitri: posts small blind $1
Agrotait: is sitting out
suitedthrash: posts big blind $3
*** HOLE CARDS ***
Agrotait leaves the table
VolkovDmitri: raises $3 to $6
suitedthrash: calls $3
*** FLOP *** [4c 2s 4s]
suitedthrash: checks
VolkovDmitri: bets $3
suitedthrash: calls $3
*** TURN *** [4c 2s 4s] [7s]
suitedthrash: checks
VolkovDmitri: bets $6
suitedthrash: folds
Uncalled bet ($6) returned to VolkovDmitri
VolkovDmitri collected $17.64 from pot
VolkovDmitri: doesn't show hand
*** SUMMARY ***
Total pot $18 | Rake $0.36
Board [4c 2s 4s 7s]
Seat 3: suitedthrash (big blind) folded on the Turn
Seat 4: VolkovDmitri (button) (small blind) collected ($17.64)


