PokerStars Hand #162808573557:  Hold'em Limit ($3/$6 USD) - 2016/12/11 21:28:59 ET
Table 'Marfik' 6-max Seat #3 is the button
Seat 1: LifeisagameX ($87 in chips)
Seat 3: avalonia777 ($27 in chips)
avalonia777: posts small blind $1
LifeisagameX: posts big blind $3
*** HOLE CARDS ***
avalonia777: folds
Uncalled bet ($2) returned to LifeisagameX
LifeisagameX collected $2 from pot
LifeisagameX: doesn't show hand
*** SUMMARY ***
Total pot $2 | Rake $0
Seat 1: LifeisagameX (big blind) collected ($2)
Seat 3: avalonia777 (button) (small blind) folded before Flop


PokerStars Hand #162808575980:  Hold'em Limit ($3/$6 USD) - 2016/12/11 21:29:04 ET
Table 'Marfik' 6-max Seat #1 is the button
Seat 1: LifeisagameX ($88 in chips)
Seat 3: avalonia777 ($26 in chips)
LifeisagameX: posts small blind $1
avalonia777: posts big blind $3
*** HOLE CARDS ***
LifeisagameX: folds
Uncalled bet ($2) returned to avalonia777
avalonia777 collected $2 from pot
avalonia777: doesn't show hand
*** SUMMARY ***
Total pot $2 | Rake $0
Seat 1: LifeisagameX (button) (small blind) folded before Flop
Seat 3: avalonia777 (big blind) collected ($2)


PokerStars Hand #162808563663:  Hold'em Limit ($3/$6 USD) - 2016/12/11 21:28:36 ET
Table 'Marfik' 6-max Seat #1 is the button
Seat 1: LifeisagameX ($84 in chips)
Seat 3: avalonia777 ($30 in chips)
LifeisagameX: posts small blind $1
avalonia777: posts big blind $3
*** HOLE CARDS ***
LifeisagameX: raises $3 to $6
avalonia777: folds
Uncalled bet ($3) returned to LifeisagameX
LifeisagameX collected $6 from pot
LifeisagameX: doesn't show hand
*** SUMMARY ***
Total pot $6 | Rake $0
Seat 1: LifeisagameX (button) (small blind) collected ($6)
Seat 3: avalonia777 (big blind) folded before Flop


PokerStars Hand #162808584669:  Hold'em Limit ($3/$6 USD) - 2016/12/11 21:29:24 ET
Table 'Marfik' 6-max Seat #3 is the button
Seat 1: LifeisagameX ($87 in chips)
Seat 3: avalonia777 ($27 in chips)
avalonia777: posts small blind $1
LifeisagameX: posts big blind $3
*** HOLE CARDS ***
avalonia777: raises $3 to $6
LifeisagameX: calls $3
*** FLOP *** [2h Th Qd]
LifeisagameX: checks
avalonia777 is disconnected
avalonia777 has timed out while disconnected
avalonia777: checks
*** TURN *** [2h Th Qd] [6h]
LifeisagameX: checks
avalonia777: bets $6
LifeisagameX: folds
Uncalled bet ($6) returned to avalonia777
avalonia777 collected $11.76 from pot
avalonia777: doesn't show hand
*** SUMMARY ***
Total pot $12 | Rake $0.24
Board [2h Th Qd 6h]
Seat 1: LifeisagameX (big blind) folded on the Turn
Seat 3: avalonia777 (button) (small blind) collected ($11.76)


PokerStars Hand #162808611411:  Hold'em Limit ($3/$6 USD) - 2016/12/11 21:30:24 ET
Table 'Marfik' 6-max Seat #3 is the button
Seat 1: LifeisagameX ($87 in chips)
Seat 3: avalonia777 ($29.76 in chips)
avalonia777: posts small blind $1
LifeisagameX: posts big blind $3
*** HOLE CARDS ***
avalonia777: folds
Uncalled bet ($2) returned to LifeisagameX
LifeisagameX collected $2 from pot
LifeisagameX: doesn't show hand
*** SUMMARY ***
Total pot $2 | Rake $0
Seat 1: LifeisagameX (big blind) collected ($2)
Seat 3: avalonia777 (button) (small blind) folded before Flop


PokerStars Hand #162808608314:  Hold'em Limit ($3/$6 USD) - 2016/12/11 21:30:17 ET
Table 'Marfik' 6-max Seat #1 is the button
Seat 1: LifeisagameX ($84 in chips)
Seat 3: avalonia777 ($32.76 in chips)
LifeisagameX: posts small blind $1
avalonia777: posts big blind $3
*** HOLE CARDS ***
LifeisagameX: raises $3 to $6
avalonia777: folds
Uncalled bet ($3) returned to LifeisagameX
LifeisagameX collected $6 from pot
LifeisagameX: doesn't show hand
*** SUMMARY ***
Total pot $6 | Rake $0
Seat 1: LifeisagameX (button) (small blind) collected ($6)
Seat 3: avalonia777 (big blind) folded before Flop


PokerStars Hand #162808613646:  Hold'em Limit ($3/$6 USD) - 2016/12/11 21:30:29 ET
Table 'Marfik' 6-max Seat #1 is the button
Seat 1: LifeisagameX ($88 in chips)
Seat 3: avalonia777 ($28.76 in chips)
LifeisagameX: posts small blind $1
avalonia777: posts big blind $3
*** HOLE CARDS ***
LifeisagameX: raises $3 to $6
avalonia777: folds
Uncalled bet ($3) returned to LifeisagameX
LifeisagameX collected $6 from pot
LifeisagameX: doesn't show hand
*** SUMMARY ***
Total pot $6 | Rake $0
Seat 1: LifeisagameX (button) (small blind) collected ($6)
Seat 3: avalonia777 (big blind) folded before Flop


PokerStars Hand #162808616169:  Hold'em Limit ($3/$6 USD) - 2016/12/11 21:30:35 ET
Table 'Marfik' 6-max Seat #3 is the button
Seat 1: LifeisagameX ($91 in chips)
Seat 3: avalonia777 ($25.76 in chips)
avalonia777: posts small blind $1
LifeisagameX: posts big blind $3
*** HOLE CARDS ***
avalonia777: folds
Uncalled bet ($2) returned to LifeisagameX
LifeisagameX collected $2 from pot
LifeisagameX: doesn't show hand
*** SUMMARY ***
Total pot $2 | Rake $0
Seat 1: LifeisagameX (big blind) collected ($2)
Seat 3: avalonia777 (button) (small blind) folded before Flop


PokerStars Hand #162808623030:  Hold'em Limit ($3/$6 USD) - 2016/12/11 21:30:50 ET
Table 'Marfik' 6-max Seat #3 is the button
Seat 1: LifeisagameX ($95 in chips)
Seat 3: avalonia777 ($21.76 in chips)
avalonia777: posts small blind $1
LifeisagameX: posts big blind $3
*** HOLE CARDS ***
avalonia777: folds
Uncalled bet ($2) returned to LifeisagameX
LifeisagameX collected $2 from pot
LifeisagameX: doesn't show hand
*** SUMMARY ***
Total pot $2 | Rake $0
Seat 1: LifeisagameX (big blind) collected ($2)
Seat 3: avalonia777 (button) (small blind) folded before Flop


PokerStars Hand #162808618844:  Hold'em Limit ($3/$6 USD) - 2016/12/11 21:30:41 ET
Table 'Marfik' 6-max Seat #1 is the button
Seat 1: LifeisagameX ($92 in chips)
Seat 3: avalonia777 ($24.76 in chips)
LifeisagameX: posts small blind $1
avalonia777: posts big blind $3
*** HOLE CARDS ***
LifeisagameX: raises $3 to $6
avalonia777: folds
Uncalled bet ($3) returned to LifeisagameX
LifeisagameX collected $6 from pot
LifeisagameX: doesn't show hand
*** SUMMARY ***
Total pot $6 | Rake $0
Seat 1: LifeisagameX (button) (small blind) collected ($6)
Seat 3: avalonia777 (big blind) folded before Flop


PokerStars Hand #162808625398:  Hold'em Limit ($3/$6 USD) - 2016/12/11 21:30:56 ET
Table 'Marfik' 6-max Seat #1 is the button
Seat 1: LifeisagameX ($96 in chips)
Seat 3: avalonia777 ($20.76 in chips)
LifeisagameX: posts small blind $1
avalonia777: posts big blind $3
*** HOLE CARDS ***
LifeisagameX: raises $3 to $6
avalonia777: calls $3
*** FLOP *** [2h 5s Ad]
avalonia777: bets $3
LifeisagameX: calls $3
*** TURN *** [2h 5s Ad] [Ks]
avalonia777: checks
LifeisagameX: bets $6
avalonia777: calls $6
*** RIVER *** [2h 5s Ad Ks] [3d]
avalonia777: checks
LifeisagameX: checks
*** SHOW DOWN ***
avalonia777: shows [Jd Ts] (high card Ace)
LifeisagameX: shows [9c 5h] (a pair of Fives)
LifeisagameX collected $29.50 from pot
*** SUMMARY ***
Total pot $30 | Rake $0.50
Board [2h 5s Ad Ks 3d]
Seat 1: LifeisagameX (button) (small blind) showed [9c 5h] and won ($29.50) with a pair of Fives
Seat 3: avalonia777 (big blind) showed [Jd Ts] and lost with high card Ace


PokerStars Hand #162808636568:  Hold'em Limit ($3/$6 USD) - 2016/12/11 21:31:21 ET
Table 'Marfik' 6-max Seat #3 is the button
Seat 1: LifeisagameX ($110.50 in chips)
Seat 3: avalonia777 ($5.76 in chips)
avalonia777: posts small blind $1
LifeisagameX: posts big blind $3
*** HOLE CARDS ***
avalonia777: raises $2.76 to $5.76 and is all-in
LifeisagameX: calls $2.76
*** FLOP *** [7h 9c 2h]
*** TURN *** [7h 9c 2h] [8c]
*** RIVER *** [7h 9c 2h 8c] [Ad]
*** SHOW DOWN ***
LifeisagameX: shows [4d Ah] (a pair of Aces)
avalonia777: shows [5h 8h] (a pair of Eights)
LifeisagameX collected $11.29 from pot
*** SUMMARY ***
Total pot $11.52 | Rake $0.23
Board [7h 9c 2h 8c Ad]
Seat 1: LifeisagameX (big blind) showed [4d Ah] and won ($11.29) with a pair of Aces
Seat 3: avalonia777 (button) (small blind) showed [5h 8h] and lost with a pair of Eights


