PokerStars Hand #165228532972:  Hold'em Limit ($3/$6 USD) - 2017/01/26 22:42:02 ET
Table 'Marfik' 6-max Seat #5 is the button
Seat 5: krytalex ($305.96 in chips)
Seat 6: Chessnok ($90.50 in chips)
krytalex: posts small blind $1
Chessnok: posts big blind $3
*** HOLE CARDS ***
krytalex: raises $3 to $6
Chessnok: calls $3
*** FLOP *** [5h Ts Jh]
Chessnok: checks
krytalex: bets $3
Chessnok: folds
Uncalled bet ($3) returned to krytalex
krytalex collected $11.76 from pot
*** SUMMARY ***
Total pot $12 | Rake $0.24
Board [5h Ts Jh]
Seat 5: krytalex (button) (small blind) collected ($11.76)
Seat 6: Chessnok (big blind) folded on the Flop


PokerStars Hand #165228517188:  Hold'em Limit ($3/$6 USD) - 2017/01/26 22:41:18 ET
Table 'Marfik' 6-max Seat #6 is the button
Seat 5: krytalex ($335.96 in chips)
Seat 6: Chessnok ($61 in chips)
Chessnok: posts small blind $1
grabaz: is sitting out
krytalex: posts big blind $3
*** HOLE CARDS ***
Chessnok: raises $3 to $6
krytalex: raises $3 to $9
grabaz leaves the table
Chessnok: calls $3
*** FLOP *** [3c 2d 6c]
krytalex: bets $3
Chessnok: calls $3
*** TURN *** [3c 2d 6c] [7s]
MellivoraSto leaves the table
krytalex: bets $6
F1l1p3 joins the table at seat #3
Chessnok: raises $6 to $12
fouraces9 leaves the table
krytalex: calls $6
*** RIVER *** [3c 2d 6c 7s] [Qs]
krytalex: checks
Chessnok: bets $6
krytalex: calls $6
*** SHOW DOWN ***
Chessnok: shows [8s 8d] (a pair of Eights)
krytalex: mucks hand
Chessnok collected $59.50 from pot
*** SUMMARY ***
Total pot $60 | Rake $0.50
Board [3c 2d 6c 7s Qs]
Seat 5: krytalex (big blind) mucked
Seat 6: Chessnok (button) (small blind) showed [8s 8d] and won ($59.50) with a pair of Eights


PokerStars Hand #165230794619:  Hold'em Limit ($3/$6 USD) - 2017/01/27 0:46:10 ET
Table 'Marfik' 6-max Seat #5 is the button
Seat 1: grabaz ($244 in chips)
Seat 5: krytalex ($122.07 in chips)
LovaHurt will be allowed to play after the button
krytalex: posts small blind $1
Chessnok: is sitting out
grabaz: posts big blind $3
*** HOLE CARDS ***
krytalex: folds
Uncalled bet ($2) returned to grabaz
grabaz collected $2 from pot
grabaz: doesn't show hand
*** SUMMARY ***
Total pot $2 | Rake $0
Seat 1: grabaz (big blind) collected ($2)
Seat 5: krytalex (button) (small blind) folded before Flop


PokerStars Hand #165233185552:  Hold'em Limit ($3/$6 USD) - 2017/01/27 3:09:38 ET
Table 'Marfik' 6-max Seat #5 is the button
Seat 4: LovaHurt ($32.06 in chips)
Seat 5: krytalex ($165.81 in chips)
krytalex: posts small blind $1
LovaHurt: posts big blind $3
*** HOLE CARDS ***
krytalex: raises $3 to $6
LovaHurt: folds
Uncalled bet ($3) returned to krytalex
krytalex collected $6 from pot
*** SUMMARY ***
Total pot $6 | Rake $0
Seat 4: LovaHurt (big blind) folded before Flop
Seat 5: krytalex (button) (small blind) collected ($6)


PokerStars Hand #165233189394:  Hold'em Limit ($3/$6 USD) - 2017/01/27 3:09:50 ET
Table 'Marfik' 6-max Seat #5 is the button
Seat 4: LovaHurt ($28.06 in chips)
Seat 5: krytalex ($169.81 in chips)
krytalex: posts small blind $1
LovaHurt: posts big blind $3
*** HOLE CARDS ***
krytalex: raises $3 to $6
LovaHurt: calls $3
*** FLOP *** [Qs 3h 8c]
LovaHurt: checks
krytalex: bets $3
LovaHurt: folds
Uncalled bet ($3) returned to krytalex
krytalex collected $11.76 from pot
*** SUMMARY ***
Total pot $12 | Rake $0.24
Board [Qs 3h 8c]
Seat 4: LovaHurt (big blind) folded on the Flop
Seat 5: krytalex (button) (small blind) collected ($11.76)


PokerStars Hand #165233202561:  Hold'em Limit ($3/$6 USD) - 2017/01/27 3:10:34 ET
Table 'Marfik' 6-max Seat #5 is the button
Seat 4: LovaHurt ($27.82 in chips)
Seat 5: krytalex ($169.57 in chips)
krytalex: posts small blind $1
LovaHurt: posts big blind $3
*** HOLE CARDS ***
krytalex: folds
Uncalled bet ($2) returned to LovaHurt
LovaHurt collected $2 from pot
LovaHurt: doesn't show hand
*** SUMMARY ***
Total pot $2 | Rake $0
Seat 4: LovaHurt (big blind) collected ($2)
Seat 5: krytalex (button) (small blind) folded before Flop


PokerStars Hand #165233192671:  Hold'em Limit ($3/$6 USD) - 2017/01/27 3:10:01 ET
Table 'Marfik' 6-max Seat #4 is the button
Seat 4: LovaHurt ($22.06 in chips)
Seat 5: krytalex ($175.57 in chips)
LovaHurt: posts small blind $1
krytalex: posts big blind $3
*** HOLE CARDS ***
LovaHurt: calls $2
krytalex: checks
*** FLOP *** [6d 3s Ts]
krytalex: bets $3
LovaHurt: calls $3
*** TURN *** [6d 3s Ts] [Jc]
krytalex: checks
LovaHurt: bets $6
krytalex: folds
Uncalled bet ($6) returned to LovaHurt
LovaHurt collected $11.76 from pot
LovaHurt: doesn't show hand
*** SUMMARY ***
Total pot $12 | Rake $0.24
Board [6d 3s Ts Jc]
Seat 4: LovaHurt (button) (small blind) collected ($11.76)
Seat 5: krytalex (big blind) folded on the Turn


PokerStars Hand #165233187759:  Hold'em Limit ($3/$6 USD) - 2017/01/27 3:09:45 ET
Table 'Marfik' 6-max Seat #4 is the button
Seat 4: LovaHurt ($29.06 in chips)
Seat 5: krytalex ($168.81 in chips)
LovaHurt: posts small blind $1
krytalex: posts big blind $3
*** HOLE CARDS ***
LovaHurt: folds
Uncalled bet ($2) returned to krytalex
krytalex collected $2 from pot
*** SUMMARY ***
Total pot $2 | Rake $0
Seat 4: LovaHurt (button) (small blind) folded before Flop
Seat 5: krytalex (big blind) collected ($2)


PokerStars Hand #165233204209:  Hold'em Limit ($3/$6 USD) - 2017/01/27 3:10:40 ET
Table 'Marfik' 6-max Seat #4 is the button
Seat 4: LovaHurt ($28.82 in chips)
Seat 5: krytalex ($168.57 in chips)
LovaHurt: posts small blind $1
krytalex: posts big blind $3
*** HOLE CARDS ***
LovaHurt: calls $2
krytalex: raises $3 to $6
LovaHurt: calls $3
*** FLOP *** [7d Th Qc]
krytalex: bets $3
LovaHurt: raises $3 to $6
krytalex: calls $3
*** TURN *** [7d Th Qc] [6s]
krytalex: checks
LovaHurt: bets $6
krytalex: calls $6
*** RIVER *** [7d Th Qc 6s] [4d]
krytalex: checks
LovaHurt: bets $6
krytalex: folds
Uncalled bet ($6) returned to LovaHurt
LovaHurt collected $35.50 from pot
LovaHurt: doesn't show hand
*** SUMMARY ***
Total pot $36 | Rake $0.50
Board [7d Th Qc 6s 4d]
Seat 4: LovaHurt (button) (small blind) collected ($35.50)
Seat 5: krytalex (big blind) folded on the River


PokerStars Hand #165233238266:  Hold'em Limit ($3/$6 USD) - 2017/01/27 3:12:31 ET
Table 'Marfik' 6-max Seat #5 is the button
Seat 4: LovaHurt ($34.32 in chips)
Seat 5: krytalex ($162.09 in chips)
krytalex: posts small blind $1
LovaHurt: posts big blind $3
*** HOLE CARDS ***
krytalex: folds
Uncalled bet ($2) returned to LovaHurt
LovaHurt collected $2 from pot
LovaHurt: doesn't show hand
*** SUMMARY ***
Total pot $2 | Rake $0
Seat 4: LovaHurt (big blind) collected ($2)
Seat 5: krytalex (button) (small blind) folded before Flop


PokerStars Hand #165233231647:  Hold'em Limit ($3/$6 USD) - 2017/01/27 3:12:09 ET
Table 'Marfik' 6-max Seat #4 is the button
Seat 4: LovaHurt ($40.32 in chips)
Seat 5: krytalex ($156.33 in chips)
LovaHurt: posts small blind $1
krytalex: posts big blind $3
*** HOLE CARDS ***
LovaHurt: raises $3 to $6
krytalex: calls $3
*** FLOP *** [6s 8d Th]
krytalex: checks
LovaHurt: checks
*** TURN *** [6s 8d Th] [2s]
krytalex: bets $6
LovaHurt: folds
Uncalled bet ($6) returned to krytalex
krytalex collected $11.76 from pot
*** SUMMARY ***
Total pot $12 | Rake $0.24
Board [6s 8d Th 2s]
Seat 4: LovaHurt (button) (small blind) folded on the Turn
Seat 5: krytalex (big blind) collected ($11.76)


PokerStars Hand #165233226034:  Hold'em Limit ($3/$6 USD) - 2017/01/27 3:11:51 ET
Table 'Marfik' 6-max Seat #5 is the button
Seat 4: LovaHurt ($46.32 in chips)
Seat 5: krytalex ($150.57 in chips)
krytalex: posts small blind $1
LovaHurt: posts big blind $3
*** HOLE CARDS ***
krytalex: raises $3 to $6
LovaHurt: calls $3
*** FLOP *** [9s Ad 9d]
LovaHurt: checks
krytalex: bets $3
LovaHurt: folds
Uncalled bet ($3) returned to krytalex
krytalex collected $11.76 from pot
*** SUMMARY ***
Total pot $12 | Rake $0.24
Board [9s Ad 9d]
Seat 4: LovaHurt (big blind) folded on the Flop
Seat 5: krytalex (button) (small blind) collected ($11.76)


PokerStars Hand #165233240856:  Hold'em Limit ($3/$6 USD) - 2017/01/27 3:12:39 ET
Table 'Marfik' 6-max Seat #4 is the button
Seat 4: LovaHurt ($35.32 in chips)
Seat 5: krytalex ($161.09 in chips)
LovaHurt: posts small blind $1
krytalex: posts big blind $3
*** HOLE CARDS ***
LovaHurt: raises $3 to $6
krytalex: folds
Uncalled bet ($3) returned to LovaHurt
LovaHurt collected $6 from pot
LovaHurt: doesn't show hand
*** SUMMARY ***
Total pot $6 | Rake $0
Seat 4: LovaHurt (button) (small blind) collected ($6)
Seat 5: krytalex (big blind) folded before Flop


PokerStars Hand #165233248304:  Hold'em Limit ($3/$6 USD) - 2017/01/27 3:13:03 ET
Table 'Marfik' 6-max Seat #4 is the button
Seat 4: LovaHurt ($39.32 in chips)
Seat 5: krytalex ($157.09 in chips)
LovaHurt: posts small blind $1
krytalex: posts big blind $3
*** HOLE CARDS ***
LovaHurt: folds
Uncalled bet ($2) returned to krytalex
krytalex collected $2 from pot
*** SUMMARY ***
Total pot $2 | Rake $0
Seat 4: LovaHurt (button) (small blind) folded before Flop
Seat 5: krytalex (big blind) collected ($2)


PokerStars Hand #165233246485:  Hold'em Limit ($3/$6 USD) - 2017/01/27 3:12:57 ET
Table 'Marfik' 6-max Seat #5 is the button
Seat 4: LovaHurt ($38.32 in chips)
Seat 5: krytalex ($158.09 in chips)
krytalex: posts small blind $1
LovaHurt: posts big blind $3
*** HOLE CARDS ***
krytalex: folds
Uncalled bet ($2) returned to LovaHurt
LovaHurt collected $2 from pot
LovaHurt: doesn't show hand
*** SUMMARY ***
Total pot $2 | Rake $0
Seat 4: LovaHurt (big blind) collected ($2)
Seat 5: krytalex (button) (small blind) folded before Flop


PokerStars Hand #165233249817:  Hold'em Limit ($3/$6 USD) - 2017/01/27 3:13:08 ET
Table 'Marfik' 6-max Seat #5 is the button
Seat 4: LovaHurt ($38.32 in chips)
Seat 5: krytalex ($158.09 in chips)
krytalex: posts small blind $1
LovaHurt: posts big blind $3
*** HOLE CARDS ***
krytalex: raises $3 to $6
LovaHurt: raises $3 to $9
krytalex: calls $3
*** FLOP *** [3d Jh 6c]
LovaHurt: bets $3
krytalex: calls $3
*** TURN *** [3d Jh 6c] [6h]
LovaHurt: bets $6
krytalex: calls $6
*** RIVER *** [3d Jh 6c 6h] [Kh]
LovaHurt: bets $6
krytalex: raises $6 to $12
LovaHurt: calls $6
*** SHOW DOWN ***
krytalex: shows [Th Qh] (a flush, King high)
LovaHurt: mucks hand
krytalex collected $59.50 from pot
*** SUMMARY ***
Total pot $60 | Rake $0.50
Board [3d Jh 6c 6h Kh]
Seat 4: LovaHurt (big blind) mucked
Seat 5: krytalex (button) (small blind) showed [Th Qh] and won ($59.50) with a flush, King high


PokerStars Hand #165233296770:  Hold'em Limit ($3/$6 USD) - 2017/01/27 3:15:33 ET
Table 'Marfik' 6-max Seat #5 is the button
Seat 4: LovaHurt ($94.87 in chips)
Seat 5: krytalex ($187.43 in chips)
krytalex: posts small blind $1
LovaHurt: posts big blind $3
*** HOLE CARDS ***
krytalex: folds
Uncalled bet ($2) returned to LovaHurt
LovaHurt collected $2 from pot
LovaHurt: doesn't show hand
*** SUMMARY ***
Total pot $2 | Rake $0
Seat 4: LovaHurt (big blind) collected ($2)
Seat 5: krytalex (button) (small blind) folded before Flop


PokerStars Hand #165233268719:  Hold'em Limit ($3/$6 USD) - 2017/01/27 3:14:09 ET
Table 'Marfik' 6-max Seat #4 is the button
Seat 4: LovaHurt ($8.32 in chips)
Seat 5: krytalex ($187.59 in chips)
LovaHurt: posts small blind $1
krytalex: posts big blind $3
*** HOLE CARDS ***
LovaHurt: calls $2
krytalex: checks
*** FLOP *** [Js 4d Ts]
LovaHurt said, "haha"
krytalex: checks
LovaHurt: checks
*** TURN *** [Js 4d Ts] [5h]
krytalex: checks
LovaHurt: bets $5.32 and is all-in
krytalex: calls $5.32
*** RIVER *** [Js 4d Ts 5h] [Kc]
*** SHOW DOWN ***
krytalex: shows [7h 5d] (a pair of Fives)
LovaHurt: shows [5c 9c] (a pair of Fives)
krytalex collected $8.16 from pot
LovaHurt collected $8.15 from pot
*** SUMMARY ***
Total pot $16.64 | Rake $0.33
Board [Js 4d Ts 5h Kc]
Seat 4: LovaHurt (button) (small blind) showed [5c 9c] and won ($8.15) with a pair of Fives
Seat 5: krytalex (big blind) showed [7h 5d] and won ($8.16) with a pair of Fives


PokerStars Hand #165233306842:  Hold'em Limit ($3/$6 USD) - 2017/01/27 3:16:05 ET
Table 'Marfik' 6-max Seat #4 is the button
Seat 4: LovaHurt ($99.87 in chips)
Seat 5: krytalex ($182.43 in chips)
LovaHurt: posts small blind $1
krytalex: posts big blind $3
*** HOLE CARDS ***
LovaHurt: calls $2
krytalex: raises $3 to $6
LovaHurt: calls $3
*** FLOP *** [Th 2s 7d]
krytalex: bets $3
LovaHurt: calls $3
*** TURN *** [Th 2s 7d] [9h]
krytalex: bets $6
LovaHurt: raises $6 to $12
krytalex: calls $6
*** RIVER *** [Th 2s 7d 9h] [Ah]
krytalex: bets $6
LovaHurt: calls $6
*** SHOW DOWN ***
krytalex: shows [Ad Tc] (two pair, Aces and Tens)
LovaHurt: mucks hand
krytalex collected $53.50 from pot
*** SUMMARY ***
Total pot $54 | Rake $0.50
Board [Th 2s 7d 9h Ah]
Seat 4: LovaHurt (button) (small blind) mucked
Seat 5: krytalex (big blind) showed [Ad Tc] and won ($53.50) with two pair, Aces and Tens


PokerStars Hand #165233305163:  Hold'em Limit ($3/$6 USD) - 2017/01/27 3:16:00 ET
Table 'Marfik' 6-max Seat #5 is the button
Seat 4: LovaHurt ($98.87 in chips)
Seat 5: krytalex ($183.43 in chips)
krytalex: posts small blind $1
LovaHurt: posts big blind $3
*** HOLE CARDS ***
krytalex: folds
Uncalled bet ($2) returned to LovaHurt
LovaHurt collected $2 from pot
LovaHurt: doesn't show hand
*** SUMMARY ***
Total pot $2 | Rake $0
Seat 4: LovaHurt (big blind) collected ($2)
Seat 5: krytalex (button) (small blind) folded before Flop


PokerStars Hand #165233300793:  Hold'em Limit ($3/$6 USD) - 2017/01/27 3:15:46 ET
Table 'Marfik' 6-max Seat #4 is the button
Seat 4: LovaHurt ($95.87 in chips)
Seat 5: krytalex ($186.43 in chips)
LovaHurt: posts small blind $1
krytalex: posts big blind $3
*** HOLE CARDS ***
LovaHurt: raises $3 to $6
krytalex: folds
Uncalled bet ($3) returned to LovaHurt
LovaHurt collected $6 from pot
LovaHurt: doesn't show hand
*** SUMMARY ***
Total pot $6 | Rake $0
Seat 4: LovaHurt (button) (small blind) collected ($6)
Seat 5: krytalex (big blind) folded before Flop


PokerStars Hand #165233321219:  Hold'em Limit ($3/$6 USD) - 2017/01/27 3:16:51 ET
Table 'Marfik' 6-max Seat #4 is the button
Seat 4: LovaHurt ($66.87 in chips)
Seat 5: krytalex ($214.69 in chips)
LovaHurt: posts small blind $1
krytalex: posts big blind $3
*** HOLE CARDS ***
LovaHurt: folds
Uncalled bet ($2) returned to krytalex
krytalex collected $2 from pot
*** SUMMARY ***
Total pot $2 | Rake $0
Seat 4: LovaHurt (button) (small blind) folded before Flop
Seat 5: krytalex (big blind) collected ($2)


PokerStars Hand #165233316127:  Hold'em Limit ($3/$6 USD) - 2017/01/27 3:16:35 ET
Table 'Marfik' 6-max Seat #5 is the button
Seat 4: LovaHurt ($72.87 in chips)
Seat 5: krytalex ($208.93 in chips)
krytalex: posts small blind $1
LovaHurt: posts big blind $3
*** HOLE CARDS ***
krytalex: raises $3 to $6
LovaHurt: calls $3
*** FLOP *** [6h Qh Kd]
LovaHurt: checks
krytalex: bets $3
LovaHurt: folds
Uncalled bet ($3) returned to krytalex
krytalex collected $11.76 from pot
*** SUMMARY ***
Total pot $12 | Rake $0.24
Board [6h Qh Kd]
Seat 4: LovaHurt (big blind) folded on the Flop
Seat 5: krytalex (button) (small blind) collected ($11.76)


PokerStars Hand #165233340811:  Hold'em Limit ($3/$6 USD) - 2017/01/27 3:17:54 ET
Table 'Marfik' 6-max Seat #4 is the button
Seat 4: LovaHurt ($74.51 in chips)
Seat 5: krytalex ($206.69 in chips)
LovaHurt: posts small blind $1
krytalex: posts big blind $3
*** HOLE CARDS ***
LovaHurt: folds
Uncalled bet ($2) returned to krytalex
krytalex collected $2 from pot
*** SUMMARY ***
Total pot $2 | Rake $0
Seat 4: LovaHurt (button) (small blind) folded before Flop
Seat 5: krytalex (big blind) collected ($2)


PokerStars Hand #165233322782:  Hold'em Limit ($3/$6 USD) - 2017/01/27 3:16:56 ET
Table 'Marfik' 6-max Seat #5 is the button
Seat 4: LovaHurt ($65.87 in chips)
Seat 5: krytalex ($215.69 in chips)
krytalex: posts small blind $1
LovaHurt: posts big blind $3
*** HOLE CARDS ***
krytalex: raises $3 to $6
LovaHurt: calls $3
*** FLOP *** [As 5s Td]
LovaHurt: checks
krytalex: bets $3
LovaHurt: calls $3
*** TURN *** [As 5s Td] [9h]
LovaHurt: checks
Petersnr joins the table at seat #6
AzureCaper joins the table at seat #1
krytalex: checks
*** RIVER *** [As 5s Td 9h] [7s]
LovaHurt: bets $6
krytalex: folds
Uncalled bet ($6) returned to LovaHurt
LovaHurt collected $17.64 from pot
LovaHurt: doesn't show hand
*** SUMMARY ***
Total pot $18 | Rake $0.36
Board [As 5s Td 9h 7s]
Seat 4: LovaHurt (big blind) collected ($17.64)
Seat 5: krytalex (button) (small blind) folded on the River


PokerStars Hand #165233623451:  Hold'em Limit ($3/$6 USD) - 2017/01/27 3:32:41 ET
Table 'Marfik' 6-max Seat #1 is the button
Seat 1: AzureCaper ($74.88 in chips)
Seat 3: canoestar26 ($112.23 in chips)
AzureCaper: posts small blind $1
canoestar26: posts big blind $3
*** HOLE CARDS ***
AzureCaper: folds
Uncalled bet ($2) returned to canoestar26
canoestar26 collected $2 from pot
canoestar26: doesn't show hand
*** SUMMARY ***
Total pot $2 | Rake $0
Seat 1: AzureCaper (button) (small blind) folded before Flop
Seat 3: canoestar26 (big blind) collected ($2)


PokerStars Hand #165233617613:  Hold'em Limit ($3/$6 USD) - 2017/01/27 3:32:23 ET
Table 'Marfik' 6-max Seat #3 is the button
Seat 1: AzureCaper ($72 in chips)
Seat 3: canoestar26 ($115.23 in chips)
canoestar26: posts small blind $1
krytalex: is sitting out
AzureCaper: posts big blind $3
*** HOLE CARDS ***
canoestar26: calls $2
AzureCaper: checks
*** FLOP *** [Kd 2h 6c]
AzureCaper: bets $3
canoestar26: folds
Uncalled bet ($3) returned to AzureCaper
AzureCaper collected $5.88 from pot
AzureCaper: doesn't show hand
*** SUMMARY ***
Total pot $6 | Rake $0.12
Board [Kd 2h 6c]
Seat 1: AzureCaper (big blind) collected ($5.88)
Seat 3: canoestar26 (button) (small blind) folded on the Flop


PokerStars Hand #165233636081:  Hold'em Limit ($3/$6 USD) - 2017/01/27 3:33:20 ET
Table 'Marfik' 6-max Seat #1 is the button
Seat 1: AzureCaper ($72 in chips)
Seat 3: canoestar26 ($130.73 in chips)
AzureCaper: posts small blind $1
canoestar26: posts big blind $3
*** HOLE CARDS ***
AzureCaper: raises $3 to $6
canoestar26: raises $3 to $9
AzureCaper: calls $3
*** FLOP *** [2h Js Jc]
canoestar26: bets $3
AzureCaper: calls $3
*** TURN *** [2h Js Jc] [Ac]
canoestar26: checks
AzureCaper: bets $6
canoestar26: calls $6
*** RIVER *** [2h Js Jc Ac] [6c]
canoestar26: checks
AzureCaper: checks
*** SHOW DOWN ***
canoestar26: shows [9s 9h] (two pair, Jacks and Nines)
AzureCaper: mucks hand
canoestar26 collected $35.50 from pot
*** SUMMARY ***
Total pot $36 | Rake $0.50
Board [2h Js Jc Ac 6c]
Seat 1: AzureCaper (button) (small blind) mucked
Seat 3: canoestar26 (big blind) showed [9s 9h] and won ($35.50) with two pair, Jacks and Nines


PokerStars Hand #165233625883:  Hold'em Limit ($3/$6 USD) - 2017/01/27 3:32:49 ET
Table 'Marfik' 6-max Seat #3 is the button
Seat 1: AzureCaper ($73.88 in chips)
Seat 3: canoestar26 ($113.23 in chips)
canoestar26: posts small blind $1
AzureCaper: posts big blind $3
*** HOLE CARDS ***
canoestar26: calls $2
AzureCaper: checks
*** FLOP *** [6d 8d 7h]
AzureCaper: bets $3
canoestar26: raises $3 to $6
AzureCaper: raises $3 to $9
canoestar26: calls $3
*** TURN *** [6d 8d 7h] [Ks]
AzureCaper: bets $6
canoestar26: calls $6
*** RIVER *** [6d 8d 7h Ks] [9s]
AzureCaper: checks
canoestar26: bets $6
AzureCaper: folds
Uncalled bet ($6) returned to canoestar26
canoestar26 collected $35.50 from pot
canoestar26: doesn't show hand
*** SUMMARY ***
Total pot $36 | Rake $0.50
Board [6d 8d 7h Ks 9s]
Seat 1: AzureCaper (big blind) folded on the River
Seat 3: canoestar26 (button) (small blind) collected ($35.50)


PokerStars Hand #165233643288:  Hold'em Limit ($3/$6 USD) - 2017/01/27 3:33:43 ET
Table 'Marfik' 6-max Seat #3 is the button
Seat 1: AzureCaper ($72 in chips)
Seat 3: canoestar26 ($148.23 in chips)
canoestar26: posts small blind $1
AzureCaper: posts big blind $3
*** HOLE CARDS ***
canoestar26: calls $2
AzureCaper: raises $3 to $6
canoestar26: calls $3
*** FLOP *** [Jd 9c Th]
AzureCaper: bets $3
canoestar26: raises $3 to $6
AzureCaper: calls $3
*** TURN *** [Jd 9c Th] [3h]
AzureCaper: checks
canoestar26: bets $6
AzureCaper: calls $6
*** RIVER *** [Jd 9c Th 3h] [Qh]
AzureCaper: bets $6
canoestar26: calls $6
*** SHOW DOWN ***
AzureCaper: shows [9s Ks] (a straight, Nine to King)
canoestar26: mucks hand
AzureCaper collected $47.50 from pot
*** SUMMARY ***
Total pot $48 | Rake $0.50
Board [Jd 9c Th 3h Qh]
Seat 1: AzureCaper (big blind) showed [9s Ks] and won ($47.50) with a straight, Nine to King
Seat 3: canoestar26 (button) (small blind) mucked


