PokerStars Hand #174813714152:  Hold'em Limit ($3/$6 USD) - 2017/08/26 9:13:50 ET
Table 'Marfik' 6-max Seat #1 is the button
Seat 1: gorcea_vs ($70 in chips)
Seat 4: VolkovDmitri ($120 in chips)
gorcea_vs: posts small blind $1
VolkovDmitri: posts big blind $3
*** HOLE CARDS ***
gorcea_vs: calls $2
VolkovDmitri: raises $3 to $6
gorcea_vs: calls $3
*** FLOP *** [7h Td 5d]
VolkovDmitri: bets $3
gorcea_vs: calls $3
*** TURN *** [7h Td 5d] [3h]
aremom4e joins the table at seat #3
Mareyev joins the table at seat #2
VolkovDmitri: checks
gorcea_vs: bets $6
VolkovDmitri: folds
Uncalled bet ($6) returned to gorcea_vs
gorcea_vs collected $17.64 from pot
gorcea_vs: doesn't show hand
*** SUMMARY ***
Total pot $18 | Rake $0.36
Board [7h Td 5d 3h]
Seat 1: gorcea_vs (button) (small blind) collected ($17.64)
Seat 4: VolkovDmitri (big blind) folded on the Turn


PokerStars Hand #174813747814:  Hold'em Limit ($3/$6 USD) - 2017/08/26 9:14:53 ET
Table 'Marfik' 6-max Seat #4 is the button
Seat 1: gorcea_vs ($78.64 in chips)
Seat 4: VolkovDmitri ($120 in chips)
VolkovDmitri: posts small blind $1
gorcea_vs: posts big blind $3
*** HOLE CARDS ***
VolkovDmitri: raises $3 to $6
gorcea_vs: calls $3
*** FLOP *** [Kd Th 8d]
gorcea_vs: checks
VolkovDmitri: bets $3
gorcea_vs: folds
Uncalled bet ($3) returned to VolkovDmitri
VolkovDmitri collected $11.76 from pot
VolkovDmitri: doesn't show hand
*** SUMMARY ***
Total pot $12 | Rake $0.24
Board [Kd Th 8d]
Seat 1: gorcea_vs (big blind) folded on the Flop
Seat 4: VolkovDmitri (button) (small blind) collected ($11.76)


PokerStars Hand #174814497718:  Hold'em Limit ($3/$6 USD) - 2017/08/26 9:37:51 ET
Table 'Marfik' 6-max Seat #5 is the button
Seat 2: Mareyev ($71.35 in chips)
Seat 5: SLK500 ($114.47 in chips)
SLK500: posts small blind $1
aleks_4ym: is sitting out
Mareyev: posts big blind $3
*** HOLE CARDS ***
whathappen1 joins the table at seat #3
SLK500: raises $3 to $6
Mareyev: calls $3
*** FLOP *** [Ac 5h Jc]
Mareyev: checks
SLK500: bets $3
Mareyev: calls $3
*** TURN *** [Ac 5h Jc] [2s]
Mareyev: checks
SLK500: checks
*** RIVER *** [Ac 5h Jc 2s] [3d]
Mareyev: bets $6
Psynto joins the table at seat #4
SLK500: folds
Uncalled bet ($6) returned to Mareyev
Mareyev collected $17.64 from pot
Mareyev: doesn't show hand
*** SUMMARY ***
Total pot $18 | Rake $0.36
Board [Ac 5h Jc 2s 3d]
Seat 2: Mareyev (big blind) collected ($17.64)
Seat 5: SLK500 (button) (small blind) folded on the River


PokerStars Hand #174827749596:  Hold'em Limit ($3/$6 USD) - 2017/08/26 15:32:20 ET
Table 'Marfik' 6-max Seat #1 is the button
Seat 1: vestimokrec ($175.93 in chips)
Seat 2: krytalex ($87.92 in chips)
vestimokrec: posts small blind $1
krytalex: posts big blind $3
*** HOLE CARDS ***
vestimokrec: raises $3 to $6
krytalex: folds
Uncalled bet ($3) returned to vestimokrec
vestimokrec collected $6 from pot
vestimokrec: doesn't show hand
*** SUMMARY ***
Total pot $6 | Rake $0
Seat 1: vestimokrec (button) (small blind) collected ($6)
Seat 2: krytalex (big blind) folded before Flop


PokerStars Hand #174827930651:  Hold'em Limit ($3/$6 USD) - 2017/08/26 15:36:06 ET
Table 'Marfik' 6-max Seat #2 is the button
Seat 1: igmade ($120 in chips)
Seat 2: krytalex ($84.92 in chips)
krytalex: posts small blind $1
igmade: posts big blind $3
*** HOLE CARDS ***
krytalex: raises $3 to $6
igmade: calls $3
*** FLOP *** [9c Jd Js]
igmade: checks
krytalex: bets $3
igmade: calls $3
*** TURN *** [9c Jd Js] [3s]
igmade: checks
krytalex: checks
*** RIVER *** [9c Jd Js 3s] [8s]
igmade: bets $6
krytalex: calls $6
*** SHOW DOWN ***
igmade: shows [As 6h] (a pair of Jacks)
krytalex: shows [7c 3c] (two pair, Jacks and Threes)
krytalex collected $29.50 from pot
*** SUMMARY ***
Total pot $30 | Rake $0.50
Board [9c Jd Js 3s 8s]
Seat 1: igmade (big blind) showed [As 6h] and lost with a pair of Jacks
Seat 2: krytalex (button) (small blind) showed [7c 3c] and won ($29.50) with two pair, Jacks and Threes


PokerStars Hand #174827986703:  Hold'em Limit ($3/$6 USD) - 2017/08/26 15:37:17 ET
Table 'Marfik' 6-max Seat #2 is the button
Seat 1: igmade ($93 in chips)
Seat 2: krytalex ($110.94 in chips)
krytalex: posts small blind $1
igmade: posts big blind $3
*** HOLE CARDS ***
krytalex: raises $3 to $6
igmade: raises $3 to $9
krytalex: calls $3
*** FLOP *** [Jc 9c 8h]
igmade: bets $3
krytalex: folds
Uncalled bet ($3) returned to igmade
igmade collected $17.64 from pot
igmade: doesn't show hand
*** SUMMARY ***
Total pot $18 | Rake $0.36
Board [Jc 9c 8h]
Seat 1: igmade (big blind) collected ($17.64)
Seat 2: krytalex (button) (small blind) folded on the Flop


PokerStars Hand #174827958830:  Hold'em Limit ($3/$6 USD) - 2017/08/26 15:36:42 ET
Table 'Marfik' 6-max Seat #1 is the button
Seat 1: igmade ($105 in chips)
Seat 2: krytalex ($99.42 in chips)
igmade: posts small blind $1
krytalex: posts big blind $3
*** HOLE CARDS ***
igmade: raises $3 to $6
krytalex: calls $3
*** FLOP *** [Ts 3c Qc]
krytalex: checks
igmade: bets $3
krytalex: raises $3 to $6
igmade: calls $3
*** TURN *** [Ts 3c Qc] [8h]
krytalex: bets $6
igmade: folds
Uncalled bet ($6) returned to krytalex
krytalex collected $23.52 from pot
*** SUMMARY ***
Total pot $24 | Rake $0.48
Board [Ts 3c Qc 8h]
Seat 1: igmade (button) (small blind) folded on the Turn
Seat 2: krytalex (big blind) collected ($23.52)


PokerStars Hand #174830251996:  Hold'em Limit ($3/$6 USD) - 2017/08/26 16:29:17 ET
Table 'Marfik' 6-max Seat #3 is the button
Seat 2: Cowgirlgea ($150.16 in chips)
Seat 3: igmade ($8.34 in chips)
igmade: posts small blind $1
Cowgirlgea: posts big blind $3
*** HOLE CARDS ***
igmade: raises $3 to $6
Cowgirlgea: calls $3
*** FLOP *** [4h 2s 8h]
Cowgirlgea: checks
igmade: bets $2.34 and is all-in
Cowgirlgea: calls $2.34
*** TURN *** [4h 2s 8h] [Ad]
*** RIVER *** [4h 2s 8h Ad] [Ks]
*** SHOW DOWN ***
Cowgirlgea: shows [3d Ac] (a pair of Aces)
igmade: shows [As Kh] (two pair, Aces and Kings)
igmade collected $16.35 from pot
*** SUMMARY ***
Total pot $16.68 | Rake $0.33
Board [4h 2s 8h Ad Ks]
Seat 2: Cowgirlgea (big blind) showed [3d Ac] and lost with a pair of Aces
Seat 3: igmade (button) (small blind) showed [As Kh] and won ($16.35) with two pair, Aces and Kings


PokerStars Hand #174830248589:  Hold'em Limit ($3/$6 USD) - 2017/08/26 16:29:12 ET
Table 'Marfik' 6-max Seat #2 is the button
Seat 2: Cowgirlgea ($151.16 in chips)
Seat 3: igmade ($7.34 in chips)
Cowgirlgea: posts small blind $1
igmade: posts big blind $3
*** HOLE CARDS ***
Cowgirlgea: folds
Uncalled bet ($2) returned to igmade
igmade collected $2 from pot
igmade: doesn't show hand
*** SUMMARY ***
Total pot $2 | Rake $0
Seat 2: Cowgirlgea (button) (small blind) folded before Flop
Seat 3: igmade (big blind) collected ($2)


PokerStars Hand #174830262182:  Hold'em Limit ($3/$6 USD) - 2017/08/26 16:29:31 ET
Table 'Marfik' 6-max Seat #2 is the button
Seat 2: Cowgirlgea ($141.82 in chips)
Seat 3: igmade ($16.35 in chips)
Cowgirlgea: posts small blind $1
igmade: posts big blind $3
*** HOLE CARDS ***
Cowgirlgea: raises $3 to $6
igmade: raises $3 to $9
Cowgirlgea: calls $3
*** FLOP *** [3d 8d 5d]
igmade: bets $3
Cowgirlgea: raises $3 to $6
igmade: raises $1.35 to $7.35 and is all-in
Cowgirlgea: calls $1.35
*** TURN *** [3d 8d 5d] [4c]
*** RIVER *** [3d 8d 5d 4c] [7h]
*** SHOW DOWN ***
igmade: shows [As Th] (high card Ace)
Cowgirlgea: shows [Ah 3h] (a pair of Threes)
Cowgirlgea collected $32.20 from pot
*** SUMMARY ***
Total pot $32.70 | Rake $0.50
Board [3d 8d 5d 4c 7h]
Seat 2: Cowgirlgea (button) (small blind) showed [Ah 3h] and won ($32.20) with a pair of Threes
Seat 3: igmade (big blind) showed [As Th] and lost with high card Ace


PokerStars Hand #174830238066:  Hold'em Limit ($3/$6 USD) - 2017/08/26 16:28:57 ET
Table 'Marfik' 6-max Seat #3 is the button
Seat 2: Cowgirlgea ($136.66 in chips)
Seat 3: igmade ($22.34 in chips)
igmade: posts small blind $1
Cowgirlgea: posts big blind $3
*** HOLE CARDS ***
igmade: raises $3 to $6
Cowgirlgea: calls $3
*** FLOP *** [4c Kd Th]
Cowgirlgea: checks
igmade: bets $3
Cowgirlgea: calls $3
*** TURN *** [4c Kd Th] [As]
Cowgirlgea: checks
igmade: bets $6
Cowgirlgea: calls $6
*** RIVER *** [4c Kd Th As] [Ad]
Cowgirlgea: checks
igmade: checks
*** SHOW DOWN ***
Cowgirlgea: shows [3d 3s] (two pair, Aces and Threes)
igmade: mucks hand
Cowgirlgea collected $29.50 from pot
*** SUMMARY ***
Total pot $30 | Rake $0.50
Board [4c Kd Th As Ad]
Seat 2: Cowgirlgea (big blind) showed [3d 3s] and won ($29.50) with two pair, Aces and Threes
Seat 3: igmade (button) (small blind) mucked


PokerStars Hand #174830638827:  Hold'em Limit ($3/$6 USD) - 2017/08/26 16:38:11 ET
Table 'Marfik' 6-max Seat #2 is the button
Seat 2: Cowgirlgea ($158.67 in chips)
Seat 4: Winnipeg87 ($58 in chips)
Cowgirlgea: posts small blind $1
Winnipeg87: posts big blind $3
*** HOLE CARDS ***
Cowgirlgea: raises $3 to $6
Winnipeg87: raises $3 to $9
Cowgirlgea: calls $3
*** FLOP *** [9h Ac Kd]
Winnipeg87: bets $3
Cowgirlgea: folds
Uncalled bet ($3) returned to Winnipeg87
Winnipeg87 collected $17.64 from pot
Winnipeg87: doesn't show hand
*** SUMMARY ***
Total pot $18 | Rake $0.36
Board [9h Ac Kd]
Seat 2: Cowgirlgea (button) (small blind) folded on the Flop
Seat 4: Winnipeg87 (big blind) collected ($17.64)


PokerStars Hand #174830635537:  Hold'em Limit ($3/$6 USD) - 2017/08/26 16:38:06 ET
Table 'Marfik' 6-max Seat #4 is the button
Seat 2: Cowgirlgea ($157.67 in chips)
Seat 4: Winnipeg87 ($59 in chips)
Winnipeg87: posts small blind $1
Cowgirlgea: posts big blind $3
*** HOLE CARDS ***
Winnipeg87: folds
Uncalled bet ($2) returned to Cowgirlgea
Cowgirlgea collected $2 from pot
Cowgirlgea: doesn't show hand
*** SUMMARY ***
Total pot $2 | Rake $0
Seat 2: Cowgirlgea (big blind) collected ($2)
Seat 4: Winnipeg87 (button) (small blind) folded before Flop


PokerStars Hand #174830651321:  Hold'em Limit ($3/$6 USD) - 2017/08/26 16:38:28 ET
Table 'Marfik' 6-max Seat #4 is the button
Seat 2: Cowgirlgea ($149.67 in chips)
Seat 4: Winnipeg87 ($66.64 in chips)
Winnipeg87: posts small blind $1
Cowgirlgea: posts big blind $3
*** HOLE CARDS ***
Winnipeg87: raises $3 to $6
Cowgirlgea: calls $3
*** FLOP *** [Ts 5s Kc]
Cowgirlgea: checks
Winnipeg87: bets $3
Cowgirlgea: calls $3
*** TURN *** [Ts 5s Kc] [9d]
Cowgirlgea: checks
Winnipeg87: bets $6
Cowgirlgea: calls $6
*** RIVER *** [Ts 5s Kc 9d] [Ah]
Cowgirlgea: checks
Winnipeg87: bets $6
Cowgirlgea: calls $6
*** SHOW DOWN ***
Winnipeg87: shows [As 9s] (two pair, Aces and Nines)
Cowgirlgea: mucks hand
Winnipeg87 collected $41.50 from pot
*** SUMMARY ***
Total pot $42 | Rake $0.50
Board [Ts 5s Kc 9d Ah]
Seat 2: Cowgirlgea (big blind) mucked
Seat 4: Winnipeg87 (button) (small blind) showed [As 9s] and won ($41.50) with two pair, Aces and Nines


PokerStars Hand #174830684202:  Hold'em Limit ($3/$6 USD) - 2017/08/26 16:39:15 ET
Table 'Marfik' 6-max Seat #4 is the button
Seat 2: Cowgirlgea ($112.67 in chips)
Seat 4: Winnipeg87 ($102.54 in chips)
Winnipeg87: posts small blind $1
Cowgirlgea: posts big blind $3
*** HOLE CARDS ***
Winnipeg87: raises $3 to $6
Cowgirlgea: folds
Uncalled bet ($3) returned to Winnipeg87
Winnipeg87 collected $6 from pot
Winnipeg87: doesn't show hand
*** SUMMARY ***
Total pot $6 | Rake $0
Seat 2: Cowgirlgea (big blind) folded before Flop
Seat 4: Winnipeg87 (button) (small blind) collected ($6)


PokerStars Hand #174830693750:  Hold'em Limit ($3/$6 USD) - 2017/08/26 16:39:28 ET
Table 'Marfik' 6-max Seat #4 is the button
Seat 2: Cowgirlgea ($108.67 in chips)
Seat 4: Winnipeg87 ($106.54 in chips)
Winnipeg87: posts small blind $1
Cowgirlgea: posts big blind $3
*** HOLE CARDS ***
Winnipeg87: folds
Uncalled bet ($2) returned to Cowgirlgea
Cowgirlgea collected $2 from pot
Cowgirlgea: doesn't show hand
*** SUMMARY ***
Total pot $2 | Rake $0
Seat 2: Cowgirlgea (big blind) collected ($2)
Seat 4: Winnipeg87 (button) (small blind) folded before Flop


PokerStars Hand #174830688286:  Hold'em Limit ($3/$6 USD) - 2017/08/26 16:39:21 ET
Table 'Marfik' 6-max Seat #2 is the button
Seat 2: Cowgirlgea ($109.67 in chips)
Seat 4: Winnipeg87 ($105.54 in chips)
Cowgirlgea: posts small blind $1
Winnipeg87: posts big blind $3
*** HOLE CARDS ***
Cowgirlgea: folds
Uncalled bet ($2) returned to Winnipeg87
Winnipeg87 collected $2 from pot
Winnipeg87: doesn't show hand
*** SUMMARY ***
Total pot $2 | Rake $0
Seat 2: Cowgirlgea (button) (small blind) folded before Flop
Seat 4: Winnipeg87 (big blind) collected ($2)


PokerStars Hand #174830665066:  Hold'em Limit ($3/$6 USD) - 2017/08/26 16:38:48 ET
Table 'Marfik' 6-max Seat #2 is the button
Seat 2: Cowgirlgea ($128.67 in chips)
Seat 4: Winnipeg87 ($87.14 in chips)
Cowgirlgea: posts small blind $1
Winnipeg87: posts big blind $3
*** HOLE CARDS ***
Cowgirlgea: raises $3 to $6
Winnipeg87: raises $3 to $9
Cowgirlgea: calls $3
*** FLOP *** [2c Kh 9s]
Winnipeg87: bets $3
Cowgirlgea: folds
Uncalled bet ($3) returned to Winnipeg87
Winnipeg87 collected $17.64 from pot
Winnipeg87: doesn't show hand
*** SUMMARY ***
Total pot $18 | Rake $0.36
Board [2c Kh 9s]
Seat 2: Cowgirlgea (button) (small blind) folded on the Flop
Seat 4: Winnipeg87 (big blind) collected ($17.64)


PokerStars Hand #174830708566:  Hold'em Limit ($3/$6 USD) - 2017/08/26 16:39:49 ET
Table 'Marfik' 6-max Seat #4 is the button
Seat 2: Cowgirlgea ($88.67 in chips)
Seat 4: Winnipeg87 ($126.04 in chips)
Winnipeg87: posts small blind $1
Cowgirlgea: posts big blind $3
*** HOLE CARDS ***
Winnipeg87: folds
Uncalled bet ($2) returned to Cowgirlgea
Cowgirlgea collected $2 from pot
Cowgirlgea: doesn't show hand
*** SUMMARY ***
Total pot $2 | Rake $0
Seat 2: Cowgirlgea (big blind) collected ($2)
Seat 4: Winnipeg87 (button) (small blind) folded before Flop


PokerStars Hand #174830697065:  Hold'em Limit ($3/$6 USD) - 2017/08/26 16:39:33 ET
Table 'Marfik' 6-max Seat #2 is the button
Seat 2: Cowgirlgea ($109.67 in chips)
Seat 4: Winnipeg87 ($105.54 in chips)
Cowgirlgea: posts small blind $1
Winnipeg87: posts big blind $3
*** HOLE CARDS ***
Cowgirlgea: raises $3 to $6
Winnipeg87: calls $3
*** FLOP *** [Js Jc 7h]
Winnipeg87: checks
Cowgirlgea: bets $3
Winnipeg87: calls $3
*** TURN *** [Js Jc 7h] [9h]
Winnipeg87: checks
Cowgirlgea: bets $6
Winnipeg87: calls $6
*** RIVER *** [Js Jc 7h 9h] [Ad]
Winnipeg87: checks
Cowgirlgea: bets $6
Winnipeg87: calls $6
*** SHOW DOWN ***
Cowgirlgea: shows [Qc Td] (a pair of Jacks)
Winnipeg87: shows [Ts Kc] (a pair of Jacks - Ace+King kicker)
Winnipeg87 collected $41.50 from pot
*** SUMMARY ***
Total pot $42 | Rake $0.50
Board [Js Jc 7h 9h Ad]
Seat 2: Cowgirlgea (button) (small blind) showed [Qc Td] and lost with a pair of Jacks
Seat 4: Winnipeg87 (big blind) showed [Ts Kc] and won ($41.50) with a pair of Jacks


PokerStars Hand #174830679327:  Hold'em Limit ($3/$6 USD) - 2017/08/26 16:39:08 ET
Table 'Marfik' 6-max Seat #2 is the button
Seat 2: Cowgirlgea ($113.67 in chips)
Seat 4: Winnipeg87 ($101.54 in chips)
Cowgirlgea: posts small blind $1
Winnipeg87: posts big blind $3
*** HOLE CARDS ***
Cowgirlgea: folds
Uncalled bet ($2) returned to Winnipeg87
Winnipeg87 collected $2 from pot
Winnipeg87: doesn't show hand
*** SUMMARY ***
Total pot $2 | Rake $0
Seat 2: Cowgirlgea (button) (small blind) folded before Flop
Seat 4: Winnipeg87 (big blind) collected ($2)


PokerStars Hand #174830672570:  Hold'em Limit ($3/$6 USD) - 2017/08/26 16:38:59 ET
Table 'Marfik' 6-max Seat #4 is the button
Seat 2: Cowgirlgea ($119.67 in chips)
Seat 4: Winnipeg87 ($95.78 in chips)
Winnipeg87: posts small blind $1
Cowgirlgea: posts big blind $3
*** HOLE CARDS ***
Winnipeg87: raises $3 to $6
Cowgirlgea: calls $3
*** FLOP *** [9s 4h 2c]
Cowgirlgea: checks
Winnipeg87: bets $3
Cowgirlgea: folds
Uncalled bet ($3) returned to Winnipeg87
Winnipeg87 collected $11.76 from pot
Winnipeg87: doesn't show hand
*** SUMMARY ***
Total pot $12 | Rake $0.24
Board [9s 4h 2c]
Seat 2: Cowgirlgea (big blind) folded on the Flop
Seat 4: Winnipeg87 (button) (small blind) collected ($11.76)


PokerStars Hand #174830732981:  Hold'em Limit ($3/$6 USD) - 2017/08/26 16:40:24 ET
Table 'Marfik' 6-max Seat #4 is the button
Seat 2: Cowgirlgea ($94.31 in chips)
Seat 4: Winnipeg87 ($120.04 in chips)
Winnipeg87: posts small blind $1
Cowgirlgea: posts big blind $3
*** HOLE CARDS ***
Winnipeg87: folds
Uncalled bet ($2) returned to Cowgirlgea
Cowgirlgea collected $2 from pot
Cowgirlgea: doesn't show hand
*** SUMMARY ***
Total pot $2 | Rake $0
Seat 2: Cowgirlgea (big blind) collected ($2)
Seat 4: Winnipeg87 (button) (small blind) folded before Flop


PokerStars Hand #174830719937:  Hold'em Limit ($3/$6 USD) - 2017/08/26 16:40:06 ET
Table 'Marfik' 6-max Seat #2 is the button
Seat 2: Cowgirlgea ($85.67 in chips)
Seat 4: Winnipeg87 ($129.04 in chips)
Cowgirlgea: posts small blind $1
Winnipeg87: posts big blind $3
*** HOLE CARDS ***
Cowgirlgea: raises $3 to $6
Winnipeg87: calls $3
*** FLOP *** [3c 9c 7d]
Winnipeg87: checks
Cowgirlgea: bets $3
Winnipeg87: calls $3
*** TURN *** [3c 9c 7d] [8c]
Winnipeg87: checks
Cowgirlgea: bets $6
Winnipeg87: folds
Uncalled bet ($6) returned to Cowgirlgea
Cowgirlgea collected $17.64 from pot
Cowgirlgea: doesn't show hand
*** SUMMARY ***
Total pot $18 | Rake $0.36
Board [3c 9c 7d 8c]
Seat 2: Cowgirlgea (button) (small blind) collected ($17.64)
Seat 4: Winnipeg87 (big blind) folded on the Turn


PokerStars Hand #174830715941:  Hold'em Limit ($3/$6 USD) - 2017/08/26 16:40:00 ET
Table 'Marfik' 6-max Seat #4 is the button
Seat 2: Cowgirlgea ($88.67 in chips)
Seat 4: Winnipeg87 ($126.04 in chips)
Winnipeg87: posts small blind $1
Cowgirlgea: posts big blind $3
*** HOLE CARDS ***
Winnipeg87: raises $3 to $6
Cowgirlgea: folds
Uncalled bet ($3) returned to Winnipeg87
Winnipeg87 collected $6 from pot
Winnipeg87: doesn't show hand
*** SUMMARY ***
Total pot $6 | Rake $0
Seat 2: Cowgirlgea (big blind) folded before Flop
Seat 4: Winnipeg87 (button) (small blind) collected ($6)


PokerStars Hand #174830712345:  Hold'em Limit ($3/$6 USD) - 2017/08/26 16:39:55 ET
Table 'Marfik' 6-max Seat #2 is the button
Seat 2: Cowgirlgea ($89.67 in chips)
Seat 4: Winnipeg87 ($125.04 in chips)
Cowgirlgea: posts small blind $1
Winnipeg87: posts big blind $3
*** HOLE CARDS ***
Cowgirlgea: folds
Uncalled bet ($2) returned to Winnipeg87
Winnipeg87 collected $2 from pot
Winnipeg87: doesn't show hand
*** SUMMARY ***
Total pot $2 | Rake $0
Seat 2: Cowgirlgea (button) (small blind) folded before Flop
Seat 4: Winnipeg87 (big blind) collected ($2)


