PokerStars Hand #167234844087:  Hold'em Limit ($3/$6 USD) - 2017/03/07 3:35:24 ET
Table 'Margarita' 6-max Seat #1 is the button
Seat 1: megabaitt ($120 in chips)
Seat 4: MTails ($120 in chips)
megabaitt: posts small blind $1
MTails: posts big blind $3
*** HOLE CARDS ***
megabaitt: folds
Uncalled bet ($2) returned to MTails
MTails collected $2 from pot
*** SUMMARY ***
Total pot $2 | Rake $0
Seat 1: megabaitt (button) (small blind) folded before Flop
Seat 4: MTails (big blind) collected ($2)


PokerStars Hand #167234846153:  Hold'em Limit ($3/$6 USD) - 2017/03/07 3:35:31 ET
Table 'Margarita' 6-max Seat #4 is the button
Seat 1: megabaitt ($119 in chips)
Seat 4: MTails ($121 in chips)
MTails: posts small blind $1
megabaitt: posts big blind $3
*** HOLE CARDS ***
MTails: raises $3 to $6
megabaitt: calls $3
*** FLOP *** [Tc 8d 9s]
megabaitt: checks
MTails: bets $3
megabaitt: calls $3
*** TURN *** [Tc 8d 9s] [6s]
megabaitt: bets $6
MTails: calls $6
*** RIVER *** [Tc 8d 9s 6s] [6h]
megabaitt: checks
MTails: bets $6
megabaitt: folds
Uncalled bet ($6) returned to MTails
MTails collected $29.50 from pot
MTails: doesn't show hand
*** SUMMARY ***
Total pot $30 | Rake $0.50
Board [Tc 8d 9s 6s 6h]
Seat 1: megabaitt (big blind) folded on the River
Seat 4: MTails (button) (small blind) collected ($29.50)


PokerStars Hand #167234861936:  Hold'em Limit ($3/$6 USD) - 2017/03/07 3:36:21 ET
Table 'Margarita' 6-max Seat #4 is the button
Seat 1: megabaitt ($118.50 in chips)
Seat 4: MTails ($120.50 in chips)
MTails: posts small blind $1
megabaitt: posts big blind $3
*** HOLE CARDS ***
MTails: raises $3 to $6
megabaitt: calls $3
*** FLOP *** [Jh 5c Tc]
megabaitt: checks
MTails: bets $3
megabaitt: folds
Uncalled bet ($3) returned to MTails
MTails collected $11.76 from pot
*** SUMMARY ***
Total pot $12 | Rake $0.24
Board [Jh 5c Tc]
Seat 1: megabaitt (big blind) folded on the Flop
Seat 4: MTails (button) (small blind) collected ($11.76)


PokerStars Hand #167234866134:  Hold'em Limit ($3/$6 USD) - 2017/03/07 3:36:35 ET
Table 'Margarita' 6-max Seat #1 is the button
Seat 1: megabaitt ($112.50 in chips)
Seat 4: MTails ($126.26 in chips)
megabaitt: posts small blind $1
MTails: posts big blind $3
*** HOLE CARDS ***
megabaitt: folds
Uncalled bet ($2) returned to MTails
MTails collected $2 from pot
*** SUMMARY ***
Total pot $2 | Rake $0
Seat 1: megabaitt (button) (small blind) folded before Flop
Seat 4: MTails (big blind) collected ($2)


PokerStars Hand #167234867825:  Hold'em Limit ($3/$6 USD) - 2017/03/07 3:36:41 ET
Table 'Margarita' 6-max Seat #4 is the button
Seat 1: megabaitt ($111.50 in chips)
Seat 4: MTails ($127.26 in chips)
MTails: posts small blind $1
megabaitt: posts big blind $3
*** HOLE CARDS ***
MTails: raises $3 to $6
megabaitt: calls $3
*** FLOP *** [Kd Qs 6s]
megabaitt: checks
MTails: bets $3
megabaitt: calls $3
*** TURN *** [Kd Qs 6s] [5c]
megabaitt: checks
MTails: checks
*** RIVER *** [Kd Qs 6s 5c] [4d]
megabaitt: bets $6
MTails: calls $6
*** SHOW DOWN ***
megabaitt: shows [4s Kc] (two pair, Kings and Fours)
MTails: mucks hand
megabaitt collected $29.50 from pot
*** SUMMARY ***
Total pot $30 | Rake $0.50
Board [Kd Qs 6s 5c 4d]
Seat 1: megabaitt (big blind) showed [4s Kc] and won ($29.50) with two pair, Kings and Fours
Seat 4: MTails (button) (small blind) mucked


PokerStars Hand #167234855225:  Hold'em Limit ($3/$6 USD) - 2017/03/07 3:36:00 ET
Table 'Margarita' 6-max Seat #1 is the button
Seat 1: megabaitt ($104 in chips)
Seat 4: MTails ($135.50 in chips)
megabaitt: posts small blind $1
MTails: posts big blind $3
*** HOLE CARDS ***
megabaitt: raises $3 to $6
MTails: calls $3
*** FLOP *** [5d Qd 7s]
MTails: checks
megabaitt: bets $3
MTails: calls $3
*** TURN *** [5d Qd 7s] [7h]
MTails: checks
megabaitt: bets $6
MTails: calls $6
*** RIVER *** [5d Qd 7s 7h] [Ac]
MTails: checks
megabaitt: checks
*** SHOW DOWN ***
MTails: shows [4s Kh] (a pair of Sevens)
megabaitt: shows [9d Qh] (two pair, Queens and Sevens)
megabaitt collected $29.50 from pot
*** SUMMARY ***
Total pot $30 | Rake $0.50
Board [5d Qd 7s 7h Ac]
Seat 1: megabaitt (button) (small blind) showed [9d Qh] and won ($29.50) with two pair, Queens and Sevens
Seat 4: MTails (big blind) showed [4s Kh] and lost with a pair of Sevens


PokerStars Hand #167234884182:  Hold'em Limit ($3/$6 USD) - 2017/03/07 3:37:33 ET
Table 'Margarita' 6-max Seat #1 is the button
Seat 1: megabaitt ($110 in chips)
Seat 4: MTails ($127.76 in chips)
megabaitt: posts small blind $1
MTails: posts big blind $3
*** HOLE CARDS ***
megabaitt: raises $3 to $6
MTails: calls $3
*** FLOP *** [Jc Ts 7d]
MTails: checks
megabaitt: bets $3
MTails: calls $3
*** TURN *** [Jc Ts 7d] [Qs]
MTails: checks
megabaitt: bets $6
MTails: calls $6
*** RIVER *** [Jc Ts 7d Qs] [6d]
MTails: checks
megabaitt: bets $6
MTails: folds
Uncalled bet ($6) returned to megabaitt
megabaitt collected $29.50 from pot
megabaitt: doesn't show hand
*** SUMMARY ***
Total pot $30 | Rake $0.50
Board [Jc Ts 7d Qs 6d]
Seat 1: megabaitt (button) (small blind) collected ($29.50)
Seat 4: MTails (big blind) folded on the River


PokerStars Hand #167234876694:  Hold'em Limit ($3/$6 USD) - 2017/03/07 3:37:09 ET
Table 'Margarita' 6-max Seat #4 is the button
Seat 1: megabaitt ($125 in chips)
Seat 4: MTails ($113.26 in chips)
MTails: posts small blind $1
megabaitt: posts big blind $3
*** HOLE CARDS ***
MTails: raises $3 to $6
megabaitt: calls $3
*** FLOP *** [8h 4d Jh]
megabaitt: checks
MTails: bets $3
megabaitt: calls $3
*** TURN *** [8h 4d Jh] [Qd]
megabaitt: checks
MTails: checks
*** RIVER *** [8h 4d Jh Qd] [4s]
megabaitt: bets $6
MTails: calls $6
*** SHOW DOWN ***
megabaitt: shows [5c 7h] (a pair of Fours)
MTails: shows [8s 3s] (two pair, Eights and Fours)
MTails collected $29.50 from pot
*** SUMMARY ***
Total pot $30 | Rake $0.50
Board [8h 4d Jh Qd 4s]
Seat 1: megabaitt (big blind) showed [5c 7h] and lost with a pair of Fours
Seat 4: MTails (button) (small blind) showed [8s 3s] and won ($29.50) with two pair, Eights and Fours


PokerStars Hand #167234874997:  Hold'em Limit ($3/$6 USD) - 2017/03/07 3:37:04 ET
Table 'Margarita' 6-max Seat #1 is the button
Seat 1: megabaitt ($126 in chips)
Seat 4: MTails ($112.26 in chips)
megabaitt: posts small blind $1
MTails: posts big blind $3
*** HOLE CARDS ***
megabaitt: folds
Uncalled bet ($2) returned to MTails
MTails collected $2 from pot
MTails: doesn't show hand
*** SUMMARY ***
Total pot $2 | Rake $0
Seat 1: megabaitt (button) (small blind) folded before Flop
Seat 4: MTails (big blind) collected ($2)


PokerStars Hand #167234899862:  Hold'em Limit ($3/$6 USD) - 2017/03/07 3:38:24 ET
Table 'Margarita' 6-max Seat #4 is the button
Seat 1: megabaitt ($114.50 in chips)
Seat 4: MTails ($122.40 in chips)
MTails: posts small blind $1
megabaitt: posts big blind $3
*** HOLE CARDS ***
MTails: raises $3 to $6
megabaitt: calls $3
*** FLOP *** [4h 7d Th]
megabaitt: checks
MTails: bets $3
megabaitt: calls $3
*** TURN *** [4h 7d Th] [8h]
megabaitt: checks
MTails: bets $6
megabaitt: calls $6
*** RIVER *** [4h 7d Th 8h] [7s]
megabaitt: checks
MTails: bets $6
megabaitt: calls $6
*** SHOW DOWN ***
MTails: shows [8c Kd] (two pair, Eights and Sevens)
megabaitt: mucks hand
MTails collected $41.50 from pot
*** SUMMARY ***
Total pot $42 | Rake $0.50
Board [4h 7d Th 8h 7s]
Seat 1: megabaitt (big blind) mucked
Seat 4: MTails (button) (small blind) showed [8c Kd] and won ($41.50) with two pair, Eights and Sevens


PokerStars Hand #167234898262:  Hold'em Limit ($3/$6 USD) - 2017/03/07 3:38:18 ET
Table 'Margarita' 6-max Seat #1 is the button
Seat 1: megabaitt ($115.50 in chips)
Seat 4: MTails ($121.40 in chips)
megabaitt: posts small blind $1
MTails: posts big blind $3
*** HOLE CARDS ***
megabaitt: folds
Uncalled bet ($2) returned to MTails
MTails collected $2 from pot
*** SUMMARY ***
Total pot $2 | Rake $0
Seat 1: megabaitt (button) (small blind) folded before Flop
Seat 4: MTails (big blind) collected ($2)


PokerStars Hand #167234891551:  Hold'em Limit ($3/$6 USD) - 2017/03/07 3:37:57 ET
Table 'Margarita' 6-max Seat #4 is the button
Seat 1: megabaitt ($124.50 in chips)
Seat 4: MTails ($112.76 in chips)
MTails: posts small blind $1
megabaitt: posts big blind $3
*** HOLE CARDS ***
MTails: raises $3 to $6
megabaitt: calls $3
*** FLOP *** [Kh 5c 4h]
megabaitt: checks
MTails: bets $3
megabaitt: calls $3
*** TURN *** [Kh 5c 4h] [9d]
megabaitt: checks
MTails: bets $6
megabaitt: folds
Uncalled bet ($6) returned to MTails
MTails collected $17.64 from pot
*** SUMMARY ***
Total pot $18 | Rake $0.36
Board [Kh 5c 4h 9d]
Seat 1: megabaitt (big blind) folded on the Turn
Seat 4: MTails (button) (small blind) collected ($17.64)


PokerStars Hand #167234910932:  Hold'em Limit ($3/$6 USD) - 2017/03/07 3:38:59 ET
Table 'Margarita' 6-max Seat #4 is the button
Seat 1: megabaitt ($92.50 in chips)
Seat 4: MTails ($143.90 in chips)
MTails: posts small blind $1
megabaitt: posts big blind $3
*** HOLE CARDS ***
MTails: raises $3 to $6
megabaitt: folds
Uncalled bet ($3) returned to MTails
MTails collected $6 from pot
*** SUMMARY ***
Total pot $6 | Rake $0
Seat 1: megabaitt (big blind) folded before Flop
Seat 4: MTails (button) (small blind) collected ($6)


PokerStars Hand #167234909304:  Hold'em Limit ($3/$6 USD) - 2017/03/07 3:38:54 ET
Table 'Margarita' 6-max Seat #1 is the button
Seat 1: megabaitt ($93.50 in chips)
Seat 4: MTails ($142.90 in chips)
megabaitt: posts small blind $1
MTails: posts big blind $3
*** HOLE CARDS ***
megabaitt: folds
Uncalled bet ($2) returned to MTails
MTails collected $2 from pot
*** SUMMARY ***
Total pot $2 | Rake $0
Seat 1: megabaitt (button) (small blind) folded before Flop
Seat 4: MTails (big blind) collected ($2)


PokerStars Hand #167234914749:  Hold'em Limit ($3/$6 USD) - 2017/03/07 3:39:11 ET
Table 'Margarita' 6-max Seat #4 is the button
Seat 1: megabaitt ($88.50 in chips)
Seat 4: MTails ($147.90 in chips)
MTails: posts small blind $1
megabaitt: posts big blind $3
*** HOLE CARDS ***
MTails: raises $3 to $6
megabaitt: calls $3
*** FLOP *** [8c Ts 9c]
megabaitt: checks
MTails: checks
*** TURN *** [8c Ts 9c] [5d]
megabaitt: bets $6
MTails: calls $6
*** RIVER *** [8c Ts 9c 5d] [9s]
megabaitt: bets $6
MTails: calls $6
*** SHOW DOWN ***
megabaitt: shows [9d Qh] (three of a kind, Nines)
MTails: mucks hand
megabaitt collected $35.50 from pot
*** SUMMARY ***
Total pot $36 | Rake $0.50
Board [8c Ts 9c 5d 9s]
Seat 1: megabaitt (big blind) showed [9d Qh] and won ($35.50) with three of a kind, Nines
Seat 4: MTails (button) (small blind) mucked


PokerStars Hand #167234913138:  Hold'em Limit ($3/$6 USD) - 2017/03/07 3:39:06 ET
Table 'Margarita' 6-max Seat #1 is the button
Seat 1: megabaitt ($89.50 in chips)
Seat 4: MTails ($146.90 in chips)
megabaitt: posts small blind $1
MTails: posts big blind $3
*** HOLE CARDS ***
megabaitt: folds
Uncalled bet ($2) returned to MTails
MTails collected $2 from pot
*** SUMMARY ***
Total pot $2 | Rake $0
Seat 1: megabaitt (button) (small blind) folded before Flop
Seat 4: MTails (big blind) collected ($2)


PokerStars Hand #167234922356:  Hold'em Limit ($3/$6 USD) - 2017/03/07 3:39:36 ET
Table 'Margarita' 6-max Seat #1 is the button
Seat 1: megabaitt ($106 in chips)
Seat 4: MTails ($129.90 in chips)
megabaitt: posts small blind $1
MTails: posts big blind $3
*** HOLE CARDS ***
megabaitt: folds
Uncalled bet ($2) returned to MTails
MTails collected $2 from pot
MTails: doesn't show hand
*** SUMMARY ***
Total pot $2 | Rake $0
Seat 1: megabaitt (button) (small blind) folded before Flop
Seat 4: MTails (big blind) collected ($2)


PokerStars Hand #167234934598:  Hold'em Limit ($3/$6 USD) - 2017/03/07 3:40:15 ET
Table 'Margarita' 6-max Seat #4 is the button
Seat 1: megabaitt ($118.50 in chips)
Seat 4: MTails ($116.90 in chips)
MTails: posts small blind $1
megabaitt: posts big blind $3
*** HOLE CARDS ***
MTails: raises $3 to $6
megabaitt: calls $3
*** FLOP *** [Ts Tc 3c]
megabaitt: checks
MTails: bets $3
megabaitt: folds
Uncalled bet ($3) returned to MTails
MTails collected $11.76 from pot
*** SUMMARY ***
Total pot $12 | Rake $0.24
Board [Ts Tc 3c]
Seat 1: megabaitt (big blind) folded on the Flop
Seat 4: MTails (button) (small blind) collected ($11.76)


PokerStars Hand #167234938566:  Hold'em Limit ($3/$6 USD) - 2017/03/07 3:40:28 ET
Table 'Margarita' 6-max Seat #1 is the button
Seat 1: megabaitt ($112.50 in chips)
Seat 4: MTails ($122.66 in chips)
megabaitt: posts small blind $1
MTails: posts big blind $3
*** HOLE CARDS ***
megabaitt: raises $3 to $6
MTails: calls $3
*** FLOP *** [Qc 8s 8c]
MTails: checks
megabaitt: bets $3
MTails: calls $3
*** TURN *** [Qc 8s 8c] [9c]
MTails: checks
megabaitt: bets $6
MTails: calls $6
*** RIVER *** [Qc 8s 8c 9c] [9d]
MTails: checks
megabaitt: bets $6
MTails: folds
Uncalled bet ($6) returned to megabaitt
megabaitt collected $29.50 from pot
megabaitt: doesn't show hand
*** SUMMARY ***
Total pot $30 | Rake $0.50
Board [Qc 8s 8c 9c 9d]
Seat 1: megabaitt (button) (small blind) collected ($29.50)
Seat 4: MTails (big blind) folded on the River


PokerStars Hand #167234932740:  Hold'em Limit ($3/$6 USD) - 2017/03/07 3:40:09 ET
Table 'Margarita' 6-max Seat #1 is the button
Seat 1: megabaitt ($119.50 in chips)
Seat 4: MTails ($115.90 in chips)
megabaitt: posts small blind $1
MTails: posts big blind $3
*** HOLE CARDS ***
megabaitt: folds
Uncalled bet ($2) returned to MTails
MTails collected $2 from pot
*** SUMMARY ***
Total pot $2 | Rake $0
Seat 1: megabaitt (button) (small blind) folded before Flop
Seat 4: MTails (big blind) collected ($2)


PokerStars Hand #167234924095:  Hold'em Limit ($3/$6 USD) - 2017/03/07 3:39:42 ET
Table 'Margarita' 6-max Seat #4 is the button
Seat 1: megabaitt ($105 in chips)
Seat 4: MTails ($130.90 in chips)
MTails: posts small blind $1
megabaitt: posts big blind $3
*** HOLE CARDS ***
MTails: raises $3 to $6
megabaitt: calls $3
*** FLOP *** [Tc 2h Qc]
megabaitt: checks
MTails: bets $3
megabaitt: calls $3
*** TURN *** [Tc 2h Qc] [3s]
megabaitt: checks
MTails: bets $6
megabaitt: calls $6
*** RIVER *** [Tc 2h Qc 3s] [Qh]
megabaitt: checks
MTails: checks
*** SHOW DOWN ***
megabaitt: shows [5d 5s] (two pair, Queens and Fives)
MTails: mucks hand
megabaitt collected $29.50 from pot
*** SUMMARY ***
Total pot $30 | Rake $0.50
Board [Tc 2h Qc 3s Qh]
Seat 1: megabaitt (big blind) showed [5d 5s] and won ($29.50) with two pair, Queens and Fives
Seat 4: MTails (button) (small blind) mucked


PokerStars Hand #167234946357:  Hold'em Limit ($3/$6 USD) - 2017/03/07 3:40:52 ET
Table 'Margarita' 6-max Seat #4 is the button
Seat 1: megabaitt ($127 in chips)
Seat 4: MTails ($107.66 in chips)
MTails: posts small blind $1
megabaitt: posts big blind $3
*** HOLE CARDS ***
MTails: raises $3 to $6
megabaitt: calls $3
*** FLOP *** [As Qh Ks]
megabaitt: checks
MTails: bets $3
megabaitt: folds
Uncalled bet ($3) returned to MTails
MTails collected $11.76 from pot
*** SUMMARY ***
Total pot $12 | Rake $0.24
Board [As Qh Ks]
Seat 1: megabaitt (big blind) folded on the Flop
Seat 4: MTails (button) (small blind) collected ($11.76)


PokerStars Hand #167234959140:  Hold'em Limit ($3/$6 USD) - 2017/03/07 3:41:33 ET
Table 'Margarita' 6-max Seat #1 is the button
Seat 1: megabaitt ($105 in chips)
Seat 4: MTails ($128.92 in chips)
megabaitt: posts small blind $1
MTails: posts big blind $3
*** HOLE CARDS ***
megabaitt: raises $3 to $6
MTails: calls $3
*** FLOP *** [Kd 8c 6s]
MTails: checks
megabaitt: bets $3
MTails: calls $3
*** TURN *** [Kd 8c 6s] [Ks]
MTails: checks
megabaitt: bets $6
MTails: calls $6
*** RIVER *** [Kd 8c 6s Ks] [Ad]
MTails: checks
megabaitt: checks
*** SHOW DOWN ***
MTails: shows [9s Qh] (a pair of Kings)
megabaitt: shows [5c 5h] (two pair, Kings and Fives)
megabaitt collected $29.50 from pot
*** SUMMARY ***
Total pot $30 | Rake $0.50
Board [Kd 8c 6s Ks Ad]
Seat 1: megabaitt (button) (small blind) showed [5c 5h] and won ($29.50) with two pair, Kings and Fives
Seat 4: MTails (big blind) showed [9s Qh] and lost with a pair of Kings


PokerStars Hand #167234952530:  Hold'em Limit ($3/$6 USD) - 2017/03/07 3:41:12 ET
Table 'Margarita' 6-max Seat #4 is the button
Seat 1: megabaitt ($120 in chips)
Seat 4: MTails ($114.42 in chips)
MTails: posts small blind $1
megabaitt: posts big blind $3
*** HOLE CARDS ***
MTails: raises $3 to $6
megabaitt: calls $3
*** FLOP *** [Ks 4c 6d]
megabaitt: checks
MTails: bets $3
megabaitt: calls $3
*** TURN *** [Ks 4c 6d] [Ac]
megabaitt: bets $6
MTails: raises $6 to $12
megabaitt: folds
Uncalled bet ($6) returned to MTails
MTails collected $29.50 from pot
*** SUMMARY ***
Total pot $30 | Rake $0.50
Board [Ks 4c 6d Ac]
Seat 1: megabaitt (big blind) folded on the Turn
Seat 4: MTails (button) (small blind) collected ($29.50)


PokerStars Hand #167234950829:  Hold'em Limit ($3/$6 USD) - 2017/03/07 3:41:06 ET
Table 'Margarita' 6-max Seat #1 is the button
Seat 1: megabaitt ($121 in chips)
Seat 4: MTails ($113.42 in chips)
megabaitt: posts small blind $1
MTails: posts big blind $3
*** HOLE CARDS ***
megabaitt: folds
Uncalled bet ($2) returned to MTails
MTails collected $2 from pot
*** SUMMARY ***
Total pot $2 | Rake $0
Seat 1: megabaitt (button) (small blind) folded before Flop
Seat 4: MTails (big blind) collected ($2)


PokerStars Hand #167234966146:  Hold'em Limit ($3/$6 USD) - 2017/03/07 3:41:55 ET
Table 'Margarita' 6-max Seat #4 is the button
Seat 1: megabaitt ($119.50 in chips)
Seat 4: MTails ($113.92 in chips)
MTails: posts small blind $1
megabaitt: posts big blind $3
*** HOLE CARDS ***
MTails: raises $3 to $6
megabaitt: calls $3
*** FLOP *** [4d Js Ts]
megabaitt: checks
MTails: bets $3
megabaitt: calls $3
*** TURN *** [4d Js Ts] [Qc]
megabaitt: checks
MTails: bets $6
megabaitt: folds
Uncalled bet ($6) returned to MTails
MTails collected $17.64 from pot
*** SUMMARY ***
Total pot $18 | Rake $0.36
Board [4d Js Ts Qc]
Seat 1: megabaitt (big blind) folded on the Turn
Seat 4: MTails (button) (small blind) collected ($17.64)


PokerStars Hand #167234972165:  Hold'em Limit ($3/$6 USD) - 2017/03/07 3:42:14 ET
Table 'Margarita' 6-max Seat #1 is the button
Seat 1: megabaitt ($110.50 in chips)
Seat 4: MTails ($122.56 in chips)
megabaitt: posts small blind $1
MTails: posts big blind $3
*** HOLE CARDS ***
megabaitt: raises $3 to $6
MTails: calls $3
*** FLOP *** [Tc 3h 5s]
MTails: checks
megabaitt: bets $3
MTails: calls $3
*** TURN *** [Tc 3h 5s] [Kc]
MTails: checks
megabaitt: checks
*** RIVER *** [Tc 3h 5s Kc] [Js]
MTails: bets $6
megabaitt: raises $6 to $12
MTails: calls $6
*** SHOW DOWN ***
megabaitt: shows [Jh 8s] (a pair of Jacks)
MTails: mucks hand
megabaitt collected $41.50 from pot
*** SUMMARY ***
Total pot $42 | Rake $0.50
Board [Tc 3h 5s Kc Js]
Seat 1: megabaitt (button) (small blind) showed [Jh 8s] and won ($41.50) with a pair of Jacks
Seat 4: MTails (big blind) mucked


PokerStars Hand #167235278679:  Hold'em Limit ($3/$6 USD) - 2017/03/07 3:58:23 ET
Table 'Margarita' 6-max Seat #1 is the button
Seat 1: megabaitt ($126.50 in chips)
Seat 4: MTails ($112.76 in chips)
megabaitt: posts small blind $1
MTails: posts big blind $3
*** HOLE CARDS ***
megabaitt: raises $3 to $6
MTails: calls $3
*** FLOP *** [6s 3c 7s]
MTails: checks
megabaitt: bets $3
MTails: calls $3
*** TURN *** [6s 3c 7s] [Tc]
MTails: checks
megabaitt: checks
*** RIVER *** [6s 3c 7s Tc] [3d]
MTails: checks
megabaitt: checks
*** SHOW DOWN ***
MTails: shows [Ks 2c] (a pair of Threes)
megabaitt: shows [As Qc] (a pair of Threes - Ace kicker)
megabaitt collected $17.64 from pot
*** SUMMARY ***
Total pot $18 | Rake $0.36
Board [6s 3c 7s Tc 3d]
Seat 1: megabaitt (button) (small blind) showed [As Qc] and won ($17.64) with a pair of Threes
Seat 4: MTails (big blind) showed [Ks 2c] and lost with a pair of Threes


PokerStars Hand #167235271895:  Hold'em Limit ($3/$6 USD) - 2017/03/07 3:58:00 ET
Table 'Margarita' 6-max Seat #4 is the button
Seat 1: megabaitt ($112 in chips)
Seat 4: MTails ($127.76 in chips)
MTails: posts small blind $1
megabaitt: posts big blind $3
*** HOLE CARDS ***
MTails: raises $3 to $6
megabaitt: calls $3
*** FLOP *** [6s 7d 9c]
megabaitt: checks
MTails: bets $3
megabaitt: calls $3
*** TURN *** [6s 7d 9c] [2d]
megabaitt: checks
MTails: checks
*** RIVER *** [6s 7d 9c 2d] [3d]
megabaitt: bets $6
MTails: calls $6
*** SHOW DOWN ***
megabaitt: shows [7s 8s] (a pair of Sevens)
MTails: mucks hand
megabaitt collected $29.50 from pot
*** SUMMARY ***
Total pot $30 | Rake $0.50
Board [6s 7d 9c 2d 3d]
Seat 1: megabaitt (big blind) showed [7s 8s] and won ($29.50) with a pair of Sevens
Seat 4: MTails (button) (small blind) mucked


PokerStars Hand #167235296652:  Hold'em Limit ($3/$6 USD) - 2017/03/07 3:59:24 ET
Table 'Margarita' 6-max Seat #5 is the button
Seat 4: MTails ($106.76 in chips)
Seat 5: megabaitt ($120 in chips)
megabaitt: posts small blind $1
MTails: posts big blind $3
*** HOLE CARDS ***
megabaitt: folds
Uncalled bet ($2) returned to MTails
MTails collected $2 from pot
MTails: doesn't show hand
*** SUMMARY ***
Total pot $2 | Rake $0
Seat 4: MTails (big blind) collected ($2)
Seat 5: megabaitt (button) (small blind) folded before Flop


PokerStars Hand #167235284552:  Hold'em Limit ($3/$6 USD) - 2017/03/07 3:58:43 ET
Table 'Margarita' 6-max Seat #4 is the button
Seat 1: megabaitt ($135.14 in chips)
Seat 4: MTails ($103.76 in chips)
MTails: posts small blind $1
megabaitt: posts big blind $3
*** HOLE CARDS ***
MTails: raises $3 to $6
megabaitt: folds
Uncalled bet ($3) returned to MTails
megabaitt leaves the table
MTails collected $6 from pot
*** SUMMARY ***
Total pot $6 | Rake $0
Seat 1: megabaitt (big blind) folded before Flop
Seat 4: MTails (button) (small blind) collected ($6)


PokerStars Hand #167235298376:  Hold'em Limit ($3/$6 USD) - 2017/03/07 3:59:30 ET
Table 'Margarita' 6-max Seat #4 is the button
Seat 4: MTails ($107.76 in chips)
Seat 5: megabaitt ($119 in chips)
MTails: posts small blind $1
megabaitt: posts big blind $3
*** HOLE CARDS ***
MTails: raises $3 to $6
megabaitt: calls $3
*** FLOP *** [5d 4d 9c]
megabaitt: checks
MTails: bets $3
megabaitt: calls $3
*** TURN *** [5d 4d 9c] [Js]
megabaitt: checks
MTails: bets $6
megabaitt: calls $6
*** RIVER *** [5d 4d 9c Js] [7s]
megabaitt: checks
MTails: bets $6
megabaitt: calls $6
*** SHOW DOWN ***
MTails: shows [Ah As] (a pair of Aces)
megabaitt: mucks hand
MTails collected $41.50 from pot
*** SUMMARY ***
Total pot $42 | Rake $0.50
Board [5d 4d 9c Js 7s]
Seat 4: MTails (button) (small blind) showed [Ah As] and won ($41.50) with a pair of Aces
Seat 5: megabaitt (big blind) mucked


