PokerStars Hand #145676634057:  Hold'em Limit ($3/$6 USD) - 2015/12/21 4:27:08 ET
Table 'Marghanna' 2-max Seat #2 is the button
Seat 1: TbIP-TbIP 88 ($72 in chips)
Seat 2: Alex119387 ($170 in chips)
Alex119387: posts small blind $1
TbIP-TbIP 88: posts big blind $3
*** HOLE CARDS ***
Alex119387: raises $3 to $6
TbIP-TbIP 88: calls $3
*** FLOP *** [Kh 7s Qh]
TbIP-TbIP 88: checks
Alex119387: bets $3
TbIP-TbIP 88: calls $3
*** TURN *** [Kh 7s Qh] [Ac]
TbIP-TbIP 88: checks
Alex119387: bets $6
TbIP-TbIP 88: calls $6
*** RIVER *** [Kh 7s Qh Ac] [9d]
TbIP-TbIP 88: checks
Alex119387: checks
*** SHOW DOWN ***
TbIP-TbIP 88: shows [6h Ah] (a pair of Aces)
Alex119387: mucks hand
TbIP-TbIP 88 collected $29.50 from pot
*** SUMMARY ***
Total pot $30 | Rake $0.50
Board [Kh 7s Qh Ac 9d]
Seat 1: TbIP-TbIP 88 (big blind) showed [6h Ah] and won ($29.50) with a pair of Aces
Seat 2: Alex119387 (button) (small blind) mucked


PokerStars Hand #145676676088:  Hold'em Limit ($3/$6 USD) - 2015/12/21 4:29:05 ET
Table 'Marghanna' 2-max Seat #2 is the button
Seat 1: TbIP-TbIP 88 ($72 in chips)
Seat 2: Alex119387 ($180.92 in chips)
Alex119387: posts small blind $1
TbIP-TbIP 88: posts big blind $3
*** HOLE CARDS ***
Alex119387: folds
Uncalled bet ($2) returned to TbIP-TbIP 88
TbIP-TbIP 88 collected $2 from pot
TbIP-TbIP 88: doesn't show hand
*** SUMMARY ***
Total pot $2 | Rake $0
Seat 1: TbIP-TbIP 88 (big blind) collected ($2)
Seat 2: Alex119387 (button) (small blind) folded before Flop


PokerStars Hand #145676665221:  Hold'em Limit ($3/$6 USD) - 2015/12/21 4:28:35 ET
Table 'Marghanna' 2-max Seat #2 is the button
Seat 1: TbIP-TbIP 88 ($80.50 in chips)
Seat 2: Alex119387 ($160.76 in chips)
Alex119387: posts small blind $1
TbIP-TbIP 88: posts big blind $3
*** HOLE CARDS ***
Alex119387: raises $3 to $6
TbIP-TbIP 88: calls $3
*** FLOP *** [2d 4s 5s]
TbIP-TbIP 88: checks
Alex119387: bets $3
TbIP-TbIP 88: calls $3
*** TURN *** [2d 4s 5s] [4c]
TbIP-TbIP 88: checks
Alex119387: bets $6
TbIP-TbIP 88: folds
Uncalled bet ($6) returned to Alex119387
Alex119387 collected $17.64 from pot
Alex119387: doesn't show hand
*** SUMMARY ***
Total pot $18 | Rake $0.36
Board [2d 4s 5s 4c]
Seat 1: TbIP-TbIP 88 (big blind) folded on the Turn
Seat 2: Alex119387 (button) (small blind) collected ($17.64)


PokerStars Hand #145676677618:  Hold'em Limit ($3/$6 USD) - 2015/12/21 4:29:10 ET
Table 'Marghanna' 2-max Seat #1 is the button
Seat 1: TbIP-TbIP 88 ($73 in chips)
Seat 2: Alex119387 ($179.92 in chips)
TbIP-TbIP 88: posts small blind $1
Alex119387: posts big blind $3
*** HOLE CARDS ***
TbIP-TbIP 88: calls $2
Alex119387: raises $3 to $6
TbIP-TbIP 88: calls $3
*** FLOP *** [7s Kd Ah]
Alex119387: bets $3
TbIP-TbIP 88: folds
Uncalled bet ($3) returned to Alex119387
Alex119387 collected $11.76 from pot
Alex119387: doesn't show hand
*** SUMMARY ***
Total pot $12 | Rake $0.24
Board [7s Kd Ah]
Seat 1: TbIP-TbIP 88 (button) (small blind) folded on the Flop
Seat 2: Alex119387 (big blind) collected ($11.76)


PokerStars Hand #145676652010:  Hold'em Limit ($3/$6 USD) - 2015/12/21 4:27:58 ET
Table 'Marghanna' 2-max Seat #1 is the button
Seat 1: TbIP-TbIP 88 ($86.50 in chips)
Seat 2: Alex119387 ($155 in chips)
TbIP-TbIP 88: posts small blind $1
Alex119387: posts big blind $3
*** HOLE CARDS ***
TbIP-TbIP 88: calls $2
Alex119387: raises $3 to $6
TbIP-TbIP 88: calls $3
*** FLOP *** [6c As 6d]
Alex119387: bets $3
TbIP-TbIP 88: folds
Uncalled bet ($3) returned to Alex119387
Alex119387 collected $11.76 from pot
Alex119387: doesn't show hand
*** SUMMARY ***
Total pot $12 | Rake $0.24
Board [6c As 6d]
Seat 1: TbIP-TbIP 88 (button) (small blind) folded on the Flop
Seat 2: Alex119387 (big blind) collected ($11.76)


PokerStars Hand #145676684537:  Hold'em Limit ($3/$6 USD) - 2015/12/21 4:29:29 ET
Table 'Marghanna' 2-max Seat #2 is the button
Seat 1: TbIP-TbIP 88 ($72 in chips)
Seat 2: Alex119387 ($185.68 in chips)
Alex119387: posts small blind $1
TbIP-TbIP 88: posts big blind $3
*** HOLE CARDS ***
Alex119387: raises $3 to $6
TbIP-TbIP 88: calls $3
*** FLOP *** [7c 7s 7d]
TbIP-TbIP 88: checks
Alex119387: bets $3
TbIP-TbIP 88: calls $3
*** TURN *** [7c 7s 7d] [5c]
TbIP-TbIP 88: checks
Alex119387: checks
*** RIVER *** [7c 7s 7d 5c] [4d]
TbIP-TbIP 88: checks
Alex119387: checks
*** SHOW DOWN ***
TbIP-TbIP 88: shows [Qd 2h] (three of a kind, Sevens)
Alex119387: shows [Ks Ts] (three of a kind, Sevens - King kicker)
Alex119387 collected $17.64 from pot
*** SUMMARY ***
Total pot $18 | Rake $0.36
Board [7c 7s 7d 5c 4d]
Seat 1: TbIP-TbIP 88 (big blind) showed [Qd 2h] and lost with three of a kind, Sevens
Seat 2: Alex119387 (button) (small blind) showed [Ks Ts] and won ($17.64) with three of a kind, Sevens


PokerStars Hand #145676693862:  Hold'em Limit ($3/$6 USD) - 2015/12/21 4:29:55 ET
Table 'Marghanna' 2-max Seat #2 is the button
Seat 1: TbIP-TbIP 88 ($89.50 in chips)
Seat 2: Alex119387 ($176.32 in chips)
Alex119387: posts small blind $1
TbIP-TbIP 88: posts big blind $3
*** HOLE CARDS ***
Alex119387: raises $3 to $6
TbIP-TbIP 88: calls $3
*** FLOP *** [Ts 3h 8h]
TbIP-TbIP 88: checks
Alex119387: bets $3
TbIP-TbIP 88: calls $3
*** TURN *** [Ts 3h 8h] [Ks]
TbIP-TbIP 88: checks
Alex119387: checks
*** RIVER *** [Ts 3h 8h Ks] [8s]
TbIP-TbIP 88: checks
Alex119387: bets $6
TbIP-TbIP 88: calls $6
*** SHOW DOWN ***
Alex119387: shows [8c 4h] (three of a kind, Eights)
TbIP-TbIP 88: mucks hand
Alex119387 collected $29.50 from pot
*** SUMMARY ***
Total pot $30 | Rake $0.50
Board [Ts 3h 8h Ks 8s]
Seat 1: TbIP-TbIP 88 (big blind) mucked
Seat 2: Alex119387 (button) (small blind) showed [8c 4h] and won ($29.50) with three of a kind, Eights


PokerStars Hand #145676688671:  Hold'em Limit ($3/$6 USD) - 2015/12/21 4:29:41 ET
Table 'Marghanna' 2-max Seat #1 is the button
Seat 1: TbIP-TbIP 88 ($72 in chips)
Seat 2: Alex119387 ($194.32 in chips)
TbIP-TbIP 88: posts small blind $1
Alex119387: posts big blind $3
*** HOLE CARDS ***
TbIP-TbIP 88: raises $3 to $6
Alex119387: raises $3 to $9
TbIP-TbIP 88: calls $3
*** FLOP *** [9s 7s 5c]
Alex119387: bets $3
TbIP-TbIP 88: calls $3
*** TURN *** [9s 7s 5c] [Ks]
Alex119387: checks
TbIP-TbIP 88: checks
*** RIVER *** [9s 7s 5c Ks] [2s]
Alex119387: checks
TbIP-TbIP 88: bets $6
Alex119387: calls $6
*** SHOW DOWN ***
TbIP-TbIP 88: shows [Jc Qs] (a flush, King high)
Alex119387: mucks hand
TbIP-TbIP 88 collected $35.50 from pot
*** SUMMARY ***
Total pot $36 | Rake $0.50
Board [9s 7s 5c Ks 2s]
Seat 1: TbIP-TbIP 88 (button) (small blind) showed [Jc Qs] and won ($35.50) with a flush, King high
Seat 2: Alex119387 (big blind) mucked


PokerStars Hand #145676716746:  Hold'em Limit ($3/$6 USD) - 2015/12/21 4:30:59 ET
Table 'Marghanna' 2-max Seat #1 is the button
Seat 1: TbIP-TbIP 88 ($73 in chips)
Seat 2: Alex119387 ($213.32 in chips)
TbIP-TbIP 88: posts small blind $1
Alex119387: posts big blind $3
*** HOLE CARDS ***
TbIP-TbIP 88: raises $3 to $6
Alex119387: folds
Uncalled bet ($3) returned to TbIP-TbIP 88
TbIP-TbIP 88 collected $6 from pot
TbIP-TbIP 88: doesn't show hand
*** SUMMARY ***
Total pot $6 | Rake $0
Seat 1: TbIP-TbIP 88 (button) (small blind) collected ($6)
Seat 2: Alex119387 (big blind) folded before Flop


PokerStars Hand #145676714598:  Hold'em Limit ($3/$6 USD) - 2015/12/21 4:30:53 ET
Table 'Marghanna' 2-max Seat #2 is the button
Seat 1: TbIP-TbIP 88 ($72 in chips)
Seat 2: Alex119387 ($214.32 in chips)
Alex119387: posts small blind $1
TbIP-TbIP 88: posts big blind $3
*** HOLE CARDS ***
Alex119387: folds
Uncalled bet ($2) returned to TbIP-TbIP 88
TbIP-TbIP 88 collected $2 from pot
TbIP-TbIP 88: doesn't show hand
*** SUMMARY ***
Total pot $2 | Rake $0
Seat 1: TbIP-TbIP 88 (big blind) collected ($2)
Seat 2: Alex119387 (button) (small blind) folded before Flop


PokerStars Hand #145676721587:  Hold'em Limit ($3/$6 USD) - 2015/12/21 4:31:13 ET
Table 'Marghanna' 2-max Seat #1 is the button
Seat 1: TbIP-TbIP 88 ($73 in chips)
Seat 2: Alex119387 ($213.32 in chips)
TbIP-TbIP 88: posts small blind $1
Alex119387: posts big blind $3
*** HOLE CARDS ***
TbIP-TbIP 88: calls $2
Alex119387: checks
*** FLOP *** [Qc Td Qd]
Alex119387: checks
TbIP-TbIP 88: bets $3
Alex119387: folds
Uncalled bet ($3) returned to TbIP-TbIP 88
TbIP-TbIP 88 collected $5.88 from pot
TbIP-TbIP 88: doesn't show hand
*** SUMMARY ***
Total pot $6 | Rake $0.12
Board [Qc Td Qd]
Seat 1: TbIP-TbIP 88 (button) (small blind) collected ($5.88)
Seat 2: Alex119387 (big blind) folded on the Flop


PokerStars Hand #145676718395:  Hold'em Limit ($3/$6 USD) - 2015/12/21 4:31:04 ET
Table 'Marghanna' 2-max Seat #2 is the button
Seat 1: TbIP-TbIP 88 ($76 in chips)
Seat 2: Alex119387 ($210.32 in chips)
Alex119387: posts small blind $1
TbIP-TbIP 88: posts big blind $3
*** HOLE CARDS ***
Alex119387: raises $3 to $6
TbIP-TbIP 88: folds
Uncalled bet ($3) returned to Alex119387
Alex119387 collected $6 from pot
Alex119387: doesn't show hand
*** SUMMARY ***
Total pot $6 | Rake $0
Seat 1: TbIP-TbIP 88 (big blind) folded before Flop
Seat 2: Alex119387 (button) (small blind) collected ($6)


PokerStars Hand #145676703431:  Hold'em Limit ($3/$6 USD) - 2015/12/21 4:30:22 ET
Table 'Marghanna' 2-max Seat #1 is the button
Seat 1: TbIP-TbIP 88 ($74.50 in chips)
Seat 2: Alex119387 ($190.82 in chips)
TbIP-TbIP 88: posts small blind $1
Alex119387: posts big blind $3
*** HOLE CARDS ***
TbIP-TbIP 88: raises $3 to $6
Alex119387: raises $3 to $9
TbIP-TbIP 88: calls $3
*** FLOP *** [As 8s 2s]
Alex119387: bets $3
TbIP-TbIP 88: calls $3
*** TURN *** [As 8s 2s] [9c]
Alex119387: bets $6
TbIP-TbIP 88: calls $6
*** RIVER *** [As 8s 2s 9c] [Td]
Alex119387: bets $6
TbIP-TbIP 88: calls $6
*** SHOW DOWN ***
Alex119387: shows [Tc Jd] (a pair of Tens)
TbIP-TbIP 88: mucks hand
Alex119387 collected $47.50 from pot
*** SUMMARY ***
Total pot $48 | Rake $0.50
Board [As 8s 2s 9c Td]
Seat 1: TbIP-TbIP 88 (button) (small blind) mucked
Seat 2: Alex119387 (big blind) showed [Tc Jd] and won ($47.50) with a pair of Tens


PokerStars Hand #145676739782:  Hold'em Limit ($3/$6 USD) - 2015/12/21 4:32:03 ET
Table 'Marghanna' 2-max Seat #2 is the button
Seat 1: TbIP-TbIP 88 ($95.50 in chips)
Seat 2: Alex119387 ($200.82 in chips)
Alex119387: posts small blind $1
TbIP-TbIP 88: posts big blind $3
*** HOLE CARDS ***
Alex119387: raises $3 to $6
TbIP-TbIP 88: calls $3
*** FLOP *** [8s Qs Jd]
TbIP-TbIP 88: checks
Alex119387: bets $3
TbIP-TbIP 88: folds
Uncalled bet ($3) returned to Alex119387
Alex119387 collected $11.76 from pot
Alex119387: doesn't show hand
*** SUMMARY ***
Total pot $12 | Rake $0.24
Board [8s Qs Jd]
Seat 1: TbIP-TbIP 88 (big blind) folded on the Flop
Seat 2: Alex119387 (button) (small blind) collected ($11.76)


PokerStars Hand #145676734622:  Hold'em Limit ($3/$6 USD) - 2015/12/21 4:31:49 ET
Table 'Marghanna' 2-max Seat #1 is the button
Seat 1: TbIP-TbIP 88 ($72 in chips)
Seat 2: Alex119387 ($224.82 in chips)
TbIP-TbIP 88: posts small blind $1
Alex119387: posts big blind $3
*** HOLE CARDS ***
TbIP-TbIP 88: raises $3 to $6
Alex119387: calls $3
*** FLOP *** [4c 7h 5d]
Alex119387: checks
TbIP-TbIP 88: checks
*** TURN *** [4c 7h 5d] [2h]
Alex119387: bets $6
TbIP-TbIP 88: calls $6
*** RIVER *** [4c 7h 5d 2h] [3s]
Alex119387: bets $6
TbIP-TbIP 88: raises $6 to $12
Alex119387: calls $6
*** SHOW DOWN ***
TbIP-TbIP 88: shows [Kd 6s] (a straight, Three to Seven)
Alex119387: mucks hand
TbIP-TbIP 88 collected $47.50 from pot
*** SUMMARY ***
Total pot $48 | Rake $0.50
Board [4c 7h 5d 2h 3s]
Seat 1: TbIP-TbIP 88 (button) (small blind) showed [Kd 6s] and won ($47.50) with a straight, Three to Seven
Seat 2: Alex119387 (big blind) mucked


PokerStars Hand #145676725420:  Hold'em Limit ($3/$6 USD) - 2015/12/21 4:31:23 ET
Table 'Marghanna' 2-max Seat #2 is the button
Seat 1: TbIP-TbIP 88 ($75.88 in chips)
Seat 2: Alex119387 ($210.32 in chips)
Alex119387: posts small blind $1
TbIP-TbIP 88: posts big blind $3
*** HOLE CARDS ***
Alex119387: raises $3 to $6
TbIP-TbIP 88: calls $3
*** FLOP *** [Kd 8h 2c]
TbIP-TbIP 88: checks
Alex119387: bets $3
TbIP-TbIP 88: calls $3
*** TURN *** [Kd 8h 2c] [9h]
TbIP-TbIP 88: checks
Alex119387: bets $6
TbIP-TbIP 88: calls $6
*** RIVER *** [Kd 8h 2c 9h] [7c]
TbIP-TbIP 88: checks
Alex119387: bets $6
TbIP-TbIP 88: folds
Uncalled bet ($6) returned to Alex119387
Alex119387 collected $29.50 from pot
Alex119387: doesn't show hand
*** SUMMARY ***
Total pot $30 | Rake $0.50
Board [Kd 8h 2c 9h 7c]
Seat 1: TbIP-TbIP 88 (big blind) folded on the River
Seat 2: Alex119387 (button) (small blind) collected ($29.50)


PokerStars Hand #145676763260:  Hold'em Limit ($3/$6 USD) - 2015/12/21 4:33:08 ET
Table 'Marghanna' 2-max Seat #1 is the button
Seat 1: TbIP-TbIP 88 ($72 in chips)
Seat 2: Alex119387 ($226.83 in chips)
TbIP-TbIP 88: posts small blind $1
Alex119387: posts big blind $3
*** HOLE CARDS ***
TbIP-TbIP 88: raises $3 to $6
Alex119387: raises $3 to $9
TbIP-TbIP 88: calls $3
*** FLOP *** [5c 8c 7d]
Alex119387: bets $3
TbIP-TbIP 88: calls $3
*** TURN *** [5c 8c 7d] [4s]
Alex119387: checks
TbIP-TbIP 88: bets $6
Alex119387: calls $6
*** RIVER *** [5c 8c 7d 4s] [Qd]
Alex119387: checks
TbIP-TbIP 88: checks
*** SHOW DOWN ***
Alex119387: shows [As 2c] (high card Ace)
TbIP-TbIP 88: shows [Kd 4h] (a pair of Fours)
TbIP-TbIP 88 collected $35.50 from pot
*** SUMMARY ***
Total pot $36 | Rake $0.50
Board [5c 8c 7d 4s Qd]
Seat 1: TbIP-TbIP 88 (button) (small blind) showed [Kd 4h] and won ($35.50) with a pair of Fours
Seat 2: Alex119387 (big blind) showed [As 2c] and lost with high card Ace


PokerStars Hand #145676756361:  Hold'em Limit ($3/$6 USD) - 2015/12/21 4:32:49 ET
Table 'Marghanna' 2-max Seat #2 is the button
Seat 1: TbIP-TbIP 88 ($89.25 in chips)
Seat 2: Alex119387 ($206.33 in chips)
Alex119387: posts small blind $1
TbIP-TbIP 88: posts big blind $3
*** HOLE CARDS ***
Alex119387: raises $3 to $6
TbIP-TbIP 88: calls $3
*** FLOP *** [2h 5h 4s]
TbIP-TbIP 88: checks
Alex119387: bets $3
TbIP-TbIP 88: calls $3
*** TURN *** [2h 5h 4s] [Kc]
TbIP-TbIP 88: checks
Alex119387: bets $6
TbIP-TbIP 88: calls $6
*** RIVER *** [2h 5h 4s Kc] [6s]
TbIP-TbIP 88: checks
Alex119387: bets $6
TbIP-TbIP 88: calls $6
*** SHOW DOWN ***
Alex119387: shows [Kd 5c] (two pair, Kings and Fives)
TbIP-TbIP 88: mucks hand
Alex119387 collected $41.50 from pot
*** SUMMARY ***
Total pot $42 | Rake $0.50
Board [2h 5h 4s Kc 6s]
Seat 1: TbIP-TbIP 88 (big blind) mucked
Seat 2: Alex119387 (button) (small blind) showed [Kd 5c] and won ($41.50) with two pair, Kings and Fives


PokerStars Hand #145676750926:  Hold'em Limit ($3/$6 USD) - 2015/12/21 4:32:34 ET
Table 'Marghanna' 2-max Seat #1 is the button
Seat 1: TbIP-TbIP 88 ($89.50 in chips)
Seat 2: Alex119387 ($206.58 in chips)
TbIP-TbIP 88: posts small blind $1
Alex119387: posts big blind $3
*** HOLE CARDS ***
TbIP-TbIP 88: raises $3 to $6
Alex119387: raises $3 to $9
TbIP-TbIP 88: calls $3
*** FLOP *** [Jh Kc Ad]
Alex119387: bets $3
TbIP-TbIP 88: calls $3
*** TURN *** [Jh Kc Ad] [8c]
Alex119387: bets $6
TbIP-TbIP 88: calls $6
*** RIVER *** [Jh Kc Ad 8c] [Th]
Alex119387: bets $6
TbIP-TbIP 88: calls $6
*** SHOW DOWN ***
Alex119387: shows [5c Ac] (a pair of Aces)
TbIP-TbIP 88: shows [4c Ah] (a pair of Aces)
Alex119387 collected $23.75 from pot
TbIP-TbIP 88 collected $23.75 from pot
*** SUMMARY ***
Total pot $48 | Rake $0.50
Board [Jh Kc Ad 8c Th]
Seat 1: TbIP-TbIP 88 (button) (small blind) showed [4c Ah] and won ($23.75) with a pair of Aces
Seat 2: Alex119387 (big blind) showed [5c Ac] and won ($23.75) with a pair of Aces


PokerStars Hand #145676784698:  Hold'em Limit ($3/$6 USD) - 2015/12/21 4:34:08 ET
Table 'Marghanna' 2-max Seat #2 is the button
Seat 1: TbIP-TbIP 88 ($85 in chips)
Seat 2: Alex119387 ($212.33 in chips)
Alex119387: posts small blind $1
TbIP-TbIP 88: posts big blind $3
*** HOLE CARDS ***
Alex119387: raises $3 to $6
TbIP-TbIP 88: folds
Uncalled bet ($3) returned to Alex119387
Alex119387 collected $6 from pot
Alex119387: doesn't show hand
*** SUMMARY ***
Total pot $6 | Rake $0
Seat 1: TbIP-TbIP 88 (big blind) folded before Flop
Seat 2: Alex119387 (button) (small blind) collected ($6)


PokerStars Hand #145676782930:  Hold'em Limit ($3/$6 USD) - 2015/12/21 4:34:03 ET
Table 'Marghanna' 2-max Seat #1 is the button
Seat 1: TbIP-TbIP 88 ($86 in chips)
Seat 2: Alex119387 ($211.33 in chips)
TbIP-TbIP 88: posts small blind $1
Alex119387: posts big blind $3
*** HOLE CARDS ***
TbIP-TbIP 88: folds
Uncalled bet ($2) returned to Alex119387
Alex119387 collected $2 from pot
Alex119387: doesn't show hand
*** SUMMARY ***
Total pot $2 | Rake $0
Seat 1: TbIP-TbIP 88 (button) (small blind) folded before Flop
Seat 2: Alex119387 (big blind) collected ($2)


PokerStars Hand #145676776765:  Hold'em Limit ($3/$6 USD) - 2015/12/21 4:33:46 ET
Table 'Marghanna' 2-max Seat #2 is the button
Seat 1: TbIP-TbIP 88 ($107 in chips)
Seat 2: Alex119387 ($190.83 in chips)
Alex119387: posts small blind $1
TbIP-TbIP 88: posts big blind $3
*** HOLE CARDS ***
Alex119387: raises $3 to $6
TbIP-TbIP 88: calls $3
*** FLOP *** [7s 2h 6c]
TbIP-TbIP 88: checks
Alex119387: bets $3
TbIP-TbIP 88: calls $3
*** TURN *** [7s 2h 6c] [7h]
TbIP-TbIP 88: checks
Alex119387: bets $6
TbIP-TbIP 88: calls $6
*** RIVER *** [7s 2h 6c 7h] [9c]
TbIP-TbIP 88: checks
Alex119387: bets $6
TbIP-TbIP 88: calls $6
*** SHOW DOWN ***
Alex119387: shows [Ks Kd] (two pair, Kings and Sevens)
TbIP-TbIP 88: mucks hand
Alex119387 collected $41.50 from pot
*** SUMMARY ***
Total pot $42 | Rake $0.50
Board [7s 2h 6c 7h 9c]
Seat 1: TbIP-TbIP 88 (big blind) mucked
Seat 2: Alex119387 (button) (small blind) showed [Ks Kd] and won ($41.50) with two pair, Kings and Sevens


PokerStars Hand #145676774831:  Hold'em Limit ($3/$6 USD) - 2015/12/21 4:33:41 ET
Table 'Marghanna' 2-max Seat #1 is the button
Seat 1: TbIP-TbIP 88 ($104 in chips)
Seat 2: Alex119387 ($193.83 in chips)
TbIP-TbIP 88: posts small blind $1
Alex119387: posts big blind $3
*** HOLE CARDS ***
TbIP-TbIP 88: raises $3 to $6
Alex119387: folds
Uncalled bet ($3) returned to TbIP-TbIP 88
TbIP-TbIP 88 collected $6 from pot
TbIP-TbIP 88: doesn't show hand
*** SUMMARY ***
Total pot $6 | Rake $0
Seat 1: TbIP-TbIP 88 (button) (small blind) collected ($6)
Seat 2: Alex119387 (big blind) folded before Flop


PokerStars Hand #145676768512:  Hold'em Limit ($3/$6 USD) - 2015/12/21 4:33:23 ET
Table 'Marghanna' 2-max Seat #2 is the button
Seat 1: TbIP-TbIP 88 ($89.50 in chips)
Seat 2: Alex119387 ($208.83 in chips)
Alex119387: posts small blind $1
TbIP-TbIP 88: posts big blind $3
*** HOLE CARDS ***
Alex119387: raises $3 to $6
TbIP-TbIP 88: calls $3
*** FLOP *** [Kh 6d 7s]
TbIP-TbIP 88: checks
Alex119387: bets $3
TbIP-TbIP 88: calls $3
*** TURN *** [Kh 6d 7s] [Kc]
TbIP-TbIP 88: checks
Alex119387: bets $6
TbIP-TbIP 88: calls $6
*** RIVER *** [Kh 6d 7s Kc] [Js]
TbIP-TbIP 88: checks
Alex119387: checks
*** SHOW DOWN ***
TbIP-TbIP 88: shows [Ac 7d] (two pair, Kings and Sevens)
Alex119387: mucks hand
TbIP-TbIP 88 collected $29.50 from pot
*** SUMMARY ***
Total pot $30 | Rake $0.50
Board [Kh 6d 7s Kc Js]
Seat 1: TbIP-TbIP 88 (big blind) showed [Ac 7d] and won ($29.50) with two pair, Kings and Sevens
Seat 2: Alex119387 (button) (small blind) mucked


PokerStars Hand #145676786797:  Hold'em Limit ($3/$6 USD) - 2015/12/21 4:34:14 ET
Table 'Marghanna' 2-max Seat #1 is the button
Seat 1: TbIP-TbIP 88 ($82 in chips)
Seat 2: Alex119387 ($215.33 in chips)
TbIP-TbIP 88: posts small blind $1
Alex119387: posts big blind $3
*** HOLE CARDS ***
TbIP-TbIP 88: calls $2
Alex119387: raises $3 to $6
TbIP-TbIP 88: calls $3
*** FLOP *** [6d 5h 5c]
Alex119387: bets $3
TbIP-TbIP 88: raises $3 to $6
Alex119387: raises $3 to $9
TbIP-TbIP 88: calls $3
*** TURN *** [6d 5h 5c] [9d]
Alex119387: checks
TbIP-TbIP 88: checks
*** RIVER *** [6d 5h 5c 9d] [Jd]
Alex119387: checks
TbIP-TbIP 88: checks
*** SHOW DOWN ***
Alex119387: shows [Ah Qc] (a pair of Fives)
TbIP-TbIP 88: mucks hand
Alex119387 collected $29.50 from pot
*** SUMMARY ***
Total pot $30 | Rake $0.50
Board [6d 5h 5c 9d Jd]
Seat 1: TbIP-TbIP 88 (button) (small blind) mucked
Seat 2: Alex119387 (big blind) showed [Ah Qc] and won ($29.50) with a pair of Fives


PokerStars Hand #145676808485:  Hold'em Limit ($3/$6 USD) - 2015/12/21 4:35:14 ET
Table 'Marghanna' 2-max Seat #1 is the button
Seat 1: TbIP-TbIP 88 ($72 in chips)
Seat 2: Alex119387 ($255.33 in chips)
TbIP-TbIP 88: posts small blind $1
Alex119387: posts big blind $3
*** HOLE CARDS ***
TbIP-TbIP 88: calls $2
Alex119387: raises $3 to $6
TbIP-TbIP 88: calls $3
*** FLOP *** [6h Kh Kc]
Alex119387: bets $3
TbIP-TbIP 88: folds
Uncalled bet ($3) returned to Alex119387
Alex119387 collected $11.76 from pot
Alex119387: doesn't show hand
*** SUMMARY ***
Total pot $12 | Rake $0.24
Board [6h Kh Kc]
Seat 1: TbIP-TbIP 88 (button) (small blind) folded on the Flop
Seat 2: Alex119387 (big blind) collected ($11.76)


PokerStars Hand #145676799788:  Hold'em Limit ($3/$6 USD) - 2015/12/21 4:34:50 ET
Table 'Marghanna' 2-max Seat #2 is the button
Seat 1: TbIP-TbIP 88 ($75.88 in chips)
Seat 2: Alex119387 ($225.83 in chips)
Alex119387: posts small blind $1
TbIP-TbIP 88: posts big blind $3
*** HOLE CARDS ***
Alex119387: raises $3 to $6
TbIP-TbIP 88: calls $3
*** FLOP *** [Jh 5s Qd]
TbIP-TbIP 88: checks
Alex119387: bets $3
TbIP-TbIP 88: raises $3 to $6
Alex119387: calls $3
*** TURN *** [Jh 5s Qd] [9s]
TbIP-TbIP 88: bets $6
Alex119387: raises $6 to $12
TbIP-TbIP 88: calls $6
*** RIVER *** [Jh 5s Qd 9s] [Kh]
TbIP-TbIP 88: checks
Alex119387: bets $6
TbIP-TbIP 88: calls $6
*** SHOW DOWN ***
Alex119387: shows [Qc Qs] (three of a kind, Queens)
TbIP-TbIP 88: mucks hand
Alex119387 collected $59.50 from pot
*** SUMMARY ***
Total pot $60 | Rake $0.50
Board [Jh 5s Qd 9s Kh]
Seat 1: TbIP-TbIP 88 (big blind) mucked
Seat 2: Alex119387 (button) (small blind) showed [Qc Qs] and won ($59.50) with three of a kind, Queens


PokerStars Hand #145676796629:  Hold'em Limit ($3/$6 USD) - 2015/12/21 4:34:41 ET
Table 'Marghanna' 2-max Seat #1 is the button
Seat 1: TbIP-TbIP 88 ($73 in chips)
Seat 2: Alex119387 ($228.83 in chips)
TbIP-TbIP 88: posts small blind $1
Alex119387: posts big blind $3
*** HOLE CARDS ***
TbIP-TbIP 88: calls $2
Alex119387: checks
*** FLOP *** [Qd Ks 2h]
Alex119387: checks
TbIP-TbIP 88: bets $3
Alex119387: folds
Uncalled bet ($3) returned to TbIP-TbIP 88
TbIP-TbIP 88 collected $5.88 from pot
TbIP-TbIP 88: doesn't show hand
*** SUMMARY ***
Total pot $6 | Rake $0.12
Board [Qd Ks 2h]
Seat 1: TbIP-TbIP 88 (button) (small blind) collected ($5.88)
Seat 2: Alex119387 (big blind) folded on the Flop


PokerStars Hand #145676794283:  Hold'em Limit ($3/$6 USD) - 2015/12/21 4:34:35 ET
Table 'Marghanna' 2-max Seat #2 is the button
Seat 1: TbIP-TbIP 88 ($72 in chips)
Seat 2: Alex119387 ($229.83 in chips)
Alex119387: posts small blind $1
TbIP-TbIP 88: posts big blind $3
*** HOLE CARDS ***
Alex119387: folds
Uncalled bet ($2) returned to TbIP-TbIP 88
TbIP-TbIP 88 collected $2 from pot
TbIP-TbIP 88: doesn't show hand
*** SUMMARY ***
Total pot $2 | Rake $0
Seat 1: TbIP-TbIP 88 (big blind) collected ($2)
Seat 2: Alex119387 (button) (small blind) folded before Flop


PokerStars Hand #145676825020:  Hold'em Limit ($3/$6 USD) - 2015/12/21 4:36:00 ET
Table 'Marghanna' 2-max Seat #2 is the button
Seat 1: TbIP-TbIP 88 ($107 in chips)
Seat 2: Alex119387 ($225.09 in chips)
Alex119387: posts small blind $1
TbIP-TbIP 88: posts big blind $3
*** HOLE CARDS ***
Alex119387: raises $3 to $6
TbIP-TbIP 88: calls $3
*** FLOP *** [Ks 7d 9d]
TbIP-TbIP 88: checks
Alex119387: bets $3
TbIP-TbIP 88: calls $3
*** TURN *** [Ks 7d 9d] [9s]
TbIP-TbIP 88: checks
Alex119387: checks
*** RIVER *** [Ks 7d 9d 9s] [8d]
TbIP-TbIP 88: checks
Alex119387: bets $6
TbIP-TbIP 88: calls $6
*** SHOW DOWN ***
Alex119387: shows [3d Td] (a flush, Ten high)
TbIP-TbIP 88: mucks hand
Alex119387 collected $29.50 from pot
*** SUMMARY ***
Total pot $30 | Rake $0.50
Board [Ks 7d 9d 9s 8d]
Seat 1: TbIP-TbIP 88 (big blind) mucked
Seat 2: Alex119387 (button) (small blind) showed [3d Td] and won ($29.50) with a flush, Ten high


PokerStars Hand #145676818825:  Hold'em Limit ($3/$6 USD) - 2015/12/21 4:35:42 ET
Table 'Marghanna' 2-max Seat #1 is the button
Seat 1: TbIP-TbIP 88 ($92.50 in chips)
Seat 2: Alex119387 ($240.09 in chips)
TbIP-TbIP 88: posts small blind $1
Alex119387: posts big blind $3
*** HOLE CARDS ***
TbIP-TbIP 88: calls $2
Alex119387: checks
*** FLOP *** [9h 3s Ah]
Alex119387: checks
TbIP-TbIP 88: bets $3
Alex119387: raises $3 to $6
TbIP-TbIP 88: calls $3
*** TURN *** [9h 3s Ah] [4s]
Alex119387: checks
TbIP-TbIP 88: bets $6
Alex119387: calls $6
*** RIVER *** [9h 3s Ah 4s] [4d]
Alex119387: checks
TbIP-TbIP 88: checks
*** SHOW DOWN ***
Alex119387: shows [3h 7d] (two pair, Fours and Threes)
TbIP-TbIP 88: shows [6d 9s] (two pair, Nines and Fours)
TbIP-TbIP 88 collected $29.50 from pot
*** SUMMARY ***
Total pot $30 | Rake $0.50
Board [9h 3s Ah 4s 4d]
Seat 1: TbIP-TbIP 88 (button) (small blind) showed [6d 9s] and won ($29.50) with two pair, Nines and Fours
Seat 2: Alex119387 (big blind) showed [3h 7d] and lost with two pair, Fours and Threes


PokerStars Hand #145676812325:  Hold'em Limit ($3/$6 USD) - 2015/12/21 4:35:24 ET
Table 'Marghanna' 2-max Seat #2 is the button
Seat 1: TbIP-TbIP 88 ($72 in chips)
Seat 2: Alex119387 ($261.09 in chips)
Alex119387: posts small blind $1
TbIP-TbIP 88: posts big blind $3
*** HOLE CARDS ***
Alex119387: raises $3 to $6
TbIP-TbIP 88: calls $3
*** FLOP *** [9d Ah 9s]
TbIP-TbIP 88: checks
Alex119387: bets $3
TbIP-TbIP 88: calls $3
*** TURN *** [9d Ah 9s] [5s]
TbIP-TbIP 88: checks
Alex119387: bets $6
TbIP-TbIP 88: calls $6
*** RIVER *** [9d Ah 9s 5s] [4c]
TbIP-TbIP 88: checks
Alex119387: bets $6
TbIP-TbIP 88: calls $6
*** SHOW DOWN ***
Alex119387: shows [8d Jd] (a pair of Nines)
TbIP-TbIP 88: shows [Kc 8s] (a pair of Nines - Ace+King kicker)
TbIP-TbIP 88 collected $41.50 from pot
*** SUMMARY ***
Total pot $42 | Rake $0.50
Board [9d Ah 9s 5s 4c]
Seat 1: TbIP-TbIP 88 (big blind) showed [Kc 8s] and won ($41.50) with a pair of Nines
Seat 2: Alex119387 (button) (small blind) showed [8d Jd] and lost with a pair of Nines


PokerStars Hand #145676832258:  Hold'em Limit ($3/$6 USD) - 2015/12/21 4:36:19 ET
Table 'Marghanna' 2-max Seat #1 is the button
Seat 1: TbIP-TbIP 88 ($92 in chips)
Seat 2: Alex119387 ($239.59 in chips)
TbIP-TbIP 88: posts small blind $1
Alex119387: posts big blind $3
*** HOLE CARDS ***
TbIP-TbIP 88: raises $3 to $6
Alex119387: raises $3 to $9
TbIP-TbIP 88: calls $3
*** FLOP *** [As 4c Ts]
Alex119387: bets $3
TbIP-TbIP 88: calls $3
*** TURN *** [As 4c Ts] [4d]
Alex119387: bets $6
TbIP-TbIP 88: calls $6
*** RIVER *** [As 4c Ts 4d] [7s]
Alex119387: checks
TbIP-TbIP 88: checks
*** SHOW DOWN ***
Alex119387: shows [5s Kd] (a pair of Fours)
TbIP-TbIP 88: shows [6s 6c] (two pair, Sixes and Fours)
TbIP-TbIP 88 collected $35.50 from pot
*** SUMMARY ***
Total pot $36 | Rake $0.50
Board [As 4c Ts 4d 7s]
Seat 1: TbIP-TbIP 88 (button) (small blind) showed [6s 6c] and won ($35.50) with two pair, Sixes and Fours
Seat 2: Alex119387 (big blind) showed [5s Kd] and lost with a pair of Fours


PokerStars Hand #145676836833:  Hold'em Limit ($3/$6 USD) - 2015/12/21 4:36:32 ET
Table 'Marghanna' 2-max Seat #2 is the button
Seat 1: TbIP-TbIP 88 ($109.50 in chips)
Seat 2: Alex119387 ($221.59 in chips)
Alex119387: posts small blind $1
TbIP-TbIP 88: posts big blind $3
*** HOLE CARDS ***
Alex119387: raises $3 to $6
TbIP-TbIP 88: calls $3
*** FLOP *** [6c Jh Jc]
TbIP-TbIP 88: checks
Alex119387: bets $3
TbIP-TbIP 88: calls $3
*** TURN *** [6c Jh Jc] [4d]
TbIP-TbIP 88: checks
Alex119387: checks
*** RIVER *** [6c Jh Jc 4d] [2s]
TbIP-TbIP 88: bets $6
Alex119387: calls $6
*** SHOW DOWN ***
TbIP-TbIP 88: shows [Ah 4c] (two pair, Jacks and Fours)
Alex119387: mucks hand
TbIP-TbIP 88 collected $29.50 from pot
*** SUMMARY ***
Total pot $30 | Rake $0.50
Board [6c Jh Jc 4d 2s]
Seat 1: TbIP-TbIP 88 (big blind) showed [Ah 4c] and won ($29.50) with two pair, Jacks and Fours
Seat 2: Alex119387 (button) (small blind) mucked


PokerStars Hand #145676843346:  Hold'em Limit ($3/$6 USD) - 2015/12/21 4:36:50 ET
Table 'Marghanna' 2-max Seat #1 is the button
Seat 1: TbIP-TbIP 88 ($124 in chips)
Seat 2: Alex119387 ($206.59 in chips)
TbIP-TbIP 88: posts small blind $1
Alex119387: posts big blind $3
*** HOLE CARDS ***
TbIP-TbIP 88: raises $3 to $6
Alex119387: raises $3 to $9
TbIP-TbIP 88: calls $3
*** FLOP *** [2h 3h 2s]
Alex119387: bets $3
TbIP-TbIP 88: calls $3
*** TURN *** [2h 3h 2s] [4s]
Alex119387: checks
TbIP-TbIP 88: checks
*** RIVER *** [2h 3h 2s 4s] [Ac]
Alex119387: checks
TbIP-TbIP 88: checks
*** SHOW DOWN ***
Alex119387: shows [Jd Qh] (a pair of Deuces)
TbIP-TbIP 88: mucks hand
Alex119387 collected $23.52 from pot
*** SUMMARY ***
Total pot $24 | Rake $0.48
Board [2h 3h 2s 4s Ac]
Seat 1: TbIP-TbIP 88 (button) (small blind) mucked
Seat 2: Alex119387 (big blind) showed [Jd Qh] and won ($23.52) with a pair of Deuces


PokerStars Hand #145676850029:  Hold'em Limit ($3/$6 USD) - 2015/12/21 4:37:08 ET
Table 'Marghanna' 2-max Seat #2 is the button
Seat 1: TbIP-TbIP 88 ($112 in chips)
Seat 2: Alex119387 ($218.11 in chips)
Alex119387: posts small blind $1
TbIP-TbIP 88: posts big blind $3
*** HOLE CARDS ***
Alex119387: raises $3 to $6
TbIP-TbIP 88: calls $3
*** FLOP *** [Jh Js Tc]
TbIP-TbIP 88: checks
Alex119387: bets $3
TbIP-TbIP 88: calls $3
*** TURN *** [Jh Js Tc] [Td]
TbIP-TbIP 88: checks
Alex119387: checks
*** RIVER *** [Jh Js Tc Td] [4h]
TbIP-TbIP 88: checks
Alex119387: checks
*** SHOW DOWN ***
TbIP-TbIP 88: shows [8h 8s] (two pair, Jacks and Tens)
Alex119387: shows [9c 6c] (two pair, Jacks and Tens - Nine kicker)
Alex119387 collected $17.64 from pot
*** SUMMARY ***
Total pot $18 | Rake $0.36
Board [Jh Js Tc Td 4h]
Seat 1: TbIP-TbIP 88 (big blind) showed [8h 8s] and lost with two pair, Jacks and Tens
Seat 2: Alex119387 (button) (small blind) showed [9c 6c] and won ($17.64) with two pair, Jacks and Tens


PokerStars Hand #145676854312:  Hold'em Limit ($3/$6 USD) - 2015/12/21 4:37:19 ET
Table 'Marghanna' 2-max Seat #1 is the button
Seat 1: TbIP-TbIP 88 ($103 in chips)
Seat 2: Alex119387 ($226.75 in chips)
TbIP-TbIP 88: posts small blind $1
Alex119387: posts big blind $3
*** HOLE CARDS ***
TbIP-TbIP 88: calls $2
Alex119387: raises $3 to $6
TbIP-TbIP 88: calls $3
*** FLOP *** [2h 9c Ad]
Alex119387: bets $3
TbIP-TbIP 88: calls $3
*** TURN *** [2h 9c Ad] [8d]
Alex119387: bets $6
TbIP-TbIP 88: folds
Uncalled bet ($6) returned to Alex119387
Alex119387 collected $17.64 from pot
Alex119387: doesn't show hand
*** SUMMARY ***
Total pot $18 | Rake $0.36
Board [2h 9c Ad 8d]
Seat 1: TbIP-TbIP 88 (button) (small blind) folded on the Turn
Seat 2: Alex119387 (big blind) collected ($17.64)


PokerStars Hand #145676860859:  Hold'em Limit ($3/$6 USD) - 2015/12/21 4:37:37 ET
Table 'Marghanna' 2-max Seat #2 is the button
Seat 1: TbIP-TbIP 88 ($94 in chips)
Seat 2: Alex119387 ($235.39 in chips)
Alex119387: posts small blind $1
TbIP-TbIP 88: posts big blind $3
*** HOLE CARDS ***
Alex119387: raises $3 to $6
TbIP-TbIP 88: calls $3
*** FLOP *** [Ac 6c 3d]
TbIP-TbIP 88: checks
Alex119387: bets $3
TbIP-TbIP 88: raises $3 to $6
Alex119387: calls $3
*** TURN *** [Ac 6c 3d] [4s]
TbIP-TbIP 88: bets $6
Alex119387: raises $6 to $12
TbIP-TbIP 88: folds
Uncalled bet ($6) returned to Alex119387
Alex119387 collected $35.50 from pot
Alex119387: doesn't show hand
*** SUMMARY ***
Total pot $36 | Rake $0.50
Board [Ac 6c 3d 4s]
Seat 1: TbIP-TbIP 88 (big blind) folded on the Turn
Seat 2: Alex119387 (button) (small blind) collected ($35.50)


PokerStars Hand #145676886453:  Hold'em Limit ($3/$6 USD) - 2015/12/21 4:38:46 ET
Table 'Marghanna' 2-max Seat #2 is the button
Seat 1: TbIP-TbIP 88 ($75 in chips)
Seat 2: Alex119387 ($276.15 in chips)
Alex119387: posts small blind $1
TbIP-TbIP 88: posts big blind $3
*** HOLE CARDS ***
Alex119387: raises $3 to $6
TbIP-TbIP 88: calls $3
*** FLOP *** [4d Js 2h]
TbIP-TbIP 88: checks
Alex119387: bets $3
TbIP-TbIP 88: calls $3
*** TURN *** [4d Js 2h] [Ts]
TbIP-TbIP 88: checks
Alex119387: bets $6
TbIP-TbIP 88: calls $6
*** RIVER *** [4d Js 2h Ts] [Kd]
TbIP-TbIP 88: checks
Alex119387: bets $6
TbIP-TbIP 88: folds
Uncalled bet ($6) returned to Alex119387
Alex119387 collected $29.50 from pot
Alex119387: doesn't show hand
*** SUMMARY ***
Total pot $30 | Rake $0.50
Board [4d Js 2h Ts Kd]
Seat 1: TbIP-TbIP 88 (big blind) folded on the River
Seat 2: Alex119387 (button) (small blind) collected ($29.50)


PokerStars Hand #145676896321:  Hold'em Limit ($3/$6 USD) - 2015/12/21 4:39:13 ET
Table 'Marghanna' 2-max Seat #2 is the button
Seat 1: TbIP-TbIP 88 ($77.76 in chips)
Seat 2: Alex119387 ($284.65 in chips)
Alex119387: posts small blind $1
TbIP-TbIP 88: posts big blind $3
*** HOLE CARDS ***
Alex119387: raises $3 to $6
TbIP-TbIP 88: calls $3
*** FLOP *** [2h 3d 8d]
TbIP-TbIP 88: checks
Alex119387: bets $3
TbIP-TbIP 88: calls $3
*** TURN *** [2h 3d 8d] [Qh]
TbIP-TbIP 88: checks
Alex119387: checks
*** RIVER *** [2h 3d 8d Qh] [5h]
TbIP-TbIP 88: checks
Alex119387: bets $6
TbIP-TbIP 88: folds
Uncalled bet ($6) returned to Alex119387
Alex119387 collected $17.64 from pot
Alex119387: doesn't show hand
*** SUMMARY ***
Total pot $18 | Rake $0.36
Board [2h 3d 8d Qh 5h]
Seat 1: TbIP-TbIP 88 (big blind) folded on the River
Seat 2: Alex119387 (button) (small blind) collected ($17.64)


PokerStars Hand #145676884612:  Hold'em Limit ($3/$6 USD) - 2015/12/21 4:38:42 ET
Table 'Marghanna' 2-max Seat #1 is the button
Seat 1: TbIP-TbIP 88 ($72 in chips)
Seat 2: Alex119387 ($279.15 in chips)
TbIP-TbIP 88: posts small blind $1
Alex119387: posts big blind $3
*** HOLE CARDS ***
TbIP-TbIP 88: raises $3 to $6
Alex119387: folds
Uncalled bet ($3) returned to TbIP-TbIP 88
TbIP-TbIP 88 collected $6 from pot
TbIP-TbIP 88: doesn't show hand
*** SUMMARY ***
Total pot $6 | Rake $0
Seat 1: TbIP-TbIP 88 (button) (small blind) collected ($6)
Seat 2: Alex119387 (big blind) folded before Flop


PokerStars Hand #145676875713:  Hold'em Limit ($3/$6 USD) - 2015/12/21 4:38:17 ET
Table 'Marghanna' 2-max Seat #2 is the button
Seat 1: TbIP-TbIP 88 ($72 in chips)
Seat 2: Alex119387 ($273.39 in chips)
Alex119387: posts small blind $1
TbIP-TbIP 88: posts big blind $3
*** HOLE CARDS ***
Alex119387: raises $3 to $6
TbIP-TbIP 88: calls $3
*** FLOP *** [Ad Tc 3h]
TbIP-TbIP 88: checks
Alex119387: bets $3
TbIP-TbIP 88: folds
Uncalled bet ($3) returned to Alex119387
Alex119387 collected $11.76 from pot
Alex119387: doesn't show hand
*** SUMMARY ***
Total pot $12 | Rake $0.24
Board [Ad Tc 3h]
Seat 1: TbIP-TbIP 88 (big blind) folded on the Flop
Seat 2: Alex119387 (button) (small blind) collected ($11.76)


PokerStars Hand #145676903158:  Hold'em Limit ($3/$6 USD) - 2015/12/21 4:39:31 ET
Table 'Marghanna' 2-max Seat #1 is the button
Seat 1: TbIP-TbIP 88 ($72 in chips)
Seat 2: Alex119387 ($293.29 in chips)
TbIP-TbIP 88: posts small blind $1
Alex119387: posts big blind $3
*** HOLE CARDS ***
TbIP-TbIP 88: calls $2
Alex119387: checks
*** FLOP *** [5h 7s Kd]
Alex119387: checks
TbIP-TbIP 88: bets $3
Alex119387: raises $3 to $6
TbIP-TbIP 88: folds
Uncalled bet ($3) returned to Alex119387
Alex119387 collected $11.76 from pot
Alex119387: doesn't show hand
*** SUMMARY ***
Total pot $12 | Rake $0.24
Board [5h 7s Kd]
Seat 1: TbIP-TbIP 88 (button) (small blind) folded on the Flop
Seat 2: Alex119387 (big blind) collected ($11.76)


PokerStars Hand #145676921854:  Hold'em Limit ($3/$6 USD) - 2015/12/21 4:40:22 ET
Table 'Marghanna' 2-max Seat #2 is the button
Seat 1: TbIP-TbIP 88 ($77.50 in chips)
Seat 2: Alex119387 ($292.55 in chips)
Alex119387: posts small blind $1
TbIP-TbIP 88: posts big blind $3
*** HOLE CARDS ***
Alex119387: folds
Uncalled bet ($2) returned to TbIP-TbIP 88
TbIP-TbIP 88 collected $2 from pot
TbIP-TbIP 88: doesn't show hand
*** SUMMARY ***
Total pot $2 | Rake $0
Seat 1: TbIP-TbIP 88 (big blind) collected ($2)
Seat 2: Alex119387 (button) (small blind) folded before Flop


PokerStars Hand #145676916762:  Hold'em Limit ($3/$6 USD) - 2015/12/21 4:40:08 ET
Table 'Marghanna' 2-max Seat #1 is the button
Seat 1: TbIP-TbIP 88 ($101.50 in chips)
Seat 2: Alex119387 ($269.05 in chips)
TbIP-TbIP 88: posts small blind $1
Alex119387: posts big blind $3
*** HOLE CARDS ***
TbIP-TbIP 88: raises $3 to $6
Alex119387: raises $3 to $9
TbIP-TbIP 88: calls $3
*** FLOP *** [6s Ah Kc]
Alex119387: bets $3
TbIP-TbIP 88: calls $3
*** TURN *** [6s Ah Kc] [7d]
Alex119387: bets $6
TbIP-TbIP 88: calls $6
*** RIVER *** [6s Ah Kc 7d] [4h]
Alex119387: bets $6
TbIP-TbIP 88: calls $6
*** SHOW DOWN ***
Alex119387: shows [Ac Qc] (a pair of Aces)
TbIP-TbIP 88: mucks hand
Alex119387 collected $47.50 from pot
*** SUMMARY ***
Total pot $48 | Rake $0.50
Board [6s Ah Kc 7d 4h]
Seat 1: TbIP-TbIP 88 (button) (small blind) mucked
Seat 2: Alex119387 (big blind) showed [Ac Qc] and won ($47.50) with a pair of Aces


PokerStars Hand #145676928797:  Hold'em Limit ($3/$6 USD) - 2015/12/21 4:40:40 ET
Table 'Marghanna' 2-max Seat #2 is the button
Seat 1: TbIP-TbIP 88 ($75.50 in chips)
Seat 2: Alex119387 ($294.43 in chips)
Alex119387: posts small blind $1
TbIP-TbIP 88: posts big blind $3
*** HOLE CARDS ***
Alex119387: raises $3 to $6
TbIP-TbIP 88: calls $3
*** FLOP *** [8s 6s Js]
TbIP-TbIP 88: checks
Alex119387: bets $3
TbIP-TbIP 88: calls $3
*** TURN *** [8s 6s Js] [5h]
TbIP-TbIP 88: checks
Alex119387: checks
*** RIVER *** [8s 6s Js 5h] [2c]
TbIP-TbIP 88: checks
Alex119387: bets $6
TbIP-TbIP 88: calls $6
*** SHOW DOWN ***
Alex119387: shows [Jh 3h] (a pair of Jacks)
TbIP-TbIP 88: mucks hand
Alex119387 collected $29.50 from pot
*** SUMMARY ***
Total pot $30 | Rake $0.50
Board [8s 6s Js 5h 2c]
Seat 1: TbIP-TbIP 88 (big blind) mucked
Seat 2: Alex119387 (button) (small blind) showed [Jh 3h] and won ($29.50) with a pair of Jacks


PokerStars Hand #145676937158:  Hold'em Limit ($3/$6 USD) - 2015/12/21 4:41:03 ET
Table 'Marghanna' 2-max Seat #2 is the button
Seat 1: TbIP-TbIP 88 ($75 in chips)
Seat 2: Alex119387 ($305.93 in chips)
Alex119387: posts small blind $1
TbIP-TbIP 88: posts big blind $3
*** HOLE CARDS ***
Alex119387: folds
Uncalled bet ($2) returned to TbIP-TbIP 88
TbIP-TbIP 88 collected $2 from pot
TbIP-TbIP 88: doesn't show hand
*** SUMMARY ***
Total pot $2 | Rake $0
Seat 1: TbIP-TbIP 88 (big blind) collected ($2)
Seat 2: Alex119387 (button) (small blind) folded before Flop


PokerStars Hand #145676935209:  Hold'em Limit ($3/$6 USD) - 2015/12/21 4:40:58 ET
Table 'Marghanna' 2-max Seat #1 is the button
Seat 1: TbIP-TbIP 88 ($72 in chips)
Seat 2: Alex119387 ($308.93 in chips)
TbIP-TbIP 88: posts small blind $1
Alex119387: posts big blind $3
*** HOLE CARDS ***
TbIP-TbIP 88: raises $3 to $6
Alex119387: folds
Uncalled bet ($3) returned to TbIP-TbIP 88
TbIP-TbIP 88 collected $6 from pot
TbIP-TbIP 88: doesn't show hand
*** SUMMARY ***
Total pot $6 | Rake $0
Seat 1: TbIP-TbIP 88 (button) (small blind) collected ($6)
Seat 2: Alex119387 (big blind) folded before Flop


PokerStars Hand #145676938737:  Hold'em Limit ($3/$6 USD) - 2015/12/21 4:41:07 ET
Table 'Marghanna' 2-max Seat #1 is the button
Seat 1: TbIP-TbIP 88 ($76 in chips)
Seat 2: Alex119387 ($304.93 in chips)
TbIP-TbIP 88: posts small blind $1
Alex119387: posts big blind $3
*** HOLE CARDS ***
TbIP-TbIP 88: raises $3 to $6
Alex119387: folds
Uncalled bet ($3) returned to TbIP-TbIP 88
TbIP-TbIP 88 collected $6 from pot
TbIP-TbIP 88: doesn't show hand
*** SUMMARY ***
Total pot $6 | Rake $0
Seat 1: TbIP-TbIP 88 (button) (small blind) collected ($6)
Seat 2: Alex119387 (big blind) folded before Flop


PokerStars Hand #145676941903:  Hold'em Limit ($3/$6 USD) - 2015/12/21 4:41:15 ET
Table 'Marghanna' 2-max Seat #2 is the button
Seat 1: TbIP-TbIP 88 ($79 in chips)
Seat 2: Alex119387 ($301.93 in chips)
Alex119387: posts small blind $1
TbIP-TbIP 88: posts big blind $3
*** HOLE CARDS ***
Alex119387: raises $3 to $6
TbIP-TbIP 88: calls $3
*** FLOP *** [7s 5d 9h]
TbIP-TbIP 88: checks
Alex119387: bets $3
TbIP-TbIP 88: calls $3
*** TURN *** [7s 5d 9h] [4h]
TbIP-TbIP 88: checks
Alex119387: bets $6
TbIP-TbIP 88: calls $6
*** RIVER *** [7s 5d 9h 4h] [Qh]
TbIP-TbIP 88: checks
Alex119387: checks
*** SHOW DOWN ***
TbIP-TbIP 88: shows [Ad Td] (high card Ace)
Alex119387: shows [5h 6c] (a pair of Fives)
Alex119387 collected $29.50 from pot
*** SUMMARY ***
Total pot $30 | Rake $0.50
Board [7s 5d 9h 4h Qh]
Seat 1: TbIP-TbIP 88 (big blind) showed [Ad Td] and lost with high card Ace
Seat 2: Alex119387 (button) (small blind) showed [5h 6c] and won ($29.50) with a pair of Fives


PokerStars Hand #145676946951:  Hold'em Limit ($3/$6 USD) - 2015/12/21 4:41:29 ET
Table 'Marghanna' 2-max Seat #1 is the button
Seat 1: TbIP-TbIP 88 ($72 in chips)
Seat 2: Alex119387 ($316.43 in chips)
TbIP-TbIP 88: posts small blind $1
Alex119387: posts big blind $3
*** HOLE CARDS ***
TbIP-TbIP 88: folds
Uncalled bet ($2) returned to Alex119387
Alex119387 collected $2 from pot
Alex119387: doesn't show hand
*** SUMMARY ***
Total pot $2 | Rake $0
Seat 1: TbIP-TbIP 88 (button) (small blind) folded before Flop
Seat 2: Alex119387 (big blind) collected ($2)


PokerStars Hand #145676924070:  Hold'em Limit ($3/$6 USD) - 2015/12/21 4:40:28 ET
Table 'Marghanna' 2-max Seat #1 is the button
Seat 1: TbIP-TbIP 88 ($78.50 in chips)
Seat 2: Alex119387 ($291.55 in chips)
TbIP-TbIP 88: posts small blind $1
Alex119387: posts big blind $3
*** HOLE CARDS ***
TbIP-TbIP 88: calls $2
Alex119387: checks
*** FLOP *** [Ac 2h Tc]
Alex119387: bets $3
TbIP-TbIP 88: folds
Uncalled bet ($3) returned to Alex119387
Alex119387 collected $5.88 from pot
Alex119387: doesn't show hand
*** SUMMARY ***
Total pot $6 | Rake $0.12
Board [Ac 2h Tc]
Seat 1: TbIP-TbIP 88 (button) (small blind) folded on the Flop
Seat 2: Alex119387 (big blind) collected ($5.88)


PokerStars Hand #145676953406:  Hold'em Limit ($3/$6 USD) - 2015/12/21 4:41:47 ET
Table 'Marghanna' 2-max Seat #1 is the button
Seat 1: TbIP-TbIP 88 ($80.64 in chips)
Seat 2: Alex119387 ($308.43 in chips)
TbIP-TbIP 88: posts small blind $1
Alex119387: posts big blind $3
*** HOLE CARDS ***
TbIP-TbIP 88: raises $3 to $6
Alex119387: folds
Uncalled bet ($3) returned to TbIP-TbIP 88
TbIP-TbIP 88 collected $6 from pot
TbIP-TbIP 88: doesn't show hand
*** SUMMARY ***
Total pot $6 | Rake $0
Seat 1: TbIP-TbIP 88 (button) (small blind) collected ($6)
Seat 2: Alex119387 (big blind) folded before Flop


PokerStars Hand #145676955234:  Hold'em Limit ($3/$6 USD) - 2015/12/21 4:41:51 ET
Table 'Marghanna' 2-max Seat #2 is the button
Seat 1: TbIP-TbIP 88 ($83.64 in chips)
Seat 2: Alex119387 ($305.43 in chips)
Alex119387: posts small blind $1
TbIP-TbIP 88: posts big blind $3
*** HOLE CARDS ***
Alex119387: raises $3 to $6
TbIP-TbIP 88: calls $3
*** FLOP *** [Qd Ad Tc]
TbIP-TbIP 88: checks
Alex119387: bets $3
TbIP-TbIP 88: folds
Uncalled bet ($3) returned to Alex119387
Alex119387 collected $11.76 from pot
Alex119387: doesn't show hand
*** SUMMARY ***
Total pot $12 | Rake $0.24
Board [Qd Ad Tc]
Seat 1: TbIP-TbIP 88 (big blind) folded on the Flop
Seat 2: Alex119387 (button) (small blind) collected ($11.76)


PokerStars Hand #145676962793:  Hold'em Limit ($3/$6 USD) - 2015/12/21 4:42:11 ET
Table 'Marghanna' 2-max Seat #1 is the button
Seat 1: TbIP-TbIP 88 ($77.64 in chips)
Seat 2: Alex119387 ($311.19 in chips)
TbIP-TbIP 88: posts small blind $1
Alex119387: posts big blind $3
*** HOLE CARDS ***
TbIP-TbIP 88: raises $3 to $6
Alex119387: raises $3 to $9
TbIP-TbIP 88: calls $3
*** FLOP *** [Th 4h 3h]
Alex119387: bets $3
TbIP-TbIP 88: raises $3 to $6
Alex119387: calls $3
*** TURN *** [Th 4h 3h] [6c]
Alex119387: checks
TbIP-TbIP 88: bets $6
Alex119387: raises $6 to $12
TbIP-TbIP 88: calls $6
*** RIVER *** [Th 4h 3h 6c] [8s]
Alex119387: bets $6
TbIP-TbIP 88: calls $6
*** SHOW DOWN ***
Alex119387: shows [7h Ah] (a flush, Ace high)
TbIP-TbIP 88: mucks hand
Alex119387 collected $65.50 from pot
*** SUMMARY ***
Total pot $66 | Rake $0.50
Board [Th 4h 3h 6c 8s]
Seat 1: TbIP-TbIP 88 (button) (small blind) mucked
Seat 2: Alex119387 (big blind) showed [7h Ah] and won ($65.50) with a flush, Ace high


PokerStars Hand #145676949033:  Hold'em Limit ($3/$6 USD) - 2015/12/21 4:41:35 ET
Table 'Marghanna' 2-max Seat #2 is the button
Seat 1: TbIP-TbIP 88 ($72 in chips)
Seat 2: Alex119387 ($317.43 in chips)
Alex119387: posts small blind $1
TbIP-TbIP 88: posts big blind $3
*** HOLE CARDS ***
Alex119387: raises $3 to $6
TbIP-TbIP 88: calls $3
*** FLOP *** [9h 4s 8h]
TbIP-TbIP 88: checks
Alex119387: bets $3
TbIP-TbIP 88: calls $3
*** TURN *** [9h 4s 8h] [4d]
TbIP-TbIP 88: checks
Alex119387: checks
*** RIVER *** [9h 4s 8h 4d] [2s]
TbIP-TbIP 88: bets $6
Alex119387: folds
Uncalled bet ($6) returned to TbIP-TbIP 88
TbIP-TbIP 88 collected $17.64 from pot
TbIP-TbIP 88: doesn't show hand
*** SUMMARY ***
Total pot $18 | Rake $0.36
Board [9h 4s 8h 4d 2s]
Seat 1: TbIP-TbIP 88 (big blind) collected ($17.64)
Seat 2: Alex119387 (button) (small blind) folded on the River


PokerStars Hand #145676977248:  Hold'em Limit ($3/$6 USD) - 2015/12/21 4:42:50 ET
Table 'Marghanna' 2-max Seat #1 is the button
Seat 1: TbIP-TbIP 88 ($95.50 in chips)
Seat 2: Alex119387 ($319.69 in chips)
TbIP-TbIP 88: posts small blind $1
Alex119387: posts big blind $3
*** HOLE CARDS ***
TbIP-TbIP 88: raises $3 to $6
Alex119387: raises $3 to $9
TbIP-TbIP 88: calls $3
*** FLOP *** [5h 7d Ad]
Alex119387: bets $3
TbIP-TbIP 88: calls $3
*** TURN *** [5h 7d Ad] [Qc]
Alex119387: checks
TbIP-TbIP 88: bets $6
Alex119387: calls $6
*** RIVER *** [5h 7d Ad Qc] [5d]
Alex119387: checks
TbIP-TbIP 88: bets $6
Alex119387: calls $6
*** SHOW DOWN ***
TbIP-TbIP 88: shows [5s Ah] (a full house, Fives full of Aces)
Alex119387: mucks hand
TbIP-TbIP 88 collected $47.50 from pot
*** SUMMARY ***
Total pot $48 | Rake $0.50
Board [5h 7d Ad Qc 5d]
Seat 1: TbIP-TbIP 88 (button) (small blind) showed [5s Ah] and won ($47.50) with a full house, Fives full of Aces
Seat 2: Alex119387 (big blind) mucked


PokerStars Hand #145676983368:  Hold'em Limit ($3/$6 USD) - 2015/12/21 4:43:06 ET
Table 'Marghanna' 2-max Seat #2 is the button
Seat 1: TbIP-TbIP 88 ($119 in chips)
Seat 2: Alex119387 ($295.69 in chips)
Alex119387: posts small blind $1
TbIP-TbIP 88: posts big blind $3
*** HOLE CARDS ***
Alex119387: raises $3 to $6
TbIP-TbIP 88: calls $3
*** FLOP *** [Qd 3d 6h]
TbIP-TbIP 88: checks
Alex119387: bets $3
TbIP-TbIP 88: calls $3
*** TURN *** [Qd 3d 6h] [3s]
TbIP-TbIP 88: checks
Alex119387: checks
*** RIVER *** [Qd 3d 6h 3s] [7c]
TbIP-TbIP 88: checks
Alex119387: checks
*** SHOW DOWN ***
TbIP-TbIP 88: shows [Kh Ts] (a pair of Threes)
Alex119387: shows [Ac Js] (a pair of Threes - Ace kicker)
Alex119387 collected $17.64 from pot
*** SUMMARY ***
Total pot $18 | Rake $0.36
Board [Qd 3d 6h 3s 7c]
Seat 1: TbIP-TbIP 88 (big blind) showed [Kh Ts] and lost with a pair of Threes
Seat 2: Alex119387 (button) (small blind) showed [Ac Js] and won ($17.64) with a pair of Threes


PokerStars Hand #145676987860:  Hold'em Limit ($3/$6 USD) - 2015/12/21 4:43:18 ET
Table 'Marghanna' 2-max Seat #1 is the button
Seat 1: TbIP-TbIP 88 ($110 in chips)
Seat 2: Alex119387 ($304.33 in chips)
TbIP-TbIP 88: posts small blind $1
Alex119387: posts big blind $3
*** HOLE CARDS ***
TbIP-TbIP 88: raises $3 to $6
Alex119387: raises $3 to $9
TbIP-TbIP 88: calls $3
*** FLOP *** [4d 7s Jd]
Alex119387: bets $3
TbIP-TbIP 88: calls $3
*** TURN *** [4d 7s Jd] [4h]
Alex119387: bets $6
TbIP-TbIP 88: raises $6 to $12
Alex119387: calls $6
*** RIVER *** [4d 7s Jd 4h] [Jh]
Alex119387: checks
TbIP-TbIP 88: bets $6
Alex119387: calls $6
*** SHOW DOWN ***
TbIP-TbIP 88: shows [Jc 7d] (a full house, Jacks full of Sevens)
Alex119387: mucks hand
TbIP-TbIP 88 collected $59.50 from pot
*** SUMMARY ***
Total pot $60 | Rake $0.50
Board [4d 7s Jd 4h Jh]
Seat 1: TbIP-TbIP 88 (button) (small blind) showed [Jc 7d] and won ($59.50) with a full house, Jacks full of Sevens
Seat 2: Alex119387 (big blind) mucked


PokerStars Hand #145676968307:  Hold'em Limit ($3/$6 USD) - 2015/12/21 4:42:26 ET
Table 'Marghanna' 2-max Seat #2 is the button
Seat 1: TbIP-TbIP 88 ($72 in chips)
Seat 2: Alex119387 ($343.69 in chips)
Alex119387: posts small blind $1
TbIP-TbIP 88: posts big blind $3
*** HOLE CARDS ***
Alex119387: raises $3 to $6
TbIP-TbIP 88: calls $3
*** FLOP *** [Td As 3d]
TbIP-TbIP 88: checks
Alex119387: bets $3
TbIP-TbIP 88: raises $3 to $6
Alex119387: calls $3
*** TURN *** [Td As 3d] [7c]
TbIP-TbIP 88: bets $6
Alex119387: calls $6
*** RIVER *** [Td As 3d 7c] [2d]
TbIP-TbIP 88: bets $6
Alex119387: calls $6
*** SHOW DOWN ***
TbIP-TbIP 88: shows [Qs Ac] (a pair of Aces)
Alex119387: mucks hand
TbIP-TbIP 88 collected $47.50 from pot
*** SUMMARY ***
Total pot $48 | Rake $0.50
Board [Td As 3d 7c 2d]
Seat 1: TbIP-TbIP 88 (big blind) showed [Qs Ac] and won ($47.50) with a pair of Aces
Seat 2: Alex119387 (button) (small blind) mucked


PokerStars Hand #145676998784:  Hold'em Limit ($3/$6 USD) - 2015/12/21 4:43:47 ET
Table 'Marghanna' 2-max Seat #1 is the button
Seat 1: TbIP-TbIP 88 ($133.50 in chips)
Seat 2: Alex119387 ($280.09 in chips)
TbIP-TbIP 88: posts small blind $1
Alex119387: posts big blind $3
*** HOLE CARDS ***
TbIP-TbIP 88: raises $3 to $6
Alex119387: raises $3 to $9
TbIP-TbIP 88: calls $3
*** FLOP *** [Js Qd Jd]
Alex119387: bets $3
TbIP-TbIP 88: calls $3
*** TURN *** [Js Qd Jd] [3s]
Alex119387: bets $6
TbIP-TbIP 88: calls $6
*** RIVER *** [Js Qd Jd 3s] [2d]
Alex119387: bets $6
TbIP-TbIP 88: folds
Uncalled bet ($6) returned to Alex119387
Alex119387 collected $35.50 from pot
Alex119387: doesn't show hand
*** SUMMARY ***
Total pot $36 | Rake $0.50
Board [Js Qd Jd 3s 2d]
Seat 1: TbIP-TbIP 88 (button) (small blind) folded on the River
Seat 2: Alex119387 (big blind) collected ($35.50)


PokerStars Hand #145677005800:  Hold'em Limit ($3/$6 USD) - 2015/12/21 4:44:06 ET
Table 'Marghanna' 2-max Seat #2 is the button
Seat 1: TbIP-TbIP 88 ($115.50 in chips)
Seat 2: Alex119387 ($297.59 in chips)
Alex119387: posts small blind $1
TbIP-TbIP 88: posts big blind $3
*** HOLE CARDS ***
Alex119387: raises $3 to $6
TbIP-TbIP 88: calls $3
*** FLOP *** [4c Qc Kc]
TbIP-TbIP 88: checks
Alex119387: bets $3
TbIP-TbIP 88: calls $3
*** TURN *** [4c Qc Kc] [3c]
TbIP-TbIP 88: checks
Alex119387: bets $6
TbIP-TbIP 88: calls $6
*** RIVER *** [4c Qc Kc 3c] [9s]
TbIP-TbIP 88: checks
Alex119387: bets $6
TbIP-TbIP 88: calls $6
*** SHOW DOWN ***
Alex119387: shows [5s 8c] (a flush, King high)
TbIP-TbIP 88: mucks hand
Alex119387 collected $41.50 from pot
*** SUMMARY ***
Total pot $42 | Rake $0.50
Board [4c Qc Kc 3c 9s]
Seat 1: TbIP-TbIP 88 (big blind) mucked
Seat 2: Alex119387 (button) (small blind) showed [5s 8c] and won ($41.50) with a flush, King high


PokerStars Hand #145676994622:  Hold'em Limit ($3/$6 USD) - 2015/12/21 4:43:36 ET
Table 'Marghanna' 2-max Seat #2 is the button
Seat 1: TbIP-TbIP 88 ($139.50 in chips)
Seat 2: Alex119387 ($274.33 in chips)
Alex119387: posts small blind $1
TbIP-TbIP 88: posts big blind $3
*** HOLE CARDS ***
Alex119387: raises $3 to $6
TbIP-TbIP 88: calls $3
*** FLOP *** [Td Qc 4c]
TbIP-TbIP 88: checks
Alex119387: bets $3
TbIP-TbIP 88: folds
Uncalled bet ($3) returned to Alex119387
Alex119387 collected $11.76 from pot
Alex119387: doesn't show hand
*** SUMMARY ***
Total pot $12 | Rake $0.24
Board [Td Qc 4c]
Seat 1: TbIP-TbIP 88 (big blind) folded on the Flop
Seat 2: Alex119387 (button) (small blind) collected ($11.76)


PokerStars Hand #145677021723:  Hold'em Limit ($3/$6 USD) - 2015/12/21 4:44:48 ET
Table 'Marghanna' 2-max Seat #2 is the button
Seat 1: TbIP-TbIP 88 ($103.14 in chips)
Seat 2: Alex119387 ($309.09 in chips)
Alex119387: posts small blind $1
TbIP-TbIP 88: posts big blind $3
*** HOLE CARDS ***
Alex119387: raises $3 to $6
TbIP-TbIP 88: calls $3
*** FLOP *** [8h 3h Tc]
TbIP-TbIP 88: checks
Alex119387: bets $3
TbIP-TbIP 88: raises $3 to $6
Alex119387: calls $3
*** TURN *** [8h 3h Tc] [Jd]
TbIP-TbIP 88: bets $6
Alex119387: raises $6 to $12
TbIP-TbIP 88: raises $6 to $18
Alex119387: calls $6
*** RIVER *** [8h 3h Tc Jd] [7s]
TbIP-TbIP 88: bets $6
Alex119387: raises $6 to $12
TbIP-TbIP 88: calls $6
*** SHOW DOWN ***
Alex119387: shows [9c 6s] (a straight, Seven to Jack)
TbIP-TbIP 88: shows [9s 7h] (a straight, Seven to Jack)
TbIP-TbIP 88 collected $41.75 from pot
Alex119387 collected $41.75 from pot
*** SUMMARY ***
Total pot $84 | Rake $0.50
Board [8h 3h Tc Jd 7s]
Seat 1: TbIP-TbIP 88 (big blind) showed [9s 7h] and won ($41.75) with a straight, Seven to Jack
Seat 2: Alex119387 (button) (small blind) showed [9c 6s] and won ($41.75) with a straight, Seven to Jack


PokerStars Hand #145677016625:  Hold'em Limit ($3/$6 USD) - 2015/12/21 4:44:35 ET
Table 'Marghanna' 2-max Seat #1 is the button
Seat 1: TbIP-TbIP 88 ($94.50 in chips)
Seat 2: Alex119387 ($318.09 in chips)
TbIP-TbIP 88: posts small blind $1
Alex119387: posts big blind $3
*** HOLE CARDS ***
TbIP-TbIP 88: calls $2
Alex119387: raises $3 to $6
TbIP-TbIP 88: calls $3
*** FLOP *** [Tc 6c Jd]
Alex119387: bets $3
TbIP-TbIP 88: calls $3
*** TURN *** [Tc 6c Jd] [7s]
Alex119387: checks
TbIP-TbIP 88: bets $6
Alex119387: folds
Uncalled bet ($6) returned to TbIP-TbIP 88
TbIP-TbIP 88 collected $17.64 from pot
TbIP-TbIP 88: doesn't show hand
*** SUMMARY ***
Total pot $18 | Rake $0.36
Board [Tc 6c Jd 7s]
Seat 1: TbIP-TbIP 88 (button) (small blind) collected ($17.64)
Seat 2: Alex119387 (big blind) folded on the Turn


PokerStars Hand #145677038303:  Hold'em Limit ($3/$6 USD) - 2015/12/21 4:45:32 ET
Table 'Marghanna' 2-max Seat #1 is the button
Seat 1: TbIP-TbIP 88 ($93.65 in chips)
Seat 2: Alex119387 ($317.34 in chips)
TbIP-TbIP 88: posts small blind $1
Alex119387: posts big blind $3
*** HOLE CARDS ***
TbIP-TbIP 88: raises $3 to $6
Alex119387: calls $3
*** FLOP *** [Qh Qs 7s]
Alex119387: checks
TbIP-TbIP 88: bets $3
Alex119387: raises $3 to $6
TbIP-TbIP 88: calls $3
*** TURN *** [Qh Qs 7s] [2c]
Alex119387: bets $6
TbIP-TbIP 88: calls $6
*** RIVER *** [Qh Qs 7s 2c] [7c]
Alex119387: bets $6
TbIP-TbIP 88: folds
Uncalled bet ($6) returned to Alex119387
Alex119387 collected $35.50 from pot
Alex119387: doesn't show hand
*** SUMMARY ***
Total pot $36 | Rake $0.50
Board [Qh Qs 7s 2c 7c]
Seat 1: TbIP-TbIP 88 (button) (small blind) folded on the River
Seat 2: Alex119387 (big blind) collected ($35.50)


PokerStars Hand #145677044035:  Hold'em Limit ($3/$6 USD) - 2015/12/21 4:45:48 ET
Table 'Marghanna' 2-max Seat #2 is the button
Seat 1: TbIP-TbIP 88 ($75.65 in chips)
Seat 2: Alex119387 ($334.84 in chips)
Alex119387: posts small blind $1
TbIP-TbIP 88: posts big blind $3
*** HOLE CARDS ***
Alex119387: raises $3 to $6
TbIP-TbIP 88: calls $3
*** FLOP *** [Jd Ah As]
TbIP-TbIP 88: checks
Alex119387: checks
*** TURN *** [Jd Ah As] [4d]
TbIP-TbIP 88: checks
Alex119387: checks
*** RIVER *** [Jd Ah As 4d] [6s]
TbIP-TbIP 88: checks
Alex119387: bets $6
TbIP-TbIP 88: calls $6
*** SHOW DOWN ***
Alex119387: shows [4h Ac] (a full house, Aces full of Fours)
TbIP-TbIP 88: mucks hand
Alex119387 collected $23.52 from pot
*** SUMMARY ***
Total pot $24 | Rake $0.48
Board [Jd Ah As 4d 6s]
Seat 1: TbIP-TbIP 88 (big blind) mucked
Seat 2: Alex119387 (button) (small blind) showed [4h Ac] and won ($23.52) with a full house, Aces full of Fours


PokerStars Hand #145677049126:  Hold'em Limit ($3/$6 USD) - 2015/12/21 4:46:01 ET
Table 'Marghanna' 2-max Seat #1 is the button
Seat 1: TbIP-TbIP 88 ($72 in chips)
Seat 2: Alex119387 ($346.36 in chips)
TbIP-TbIP 88: posts small blind $1
Alex119387: posts big blind $3
*** HOLE CARDS ***
TbIP-TbIP 88: raises $3 to $6
Alex119387: calls $3
*** FLOP *** [Jh 2h 5h]
Alex119387: bets $3
TbIP-TbIP 88: folds
Uncalled bet ($3) returned to Alex119387
Alex119387 collected $11.76 from pot
Alex119387: doesn't show hand
*** SUMMARY ***
Total pot $12 | Rake $0.24
Board [Jh 2h 5h]
Seat 1: TbIP-TbIP 88 (button) (small blind) folded on the Flop
Seat 2: Alex119387 (big blind) collected ($11.76)


PokerStars Hand #145677031513:  Hold'em Limit ($3/$6 USD) - 2015/12/21 4:45:14 ET
Table 'Marghanna' 2-max Seat #2 is the button
Seat 1: TbIP-TbIP 88 ($108.65 in chips)
Seat 2: Alex119387 ($302.84 in chips)
Alex119387: posts small blind $1
TbIP-TbIP 88: posts big blind $3
*** HOLE CARDS ***
Alex119387: raises $3 to $6
TbIP-TbIP 88: calls $3
*** FLOP *** [7h 6s 4s]
TbIP-TbIP 88: checks
Alex119387: bets $3
TbIP-TbIP 88: calls $3
*** TURN *** [7h 6s 4s] [Th]
TbIP-TbIP 88: checks
Alex119387: bets $6
TbIP-TbIP 88: calls $6
*** RIVER *** [7h 6s 4s Th] [6d]
TbIP-TbIP 88: checks
Alex119387: bets $6
TbIP-TbIP 88: folds
Uncalled bet ($6) returned to Alex119387
Alex119387 collected $29.50 from pot
Alex119387: doesn't show hand
*** SUMMARY ***
Total pot $30 | Rake $0.50
Board [7h 6s 4s Th 6d]
Seat 1: TbIP-TbIP 88 (big blind) folded on the River
Seat 2: Alex119387 (button) (small blind) collected ($29.50)


PokerStars Hand #145677066443:  Hold'em Limit ($3/$6 USD) - 2015/12/21 4:46:46 ET
Table 'Marghanna' 2-max Seat #1 is the button
Seat 1: TbIP-TbIP 88 ($72 in chips)
Seat 2: Alex119387 ($372.62 in chips)
TbIP-TbIP 88: posts small blind $1
Alex119387: posts big blind $3
*** HOLE CARDS ***
TbIP-TbIP 88: folds
Uncalled bet ($2) returned to Alex119387
Alex119387 collected $2 from pot
Alex119387: doesn't show hand
*** SUMMARY ***
Total pot $2 | Rake $0
Seat 1: TbIP-TbIP 88 (button) (small blind) folded before Flop
Seat 2: Alex119387 (big blind) collected ($2)


PokerStars Hand #145677068367:  Hold'em Limit ($3/$6 USD) - 2015/12/21 4:46:51 ET
Table 'Marghanna' 2-max Seat #2 is the button
Seat 1: TbIP-TbIP 88 ($72 in chips)
Seat 2: Alex119387 ($373.62 in chips)
Alex119387: posts small blind $1
TbIP-TbIP 88: posts big blind $3
*** HOLE CARDS ***
Alex119387: raises $3 to $6
TbIP-TbIP 88: calls $3
*** FLOP *** [Jh 8d 4h]
TbIP-TbIP 88: checks
Alex119387: bets $3
TbIP-TbIP 88: calls $3
*** TURN *** [Jh 8d 4h] [9c]
TbIP-TbIP 88: checks
Alex119387: bets $6
TbIP-TbIP 88: calls $6
*** RIVER *** [Jh 8d 4h 9c] [5h]
TbIP-TbIP 88: checks
Alex119387: bets $6
TbIP-TbIP 88: folds
Uncalled bet ($6) returned to Alex119387
Alex119387 collected $29.50 from pot
Alex119387: doesn't show hand
*** SUMMARY ***
Total pot $30 | Rake $0.50
Board [Jh 8d 4h 9c 5h]
Seat 1: TbIP-TbIP 88 (big blind) folded on the River
Seat 2: Alex119387 (button) (small blind) collected ($29.50)


PokerStars Hand #145677076628:  Hold'em Limit ($3/$6 USD) - 2015/12/21 4:47:13 ET
Table 'Marghanna' 2-max Seat #1 is the button
Seat 1: TbIP-TbIP 88 ($72 in chips)
Seat 2: Alex119387 ($388.12 in chips)
TbIP-TbIP 88: posts small blind $1
Alex119387: posts big blind $3
*** HOLE CARDS ***
TbIP-TbIP 88: calls $2
Alex119387: raises $3 to $6
TbIP-TbIP 88: calls $3
*** FLOP *** [Qh 4d 3s]
Alex119387: bets $3
TbIP-TbIP 88: calls $3
*** TURN *** [Qh 4d 3s] [8h]
Alex119387: bets $6
TbIP-TbIP 88: raises $6 to $12
Alex119387: folds
Uncalled bet ($6) returned to TbIP-TbIP 88
TbIP-TbIP 88 collected $29.50 from pot
TbIP-TbIP 88: doesn't show hand
*** SUMMARY ***
Total pot $30 | Rake $0.50
Board [Qh 4d 3s 8h]
Seat 1: TbIP-TbIP 88 (button) (small blind) collected ($29.50)
Seat 2: Alex119387 (big blind) folded on the Turn


PokerStars Hand #145677086307:  Hold'em Limit ($3/$6 USD) - 2015/12/21 4:47:38 ET
Table 'Marghanna' 2-max Seat #1 is the button
Seat 1: TbIP-TbIP 88 ($95.14 in chips)
Seat 2: Alex119387 ($364.12 in chips)
TbIP-TbIP 88: posts small blind $1
Alex119387: posts big blind $3
*** HOLE CARDS ***
TbIP-TbIP 88: raises $3 to $6
Alex119387: calls $3
*** FLOP *** [5h 2h Ac]
Alex119387: checks
TbIP-TbIP 88: checks
*** TURN *** [5h 2h Ac] [Qh]
Alex119387: bets $6
TbIP-TbIP 88: calls $6
*** RIVER *** [5h 2h Ac Qh] [Qd]
Alex119387: bets $6
TbIP-TbIP 88: raises $6 to $12
Alex119387: calls $6
*** SHOW DOWN ***
TbIP-TbIP 88: shows [Kc Qc] (three of a kind, Queens)
Alex119387: mucks hand
TbIP-TbIP 88 collected $47.50 from pot
Alex119387 leaves the table
*** SUMMARY ***
Total pot $48 | Rake $0.50
Board [5h 2h Ac Qh Qd]
Seat 1: TbIP-TbIP 88 (button) (small blind) showed [Kc Qc] and won ($47.50) with three of a kind, Queens
Seat 2: Alex119387 (big blind) mucked


PokerStars Hand #145677081648:  Hold'em Limit ($3/$6 USD) - 2015/12/21 4:47:26 ET
Table 'Marghanna' 2-max Seat #2 is the button
Seat 1: TbIP-TbIP 88 ($86.50 in chips)
Seat 2: Alex119387 ($373.12 in chips)
Alex119387: posts small blind $1
TbIP-TbIP 88: posts big blind $3
*** HOLE CARDS ***
Alex119387: calls $2
TbIP-TbIP 88: checks
*** FLOP *** [6h Jh 8s]
TbIP-TbIP 88: bets $3
Alex119387: raises $3 to $6
TbIP-TbIP 88: calls $3
*** TURN *** [6h Jh 8s] [Ac]
TbIP-TbIP 88: checks
Alex119387: checks
*** RIVER *** [6h Jh 8s Ac] [Ad]
TbIP-TbIP 88: bets $6
Alex119387: folds
Uncalled bet ($6) returned to TbIP-TbIP 88
TbIP-TbIP 88 collected $17.64 from pot
TbIP-TbIP 88: doesn't show hand
*** SUMMARY ***
Total pot $18 | Rake $0.36
Board [6h Jh 8s Ac Ad]
Seat 1: TbIP-TbIP 88 (big blind) collected ($17.64)
Seat 2: Alex119387 (button) (small blind) folded on the River


