PokerStars Hand #167744430672:  Hold'em Limit ($3/$6 USD) - 2017/03/18 4:29:27 ET
Table 'Marghanna' 6-max Seat #6 is the button
Seat 3: Rus29APX ($96 in chips)
Seat 6: Elements29 ($113.56 in chips)
Elements29: posts small blind $1
Rus29APX: posts big blind $3
*** HOLE CARDS ***
Elements29: raises $3 to $6
Rus29APX: calls $3
*** FLOP *** [8h 4d 7c]
Rus29APX: checks
Elements29: checks
*** TURN *** [8h 4d 7c] [3h]
Rus29APX: checks
Elements29: bets $6
Rus29APX: calls $6
*** RIVER *** [8h 4d 7c 3h] [Jd]
Rus29APX: checks
Elements29: checks
*** SHOW DOWN ***
Rus29APX: shows [Th Qs] (high card Queen)
Elements29: shows [Ad Ks] (high card Ace)
Elements29 collected $23.52 from pot
*** SUMMARY ***
Total pot $24 | Rake $0.48
Board [8h 4d 7c 3h Jd]
Seat 3: Rus29APX (big blind) showed [Th Qs] and lost with high card Queen
Seat 6: Elements29 (button) (small blind) showed [Ad Ks] and won ($23.52) with high card Ace


PokerStars Hand #167744453465:  Hold'em Limit ($3/$6 USD) - 2017/03/18 4:30:35 ET
Table 'Marghanna' 6-max Seat #6 is the button
Seat 3: Rus29APX ($125.76 in chips)
Seat 6: Elements29 ($119.08 in chips)
Elements29: posts small blind $1
Rus29APX: posts big blind $3
*** HOLE CARDS ***
Elements29: folds
Uncalled bet ($2) returned to Rus29APX
Rus29APX collected $2 from pot
Rus29APX: doesn't show hand
*** SUMMARY ***
Total pot $2 | Rake $0
Seat 3: Rus29APX (big blind) collected ($2)
Seat 6: Elements29 (button) (small blind) folded before Flop


PokerStars Hand #167744446247:  Hold'em Limit ($3/$6 USD) - 2017/03/18 4:30:13 ET
Table 'Marghanna' 6-max Seat #3 is the button
Seat 3: Rus29APX ($120 in chips)
Seat 6: Elements29 ($125.08 in chips)
Rus29APX: posts small blind $1
Elements29: posts big blind $3
*** HOLE CARDS ***
Rus29APX: raises $3 to $6
Elements29: calls $3
*** FLOP *** [3h Jd Ks]
Elements29: checks
Rus29APX: bets $3
Elements29: folds
Uncalled bet ($3) returned to Rus29APX
Rus29APX collected $11.76 from pot
Rus29APX: doesn't show hand
*** SUMMARY ***
Total pot $12 | Rake $0.24
Board [3h Jd Ks]
Seat 3: Rus29APX (button) (small blind) collected ($11.76)
Seat 6: Elements29 (big blind) folded on the Flop


PokerStars Hand #167744456209:  Hold'em Limit ($3/$6 USD) - 2017/03/18 4:30:43 ET
Table 'Marghanna' 6-max Seat #3 is the button
Seat 3: Rus29APX ($126.76 in chips)
Seat 6: Elements29 ($118.08 in chips)
Rus29APX: posts small blind $1
Elements29: posts big blind $3
*** HOLE CARDS ***
Rus29APX: raises $3 to $6
Elements29: calls $3
*** FLOP *** [9d 8d Tc]
Elements29: checks
Rus29APX: bets $3
Elements29: raises $3 to $6
Rus29APX: calls $3
*** TURN *** [9d 8d Tc] [Th]
Elements29: bets $6
Rus29APX: raises $6 to $12
Elements29: calls $6
*** RIVER *** [9d 8d Tc Th] [5s]
Elements29: checks
Rus29APX: bets $6
Elements29: calls $6
*** SHOW DOWN ***
Rus29APX: shows [Jd Qh] (a straight, Eight to Queen)
Elements29: mucks hand
Rus29APX collected $59.50 from pot
*** SUMMARY ***
Total pot $60 | Rake $0.50
Board [9d 8d Tc Th 5s]
Seat 3: Rus29APX (button) (small blind) showed [Jd Qh] and won ($59.50) with a straight, Eight to Queen
Seat 6: Elements29 (big blind) mucked


PokerStars Hand #167744468882:  Hold'em Limit ($3/$6 USD) - 2017/03/18 4:31:22 ET
Table 'Marghanna' 6-max Seat #6 is the button
Seat 3: Rus29APX ($156.26 in chips)
Seat 6: Elements29 ($88.08 in chips)
Elements29: posts small blind $1
Rus29APX: posts big blind $3
*** HOLE CARDS ***
Elements29: raises $3 to $6
Rus29APX: calls $3
*** FLOP *** [Qd Kd 4c]
Rus29APX: checks
Elements29: bets $3
Rus29APX: raises $3 to $6
Elements29: calls $3
*** TURN *** [Qd Kd 4c] [Jh]
Rus29APX: bets $6
Elements29: calls $6
*** RIVER *** [Qd Kd 4c Jh] [2h]
Rus29APX: bets $6
Elements29: calls $6
*** SHOW DOWN ***
Rus29APX: shows [5h Kc] (a pair of Kings)
Elements29: mucks hand
Rus29APX collected $47.50 from pot
*** SUMMARY ***
Total pot $48 | Rake $0.50
Board [Qd Kd 4c Jh 2h]
Seat 3: Rus29APX (big blind) showed [5h Kc] and won ($47.50) with a pair of Kings
Seat 6: Elements29 (button) (small blind) mucked


PokerStars Hand #167744480286:  Hold'em Limit ($3/$6 USD) - 2017/03/18 4:31:56 ET
Table 'Marghanna' 6-max Seat #3 is the button
Seat 3: Rus29APX ($179.76 in chips)
Seat 6: Elements29 ($64.08 in chips)
Rus29APX: posts small blind $1
Elements29: posts big blind $3
*** HOLE CARDS ***
Rus29APX: raises $3 to $6
Elements29: calls $3
*** FLOP *** [4h Th 6d]
Elements29: checks
Rus29APX: checks
*** TURN *** [4h Th 6d] [8c]
Elements29: bets $6
Rus29APX: folds
Uncalled bet ($6) returned to Elements29
Elements29 collected $11.76 from pot
Elements29: doesn't show hand
*** SUMMARY ***
Total pot $12 | Rake $0.24
Board [4h Th 6d 8c]
Seat 3: Rus29APX (button) (small blind) folded on the Turn
Seat 6: Elements29 (big blind) collected ($11.76)


PokerStars Hand #167744485955:  Hold'em Limit ($3/$6 USD) - 2017/03/18 4:32:13 ET
Table 'Marghanna' 6-max Seat #6 is the button
Seat 3: Rus29APX ($173.76 in chips)
Seat 6: Elements29 ($69.84 in chips)
Elements29: posts small blind $1
Rus29APX: posts big blind $3
*** HOLE CARDS ***
Elements29: folds
Uncalled bet ($2) returned to Rus29APX
Rus29APX collected $2 from pot
Rus29APX: doesn't show hand
*** SUMMARY ***
Total pot $2 | Rake $0
Seat 3: Rus29APX (big blind) collected ($2)
Seat 6: Elements29 (button) (small blind) folded before Flop


PokerStars Hand #167744487597:  Hold'em Limit ($3/$6 USD) - 2017/03/18 4:32:17 ET
Table 'Marghanna' 6-max Seat #3 is the button
Seat 3: Rus29APX ($174.76 in chips)
Seat 6: Elements29 ($68.84 in chips)
Rus29APX: posts small blind $1
Elements29: posts big blind $3
*** HOLE CARDS ***
Rus29APX: raises $3 to $6
Elements29: calls $3
*** FLOP *** [Kc 3d 8d]
Elements29: checks
Rus29APX: bets $3
Elements29: folds
Uncalled bet ($3) returned to Rus29APX
Rus29APX collected $11.76 from pot
Rus29APX: doesn't show hand
*** SUMMARY ***
Total pot $12 | Rake $0.24
Board [Kc 3d 8d]
Seat 3: Rus29APX (button) (small blind) collected ($11.76)
Seat 6: Elements29 (big blind) folded on the Flop


PokerStars Hand #167744493065:  Hold'em Limit ($3/$6 USD) - 2017/03/18 4:32:34 ET
Table 'Marghanna' 6-max Seat #6 is the button
Seat 3: Rus29APX ($180.52 in chips)
Seat 6: Elements29 ($62.84 in chips)
Elements29: posts small blind $1
Rus29APX: posts big blind $3
*** HOLE CARDS ***
Elements29: folds
Uncalled bet ($2) returned to Rus29APX
Rus29APX collected $2 from pot
Rus29APX: doesn't show hand
*** SUMMARY ***
Total pot $2 | Rake $0
Seat 3: Rus29APX (big blind) collected ($2)
Seat 6: Elements29 (button) (small blind) folded before Flop


PokerStars Hand #167744494970:  Hold'em Limit ($3/$6 USD) - 2017/03/18 4:32:39 ET
Table 'Marghanna' 6-max Seat #3 is the button
Seat 3: Rus29APX ($181.52 in chips)
Seat 6: Elements29 ($61.84 in chips)
Rus29APX: posts small blind $1
Elements29: posts big blind $3
*** HOLE CARDS ***
Rus29APX: raises $3 to $6
Elements29: raises $3 to $9
Rus29APX: calls $3
*** FLOP *** [Js 7d 8d]
Elements29: bets $3
Rus29APX: folds
Uncalled bet ($3) returned to Elements29
Elements29 collected $17.64 from pot
Elements29: doesn't show hand
*** SUMMARY ***
Total pot $18 | Rake $0.36
Board [Js 7d 8d]
Seat 3: Rus29APX (button) (small blind) folded on the Flop
Seat 6: Elements29 (big blind) collected ($17.64)


PokerStars Hand #167744499904:  Hold'em Limit ($3/$6 USD) - 2017/03/18 4:32:54 ET
Table 'Marghanna' 6-max Seat #6 is the button
Seat 3: Rus29APX ($172.52 in chips)
Seat 6: Elements29 ($70.48 in chips)
Elements29: posts small blind $1
Rus29APX: posts big blind $3
*** HOLE CARDS ***
Elements29: folds
Uncalled bet ($2) returned to Rus29APX
Rus29APX collected $2 from pot
Rus29APX: doesn't show hand
*** SUMMARY ***
Total pot $2 | Rake $0
Seat 3: Rus29APX (big blind) collected ($2)
Seat 6: Elements29 (button) (small blind) folded before Flop


PokerStars Hand #167744501524:  Hold'em Limit ($3/$6 USD) - 2017/03/18 4:32:59 ET
Table 'Marghanna' 6-max Seat #3 is the button
Seat 3: Rus29APX ($173.52 in chips)
Seat 6: Elements29 ($69.48 in chips)
Rus29APX: posts small blind $1
Elements29: posts big blind $3
*** HOLE CARDS ***
Rus29APX: raises $3 to $6
Elements29: calls $3
*** FLOP *** [Kc Ac 6s]
Elements29: checks
Rus29APX: bets $3
Elements29: raises $3 to $6
Rus29APX: calls $3
*** TURN *** [Kc Ac 6s] [4d]
Elements29: bets $6
Rus29APX: calls $6
*** RIVER *** [Kc Ac 6s 4d] [4s]
Elements29: checks
aleks_4ym joins the table at seat #1
Rus29APX: checks
*** SHOW DOWN ***
Elements29: shows [Kh 8d] (two pair, Kings and Fours)
Rus29APX: mucks hand
Elements29 collected $35.50 from pot
*** SUMMARY ***
Total pot $36 | Rake $0.50
Board [Kc Ac 6s 4d 4s]
Seat 3: Rus29APX (button) (small blind) mucked
Seat 6: Elements29 (big blind) showed [Kh 8d] and won ($35.50) with two pair, Kings and Fours


