PokerStars Hand #152690306613:  Hold'em Limit ($3/$6 USD) - 2016/05/01 1:36:13 ET
Table 'Margret' 6-max Seat #4 is the button
Seat 1: LifeisagameX ($48 in chips)
Seat 4: Warner13 ($102.25 in chips)
Warner13: posts small blind $1
LifeisagameX: posts big blind $3
*** HOLE CARDS ***
Warner13: folds
Uncalled bet ($2) returned to LifeisagameX
LifeisagameX collected $2 from pot
LifeisagameX: doesn't show hand
*** SUMMARY ***
Total pot $2 | Rake $0
Seat 1: LifeisagameX (big blind) collected ($2)
Seat 4: Warner13 (button) (small blind) folded before Flop


PokerStars Hand #152690290719:  Hold'em Limit ($3/$6 USD) - 2016/05/01 1:35:09 ET
Table 'Margret' 6-max Seat #1 is the button
Seat 1: LifeisagameX ($60 in chips)
Seat 4: Warner13 ($90.73 in chips)
LifeisagameX: posts small blind $1
Warner13: posts big blind $3
*** HOLE CARDS ***
LifeisagameX: raises $3 to $6
Warner13: calls $3
*** FLOP *** [Qh 3d 9c]
Warner13: checks
LifeisagameX: bets $3
Warner13: raises $3 to $6
LifeisagameX: calls $3
*** TURN *** [Qh 3d 9c] [8d]
Warner13: bets $6
LifeisagameX: folds
Uncalled bet ($6) returned to Warner13
Warner13 collected $23.52 from pot
*** SUMMARY ***
Total pot $24 | Rake $0.48
Board [Qh 3d 9c 8d]
Seat 1: LifeisagameX (button) (small blind) folded on the Turn
Seat 4: Warner13 (big blind) collected ($23.52)


PokerStars Hand #152690573680:  Hold'em Limit ($3/$6 USD) - 2016/05/01 1:53:25 ET
Table 'Margret' 6-max Seat #1 is the button
Seat 1: LifeisagameX ($49 in chips)
Seat 2: hairy1961 ($60 in chips)
LifeisagameX: posts small blind $1
hairy1961: posts big blind $3
*** HOLE CARDS ***
LifeisagameX: raises $3 to $6
hairy1961: calls $3
*** FLOP *** [Qd Th 7h]
hairy1961: checks
LifeisagameX: bets $3
hairy1961: raises $3 to $6
LifeisagameX: calls $3
*** TURN *** [Qd Th 7h] [8h]
hairy1961: bets $6
LifeisagameX: calls $6
*** RIVER *** [Qd Th 7h 8h] [4h]
hairy1961: bets $6
LifeisagameX: calls $6
*** SHOW DOWN ***
hairy1961: shows [Td 9h] (a flush, Ten high)
LifeisagameX: mucks hand
hairy1961 collected $47.50 from pot
*** SUMMARY ***
Total pot $48 | Rake $0.50
Board [Qd Th 7h 8h 4h]
Seat 1: LifeisagameX (button) (small blind) mucked
Seat 2: hairy1961 (big blind) showed [Td 9h] and won ($47.50) with a flush, Ten high


PokerStars Hand #152690584522:  Hold'em Limit ($3/$6 USD) - 2016/05/01 1:54:08 ET
Table 'Margret' 6-max Seat #2 is the button
Seat 1: LifeisagameX ($25 in chips)
Seat 2: hairy1961 ($83.50 in chips)
hairy1961: posts small blind $1
LifeisagameX: posts big blind $3
*** HOLE CARDS ***
hairy1961: folds
Uncalled bet ($2) returned to LifeisagameX
LifeisagameX collected $2 from pot
LifeisagameX: doesn't show hand
*** SUMMARY ***
Total pot $2 | Rake $0
Seat 1: LifeisagameX (big blind) collected ($2)
Seat 2: hairy1961 (button) (small blind) folded before Flop


PokerStars Hand #152690585804:  Hold'em Limit ($3/$6 USD) - 2016/05/01 1:54:13 ET
Table 'Margret' 6-max Seat #1 is the button
Seat 1: LifeisagameX ($26 in chips)
Seat 2: hairy1961 ($82.50 in chips)
LifeisagameX: posts small blind $1
hairy1961: posts big blind $3
*** HOLE CARDS ***
LifeisagameX: raises $3 to $6
hairy1961: calls $3
*** FLOP *** [Ks 5s Ts]
hairy1961: checks
LifeisagameX: bets $3
hairy1961: calls $3
*** TURN *** [Ks 5s Ts] [Kc]
hairy1961: checks
LifeisagameX: bets $6
hairy1961: calls $6
*** RIVER *** [Ks 5s Ts Kc] [4c]
hairy1961: checks
LifeisagameX: checks
*** SHOW DOWN ***
hairy1961: shows [Qc Jh] (a pair of Kings)
LifeisagameX: shows [As Qd] (a pair of Kings - Ace kicker)
LifeisagameX collected $29.50 from pot
kismespit joins the table at seat #3
*** SUMMARY ***
Total pot $30 | Rake $0.50
Board [Ks 5s Ts Kc 4c]
Seat 1: LifeisagameX (button) (small blind) showed [As Qd] and won ($29.50) with a pair of Kings
Seat 2: hairy1961 (big blind) showed [Qc Jh] and lost with a pair of Kings


PokerStars Hand #152690613199:  Hold'em Limit ($3/$6 USD) - 2016/05/01 1:56:09 ET
Table 'Margret' 6-max Seat #3 is the button
Seat 2: hairy1961 ($87.03 in chips)
Seat 3: kismespit ($114 in chips)
kismespit: posts small blind $1
hairy1961: posts big blind $3
*** HOLE CARDS ***
kismespit: raises $3 to $6
hairy1961: calls $3
*** FLOP *** [4d Qc Jd]
hairy1961: bets $3
kismespit: folds
Uncalled bet ($3) returned to hairy1961
hairy1961 collected $11.76 from pot
hairy1961: doesn't show hand
*** SUMMARY ***
Total pot $12 | Rake $0.24
Board [4d Qc Jd]
Seat 2: hairy1961 (big blind) collected ($11.76)
Seat 3: kismespit (button) (small blind) folded on the Flop


PokerStars Hand #152690612065:  Hold'em Limit ($3/$6 USD) - 2016/05/01 1:56:04 ET
Table 'Margret' 6-max Seat #2 is the button
Seat 2: hairy1961 ($88.03 in chips)
Seat 3: kismespit ($113 in chips)
hairy1961: posts small blind $1
kismespit: posts big blind $3
*** HOLE CARDS ***
LifeisagameX leaves the table
hairy1961: folds
Uncalled bet ($2) returned to kismespit
kismespit collected $2 from pot
kismespit: doesn't show hand
*** SUMMARY ***
Total pot $2 | Rake $0
Seat 2: hairy1961 (button) (small blind) folded before Flop
Seat 3: kismespit (big blind) collected ($2)


PokerStars Hand #152690621179:  Hold'em Limit ($3/$6 USD) - 2016/05/01 1:56:44 ET
Table 'Margret' 6-max Seat #2 is the button
Seat 2: hairy1961 ($113.29 in chips)
Seat 3: kismespit ($87 in chips)
hairy1961: posts small blind $1
kismespit: posts big blind $3
*** HOLE CARDS ***
Kenjataimu joins the table at seat #4
hairy1961: raises $3 to $6
kismespit: calls $3
*** FLOP *** [Td Kd Qd]
kismespit: checks
hairy1961: bets $3
kismespit: calls $3
*** TURN *** [Td Kd Qd] [4d]
kismespit: checks
hairy1961: checks
*** RIVER *** [Td Kd Qd 4d] [2h]
kismespit: bets $6
hairy1961: calls $6
*** SHOW DOWN ***
kismespit: shows [7d 9d] (a flush, King high)
hairy1961: mucks hand
kismespit collected $29.50 from pot
*** SUMMARY ***
Total pot $30 | Rake $0.50
Board [Td Kd Qd 4d 2h]
Seat 2: hairy1961 (button) (small blind) mucked
Seat 3: kismespit (big blind) showed [7d 9d] and won ($29.50) with a flush, King high


PokerStars Hand #152690619818:  Hold'em Limit ($3/$6 USD) - 2016/05/01 1:56:38 ET
Table 'Margret' 6-max Seat #3 is the button
Seat 2: hairy1961 ($116.29 in chips)
Seat 3: kismespit ($84 in chips)
kismespit: posts small blind $1
hairy1961: posts big blind $3
*** HOLE CARDS ***
kismespit: raises $3 to $6
hairy1961: folds
Uncalled bet ($3) returned to kismespit
kismespit collected $6 from pot
kismespit: doesn't show hand
*** SUMMARY ***
Total pot $6 | Rake $0
Seat 2: hairy1961 (big blind) folded before Flop
Seat 3: kismespit (button) (small blind) collected ($6)


PokerStars Hand #152690615610:  Hold'em Limit ($3/$6 USD) - 2016/05/01 1:56:20 ET
Table 'Margret' 6-max Seat #2 is the button
Seat 2: hairy1961 ($92.79 in chips)
Seat 3: kismespit ($108 in chips)
hairy1961: posts small blind $1
kismespit: posts big blind $3
*** HOLE CARDS ***
hairy1961: raises $3 to $6
kismespit: calls $3
*** FLOP *** [9d 6h 8c]
kismespit: checks
hairy1961: checks
*** TURN *** [9d 6h 8c] [5c]
kismespit: bets $6
hairy1961: calls $6
*** RIVER *** [9d 6h 8c 5c] [6c]
kismespit: bets $6
hairy1961: raises $6 to $12
kismespit: calls $6
*** SHOW DOWN ***
hairy1961: shows [2c 3c] (a flush, Eight high)
kismespit: mucks hand
hairy1961 collected $47.50 from pot
*** SUMMARY ***
Total pot $48 | Rake $0.50
Board [9d 6h 8c 5c 6c]
Seat 2: hairy1961 (button) (small blind) showed [2c 3c] and won ($47.50) with a flush, Eight high
Seat 3: kismespit (big blind) mucked


PokerStars Hand #152690674037:  Hold'em Limit ($3/$6 USD) - 2016/05/01 2:00:37 ET
Table 'Margret' 6-max Seat #3 is the button
Seat 3: kismespit ($99.34 in chips)
Seat 4: Kenjataimu ($66.87 in chips)
kismespit: posts small blind $1
Kenjataimu: posts big blind $3
*** HOLE CARDS ***
kismespit: raises $3 to $6
Kenjataimu: calls $3
*** FLOP *** [Kd Ac 7s]
Kenjataimu: checks
kismespit: bets $3
Kenjataimu: raises $3 to $6
kismespit: calls $3
*** TURN *** [Kd Ac 7s] [Jh]
Kenjataimu: bets $6
kismespit: calls $6
*** RIVER *** [Kd Ac 7s Jh] [3c]
Kenjataimu: bets $6
kismespit: calls $6
*** SHOW DOWN ***
Kenjataimu: shows [4s Ah] (a pair of Aces)
kismespit: mucks hand
Kenjataimu collected $47.50 from pot
*** SUMMARY ***
Total pot $48 | Rake $0.50
Board [Kd Ac 7s Jh 3c]
Seat 3: kismespit (button) (small blind) mucked
Seat 4: Kenjataimu (big blind) showed [4s Ah] and won ($47.50) with a pair of Aces


PokerStars Hand #152690679352:  Hold'em Limit ($3/$6 USD) - 2016/05/01 2:00:59 ET
Table 'Margret' 6-max Seat #4 is the button
Seat 3: kismespit ($75.34 in chips)
Seat 4: Kenjataimu ($90.37 in chips)
Kenjataimu: posts small blind $1
kismespit: posts big blind $3
*** HOLE CARDS ***
Kenjataimu: raises $3 to $6
kismespit: calls $3
*** FLOP *** [Kh Kc 9d]
kismespit: checks
Kenjataimu: bets $3
kismespit: folds
Uncalled bet ($3) returned to Kenjataimu
Kenjataimu collected $11.76 from pot
Kenjataimu: doesn't show hand
*** SUMMARY ***
Total pot $12 | Rake $0.24
Board [Kh Kc 9d]
Seat 3: kismespit (big blind) folded on the Flop
Seat 4: Kenjataimu (button) (small blind) collected ($11.76)


PokerStars Hand #152690671815:  Hold'em Limit ($3/$6 USD) - 2016/05/01 2:00:28 ET
Table 'Margret' 6-max Seat #3 is the button
Seat 3: kismespit ($103.34 in chips)
Seat 4: Kenjataimu ($62.87 in chips)
kismespit: posts small blind $1
Kenjataimu: posts big blind $3
*** HOLE CARDS ***
kismespit: folds
Uncalled bet ($2) returned to Kenjataimu
Kenjataimu collected $2 from pot
Kenjataimu: doesn't show hand
*** SUMMARY ***
Total pot $2 | Rake $0
Seat 3: kismespit (button) (small blind) folded before Flop
Seat 4: Kenjataimu (big blind) collected ($2)


PokerStars Hand #152690670345:  Hold'em Limit ($3/$6 USD) - 2016/05/01 2:00:22 ET
Table 'Margret' 6-max Seat #4 is the button
Seat 3: kismespit ($102.34 in chips)
Seat 4: Kenjataimu ($63.87 in chips)
Kenjataimu: posts small blind $1
kismespit: posts big blind $3
*** HOLE CARDS ***
Kenjataimu: folds
Uncalled bet ($2) returned to kismespit
kismespit collected $2 from pot
kismespit: doesn't show hand
*** SUMMARY ***
Total pot $2 | Rake $0
Seat 3: kismespit (big blind) collected ($2)
Seat 4: Kenjataimu (button) (small blind) folded before Flop


PokerStars Hand #152690672764:  Hold'em Limit ($3/$6 USD) - 2016/05/01 2:00:32 ET
Table 'Margret' 6-max Seat #4 is the button
Seat 3: kismespit ($102.34 in chips)
Seat 4: Kenjataimu ($63.87 in chips)
Kenjataimu: posts small blind $1
kismespit: posts big blind $3
*** HOLE CARDS ***
Kenjataimu: raises $3 to $6
kismespit: folds
Uncalled bet ($3) returned to Kenjataimu
Kenjataimu collected $6 from pot
Kenjataimu: doesn't show hand
*** SUMMARY ***
Total pot $6 | Rake $0
Seat 3: kismespit (big blind) folded before Flop
Seat 4: Kenjataimu (button) (small blind) collected ($6)


PokerStars Hand #152690688492:  Hold'em Limit ($3/$6 USD) - 2016/05/01 2:01:36 ET
Table 'Margret' 6-max Seat #3 is the button
Seat 3: kismespit ($90.84 in chips)
Seat 4: Kenjataimu ($74.13 in chips)
kismespit: posts small blind $1
Kenjataimu: posts big blind $3
*** HOLE CARDS ***
kismespit: raises $3 to $6
Kenjataimu: raises $3 to $9
kismespit: calls $3
*** FLOP *** [Qd 5h 3h]
Kenjataimu: bets $3
kismespit: calls $3
*** TURN *** [Qd 5h 3h] [2s]
Kenjataimu: bets $6
kismespit: folds
Uncalled bet ($6) returned to Kenjataimu
Kenjataimu collected $23.52 from pot
Kenjataimu: doesn't show hand
*** SUMMARY ***
Total pot $24 | Rake $0.48
Board [Qd 5h 3h 2s]
Seat 3: kismespit (button) (small blind) folded on the Turn
Seat 4: Kenjataimu (big blind) collected ($23.52)


PokerStars Hand #152690693383:  Hold'em Limit ($3/$6 USD) - 2016/05/01 2:01:55 ET
Table 'Margret' 6-max Seat #3 is the button
Seat 3: kismespit ($75.84 in chips)
Seat 4: Kenjataimu ($88.65 in chips)
kismespit: posts small blind $1
Kenjataimu: posts big blind $3
*** HOLE CARDS ***
kismespit: folds
Uncalled bet ($2) returned to Kenjataimu
Kenjataimu collected $2 from pot
Kenjataimu: doesn't show hand
*** SUMMARY ***
Total pot $2 | Rake $0
Seat 3: kismespit (button) (small blind) folded before Flop
Seat 4: Kenjataimu (big blind) collected ($2)


PokerStars Hand #152690691993:  Hold'em Limit ($3/$6 USD) - 2016/05/01 2:01:50 ET
Table 'Margret' 6-max Seat #4 is the button
Seat 3: kismespit ($78.84 in chips)
Seat 4: Kenjataimu ($85.65 in chips)
Kenjataimu: posts small blind $1
kismespit: posts big blind $3
*** HOLE CARDS ***
Kenjataimu: raises $3 to $6
kismespit: folds
Uncalled bet ($3) returned to Kenjataimu
Kenjataimu collected $6 from pot
Kenjataimu: doesn't show hand
*** SUMMARY ***
Total pot $6 | Rake $0
Seat 3: kismespit (big blind) folded before Flop
Seat 4: Kenjataimu (button) (small blind) collected ($6)


PokerStars Hand #152690687528:  Hold'em Limit ($3/$6 USD) - 2016/05/01 2:01:32 ET
Table 'Margret' 6-max Seat #4 is the button
Seat 3: kismespit ($89.84 in chips)
Seat 4: Kenjataimu ($75.13 in chips)
Kenjataimu: posts small blind $1
kismespit: posts big blind $3
*** HOLE CARDS ***
Kenjataimu: folds
Uncalled bet ($2) returned to kismespit
kismespit collected $2 from pot
kismespit: doesn't show hand
*** SUMMARY ***
Total pot $2 | Rake $0
Seat 3: kismespit (big blind) collected ($2)
Seat 4: Kenjataimu (button) (small blind) folded before Flop


PokerStars Hand #152690681834:  Hold'em Limit ($3/$6 USD) - 2016/05/01 2:01:09 ET
Table 'Margret' 6-max Seat #3 is the button
Seat 3: kismespit ($69.34 in chips)
Seat 4: Kenjataimu ($96.13 in chips)
kismespit: posts small blind $1
Kenjataimu: posts big blind $3
*** HOLE CARDS ***
kismespit: raises $3 to $6
Kenjataimu: raises $3 to $9
kismespit: raises $3 to $12
Betting is capped
Kenjataimu: calls $3
*** FLOP *** [5h 2s 5c]
Kenjataimu: bets $3
kismespit: calls $3
*** TURN *** [5h 2s 5c] [Jh]
Kenjataimu: bets $6
kismespit: raises $6 to $12
Kenjataimu: folds
Uncalled bet ($6) returned to kismespit
kismespit collected $41.50 from pot
*** SUMMARY ***
Total pot $42 | Rake $0.50
Board [5h 2s 5c Jh]
Seat 3: kismespit (button) (small blind) collected ($41.50)
Seat 4: Kenjataimu (big blind) folded on the Turn


PokerStars Hand #152690694466:  Hold'em Limit ($3/$6 USD) - 2016/05/01 2:02:00 ET
Table 'Margret' 6-max Seat #4 is the button
Seat 3: kismespit ($74.84 in chips)
Seat 4: Kenjataimu ($89.65 in chips)
Kenjataimu: posts small blind $1
kismespit: posts big blind $3
*** HOLE CARDS ***
Kenjataimu: raises $3 to $6
kismespit: calls $3
*** FLOP *** [3c 9d 5c]
kismespit: checks
Kenjataimu: checks
*** TURN *** [3c 9d 5c] [8s]
kismespit: bets $6
Kenjataimu: calls $6
*** RIVER *** [3c 9d 5c 8s] [Ks]
kismespit: bets $6
Kenjataimu: folds
Uncalled bet ($6) returned to kismespit
kismespit collected $23.52 from pot
kismespit: doesn't show hand
*** SUMMARY ***
Total pot $24 | Rake $0.48
Board [3c 9d 5c 8s Ks]
Seat 3: kismespit (big blind) collected ($23.52)
Seat 4: Kenjataimu (button) (small blind) folded on the River


PokerStars Hand #152690698657:  Hold'em Limit ($3/$6 USD) - 2016/05/01 2:02:16 ET
Table 'Margret' 6-max Seat #3 is the button
Seat 3: kismespit ($86.36 in chips)
Seat 4: Kenjataimu ($77.65 in chips)
kismespit: posts small blind $1
Kenjataimu: posts big blind $3
*** HOLE CARDS ***
kismespit: calls $2
Kenjataimu: checks
*** FLOP *** [Ac Ks 4h]
Kenjataimu: checks
kismespit: bets $3
Kenjataimu: folds
Uncalled bet ($3) returned to kismespit
kismespit collected $5.88 from pot
kismespit: doesn't show hand
*** SUMMARY ***
Total pot $6 | Rake $0.12
Board [Ac Ks 4h]
Seat 3: kismespit (button) (small blind) collected ($5.88)
Seat 4: Kenjataimu (big blind) folded on the Flop


PokerStars Hand #152692154866:  Hold'em Limit ($3/$6 USD) - 2016/05/01 3:30:12 ET
Table 'Margret' 6-max Seat #4 is the button
Seat 2: Masqb ($67.74 in chips)
Seat 4: love_mmm ($215.26 in chips)
love_mmm: posts small blind $1
Masqb: posts big blind $3
*** HOLE CARDS ***
love_mmm: calls $2
Mono99999 joins the table at seat #3
Masqb: raises $3 to $6
love_mmm: calls $3
*** FLOP *** [8h 4h 3d]
Masqb: bets $3
love_mmm: folds
Uncalled bet ($3) returned to Masqb
Masqb collected $11.76 from pot
Masqb: doesn't show hand
*** SUMMARY ***
Total pot $12 | Rake $0.24
Board [8h 4h 3d]
Seat 2: Masqb (big blind) collected ($11.76)
Seat 4: love_mmm (button) (small blind) folded on the Flop


PokerStars Hand #152692172446:  Hold'em Limit ($3/$6 USD) - 2016/05/01 3:31:10 ET
Table 'Margret' 6-max Seat #3 is the button
Seat 2: Masqb ($80 in chips)
Seat 3: Mono99999 ($172 in chips)
Mono99999: posts small blind $1
love_mmm: is sitting out
Masqb: posts big blind $3
*** HOLE CARDS ***
Mono99999: folds
Uncalled bet ($2) returned to Masqb
Masqb collected $2 from pot
Masqb: doesn't show hand
*** SUMMARY ***
Total pot $2 | Rake $0
Seat 2: Masqb (big blind) collected ($2)
Seat 3: Mono99999 (button) (small blind) folded before Flop


PokerStars Hand #152697064991:  Hold'em Limit ($3/$6 USD) - 2016/05/01 7:03:16 ET
Table 'Margret' 6-max Seat #3 is the button
Seat 3: Basicxx ($75.25 in chips)
Seat 4: Airbag999 ($111 in chips)
Basicxx: posts small blind $1
Airbag999: posts big blind $3
*** HOLE CARDS ***
Basicxx: calls $2
Airbag999: raises $3 to $6
Basicxx: calls $3
*** FLOP *** [6d Kc 6h]
Airbag999: bets $3
Basicxx: folds
Uncalled bet ($3) returned to Airbag999
Airbag999 collected $11.76 from pot
Airbag999: doesn't show hand
*** SUMMARY ***
Total pot $12 | Rake $0.24
Board [6d Kc 6h]
Seat 3: Basicxx (button) (small blind) folded on the Flop
Seat 4: Airbag999 (big blind) collected ($11.76)


PokerStars Hand #152698525851:  Hold'em Limit ($3/$6 USD) - 2016/05/01 7:55:00 ET
Table 'Margret' 6-max Seat #5 is the button
Seat 2: masterblstr8 ($128.08 in chips)
Seat 5: love_mmm ($333.69 in chips)
love_mmm: posts small blind $1
masterblstr8: posts big blind $3
*** HOLE CARDS ***
love_mmm: raises $3 to $6
masterblstr8: folds
Uncalled bet ($3) returned to love_mmm
love_mmm collected $6 from pot
love_mmm: doesn't show hand
*** SUMMARY ***
Total pot $6 | Rake $0
Seat 2: masterblstr8 (big blind) folded before Flop
Seat 5: love_mmm (button) (small blind) collected ($6)


