PokerStars Hand #173818966779:  Hold'em Limit ($3/$6 USD) - 2017/08/02 3:21:37 ET
Table 'Marghanna' 6-max Seat #4 is the button
Seat 1: LTTsci-tech ($137.50 in chips)
Seat 4: VolkovDmitri ($120 in chips)
VolkovDmitri: posts small blind $1
LTTsci-tech: posts big blind $3
*** HOLE CARDS ***
VolkovDmitri: folds
Uncalled bet ($2) returned to LTTsci-tech
LTTsci-tech collected $2 from pot
*** SUMMARY ***
Total pot $2 | Rake $0
Seat 1: LTTsci-tech (big blind) collected ($2)
Seat 4: VolkovDmitri (button) (small blind) folded before Flop


PokerStars Hand #173818956314:  Hold'em Limit ($3/$6 USD) - 2017/08/02 3:20:56 ET
Table 'Marghanna' 6-max Seat #1 is the button
Seat 1: LTTsci-tech ($120 in chips)
Seat 4: VolkovDmitri ($120 in chips)
LTTsci-tech: posts small blind $1
VolkovDmitri: posts big blind $3
*** HOLE CARDS ***
LTTsci-tech: calls $2
VolkovDmitri: raises $3 to $6
LTTsci-tech: calls $3
*** FLOP *** [7s Th Kd]
VolkovDmitri: bets $3
LTTsci-tech: raises $3 to $6
VolkovDmitri: calls $3
*** TURN *** [7s Th Kd] [Qc]
VolkovDmitri: checks
LTTsci-tech: bets $6
VolkovDmitri: calls $6
*** RIVER *** [7s Th Kd Qc] [8d]
VolkovDmitri: checks
LTTsci-tech: checks
*** SHOW DOWN ***
VolkovDmitri: shows [5d Ac] (high card Ace)
LTTsci-tech: shows [Td 2d] (a pair of Tens)
LTTsci-tech collected $35.50 from pot
*** SUMMARY ***
Total pot $36 | Rake $0.50
Board [7s Th Kd Qc 8d]
Seat 1: LTTsci-tech (button) (small blind) showed [Td 2d] and won ($35.50) with a pair of Tens
Seat 4: VolkovDmitri (big blind) showed [5d Ac] and lost with high card Ace


PokerStars Hand #173818968209:  Hold'em Limit ($3/$6 USD) - 2017/08/02 3:21:43 ET
Table 'Marghanna' 6-max Seat #1 is the button
Seat 1: LTTsci-tech ($138.50 in chips)
Seat 4: VolkovDmitri ($120 in chips)
LTTsci-tech: posts small blind $1
VolkovDmitri: posts big blind $3
*** HOLE CARDS ***
LTTsci-tech: calls $2
VolkovDmitri: raises $3 to $6
LTTsci-tech: raises $3 to $9
VolkovDmitri: raises $3 to $12
Betting is capped
LTTsci-tech: calls $3
*** FLOP *** [3s 6h 8d]
VolkovDmitri: bets $3
LTTsci-tech: calls $3
*** TURN *** [3s 6h 8d] [Td]
VolkovDmitri: checks
LTTsci-tech: bets $6
VolkovDmitri: calls $6
*** RIVER *** [3s 6h 8d Td] [2h]
VolkovDmitri: checks
LTTsci-tech: bets $6
VolkovDmitri: calls $6
*** SHOW DOWN ***
LTTsci-tech: shows [Th Tc] (three of a kind, Tens)
VolkovDmitri: mucks hand
LTTsci-tech collected $53.50 from pot
*** SUMMARY ***
Total pot $54 | Rake $0.50
Board [3s 6h 8d Td 2h]
Seat 1: LTTsci-tech (button) (small blind) showed [Th Tc] and won ($53.50) with three of a kind, Tens
Seat 4: VolkovDmitri (big blind) mucked


PokerStars Hand #173818985618:  Hold'em Limit ($3/$6 USD) - 2017/08/02 3:22:51 ET
Table 'Marghanna' 6-max Seat #1 is the button
Seat 1: LTTsci-tech ($182.50 in chips)
Seat 4: VolkovDmitri ($120 in chips)
LTTsci-tech: posts small blind $1
VolkovDmitri: posts big blind $3
*** HOLE CARDS ***
LTTsci-tech: raises $3 to $6
artecris joins the table at seat #3
VolkovDmitri: calls $3
*** FLOP *** [7d 4d 3c]
VolkovDmitri: checks
LTTsci-tech: bets $3
VolkovDmitri: calls $3
*** TURN *** [7d 4d 3c] [9h]
VolkovDmitri: checks
LTTsci-tech: bets $6
VolkovDmitri said, "join zoom hu ltt"
VolkovDmitri: calls $6
*** RIVER *** [7d 4d 3c 9h] [6s]
VolkovDmitri: checks
LTTsci-tech: bets $6
VolkovDmitri: calls $6
*** SHOW DOWN ***
LTTsci-tech: shows [Td 7h] (a pair of Sevens)
VolkovDmitri: mucks hand
LTTsci-tech collected $41.50 from pot
LTTsci-tech said, "what"
*** SUMMARY ***
Total pot $42 | Rake $0.50
Board [7d 4d 3c 9h 6s]
Seat 1: LTTsci-tech (button) (small blind) showed [Td 7h] and won ($41.50) with a pair of Sevens
Seat 4: VolkovDmitri (big blind) mucked


PokerStars Hand #173818978700:  Hold'em Limit ($3/$6 USD) - 2017/08/02 3:22:24 ET
Table 'Marghanna' 6-max Seat #4 is the button
Seat 1: LTTsci-tech ($165 in chips)
Seat 4: VolkovDmitri ($120 in chips)
VolkovDmitri: posts small blind $1
LTTsci-tech: posts big blind $3
*** HOLE CARDS ***
VolkovDmitri: raises $3 to $6
LTTsci-tech: raises $3 to $9
VolkovDmitri: calls $3
*** FLOP *** [6s 3d Qs]
LTTsci-tech: bets $3
VolkovDmitri: calls $3
*** TURN *** [6s 3d Qs] [Kd]
LTTsci-tech: bets $6
VolkovDmitri: calls $6
*** RIVER *** [6s 3d Qs Kd] [2d]
LTTsci-tech: bets $6
VolkovDmitri: folds
Uncalled bet ($6) returned to LTTsci-tech
LTTsci-tech collected $35.50 from pot
*** SUMMARY ***
Total pot $36 | Rake $0.50
Board [6s 3d Qs Kd 2d]
Seat 1: LTTsci-tech (big blind) collected ($35.50)
Seat 4: VolkovDmitri (button) (small blind) folded on the River


PokerStars Hand #173818998596:  Hold'em Limit ($3/$6 USD) - 2017/08/02 3:23:43 ET
Table 'Marghanna' 6-max Seat #4 is the button
Seat 1: LTTsci-tech ($203 in chips)
Seat 4: VolkovDmitri ($120 in chips)
VolkovDmitri: posts small blind $1
LTTsci-tech: posts big blind $3
*** HOLE CARDS ***
VolkovDmitri said, "if u want 1-1 jooin zoom table"
VolkovDmitri: raises $3 to $6
LTTsci-tech: raises $3 to $9
VolkovDmitri: calls $3
*** FLOP *** [3s 2h 4c]
LTTsci-tech: bets $3
VolkovDmitri: calls $3
*** TURN *** [3s 2h 4c] [4h]
LTTsci-tech: bets $6
VolkovDmitri: folds
Uncalled bet ($6) returned to LTTsci-tech
LTTsci-tech collected $23.52 from pot
*** SUMMARY ***
Total pot $24 | Rake $0.48
Board [3s 2h 4c 4h]
Seat 1: LTTsci-tech (big blind) collected ($23.52)
Seat 4: VolkovDmitri (button) (small blind) folded on the Turn


PokerStars Hand #173819020384:  Hold'em Limit ($3/$6 USD) - 2017/08/02 3:24:56 ET
Table 'Marghanna' 6-max Seat #4 is the button
Seat 3: artecris ($135.70 in chips)
Seat 4: VolkovDmitri ($121 in chips)
VolkovDmitri: posts small blind $1
LTTsci-tech: is sitting out
artecris: posts big blind $3
*** HOLE CARDS ***
LTTsci-tech leaves the table
VolkovDmitri: raises $3 to $6
artecris: folds
Uncalled bet ($3) returned to VolkovDmitri
VolkovDmitri collected $6 from pot
VolkovDmitri: doesn't show hand
*** SUMMARY ***
Total pot $6 | Rake $0
Seat 3: artecris (big blind) folded before Flop
Seat 4: VolkovDmitri (button) (small blind) collected ($6)


PokerStars Hand #173819022116:  Hold'em Limit ($3/$6 USD) - 2017/08/02 3:25:02 ET
Table 'Marghanna' 6-max Seat #3 is the button
Seat 3: artecris ($132.70 in chips)
Seat 4: VolkovDmitri ($124 in chips)
artecris: posts small blind $1
VolkovDmitri: posts big blind $3
*** HOLE CARDS ***
artecris: raises $3 to $6
VolkovDmitri: calls $3
*** FLOP *** [Qh Td Jc]
VolkovDmitri: checks
artecris: bets $3
VolkovDmitri: calls $3
*** TURN *** [Qh Td Jc] [5s]
VolkovDmitri: checks
artecris: bets $6
VolkovDmitri: calls $6
*** RIVER *** [Qh Td Jc 5s] [9d]
VolkovDmitri: checks
artecris: checks
*** SHOW DOWN ***
VolkovDmitri: shows [9h 2h] (a pair of Nines)
artecris: shows [Tc Js] (two pair, Jacks and Tens)
artecris collected $29.50 from pot
*** SUMMARY ***
Total pot $30 | Rake $0.50
Board [Qh Td Jc 5s 9d]
Seat 3: artecris (button) (small blind) showed [Tc Js] and won ($29.50) with two pair, Jacks and Tens
Seat 4: VolkovDmitri (big blind) showed [9h 2h] and lost with a pair of Nines


PokerStars Hand #173819032767:  Hold'em Limit ($3/$6 USD) - 2017/08/02 3:25:44 ET
Table 'Marghanna' 6-max Seat #4 is the button
Seat 3: artecris ($147.20 in chips)
Seat 4: VolkovDmitri ($120 in chips)
VolkovDmitri: posts small blind $1
artecris: posts big blind $3
*** HOLE CARDS ***
VolkovDmitri: folds
Uncalled bet ($2) returned to artecris
artecris collected $2 from pot
artecris: doesn't show hand
*** SUMMARY ***
Total pot $2 | Rake $0
Seat 3: artecris (big blind) collected ($2)
Seat 4: VolkovDmitri (button) (small blind) folded before Flop


