PokerStars Hand #147410447080:  Hold'em Limit ($3/$6 USD) - 2016/01/21 4:57:16 ET
Table 'Margret II' 6-max Seat #3 is the button
Seat 1: VolkovDmitri ($120 in chips)
Seat 3: bandita747 ($128.64 in chips)
bandita747: posts small blind $1
VolkovDmitri: posts big blind $3
*** HOLE CARDS ***
bandita747: folds
Uncalled bet ($2) returned to VolkovDmitri
VolkovDmitri collected $2 from pot
VolkovDmitri: doesn't show hand
*** SUMMARY ***
Total pot $2 | Rake $0
Seat 1: VolkovDmitri (big blind) collected ($2)
Seat 3: bandita747 (button) (small blind) folded before Flop


PokerStars Hand #147410431859:  Hold'em Limit ($3/$6 USD) - 2016/01/21 4:56:38 ET
Table 'Margret II' 6-max Seat #1 is the button
Seat 1: VolkovDmitri ($120 in chips)
Seat 3: bandita747 ($120 in chips)
VolkovDmitri: posts small blind $1
bandita747: posts big blind $3
*** HOLE CARDS ***
VolkovDmitri: raises $3 to $6
bandita747: calls $3
*** FLOP *** [2s 6d 2c]
bandita747: checks
VolkovDmitri: bets $3
bandita747: calls $3
*** TURN *** [2s 6d 2c] [4s]
bandita747: checks
VolkovDmitri: checks
*** RIVER *** [2s 6d 2c 4s] [4c]
bandita747: bets $6
VolkovDmitri: folds
Uncalled bet ($6) returned to bandita747
bandita747 collected $17.64 from pot
*** SUMMARY ***
Total pot $18 | Rake $0.36
Board [2s 6d 2c 4s 4c]
Seat 1: VolkovDmitri (button) (small blind) folded on the River
Seat 3: bandita747 (big blind) collected ($17.64)


PokerStars Hand #147410449365:  Hold'em Limit ($3/$6 USD) - 2016/01/21 4:57:22 ET
Table 'Margret II' 6-max Seat #1 is the button
Seat 1: VolkovDmitri ($121 in chips)
Seat 3: bandita747 ($127.64 in chips)
VolkovDmitri: posts small blind $1
bandita747: posts big blind $3
*** HOLE CARDS ***
VolkovDmitri: raises $3 to $6
bandita747: calls $3
*** FLOP *** [Th 4h 8d]
bandita747: checks
VolkovDmitri: bets $3
bandita747: folds
Uncalled bet ($3) returned to VolkovDmitri
shalomrum joins the table at seat #6
VolkovDmitri collected $11.76 from pot
VolkovDmitri: doesn't show hand
*** SUMMARY ***
Total pot $12 | Rake $0.24
Board [Th 4h 8d]
Seat 1: VolkovDmitri (button) (small blind) collected ($11.76)
Seat 3: bandita747 (big blind) folded on the Flop


PokerStars Hand #147410870437:  Hold'em Limit ($3/$6 USD) - 2016/01/21 5:12:28 ET
Table 'Margret II' 6-max Seat #6 is the button
Seat 1: VolkovDmitri ($135.19 in chips)
Seat 6: shalomrum ($123.10 in chips)
shalomrum: posts small blind $1
VolkovDmitri: posts big blind $3
*** HOLE CARDS ***
shalomrum: folds
Uncalled bet ($2) returned to VolkovDmitri
VolkovDmitri collected $2 from pot
VolkovDmitri: doesn't show hand
*** SUMMARY ***
Total pot $2 | Rake $0
Seat 1: VolkovDmitri (big blind) collected ($2)
Seat 6: shalomrum (button) (small blind) folded before Flop


PokerStars Hand #147410856635:  Hold'em Limit ($3/$6 USD) - 2016/01/21 5:11:59 ET
Table 'Margret II' 6-max Seat #1 is the button
Seat 1: VolkovDmitri ($129.43 in chips)
Seat 6: shalomrum ($129.10 in chips)
VolkovDmitri: posts small blind $1
RockKillerTY: is sitting out
shalomrum: posts big blind $3
*** HOLE CARDS ***
RockKillerTY leaves the table
VolkovDmitri: raises $3 to $6
shalomrum: calls $3
*** FLOP *** [Kc 2c 2h]
shalomrum: checks
ME HAPPYBEE joins the table at seat #2
VolkovDmitri: bets $3
shalomrum: folds
Uncalled bet ($3) returned to VolkovDmitri
VolkovDmitri collected $11.76 from pot
VolkovDmitri: doesn't show hand
*** SUMMARY ***
Total pot $12 | Rake $0.24
Board [Kc 2c 2h]
Seat 1: VolkovDmitri (button) (small blind) collected ($11.76)
Seat 6: shalomrum (big blind) folded on the Flop


PokerStars Hand #147412736470:  Hold'em Limit ($3/$6 USD) - 2016/01/21 6:14:31 ET
Table 'Margret II' 6-max Seat #1 is the button
Seat 1: VolkovDmitri ($131.58 in chips)
Seat 2: ME HAPPYBEE ($132.76 in chips)
VolkovDmitri: posts small blind $1
ME HAPPYBEE: posts big blind $3
*** HOLE CARDS ***
VolkovDmitri: raises $3 to $6
ME HAPPYBEE: calls $3
*** FLOP *** [9s 2c Jd]
ME HAPPYBEE: checks
VolkovDmitri: bets $3
ME HAPPYBEE: calls $3
*** TURN *** [9s 2c Jd] [Kd]
ME HAPPYBEE: checks
VolkovDmitri: checks
*** RIVER *** [9s 2c Jd Kd] [8h]
ME HAPPYBEE: checks
VolkovDmitri: checks
*** SHOW DOWN ***
ME HAPPYBEE: shows [6s Ad] (high card Ace)
VolkovDmitri: mucks hand
ME HAPPYBEE collected $17.64 from pot
*** SUMMARY ***
Total pot $18 | Rake $0.36
Board [9s 2c Jd Kd 8h]
Seat 1: VolkovDmitri (button) (small blind) mucked
Seat 2: ME HAPPYBEE (big blind) showed [6s Ad] and won ($17.64) with high card Ace


PokerStars Hand #147412709587:  Hold'em Limit ($3/$6 USD) - 2016/01/21 6:13:40 ET
Table 'Margret II' 6-max Seat #2 is the button
Seat 1: VolkovDmitri ($120.06 in chips)
Seat 2: ME HAPPYBEE ($144.76 in chips)
ME HAPPYBEE: posts small blind $1
VolkovDmitri: posts big blind $3
*** HOLE CARDS ***
ME HAPPYBEE: raises $3 to $6
VolkovDmitri: calls $3
*** FLOP *** [Ac 7h Jd]
VolkovDmitri: checks
ME HAPPYBEE: bets $3
VolkovDmitri: raises $3 to $6
ME HAPPYBEE: calls $3
*** TURN *** [Ac 7h Jd] [6d]
VolkovDmitri: bets $6
ME HAPPYBEE: folds
Uncalled bet ($6) returned to VolkovDmitri
VolkovDmitri collected $23.52 from pot
VolkovDmitri: doesn't show hand
*** SUMMARY ***
Total pot $24 | Rake $0.48
Board [Ac 7h Jd 6d]
Seat 1: VolkovDmitri (big blind) collected ($23.52)
Seat 2: ME HAPPYBEE (button) (small blind) folded on the Turn


PokerStars Hand #147412781252:  Hold'em Limit ($3/$6 USD) - 2016/01/21 6:15:56 ET
Table 'Margret II' 6-max Seat #2 is the button
Seat 1: VolkovDmitri ($125.76 in chips)
Seat 2: ME HAPPYBEE ($138.40 in chips)
ME HAPPYBEE: posts small blind $1
VolkovDmitri: posts big blind $3
*** HOLE CARDS ***
ME HAPPYBEE: raises $3 to $6
VolkovDmitri: raises $3 to $9
ME HAPPYBEE: calls $3
*** FLOP *** [2s Jh 4d]
VolkovDmitri: bets $3
ME HAPPYBEE: folds
Uncalled bet ($3) returned to VolkovDmitri
VolkovDmitri collected $17.64 from pot
VolkovDmitri: doesn't show hand
*** SUMMARY ***
Total pot $18 | Rake $0.36
Board [2s Jh 4d]
Seat 1: VolkovDmitri (big blind) collected ($17.64)
Seat 2: ME HAPPYBEE (button) (small blind) folded on the Flop


PokerStars Hand #147412769040:  Hold'em Limit ($3/$6 USD) - 2016/01/21 6:15:33 ET
Table 'Margret II' 6-max Seat #1 is the button
Seat 1: VolkovDmitri ($120 in chips)
Seat 2: ME HAPPYBEE ($144.40 in chips)
VolkovDmitri: posts small blind $1
ME HAPPYBEE: posts big blind $3
*** HOLE CARDS ***
VolkovDmitri: raises $3 to $6
ME HAPPYBEE: calls $3
*** FLOP *** [7c 5h Tc]
ME HAPPYBEE: checks
VolkovDmitri: bets $3
ME HAPPYBEE: folds
Uncalled bet ($3) returned to VolkovDmitri
VolkovDmitri collected $11.76 from pot
VolkovDmitri: doesn't show hand
*** SUMMARY ***
Total pot $12 | Rake $0.24
Board [7c 5h Tc]
Seat 1: VolkovDmitri (button) (small blind) collected ($11.76)
Seat 2: ME HAPPYBEE (big blind) folded on the Flop


PokerStars Hand #147412762898:  Hold'em Limit ($3/$6 USD) - 2016/01/21 6:15:21 ET
Table 'Margret II' 6-max Seat #2 is the button
Seat 1: VolkovDmitri ($122.58 in chips)
Seat 2: ME HAPPYBEE ($141.40 in chips)
ME HAPPYBEE: posts small blind $1
VolkovDmitri: posts big blind $3
*** HOLE CARDS ***
ME HAPPYBEE: raises $3 to $6
VolkovDmitri: folds
Uncalled bet ($3) returned to ME HAPPYBEE
ME HAPPYBEE collected $6 from pot
ME HAPPYBEE: doesn't show hand
*** SUMMARY ***
Total pot $6 | Rake $0
Seat 1: VolkovDmitri (big blind) folded before Flop
Seat 2: ME HAPPYBEE (button) (small blind) collected ($6)


PokerStars Hand #147412798395:  Hold'em Limit ($3/$6 USD) - 2016/01/21 6:16:29 ET
Table 'Margret II' 6-max Seat #1 is the button
Seat 1: VolkovDmitri ($134.40 in chips)
Seat 2: ME HAPPYBEE ($129.40 in chips)
VolkovDmitri: posts small blind $1
ME HAPPYBEE: posts big blind $3
*** HOLE CARDS ***
VolkovDmitri: folds
Uncalled bet ($2) returned to ME HAPPYBEE
ME HAPPYBEE collected $2 from pot
ME HAPPYBEE: doesn't show hand
*** SUMMARY ***
Total pot $2 | Rake $0
Seat 1: VolkovDmitri (button) (small blind) folded before Flop
Seat 2: ME HAPPYBEE (big blind) collected ($2)


PokerStars Hand #147412832065:  Hold'em Limit ($3/$6 USD) - 2016/01/21 6:17:32 ET
Table 'Margret II' 6-max Seat #1 is the button
Seat 1: VolkovDmitri ($124.40 in chips)
Seat 2: ME HAPPYBEE ($139.04 in chips)
VolkovDmitri: posts small blind $1
ME HAPPYBEE: posts big blind $3
*** HOLE CARDS ***
VolkovDmitri: raises $3 to $6
ME HAPPYBEE: raises $3 to $9
VolkovDmitri: calls $3
*** FLOP *** [4h 3s 4s]
ME HAPPYBEE: bets $3
VolkovDmitri: calls $3
*** TURN *** [4h 3s 4s] [Qd]
ME HAPPYBEE: checks
VolkovDmitri: bets $6
ME HAPPYBEE: calls $6
*** RIVER *** [4h 3s 4s Qd] [8h]
ME HAPPYBEE: checks
VolkovDmitri: checks
*** SHOW DOWN ***
ME HAPPYBEE: shows [Ks As] (a pair of Fours)
VolkovDmitri: mucks hand
ME HAPPYBEE collected $35.50 from pot
*** SUMMARY ***
Total pot $36 | Rake $0.50
Board [4h 3s 4s Qd 8h]
Seat 1: VolkovDmitri (button) (small blind) mucked
Seat 2: ME HAPPYBEE (big blind) showed [Ks As] and won ($35.50) with a pair of Fours


PokerStars Hand #147412802873:  Hold'em Limit ($3/$6 USD) - 2016/01/21 6:16:37 ET
Table 'Margret II' 6-max Seat #2 is the button
Seat 1: VolkovDmitri ($133.40 in chips)
Seat 2: ME HAPPYBEE ($130.40 in chips)
ME HAPPYBEE: posts small blind $1
VolkovDmitri: posts big blind $3
*** HOLE CARDS ***
ME HAPPYBEE: raises $3 to $6
VolkovDmitri: calls $3
*** FLOP *** [7h Js 4h]
VolkovDmitri: checks
ME HAPPYBEE: bets $3
VolkovDmitri: calls $3
*** TURN *** [7h Js 4h] [7c]
VolkovDmitri: checks
ME HAPPYBEE: checks
*** RIVER *** [7h Js 4h 7c] [9s]
VolkovDmitri: checks
ME HAPPYBEE: bets $6
VolkovDmitri: folds
Uncalled bet ($6) returned to ME HAPPYBEE
ME HAPPYBEE collected $17.64 from pot
ME HAPPYBEE: doesn't show hand
*** SUMMARY ***
Total pot $18 | Rake $0.36
Board [7h Js 4h 7c 9s]
Seat 1: VolkovDmitri (big blind) folded on the River
Seat 2: ME HAPPYBEE (button) (small blind) collected ($17.64)


PokerStars Hand #147412890139:  Hold'em Limit ($3/$6 USD) - 2016/01/21 6:19:21 ET
Table 'Margret II' 6-max Seat #2 is the button
Seat 1: VolkovDmitri ($137.28 in chips)
Seat 2: ME HAPPYBEE ($138.54 in chips)
ME HAPPYBEE: posts small blind $1
VolkovDmitri: posts big blind $3
*** HOLE CARDS ***
ME HAPPYBEE: folds
Uncalled bet ($2) returned to VolkovDmitri
VolkovDmitri collected $2 from pot
VolkovDmitri: doesn't show hand
*** SUMMARY ***
Total pot $2 | Rake $0
Seat 1: VolkovDmitri (big blind) collected ($2)
Seat 2: ME HAPPYBEE (button) (small blind) folded before Flop


PokerStars Hand #147412878725:  Hold'em Limit ($3/$6 USD) - 2016/01/21 6:19:00 ET
Table 'Margret II' 6-max Seat #1 is the button
Seat 1: VolkovDmitri ($131.52 in chips)
Seat 2: ME HAPPYBEE ($144.54 in chips)
VolkovDmitri: posts small blind $1
ME HAPPYBEE: posts big blind $3
*** HOLE CARDS ***
VolkovDmitri: raises $3 to $6
ME HAPPYBEE: calls $3
*** FLOP *** [5c 4h Kh]
ME HAPPYBEE: checks
VolkovDmitri: bets $3
ME HAPPYBEE: folds
Uncalled bet ($3) returned to VolkovDmitri
VolkovDmitri collected $11.76 from pot
VolkovDmitri: doesn't show hand
*** SUMMARY ***
Total pot $12 | Rake $0.24
Board [5c 4h Kh]
Seat 1: VolkovDmitri (button) (small blind) collected ($11.76)
Seat 2: ME HAPPYBEE (big blind) folded on the Flop


PokerStars Hand #147412855012:  Hold'em Limit ($3/$6 USD) - 2016/01/21 6:18:15 ET
Table 'Margret II' 6-max Seat #2 is the button
Seat 1: VolkovDmitri ($120 in chips)
Seat 2: ME HAPPYBEE ($156.54 in chips)
ME HAPPYBEE: posts small blind $1
VolkovDmitri: posts big blind $3
*** HOLE CARDS ***
ME HAPPYBEE: raises $3 to $6
VolkovDmitri: calls $3
*** FLOP *** [6s 3s 4d]
VolkovDmitri: checks
ME HAPPYBEE: bets $3
VolkovDmitri: raises $3 to $6
ME HAPPYBEE: calls $3
*** TURN *** [6s 3s 4d] [3d]
VolkovDmitri: bets $6
ME HAPPYBEE: folds
Uncalled bet ($6) returned to VolkovDmitri
VolkovDmitri collected $23.52 from pot
VolkovDmitri: doesn't show hand
*** SUMMARY ***
Total pot $24 | Rake $0.48
Board [6s 3s 4d 3d]
Seat 1: VolkovDmitri (big blind) collected ($23.52)
Seat 2: ME HAPPYBEE (button) (small blind) folded on the Turn


PokerStars Hand #147412914174:  Hold'em Limit ($3/$6 USD) - 2016/01/21 6:20:07 ET
Table 'Margret II' 6-max Seat #2 is the button
Seat 1: VolkovDmitri ($126.28 in chips)
Seat 2: ME HAPPYBEE ($149.06 in chips)
ME HAPPYBEE: posts small blind $1
VolkovDmitri: posts big blind $3
*** HOLE CARDS ***
ME HAPPYBEE: folds
Uncalled bet ($2) returned to VolkovDmitri
VolkovDmitri collected $2 from pot
VolkovDmitri: doesn't show hand
*** SUMMARY ***
Total pot $2 | Rake $0
Seat 1: VolkovDmitri (big blind) collected ($2)
Seat 2: ME HAPPYBEE (button) (small blind) folded before Flop


PokerStars Hand #147412893331:  Hold'em Limit ($3/$6 USD) - 2016/01/21 6:19:28 ET
Table 'Margret II' 6-max Seat #1 is the button
Seat 1: VolkovDmitri ($138.28 in chips)
Seat 2: ME HAPPYBEE ($137.54 in chips)
VolkovDmitri: posts small blind $1
ME HAPPYBEE: posts big blind $3
*** HOLE CARDS ***
VolkovDmitri: raises $3 to $6
ME HAPPYBEE: raises $3 to $9
VolkovDmitri: calls $3
*** FLOP *** [Ac Ah 7s]
ME HAPPYBEE: bets $3
VolkovDmitri: calls $3
*** TURN *** [Ac Ah 7s] [Js]
ME HAPPYBEE: bets $6
VolkovDmitri: folds
Uncalled bet ($6) returned to ME HAPPYBEE
ME HAPPYBEE collected $23.52 from pot
ME HAPPYBEE: doesn't show hand
*** SUMMARY ***
Total pot $24 | Rake $0.48
Board [Ac Ah 7s Js]
Seat 1: VolkovDmitri (button) (small blind) folded on the Turn
Seat 2: ME HAPPYBEE (big blind) collected ($23.52)


PokerStars Hand #147412939365:  Hold'em Limit ($3/$6 USD) - 2016/01/21 6:20:53 ET
Table 'Margret II' 6-max Seat #2 is the button
Seat 1: VolkovDmitri ($120 in chips)
Seat 2: ME HAPPYBEE ($168.56 in chips)
ME HAPPYBEE: posts small blind $1
VolkovDmitri: posts big blind $3
*** HOLE CARDS ***
ME HAPPYBEE: folds
Uncalled bet ($2) returned to VolkovDmitri
VolkovDmitri collected $2 from pot
VolkovDmitri: doesn't show hand
*** SUMMARY ***
Total pot $2 | Rake $0
Seat 1: VolkovDmitri (big blind) collected ($2)
Seat 2: ME HAPPYBEE (button) (small blind) folded before Flop


PokerStars Hand #147412917139:  Hold'em Limit ($3/$6 USD) - 2016/01/21 6:20:12 ET
Table 'Margret II' 6-max Seat #1 is the button
Seat 1: VolkovDmitri ($127.28 in chips)
Seat 2: ME HAPPYBEE ($148.06 in chips)
VolkovDmitri: posts small blind $1
ME HAPPYBEE: posts big blind $3
*** HOLE CARDS ***
VolkovDmitri: raises $3 to $6
ME HAPPYBEE: calls $3
*** FLOP *** [Ts 7h 6s]
ME HAPPYBEE: bets $3
VolkovDmitri: calls $3
*** TURN *** [Ts 7h 6s] [Ks]
ME HAPPYBEE: checks
VolkovDmitri: bets $6
ME HAPPYBEE: calls $6
*** RIVER *** [Ts 7h 6s Ks] [3d]
ME HAPPYBEE: checks
VolkovDmitri: bets $6
ME HAPPYBEE: calls $6
*** SHOW DOWN ***
VolkovDmitri: shows [Jc 8s] (high card King)
ME HAPPYBEE: shows [7s Ac] (a pair of Sevens)
ME HAPPYBEE collected $41.50 from pot
*** SUMMARY ***
Total pot $42 | Rake $0.50
Board [Ts 7h 6s Ks 3d]
Seat 1: VolkovDmitri (button) (small blind) showed [Jc 8s] and lost with high card King
Seat 2: ME HAPPYBEE (big blind) showed [7s Ac] and won ($41.50) with a pair of Sevens


PokerStars Hand #147412948793:  Hold'em Limit ($3/$6 USD) - 2016/01/21 6:21:11 ET
Table 'Margret II' 6-max Seat #1 is the button
Seat 1: VolkovDmitri ($121 in chips)
Seat 2: ME HAPPYBEE ($167.56 in chips)
VolkovDmitri: posts small blind $1
ME HAPPYBEE: posts big blind $3
*** HOLE CARDS ***
VolkovDmitri: raises $3 to $6
ME HAPPYBEE: calls $3
*** FLOP *** [2s 9s Jc]
ME HAPPYBEE: checks
VolkovDmitri: bets $3
ME HAPPYBEE: raises $3 to $6
VolkovDmitri: calls $3
*** TURN *** [2s 9s Jc] [3d]
ME HAPPYBEE: bets $6
VolkovDmitri: calls $6
*** RIVER *** [2s 9s Jc 3d] [As]
ME HAPPYBEE: checks
VolkovDmitri: checks
*** SHOW DOWN ***
ME HAPPYBEE: shows [8d Js] (a pair of Jacks)
VolkovDmitri: mucks hand
ME HAPPYBEE collected $35.50 from pot
*** SUMMARY ***
Total pot $36 | Rake $0.50
Board [2s 9s Jc 3d As]
Seat 1: VolkovDmitri (button) (small blind) mucked
Seat 2: ME HAPPYBEE (big blind) showed [8d Js] and won ($35.50) with a pair of Jacks


PokerStars Hand #147413013058:  Hold'em Limit ($3/$6 USD) - 2016/01/21 6:23:10 ET
Table 'Margret II' 6-max Seat #2 is the button
Seat 1: VolkovDmitri ($123 in chips)
Seat 2: ME HAPPYBEE ($205.56 in chips)
ME HAPPYBEE: posts small blind $1
VolkovDmitri: posts big blind $3
*** HOLE CARDS ***
ME HAPPYBEE: folds
Uncalled bet ($2) returned to VolkovDmitri
VolkovDmitri collected $2 from pot
VolkovDmitri: doesn't show hand
*** SUMMARY ***
Total pot $2 | Rake $0
Seat 1: VolkovDmitri (big blind) collected ($2)
Seat 2: ME HAPPYBEE (button) (small blind) folded before Flop


PokerStars Hand #147413004780:  Hold'em Limit ($3/$6 USD) - 2016/01/21 6:22:55 ET
Table 'Margret II' 6-max Seat #1 is the button
Seat 1: VolkovDmitri ($120 in chips)
Seat 2: ME HAPPYBEE ($208.56 in chips)
VolkovDmitri: posts small blind $1
ME HAPPYBEE: posts big blind $3
*** HOLE CARDS ***
VolkovDmitri: raises $3 to $6
ME HAPPYBEE: folds
Uncalled bet ($3) returned to VolkovDmitri
VolkovDmitri collected $6 from pot
VolkovDmitri: doesn't show hand
*** SUMMARY ***
Total pot $6 | Rake $0
Seat 1: VolkovDmitri (button) (small blind) collected ($6)
Seat 2: ME HAPPYBEE (big blind) folded before Flop


PokerStars Hand #147412987121:  Hold'em Limit ($3/$6 USD) - 2016/01/21 6:22:22 ET
Table 'Margret II' 6-max Seat #2 is the button
Seat 1: VolkovDmitri ($120 in chips)
Seat 2: ME HAPPYBEE ($185.06 in chips)
ME HAPPYBEE: posts small blind $1
VolkovDmitri: posts big blind $3
*** HOLE CARDS ***
ME HAPPYBEE: raises $3 to $6
VolkovDmitri: raises $3 to $9
ME HAPPYBEE: calls $3
*** FLOP *** [Ah Qh Kh]
VolkovDmitri: bets $3
ME HAPPYBEE: calls $3
*** TURN *** [Ah Qh Kh] [Kd]
VolkovDmitri: bets $6
ME HAPPYBEE: calls $6
*** RIVER *** [Ah Qh Kh Kd] [8c]
VolkovDmitri: bets $6
ME HAPPYBEE: calls $6
*** SHOW DOWN ***
VolkovDmitri: shows [7s 9s] (a pair of Kings)
ME HAPPYBEE: shows [4d Qs] (two pair, Kings and Queens)
ME HAPPYBEE collected $47.50 from pot
*** SUMMARY ***
Total pot $48 | Rake $0.50
Board [Ah Qh Kh Kd 8c]
Seat 1: VolkovDmitri (big blind) showed [7s 9s] and lost with a pair of Kings
Seat 2: ME HAPPYBEE (button) (small blind) showed [4d Qs] and won ($47.50) with two pair, Kings and Queens


PokerStars Hand #147413015549:  Hold'em Limit ($3/$6 USD) - 2016/01/21 6:23:15 ET
Table 'Margret II' 6-max Seat #1 is the button
Seat 1: VolkovDmitri ($124 in chips)
Seat 2: ME HAPPYBEE ($204.56 in chips)
VolkovDmitri: posts small blind $1
ME HAPPYBEE: posts big blind $3
*** HOLE CARDS ***
VolkovDmitri: raises $3 to $6
ME HAPPYBEE: calls $3
*** FLOP *** [8d 9s Jc]
ME HAPPYBEE: checks
VolkovDmitri: bets $3
ME HAPPYBEE: raises $3 to $6
VolkovDmitri: calls $3
*** TURN *** [8d 9s Jc] [Qh]
ME HAPPYBEE: bets $6
VolkovDmitri: calls $6
*** RIVER *** [8d 9s Jc Qh] [3s]
ME HAPPYBEE: bets $6
VolkovDmitri: folds
Uncalled bet ($6) returned to ME HAPPYBEE
ME HAPPYBEE collected $35.50 from pot
ME HAPPYBEE: doesn't show hand
*** SUMMARY ***
Total pot $36 | Rake $0.50
Board [8d 9s Jc Qh 3s]
Seat 1: VolkovDmitri (button) (small blind) folded on the River
Seat 2: ME HAPPYBEE (big blind) collected ($35.50)


