PokerStars Hand #167699715871:  Hold'em Limit ($3/$6 USD) - 2017/03/17 5:28:56 ET
Table 'Marghanna' 6-max Seat #2 is the button
Seat 1: mariefella ($137.50 in chips)
Seat 2: TbIP-TbIP 88 ($72 in chips)
TbIP-TbIP 88: posts small blind $1
mariefella: posts big blind $3
*** HOLE CARDS ***
TbIP-TbIP 88: folds
Uncalled bet ($2) returned to mariefella
mariefella collected $2 from pot
mariefella: doesn't show hand
*** SUMMARY ***
Total pot $2 | Rake $0
Seat 1: mariefella (big blind) collected ($2)
Seat 2: TbIP-TbIP 88 (button) (small blind) folded before Flop


PokerStars Hand #167699699469:  Hold'em Limit ($3/$6 USD) - 2017/03/17 5:28:10 ET
Table 'Marghanna' 6-max Seat #1 is the button
Seat 1: mariefella ($120 in chips)
Seat 2: TbIP-TbIP 88 ($72 in chips)
mariefella: posts small blind $1
TbIP-TbIP 88: posts big blind $3
*** HOLE CARDS ***
mariefella: raises $3 to $6
TbIP-TbIP 88: calls $3
*** FLOP *** [8c 9s Kd]
TbIP-TbIP 88: checks
mariefella: bets $3
TbIP-TbIP 88: raises $3 to $6
mariefella: calls $3
*** TURN *** [8c 9s Kd] [3d]
TbIP-TbIP 88: bets $6
mariefella: calls $6
*** RIVER *** [8c 9s Kd 3d] [Ac]
TbIP-TbIP 88: checks
mariefella: checks
*** SHOW DOWN ***
TbIP-TbIP 88: shows [Tc 7d] (high card Ace)
mariefella: shows [5c 9c] (a pair of Nines)
mariefella collected $35.50 from pot
*** SUMMARY ***
Total pot $36 | Rake $0.50
Board [8c 9s Kd 3d Ac]
Seat 1: mariefella (button) (small blind) showed [5c 9c] and won ($35.50) with a pair of Nines
Seat 2: TbIP-TbIP 88 (big blind) showed [Tc 7d] and lost with high card Ace


PokerStars Hand #167699718664:  Hold'em Limit ($3/$6 USD) - 2017/03/17 5:29:04 ET
Table 'Marghanna' 6-max Seat #1 is the button
Seat 1: mariefella ($138.50 in chips)
Seat 2: TbIP-TbIP 88 ($72 in chips)
mariefella: posts small blind $1
TbIP-TbIP 88: posts big blind $3
*** HOLE CARDS ***
mariefella: folds
Uncalled bet ($2) returned to TbIP-TbIP 88
TbIP-TbIP 88 collected $2 from pot
TbIP-TbIP 88: doesn't show hand
*** SUMMARY ***
Total pot $2 | Rake $0
Seat 1: mariefella (button) (small blind) folded before Flop
Seat 2: TbIP-TbIP 88 (big blind) collected ($2)


PokerStars Hand #167699720178:  Hold'em Limit ($3/$6 USD) - 2017/03/17 5:29:09 ET
Table 'Marghanna' 6-max Seat #2 is the button
Seat 1: mariefella ($137.50 in chips)
Seat 2: TbIP-TbIP 88 ($73 in chips)
TbIP-TbIP 88: posts small blind $1
mariefella: posts big blind $3
*** HOLE CARDS ***
TbIP-TbIP 88: raises $3 to $6
mariefella: calls $3
*** FLOP *** [3s Ah 7s]
mariefella: checks
TbIP-TbIP 88: bets $3
mariefella: folds
Uncalled bet ($3) returned to TbIP-TbIP 88
TbIP-TbIP 88 collected $11.76 from pot
TbIP-TbIP 88: doesn't show hand
*** SUMMARY ***
Total pot $12 | Rake $0.24
Board [3s Ah 7s]
Seat 1: mariefella (big blind) folded on the Flop
Seat 2: TbIP-TbIP 88 (button) (small blind) collected ($11.76)


PokerStars Hand #167699731924:  Hold'em Limit ($3/$6 USD) - 2017/03/17 5:29:43 ET
Table 'Marghanna' 6-max Seat #2 is the button
Seat 1: mariefella ($152 in chips)
Seat 2: TbIP-TbIP 88 ($72 in chips)
TbIP-TbIP 88: posts small blind $1
mariefella: posts big blind $3
*** HOLE CARDS ***
TbIP-TbIP 88: raises $3 to $6
mariefella: calls $3
*** FLOP *** [5s 7d Ks]
mariefella: checks
TbIP-TbIP 88: bets $3
mariefella: calls $3
*** TURN *** [5s 7d Ks] [3s]
mariefella: checks
Pelurile joins the table at seat #3
TbIP-TbIP 88: bets $6
mariefella: calls $6
*** RIVER *** [5s 7d Ks 3s] [4h]
mariefella: checks
TbIP-TbIP 88: bets $6
mariefella: calls $6
*** SHOW DOWN ***
TbIP-TbIP 88: shows [Kh 5c] (two pair, Kings and Fives)
mariefella: mucks hand
TbIP-TbIP 88 collected $41.50 from pot
*** SUMMARY ***
Total pot $42 | Rake $0.50
Board [5s 7d Ks 3s 4h]
Seat 1: mariefella (big blind) mucked
Seat 2: TbIP-TbIP 88 (button) (small blind) showed [Kh 5c] and won ($41.50) with two pair, Kings and Fives


PokerStars Hand #167699750026:  Hold'em Limit ($3/$6 USD) - 2017/03/17 5:30:35 ET
Table 'Marghanna' 6-max Seat #1 is the button
Seat 1: mariefella ($131 in chips)
Seat 2: TbIP-TbIP 88 ($92.50 in chips)
mariefella: posts small blind $1
TbIP-TbIP 88: posts big blind $3
*** HOLE CARDS ***
mariefella: raises $3 to $6
TbIP-TbIP 88: calls $3
*** FLOP *** [Ad 8s 5c]
TbIP-TbIP 88: checks
mariefella: bets $3
TbIP-TbIP 88: calls $3
*** TURN *** [Ad 8s 5c] [4c]
TbIP-TbIP 88: checks
mariefella: checks
*** RIVER *** [Ad 8s 5c 4c] [Ac]
TbIP-TbIP 88: bets $6
mariefella: calls $6
*** SHOW DOWN ***
TbIP-TbIP 88: shows [5s 6d] (two pair, Aces and Fives)
mariefella: mucks hand
TbIP-TbIP 88 collected $29.50 from pot
*** SUMMARY ***
Total pot $30 | Rake $0.50
Board [Ad 8s 5c 4c Ac]
Seat 1: mariefella (button) (small blind) mucked
Seat 2: TbIP-TbIP 88 (big blind) showed [5s 6d] and won ($29.50) with two pair, Aces and Fives


PokerStars Hand #167699826688:  Hold'em Limit ($3/$6 USD) - 2017/03/17 5:34:15 ET
Table 'Marghanna' 6-max Seat #1 is the button
Seat 1: mariefella ($167.55 in chips)
Seat 3: Pelurile ($87.92 in chips)
mariefella: posts small blind $1
TbIP-TbIP 88: is sitting out
Pelurile: posts big blind $3
*** HOLE CARDS ***
mariefella: folds
Uncalled bet ($2) returned to Pelurile
Pelurile collected $2 from pot
Pelurile: doesn't show hand
*** SUMMARY ***
Total pot $2 | Rake $0
Seat 1: mariefella (button) (small blind) folded before Flop
Seat 3: Pelurile (big blind) collected ($2)


PokerStars Hand #167699828687:  Hold'em Limit ($3/$6 USD) - 2017/03/17 5:34:20 ET
Table 'Marghanna' 6-max Seat #3 is the button
Seat 1: mariefella ($166.55 in chips)
Seat 3: Pelurile ($88.92 in chips)
Pelurile: posts small blind $1
mariefella: posts big blind $3
*** HOLE CARDS ***
sloboda4 joins the table at seat #4
Pelurile: raises $3 to $6
mariefella: calls $3
*** FLOP *** [Qc 3d 8h]
mariefella: checks
TbIP-TbIP 88 leaves the table
Pelurile: bets $3
mariefella: folds
Uncalled bet ($3) returned to Pelurile
Pelurile collected $11.76 from pot
Pelurile: doesn't show hand
*** SUMMARY ***
Total pot $12 | Rake $0.24
Board [Qc 3d 8h]
Seat 1: mariefella (big blind) folded on the Flop
Seat 3: Pelurile (button) (small blind) collected ($11.76)


PokerStars Hand #167699835310:  Hold'em Limit ($3/$6 USD) - 2017/03/17 5:34:39 ET
Table 'Marghanna' 6-max Seat #1 is the button
Seat 1: mariefella ($160.55 in chips)
Seat 3: Pelurile ($94.68 in chips)
mariefella: posts small blind $1
Pelurile: posts big blind $3
TbIP-TbIP 88 joins the table at seat #5
*** HOLE CARDS ***
mariefella: raises $3 to $6
Pelurile: calls $3
*** FLOP *** [Jh Kd 3s]
Pelurile: checks
mariefella: bets $3
Pelurile: folds
Uncalled bet ($3) returned to mariefella
mariefella collected $11.76 from pot
mariefella: doesn't show hand
*** SUMMARY ***
Total pot $12 | Rake $0.24
Board [Jh Kd 3s]
Seat 1: mariefella (button) (small blind) collected ($11.76)
Seat 3: Pelurile (big blind) folded on the Flop


PokerStars Hand #167701916618:  Hold'em Limit ($3/$6 USD) - 2017/03/17 7:05:31 ET
Table 'Marghanna' 6-max Seat #1 is the button
Seat 1: TbIP-TbIP 88 ($94.27 in chips)
Seat 4: Pfuenph ($113 in chips)
TbIP-TbIP 88: posts small blind $1
Ale4o: is sitting out
Pfuenph: posts big blind $3
*** HOLE CARDS ***
Ale4o leaves the table
TbIP-TbIP 88: raises $3 to $6
Pfuenph: calls $3
*** FLOP *** [Ac 6s Ad]
Pfuenph: checks
TbIP-TbIP 88: bets $3
Pfuenph: raises $3 to $6
TbIP-TbIP 88: folds
Uncalled bet ($3) returned to Pfuenph
Pfuenph collected $17.64 from pot
Pfuenph: doesn't show hand
*** SUMMARY ***
Total pot $18 | Rake $0.36
Board [Ac 6s Ad]
Seat 1: TbIP-TbIP 88 (button) (small blind) folded on the Flop
Seat 4: Pfuenph (big blind) collected ($17.64)


