PokerStars Hand #169257090358:  Hold'em Limit ($3/$6 USD) - 2017/04/19 9:06:25 ET
Table 'Margret' 6-max Seat #1 is the button
Seat 1: sim5sim5 ($98.14 in chips)
Seat 2: Dudelinio ($95.06 in chips)
sim5sim5: posts small blind $1
Dudelinio: posts big blind $3
*** HOLE CARDS ***
sim5sim5: folds
Uncalled bet ($2) returned to Dudelinio
Dudelinio collected $2 from pot
Dudelinio: doesn't show hand
*** SUMMARY ***
Total pot $2 | Rake $0
Seat 1: sim5sim5 (button) (small blind) folded before Flop
Seat 2: Dudelinio (big blind) collected ($2)


PokerStars Hand #169257070758:  Hold'em Limit ($3/$6 USD) - 2017/04/19 9:05:51 ET
Table 'Margret' 6-max Seat #2 is the button
Seat 1: sim5sim5 ($89.50 in chips)
Seat 2: Dudelinio ($104.06 in chips)
Dudelinio: posts small blind $1
sim5sim5: posts big blind $3
*** HOLE CARDS ***
Dudelinio: raises $3 to $6
sim5sim5: calls $3
*** FLOP *** [Jd Ac 7s]
sim5sim5: checks
Dudelinio: bets $3
sim5sim5: calls $3
*** TURN *** [Jd Ac 7s] [9s]
sim5sim5: checks
Dudelinio: checks
*** RIVER *** [Jd Ac 7s 9s] [8s]
sim5sim5: checks
Dudelinio: checks
*** SHOW DOWN ***
sim5sim5: shows [Kd 8h] (a pair of Eights)
Dudelinio: mucks hand
sim5sim5 collected $17.64 from pot
*** SUMMARY ***
Total pot $18 | Rake $0.36
Board [Jd Ac 7s 9s 8s]
Seat 1: sim5sim5 (big blind) showed [Kd 8h] and won ($17.64) with a pair of Eights
Seat 2: Dudelinio (button) (small blind) mucked


PokerStars Hand #169257053421:  Hold'em Limit ($3/$6 USD) - 2017/04/19 9:05:21 ET
Table 'Margret' 6-max Seat #1 is the button
Seat 1: sim5sim5 ($72 in chips)
Seat 2: Dudelinio ($122.06 in chips)
sim5sim5: posts small blind $1
Dudelinio: posts big blind $3
*** HOLE CARDS ***
sim5sim5: raises $3 to $6
Dudelinio: raises $3 to $9
sim5sim5: calls $3
*** FLOP *** [7c Tc 5h]
Dudelinio: bets $3
sim5sim5: calls $3
*** TURN *** [7c Tc 5h] [8h]
Dudelinio: checks
sim5sim5: bets $6
Dudelinio: calls $6
*** RIVER *** [7c Tc 5h 8h] [8s]
Dudelinio: checks
sim5sim5: checks
*** SHOW DOWN ***
Dudelinio: shows [Jh Kd] (a pair of Eights)
sim5sim5: shows [3d 3s] (two pair, Eights and Threes)
sim5sim5 collected $35.50 from pot
*** SUMMARY ***
Total pot $36 | Rake $0.50
Board [7c Tc 5h 8h 8s]
Seat 1: sim5sim5 (button) (small blind) showed [3d 3s] and won ($35.50) with two pair, Eights and Threes
Seat 2: Dudelinio (big blind) showed [Jh Kd] and lost with a pair of Eights


PokerStars Hand #169257093656:  Hold'em Limit ($3/$6 USD) - 2017/04/19 9:06:31 ET
Table 'Margret' 6-max Seat #2 is the button
Seat 1: sim5sim5 ($97.14 in chips)
Seat 2: Dudelinio ($96.06 in chips)
Dudelinio: posts small blind $1
sim5sim5: posts big blind $3
*** HOLE CARDS ***
Dudelinio: raises $3 to $6
sim5sim5: calls $3
*** FLOP *** [9h 6s 4h]
sim5sim5: checks
Dudelinio: bets $3
sim5sim5: raises $3 to $6
Dudelinio: calls $3
*** TURN *** [9h 6s 4h] [6h]
sim5sim5: bets $6
Dudelinio: calls $6
*** RIVER *** [9h 6s 4h 6h] [6d]
sim5sim5: bets $6
Dudelinio: calls $6
*** SHOW DOWN ***
sim5sim5: shows [Jc Ts] (three of a kind, Sixes)
Dudelinio: shows [Qh 8c] (three of a kind, Sixes - Queen kicker)
Dudelinio collected $47.50 from pot
*** SUMMARY ***
Total pot $48 | Rake $0.50
Board [9h 6s 4h 6h 6d]
Seat 1: sim5sim5 (big blind) showed [Jc Ts] and lost with three of a kind, Sixes
Seat 2: Dudelinio (button) (small blind) showed [Qh 8c] and won ($47.50) with three of a kind, Sixes


PokerStars Hand #169257126284:  Hold'em Limit ($3/$6 USD) - 2017/04/19 9:07:27 ET
Table 'Margret' 6-max Seat #2 is the button
Seat 1: sim5sim5 ($72 in chips)
Seat 2: Dudelinio ($128.20 in chips)
Dudelinio: posts small blind $1
sim5sim5: posts big blind $3
*** HOLE CARDS ***
Dudelinio: raises $3 to $6
sim5sim5: folds
Uncalled bet ($3) returned to Dudelinio
Dudelinio collected $6 from pot
Dudelinio: doesn't show hand
*** SUMMARY ***
Total pot $6 | Rake $0
Seat 1: sim5sim5 (big blind) folded before Flop
Seat 2: Dudelinio (button) (small blind) collected ($6)


PokerStars Hand #169257115313:  Hold'em Limit ($3/$6 USD) - 2017/04/19 9:07:08 ET
Table 'Margret' 6-max Seat #1 is the button
Seat 1: sim5sim5 ($73.14 in chips)
Seat 2: Dudelinio ($119.56 in chips)
sim5sim5: posts small blind $1
Dudelinio: posts big blind $3
*** HOLE CARDS ***
sim5sim5: raises $3 to $6
Dudelinio: calls $3
*** FLOP *** [5c 5h 6d]
Dudelinio: checks
sim5sim5: bets $3
Dudelinio: calls $3
*** TURN *** [5c 5h 6d] [4d]
Dudelinio: checks
sim5sim5: checks
*** RIVER *** [5c 5h 6d 4d] [3d]
Dudelinio: bets $6
sim5sim5: folds
Uncalled bet ($6) returned to Dudelinio
Dudelinio collected $17.64 from pot
Dudelinio: doesn't show hand
*** SUMMARY ***
Total pot $18 | Rake $0.36
Board [5c 5h 6d 4d 3d]
Seat 1: sim5sim5 (button) (small blind) folded on the River
Seat 2: Dudelinio (big blind) collected ($17.64)


PokerStars Hand #169257150466:  Hold'em Limit ($3/$6 USD) - 2017/04/19 9:08:09 ET
Table 'Margret' 6-max Seat #2 is the button
Seat 1: sim5sim5 ($72 in chips)
Seat 2: Dudelinio ($130.95 in chips)
Dudelinio: posts small blind $1
sim5sim5: posts big blind $3
*** HOLE CARDS ***
Dudelinio: raises $3 to $6
sim5sim5: calls $3
*** FLOP *** [8c Td Ah]
sim5sim5: checks
Dudelinio: bets $3
sim5sim5: raises $3 to $6
Dudelinio: folds
Uncalled bet ($3) returned to sim5sim5
sim5sim5 collected $17.64 from pot
sim5sim5: doesn't show hand
*** SUMMARY ***
Total pot $18 | Rake $0.36
Board [8c Td Ah]
Seat 1: sim5sim5 (big blind) collected ($17.64)
Seat 2: Dudelinio (button) (small blind) folded on the Flop


PokerStars Hand #169257130038:  Hold'em Limit ($3/$6 USD) - 2017/04/19 9:07:34 ET
Table 'Margret' 6-max Seat #1 is the button
Seat 1: sim5sim5 ($72 in chips)
Seat 2: Dudelinio ($131.20 in chips)
sim5sim5: posts small blind $1
Dudelinio: posts big blind $3
*** HOLE CARDS ***
sim5sim5: raises $3 to $6
Dudelinio: calls $3
*** FLOP *** [5c Th 9h]
Dudelinio: checks
sim5sim5: bets $3
Dudelinio: raises $3 to $6
sim5sim5: calls $3
*** TURN *** [5c Th 9h] [Qd]
Dudelinio: bets $6
sim5sim5: raises $6 to $12
Dudelinio: raises $6 to $18
sim5sim5: calls $6
*** RIVER *** [5c Th 9h Qd] [8d]
Dudelinio: bets $6
sim5sim5: raises $6 to $12
Dudelinio: raises $6 to $18
sim5sim5: calls $6
*** SHOW DOWN ***
Dudelinio: shows [Jd Qc] (a straight, Eight to Queen)
sim5sim5: shows [Jc 5d] (a straight, Eight to Queen)
Dudelinio collected $47.75 from pot
sim5sim5 collected $47.75 from pot
*** SUMMARY ***
Total pot $96 | Rake $0.50
Board [5c Th 9h Qd 8d]
Seat 1: sim5sim5 (button) (small blind) showed [Jc 5d] and won ($47.75) with a straight, Eight to Queen
Seat 2: Dudelinio (big blind) showed [Jd Qc] and won ($47.75) with a straight, Eight to Queen


PokerStars Hand #169257177639:  Hold'em Limit ($3/$6 USD) - 2017/04/19 9:08:56 ET
Table 'Margret' 6-max Seat #2 is the button
Seat 1: sim5sim5 ($72 in chips)
Seat 2: Dudelinio ($133.47 in chips)
Dudelinio: posts small blind $1
sim5sim5: posts big blind $3
*** HOLE CARDS ***
Dudelinio: raises $3 to $6
sim5sim5: calls $3
*** FLOP *** [5s 8d 4d]
sim5sim5: checks
Dudelinio: bets $3
sim5sim5: raises $3 to $6
Dudelinio: folds
Uncalled bet ($3) returned to sim5sim5
sim5sim5 collected $17.64 from pot
sim5sim5: doesn't show hand
*** SUMMARY ***
Total pot $18 | Rake $0.36
Board [5s 8d 4d]
Seat 1: sim5sim5 (big blind) collected ($17.64)
Seat 2: Dudelinio (button) (small blind) folded on the Flop


PokerStars Hand #169257185589:  Hold'em Limit ($3/$6 USD) - 2017/04/19 9:09:10 ET
Table 'Margret' 6-max Seat #1 is the button
Seat 1: sim5sim5 ($80.64 in chips)
Seat 2: Dudelinio ($124.47 in chips)
sim5sim5: posts small blind $1
Dudelinio: posts big blind $3
*** HOLE CARDS ***
sim5sim5: raises $3 to $6
Dudelinio: calls $3
*** FLOP *** [Ts 5s Js]
Dudelinio: checks
sim5sim5: bets $3
Dudelinio: calls $3
*** TURN *** [Ts 5s Js] [9h]
Dudelinio: checks
sim5sim5: checks
*** RIVER *** [Ts 5s Js 9h] [7h]
Dudelinio: bets $6
sim5sim5: folds
Uncalled bet ($6) returned to Dudelinio
Dudelinio collected $17.64 from pot
Dudelinio: doesn't show hand
*** SUMMARY ***
Total pot $18 | Rake $0.36
Board [Ts 5s Js 9h 7h]
Seat 1: sim5sim5 (button) (small blind) folded on the River
Seat 2: Dudelinio (big blind) collected ($17.64)


PokerStars Hand #169257158330:  Hold'em Limit ($3/$6 USD) - 2017/04/19 9:08:23 ET
Table 'Margret' 6-max Seat #1 is the button
Seat 1: sim5sim5 ($80.64 in chips)
Seat 2: Dudelinio ($121.95 in chips)
sim5sim5: posts small blind $1
Dudelinio: posts big blind $3
*** HOLE CARDS ***
sim5sim5: raises $3 to $6
Dudelinio: calls $3
*** FLOP *** [Js 3h 8s]
Dudelinio: checks
sim5sim5: bets $3
Dudelinio: raises $3 to $6
sim5sim5: calls $3
*** TURN *** [Js 3h 8s] [4h]
Dudelinio: bets $6
TbIP-TbIP 88 leaves the table
sim5sim5: folds
Uncalled bet ($6) returned to Dudelinio
Dudelinio collected $23.52 from pot
Dudelinio: doesn't show hand
*** SUMMARY ***
Total pot $24 | Rake $0.48
Board [Js 3h 8s 4h]
Seat 1: sim5sim5 (button) (small blind) folded on the Turn
Seat 2: Dudelinio (big blind) collected ($23.52)


PokerStars Hand #169257198775:  Hold'em Limit ($3/$6 USD) - 2017/04/19 9:09:33 ET
Table 'Margret' 6-max Seat #2 is the button
Seat 1: sim5sim5 ($72 in chips)
Seat 2: Dudelinio ($133.11 in chips)
Dudelinio: posts small blind $1
sim5sim5: posts big blind $3
*** HOLE CARDS ***
Dudelinio: folds
Uncalled bet ($2) returned to sim5sim5
sim5sim5 collected $2 from pot
sim5sim5: doesn't show hand
*** SUMMARY ***
Total pot $2 | Rake $0
Seat 1: sim5sim5 (big blind) collected ($2)
Seat 2: Dudelinio (button) (small blind) folded before Flop


PokerStars Hand #169257201558:  Hold'em Limit ($3/$6 USD) - 2017/04/19 9:09:38 ET
Table 'Margret' 6-max Seat #1 is the button
Seat 1: sim5sim5 ($73 in chips)
Seat 2: Dudelinio ($132.11 in chips)
sim5sim5: posts small blind $1
Dudelinio: posts big blind $3
*** HOLE CARDS ***
sim5sim5: raises $3 to $6
Dudelinio: calls $3
*** FLOP *** [9s 4s 4h]
Dudelinio: checks
sim5sim5: bets $3
Dudelinio: raises $3 to $6
sim5sim5: calls $3
*** TURN *** [9s 4s 4h] [8c]
Dudelinio: bets $6
sim5sim5: calls $6
*** RIVER *** [9s 4s 4h 8c] [Qs]
Dudelinio: bets $6
sim5sim5: calls $6
*** SHOW DOWN ***
Dudelinio: shows [2c 2s] (two pair, Fours and Deuces)
sim5sim5: shows [9d 6s] (two pair, Nines and Fours)
sim5sim5 collected $47.50 from pot
*** SUMMARY ***
Total pot $48 | Rake $0.50
Board [9s 4s 4h 8c Qs]
Seat 1: sim5sim5 (button) (small blind) showed [9d 6s] and won ($47.50) with two pair, Nines and Fours
Seat 2: Dudelinio (big blind) showed [2c 2s] and lost with two pair, Fours and Deuces


PokerStars Hand #169257215950:  Hold'em Limit ($3/$6 USD) - 2017/04/19 9:10:03 ET
Table 'Margret' 6-max Seat #2 is the button
Seat 1: sim5sim5 ($96.50 in chips)
Seat 2: Dudelinio ($108.11 in chips)
Dudelinio: posts small blind $1
sim5sim5: posts big blind $3
*** HOLE CARDS ***
Dudelinio: raises $3 to $6
sim5sim5: calls $3
*** FLOP *** [6c As Ac]
sim5sim5: checks
Dudelinio: bets $3
sim5sim5: calls $3
*** TURN *** [6c As Ac] [2s]
sim5sim5: checks
Dudelinio: checks
*** RIVER *** [6c As Ac 2s] [5s]
sim5sim5: bets $6
Dudelinio: calls $6
*** SHOW DOWN ***
sim5sim5: shows [8d Ah] (three of a kind, Aces)
Dudelinio: mucks hand
sim5sim5 collected $29.50 from pot
*** SUMMARY ***
Total pot $30 | Rake $0.50
Board [6c As Ac 2s 5s]
Seat 1: sim5sim5 (big blind) showed [8d Ah] and won ($29.50) with three of a kind, Aces
Seat 2: Dudelinio (button) (small blind) mucked


