PokerStars Hand #148097513864:  Hold'em Limit ($3/$6 USD) - 2016/02/02 4:56:18 ET
Table 'Margarita II' 2-max Seat #2 is the button
Seat 1: jl45259071 ($68.52 in chips)
Seat 2: BuzovaPro ($72 in chips)
BuzovaPro: posts small blind $1
jl45259071: posts big blind $3
*** HOLE CARDS ***
BuzovaPro: raises $3 to $6
jl45259071: calls $3
*** FLOP *** [2h Qs Jh]
jl45259071: bets $3
BuzovaPro: calls $3
*** TURN *** [2h Qs Jh] [4c]
jl45259071: bets $6
BuzovaPro: calls $6
*** RIVER *** [2h Qs Jh 4c] [Jc]
jl45259071: checks
BuzovaPro: checks
*** SHOW DOWN ***
jl45259071: shows [9s 3s] (a pair of Jacks)
BuzovaPro: shows [8d 8s] (two pair, Jacks and Eights)
BuzovaPro collected $29.50 from pot
*** SUMMARY ***
Total pot $30 | Rake $0.50
Board [2h Qs Jh 4c Jc]
Seat 1: jl45259071 (big blind) showed [9s 3s] and lost with a pair of Jacks
Seat 2: BuzovaPro (button) (small blind) showed [8d 8s] and won ($29.50) with two pair, Jacks and Eights


PokerStars Hand #148097537730:  Hold'em Limit ($3/$6 USD) - 2016/02/02 4:57:19 ET
Table 'Margarita II' 2-max Seat #1 is the button
Seat 1: jl45259071 ($23.52 in chips)
Seat 2: BuzovaPro ($115.76 in chips)
jl45259071: posts small blind $1
BuzovaPro: posts big blind $3
*** HOLE CARDS ***
jl45259071: folds
Uncalled bet ($2) returned to BuzovaPro
BuzovaPro collected $2 from pot
jl45259071 leaves the table
BuzovaPro: doesn't show hand
*** SUMMARY ***
Total pot $2 | Rake $0
Seat 1: jl45259071 (button) (small blind) folded before Flop
Seat 2: BuzovaPro (big blind) collected ($2)


PokerStars Hand #148097530670:  Hold'em Limit ($3/$6 USD) - 2016/02/02 4:57:00 ET
Table 'Margarita II' 2-max Seat #2 is the button
Seat 1: jl45259071 ($47.52 in chips)
Seat 2: BuzovaPro ($92.26 in chips)
BuzovaPro: posts small blind $1
jl45259071: posts big blind $3
*** HOLE CARDS ***
BuzovaPro: raises $3 to $6
jl45259071: raises $3 to $9
BuzovaPro: calls $3
*** FLOP *** [3d 8c Ad]
jl45259071: bets $3
BuzovaPro: calls $3
*** TURN *** [3d 8c Ad] [Th]
jl45259071: bets $6
BuzovaPro: calls $6
*** RIVER *** [3d 8c Ad Th] [Qc]
jl45259071: bets $6
BuzovaPro: calls $6
*** SHOW DOWN ***
jl45259071: shows [Kc 8s] (a pair of Eights)
BuzovaPro: shows [6s As] (a pair of Aces)
BuzovaPro collected $47.50 from pot
*** SUMMARY ***
Total pot $48 | Rake $0.50
Board [3d 8c Ad Th Qc]
Seat 1: jl45259071 (big blind) showed [Kc 8s] and lost with a pair of Eights
Seat 2: BuzovaPro (button) (small blind) showed [6s As] and won ($47.50) with a pair of Aces


PokerStars Hand #148097523673:  Hold'em Limit ($3/$6 USD) - 2016/02/02 4:56:42 ET
Table 'Margarita II' 2-max Seat #1 is the button
Seat 1: jl45259071 ($53.52 in chips)
Seat 2: BuzovaPro ($86.50 in chips)
jl45259071: posts small blind $1
BuzovaPro: posts big blind $3
*** HOLE CARDS ***
jl45259071: raises $3 to $6
BuzovaPro: calls $3
*** FLOP *** [2h Th 2c]
BuzovaPro: checks
jl45259071: checks
*** TURN *** [2h Th 2c] [5s]
BuzovaPro: checks
jl45259071: checks
*** RIVER *** [2h Th 2c 5s] [8d]
BuzovaPro: checks
jl45259071: checks
*** SHOW DOWN ***
BuzovaPro: shows [Qh Kc] (a pair of Deuces)
jl45259071: mucks hand
BuzovaPro collected $11.76 from pot
*** SUMMARY ***
Total pot $12 | Rake $0.24
Board [2h Th 2c 5s 8d]
Seat 1: jl45259071 (button) (small blind) mucked
Seat 2: BuzovaPro (big blind) showed [Qh Kc] and won ($11.76) with a pair of Deuces


