PokerStars Hand #171841854904:  Hold'em Limit ($3/$6 USD) - 2017/06/16 8:28:27 ET
Table 'Margo' 6-max Seat #3 is the button
Seat 3: chebob ($78 in chips)
Seat 4: Anchig ($120 in chips)
chebob: posts small blind $1
Anchig: posts big blind $3
*** HOLE CARDS ***
chebob: folds
Uncalled bet ($2) returned to Anchig
Anchig collected $2 from pot
Anchig: doesn't show hand
*** SUMMARY ***
Total pot $2 | Rake $0
Seat 3: chebob (button) (small blind) folded before Flop
Seat 4: Anchig (big blind) collected ($2)


PokerStars Hand #171841858401:  Hold'em Limit ($3/$6 USD) - 2017/06/16 8:28:35 ET
Table 'Margo' 6-max Seat #4 is the button
Seat 3: chebob ($77 in chips)
Seat 4: Anchig ($121 in chips)
Anchig: posts small blind $1
chebob: posts big blind $3
*** HOLE CARDS ***
Anchig: folds
Uncalled bet ($2) returned to chebob
chebob collected $2 from pot
chebob: doesn't show hand
*** SUMMARY ***
Total pot $2 | Rake $0
Seat 3: chebob (big blind) collected ($2)
Seat 4: Anchig (button) (small blind) folded before Flop


PokerStars Hand #171841876255:  Hold'em Limit ($3/$6 USD) - 2017/06/16 8:29:13 ET
Table 'Margo' 6-max Seat #4 is the button
Seat 3: chebob ($76.76 in chips)
Seat 4: Anchig ($120.76 in chips)
Anchig: posts small blind $1
chebob: posts big blind $3
*** HOLE CARDS ***
Anchig: raises $3 to $6
chebob: raises $3 to $9
Anchig: calls $3
*** FLOP *** [Jd Td 3d]
chebob: bets $3
Anchig: calls $3
*** TURN *** [Jd Td 3d] [Ks]
popesxxx joins the table at seat #5
chebob: bets $6
Anchig: calls $6
*** RIVER *** [Jd Td 3d Ks] [2d]
chebob: checks
Anchig: checks
*** SHOW DOWN ***
chebob: shows [Ts 9s] (a pair of Tens)
Anchig: shows [4h Jc] (a pair of Jacks)
Anchig collected $35.50 from pot
*** SUMMARY ***
Total pot $36 | Rake $0.50
Board [Jd Td 3d Ks 2d]
Seat 3: chebob (big blind) showed [Ts 9s] and lost with a pair of Tens
Seat 4: Anchig (button) (small blind) showed [4h Jc] and won ($35.50) with a pair of Jacks


PokerStars Hand #171841873331:  Hold'em Limit ($3/$6 USD) - 2017/06/16 8:29:07 ET
Table 'Margo' 6-max Seat #3 is the button
Seat 3: chebob ($77.76 in chips)
Seat 4: Anchig ($119.76 in chips)
chebob: posts small blind $1
Anchig: posts big blind $3
*** HOLE CARDS ***
chebob: folds
Uncalled bet ($2) returned to Anchig
Anchig collected $2 from pot
Anchig: doesn't show hand
*** SUMMARY ***
Total pot $2 | Rake $0
Seat 3: chebob (button) (small blind) folded before Flop
Seat 4: Anchig (big blind) collected ($2)


PokerStars Hand #171841866438:  Hold'em Limit ($3/$6 USD) - 2017/06/16 8:28:52 ET
Table 'Margo' 6-max Seat #4 is the button
Seat 3: chebob ($83.76 in chips)
Seat 4: Anchig ($114 in chips)
Anchig: posts small blind $1
chebob: posts big blind $3
*** HOLE CARDS ***
Anchig: raises $3 to $6
chebob: calls $3
*** FLOP *** [Ad 5c 2c]
chebob: checks
Anchig: bets $3
chebob: folds
Uncalled bet ($3) returned to Anchig
Anchig collected $11.76 from pot
Anchig: doesn't show hand
*** SUMMARY ***
Total pot $12 | Rake $0.24
Board [Ad 5c 2c]
Seat 3: chebob (big blind) folded on the Flop
Seat 4: Anchig (button) (small blind) collected ($11.76)


PokerStars Hand #171841861755:  Hold'em Limit ($3/$6 USD) - 2017/06/16 8:28:42 ET
Table 'Margo' 6-max Seat #3 is the button
Seat 3: chebob ($78 in chips)
Seat 4: Anchig ($120 in chips)
chebob: posts small blind $1
Anchig: posts big blind $3
*** HOLE CARDS ***
chebob: raises $3 to $6
Anchig: calls $3
*** FLOP *** [Qs Jc 8d]
Anchig: checks
chebob: bets $3
Anchig: folds
Uncalled bet ($3) returned to chebob
chebob collected $11.76 from pot
chebob: doesn't show hand
*** SUMMARY ***
Total pot $12 | Rake $0.24
Board [Qs Jc 8d]
Seat 3: chebob (button) (small blind) collected ($11.76)
Seat 4: Anchig (big blind) folded on the Flop


PokerStars Hand #171841884972:  Hold'em Limit ($3/$6 USD) - 2017/06/16 8:29:33 ET
Table 'Margo' 6-max Seat #3 is the button
Seat 3: chebob ($58.76 in chips)
Seat 4: Anchig ($138.26 in chips)
chebob: posts small blind $1
Anchig: posts big blind $3
*** HOLE CARDS ***
chebob: raises $3 to $6
Anchig: calls $3
*** FLOP *** [Jc 5d 4d]
Anchig: bets $3
chebob: calls $3
*** TURN *** [Jc 5d 4d] [6d]
Anchig: bets $6
chebob: calls $6
*** RIVER *** [Jc 5d 4d 6d] [3h]
Anchig: bets $6
chebob: calls $6
*** SHOW DOWN ***
Anchig: shows [Qd 7d] (a flush, Queen high)
chebob: mucks hand
Anchig collected $41.50 from pot
*** SUMMARY ***
Total pot $42 | Rake $0.50
Board [Jc 5d 4d 6d 3h]
Seat 3: chebob (button) (small blind) mucked
Seat 4: Anchig (big blind) showed [Qd 7d] and won ($41.50) with a flush, Queen high


PokerStars Hand #171843398809:  Hold'em Limit ($3/$6 USD) - 2017/06/16 9:21:58 ET
Table 'Margo' 6-max Seat #6 is the button
Seat 4: popesxxx ($39 in chips)
Seat 6: B_loJkl ($82.94 in chips)
B_loJkl: posts small blind $1
popesxxx: posts big blind $3
*** HOLE CARDS ***
B_loJkl: raises $3 to $6
popesxxx: calls $3
*** FLOP *** [Ts 4d 5c]
popesxxx: checks
B_loJkl: bets $3
popesxxx: folds
Uncalled bet ($3) returned to B_loJkl
B_loJkl collected $11.76 from pot
B_loJkl: doesn't show hand
*** SUMMARY ***
Total pot $12 | Rake $0.24
Board [Ts 4d 5c]
Seat 4: popesxxx (big blind) folded on the Flop
Seat 6: B_loJkl (button) (small blind) collected ($11.76)


PokerStars Hand #171843928653:  Hold'em Limit ($3/$6 USD) - 2017/06/16 9:38:59 ET
Table 'Margo' 6-max Seat #1 is the button
Seat 1: RJF1943 ($143.93 in chips)
Seat 6: B_loJkl ($120.37 in chips)
RJF1943: posts small blind $1
ABATAPP: is sitting out
DismasX: is sitting out
B_loJkl: posts big blind $3
*** HOLE CARDS ***
ABATAPP leaves the table
RJF1943: folds
Uncalled bet ($2) returned to B_loJkl
B_loJkl collected $2 from pot
B_loJkl: doesn't show hand
*** SUMMARY ***
Total pot $2 | Rake $0
Seat 1: RJF1943 (button) (small blind) folded before Flop
Seat 6: B_loJkl (big blind) collected ($2)


PokerStars Hand #171844143551:  Hold'em Limit ($3/$6 USD) - 2017/06/16 9:45:51 ET
Table 'Margo' 6-max Seat #6 is the button
Seat 4: popesxxx ($29 in chips)
Seat 6: B_loJkl ($151 in chips)
B_loJkl: posts small blind $1
popesxxx: posts big blind $3
*** HOLE CARDS ***
B_loJkl: folds
Uncalled bet ($2) returned to popesxxx
popesxxx collected $2 from pot
*** SUMMARY ***
Total pot $2 | Rake $0
Seat 4: popesxxx (big blind) collected ($2)
Seat 6: B_loJkl (button) (small blind) folded before Flop


PokerStars Hand #171844130732:  Hold'em Limit ($3/$6 USD) - 2017/06/16 9:45:27 ET
Table 'Margo' 6-max Seat #4 is the button
Seat 4: popesxxx ($30 in chips)
Seat 6: B_loJkl ($150 in chips)
GoliafUa: is sitting out
popesxxx: posts small blind $1
B_loJkl: posts big blind $3
*** HOLE CARDS ***
popesxxx: folds
Uncalled bet ($2) returned to B_loJkl
B_loJkl collected $2 from pot
B_loJkl: doesn't show hand
*** SUMMARY ***
Total pot $2 | Rake $0
Seat 4: popesxxx (button) (small blind) folded before Flop
Seat 6: B_loJkl (big blind) collected ($2)


PokerStars Hand #171844199814:  Hold'em Limit ($3/$6 USD) - 2017/06/16 9:47:38 ET
Table 'Margo' 6-max Seat #6 is the button
Seat 4: popesxxx ($73 in chips)
Seat 6: B_loJkl ($106 in chips)
B_loJkl: posts small blind $1
popesxxx: posts big blind $3
*** HOLE CARDS ***
B_loJkl: raises $3 to $6
popesxxx: folds
Uncalled bet ($3) returned to B_loJkl
B_loJkl collected $6 from pot
B_loJkl: doesn't show hand
*** SUMMARY ***
Total pot $6 | Rake $0
Seat 4: popesxxx (big blind) folded before Flop
Seat 6: B_loJkl (button) (small blind) collected ($6)


PokerStars Hand #171844197495:  Hold'em Limit ($3/$6 USD) - 2017/06/16 9:47:34 ET
Table 'Margo' 6-max Seat #4 is the button
Seat 4: popesxxx ($74 in chips)
Seat 6: B_loJkl ($105 in chips)
popesxxx: posts small blind $1
B_loJkl: posts big blind $3
*** HOLE CARDS ***
popesxxx: folds
Uncalled bet ($2) returned to B_loJkl
B_loJkl collected $2 from pot
B_loJkl: doesn't show hand
*** SUMMARY ***
Total pot $2 | Rake $0
Seat 4: popesxxx (button) (small blind) folded before Flop
Seat 6: B_loJkl (big blind) collected ($2)


PokerStars Hand #171844183200:  Hold'em Limit ($3/$6 USD) - 2017/06/16 9:47:07 ET
Table 'Margo' 6-max Seat #6 is the button
Seat 4: popesxxx ($44.50 in chips)
Seat 6: B_loJkl ($135 in chips)
B_loJkl: posts small blind $1
popesxxx: posts big blind $3
*** HOLE CARDS ***
B_loJkl: raises $3 to $6
popesxxx: raises $3 to $9
B_loJkl: calls $3
*** FLOP *** [4s 6d 8s]
popesxxx: bets $3
B_loJkl: calls $3
*** TURN *** [4s 6d 8s] [2c]
popesxxx: bets $6
B_loJkl: calls $6
*** RIVER *** [4s 6d 8s 2c] [Tc]
popesxxx: bets $6
B_loJkl: raises $6 to $12
popesxxx: calls $6
*** SHOW DOWN ***
B_loJkl: shows [7d Th] (a pair of Tens)
popesxxx: shows [Kd Kc] (a pair of Kings)
popesxxx collected $59.50 from pot
*** SUMMARY ***
Total pot $60 | Rake $0.50
Board [4s 6d 8s 2c Tc]
Seat 4: popesxxx (big blind) showed [Kd Kc] and won ($59.50) with a pair of Kings
Seat 6: B_loJkl (button) (small blind) showed [7d Th] and lost with a pair of Tens


PokerStars Hand #171844151646:  Hold'em Limit ($3/$6 USD) - 2017/06/16 9:46:06 ET
Table 'Margo' 6-max Seat #4 is the button
Seat 4: popesxxx ($30 in chips)
Seat 6: B_loJkl ($150 in chips)
popesxxx: posts small blind $1
B_loJkl: posts big blind $3
*** HOLE CARDS ***
popesxxx: raises $3 to $6
B_loJkl: calls $3
*** FLOP *** [7c 8d 3h]
B_loJkl: checks
popesxxx: bets $3
B_loJkl: calls $3
*** TURN *** [7c 8d 3h] [Qh]
B_loJkl: checks
popesxxx: checks
*** RIVER *** [7c 8d 3h Qh] [5c]
B_loJkl: bets $6
popesxxx: calls $6
*** SHOW DOWN ***
B_loJkl: shows [5d As] (a pair of Fives)
popesxxx: shows [Ad 8s] (a pair of Eights)
popesxxx collected $29.50 from pot
*** SUMMARY ***
Total pot $30 | Rake $0.50
Board [7c 8d 3h Qh 5c]
Seat 4: popesxxx (button) (small blind) showed [Ad 8s] and won ($29.50) with a pair of Eights
Seat 6: B_loJkl (big blind) showed [5d As] and lost with a pair of Fives


PokerStars Hand #171844219148:  Hold'em Limit ($3/$6 USD) - 2017/06/16 9:48:15 ET
Table 'Margo' 6-max Seat #6 is the button
Seat 4: popesxxx ($64 in chips)
Seat 6: B_loJkl ($114.76 in chips)
B_loJkl: posts small blind $1
popesxxx: posts big blind $3
*** HOLE CARDS ***
B_loJkl: folds
Uncalled bet ($2) returned to popesxxx
popesxxx collected $2 from pot
*** SUMMARY ***
Total pot $2 | Rake $0
Seat 4: popesxxx (big blind) collected ($2)
Seat 6: B_loJkl (button) (small blind) folded before Flop


PokerStars Hand #171844202627:  Hold'em Limit ($3/$6 USD) - 2017/06/16 9:47:44 ET
Table 'Margo' 6-max Seat #4 is the button
Seat 4: popesxxx ($70 in chips)
Seat 6: B_loJkl ($109 in chips)
popesxxx: posts small blind $1
B_loJkl: posts big blind $3
*** HOLE CARDS ***
popesxxx: calls $2
B_loJkl: raises $3 to $6
popesxxx: calls $3
*** FLOP *** [9c 7h 9h]
B_loJkl: checks
popesxxx: checks
*** TURN *** [9c 7h 9h] [4c]
B_loJkl: bets $6
popesxxx: folds
Uncalled bet ($6) returned to B_loJkl
B_loJkl collected $11.76 from pot
B_loJkl: doesn't show hand
*** SUMMARY ***
Total pot $12 | Rake $0.24
Board [9c 7h 9h 4c]
Seat 4: popesxxx (button) (small blind) folded on the Turn
Seat 6: B_loJkl (big blind) collected ($11.76)


PokerStars Hand #171844225571:  Hold'em Limit ($3/$6 USD) - 2017/06/16 9:48:27 ET
Table 'Margo' 6-max Seat #4 is the button
Seat 4: popesxxx ($65 in chips)
Seat 6: B_loJkl ($113.76 in chips)
popesxxx: posts small blind $1
B_loJkl: posts big blind $3
*** HOLE CARDS ***
popesxxx: calls $2
B_loJkl: checks
*** FLOP *** [Qs Kd 9c]
B_loJkl: checks
popesxxx: checks
*** TURN *** [Qs Kd 9c] [Js]
B_loJkl: checks
popesxxx: checks
*** RIVER *** [Qs Kd 9c Js] [Ac]
B_loJkl: checks
popesxxx: bets $6
B_loJkl: folds
Uncalled bet ($6) returned to popesxxx
popesxxx collected $5.88 from pot
*** SUMMARY ***
Total pot $6 | Rake $0.12
Board [Qs Kd 9c Js Ac]
Seat 4: popesxxx (button) (small blind) collected ($5.88)
Seat 6: B_loJkl (big blind) folded on the River


PokerStars Hand #171844255730:  Hold'em Limit ($3/$6 USD) - 2017/06/16 9:49:25 ET
Table 'Margo' 6-max Seat #6 is the button
Seat 4: popesxxx ($67.88 in chips)
Seat 6: B_loJkl ($110.76 in chips)
B_loJkl: posts small blind $1
popesxxx: posts big blind $3
*** HOLE CARDS ***
B_loJkl: raises $3 to $6
popesxxx: calls $3
*** FLOP *** [2h 6s Ac]
popesxxx: checks
B_loJkl: bets $3
popesxxx: calls $3
*** TURN *** [2h 6s Ac] [Ts]
popesxxx: checks
B_loJkl: bets $6
popesxxx: calls $6
*** RIVER *** [2h 6s Ac Ts] [4c]
popesxxx: checks
B_loJkl: checks
*** SHOW DOWN ***
popesxxx: shows [9s Qs] (high card Ace)
B_loJkl: shows [3c 3s] (a pair of Threes)
B_loJkl collected $29.50 from pot
*** SUMMARY ***
Total pot $30 | Rake $0.50
Board [2h 6s Ac Ts 4c]
Seat 4: popesxxx (big blind) showed [9s Qs] and lost with high card Ace
Seat 6: B_loJkl (button) (small blind) showed [3c 3s] and won ($29.50) with a pair of Threes


PokerStars Hand #171844286120:  Hold'em Limit ($3/$6 USD) - 2017/06/16 9:50:23 ET
Table 'Margo' 6-max Seat #4 is the button
Seat 4: popesxxx ($52.88 in chips)
Seat 6: B_loJkl ($125.26 in chips)
popesxxx: posts small blind $1
B_loJkl: posts big blind $3
*** HOLE CARDS ***
popesxxx: raises $3 to $6
B_loJkl: calls $3
*** FLOP *** [Qh Kh 3c]
B_loJkl: checks
popesxxx: checks
*** TURN *** [Qh Kh 3c] [Jc]
B_loJkl: bets $6
popesxxx: calls $6
*** RIVER *** [Qh Kh 3c Jc] [Qc]
B_loJkl: bets $6
popesxxx: raises $6 to $12
B_loJkl: calls $6
*** SHOW DOWN ***
popesxxx: shows [4d Ad] (a pair of Queens)
B_loJkl: shows [Jh Td] (two pair, Queens and Jacks)
B_loJkl collected $47.50 from pot
*** SUMMARY ***
Total pot $48 | Rake $0.50
Board [Qh Kh 3c Jc Qc]
Seat 4: popesxxx (button) (small blind) showed [4d Ad] and lost with a pair of Queens
Seat 6: B_loJkl (big blind) showed [Jh Td] and won ($47.50) with two pair, Queens and Jacks


PokerStars Hand #171844321548:  Hold'em Limit ($3/$6 USD) - 2017/06/16 9:51:31 ET
Table 'Margo' 6-max Seat #6 is the button
Seat 4: popesxxx ($28.88 in chips)
Seat 6: B_loJkl ($148.76 in chips)
B_loJkl: posts small blind $1
popesxxx: posts big blind $3
*** HOLE CARDS ***
B_loJkl: raises $3 to $6
popesxxx: raises $3 to $9
B_loJkl: calls $3
*** FLOP *** [Kc 7s 7h]
popesxxx: bets $3
B_loJkl: calls $3
*** TURN *** [Kc 7s 7h] [9h]
popesxxx: bets $6
B_loJkl: calls $6
*** RIVER *** [Kc 7s 7h 9h] [Ts]
popesxxx: bets $6
B_loJkl: calls $6
*** SHOW DOWN ***
popesxxx: shows [8c Th] (two pair, Tens and Sevens)
B_loJkl: mucks hand
popesxxx collected $47.50 from pot
*** SUMMARY ***
Total pot $48 | Rake $0.50
Board [Kc 7s 7h 9h Ts]
Seat 4: popesxxx (big blind) showed [8c Th] and won ($47.50) with two pair, Tens and Sevens
Seat 6: B_loJkl (button) (small blind) mucked


PokerStars Hand #171844355452:  Hold'em Limit ($3/$6 USD) - 2017/06/16 9:52:35 ET
Table 'Margo' 6-max Seat #4 is the button
Seat 4: popesxxx ($52.38 in chips)
Seat 6: B_loJkl ($124.76 in chips)
popesxxx: posts small blind $1
B_loJkl: posts big blind $3
*** HOLE CARDS ***
popesxxx: folds
Uncalled bet ($2) returned to B_loJkl
B_loJkl collected $2 from pot
B_loJkl: doesn't show hand
*** SUMMARY ***
Total pot $2 | Rake $0
Seat 4: popesxxx (button) (small blind) folded before Flop
Seat 6: B_loJkl (big blind) collected ($2)


PokerStars Hand #171844358509:  Hold'em Limit ($3/$6 USD) - 2017/06/16 9:52:41 ET
Table 'Margo' 6-max Seat #6 is the button
Seat 4: popesxxx ($51.38 in chips)
Seat 6: B_loJkl ($125.76 in chips)
B_loJkl: posts small blind $1
popesxxx: posts big blind $3
*** HOLE CARDS ***
B_loJkl: raises $3 to $6
popesxxx: calls $3
*** FLOP *** [2h 6h Tc]
popesxxx: checks
B_loJkl: bets $3
popesxxx: calls $3
*** TURN *** [2h 6h Tc] [7h]
popesxxx: checks
B_loJkl: checks
*** RIVER *** [2h 6h Tc 7h] [Jd]
popesxxx: bets $6
B_loJkl: folds
Uncalled bet ($6) returned to popesxxx
popesxxx collected $17.64 from pot
*** SUMMARY ***
Total pot $18 | Rake $0.36
Board [2h 6h Tc 7h Jd]
Seat 4: popesxxx (big blind) collected ($17.64)
Seat 6: B_loJkl (button) (small blind) folded on the River


PokerStars Hand #171844385569:  Hold'em Limit ($3/$6 USD) - 2017/06/16 9:53:32 ET
Table 'Margo' 6-max Seat #4 is the button
Seat 4: popesxxx ($60.02 in chips)
Seat 6: B_loJkl ($116.76 in chips)
popesxxx: posts small blind $1
B_loJkl: posts big blind $3
*** HOLE CARDS ***
popesxxx: calls $2
B_loJkl: checks
*** FLOP *** [8h 3c Ac]
B_loJkl: checks
popesxxx: checks
*** TURN *** [8h 3c Ac] [Jc]
MForce007 joins the table at seat #1
Agrotait joins the table at seat #2
B_loJkl: bets $6
popesxxx: calls $6
*** RIVER *** [8h 3c Ac Jc] [4d]
B_loJkl: checks
popesxxx: bets $6
B_loJkl: calls $6
*** SHOW DOWN ***
popesxxx: shows [7c 6c] (a flush, Ace high)
B_loJkl: mucks hand
popesxxx collected $29.50 from pot
*** SUMMARY ***
Total pot $30 | Rake $0.50
Board [8h 3c Ac Jc 4d]
Seat 4: popesxxx (button) (small blind) showed [7c 6c] and won ($29.50) with a flush, Ace high
Seat 6: B_loJkl (big blind) mucked


PokerStars Hand #171845872219:  Hold'em Limit ($3/$6 USD) - 2017/06/16 10:39:24 ET
Table 'Margo' 6-max Seat #6 is the button
Seat 4: B_loJkl ($45.80 in chips)
Seat 6: kiwi/mike ($150.84 in chips)
kiwi/mike: posts small blind $1
B_loJkl: posts big blind $3
*** HOLE CARDS ***
rainbow28 leaves the table
kiwi/mike: folds
Uncalled bet ($2) returned to B_loJkl
B_loJkl collected $2 from pot
B_loJkl: doesn't show hand
*** SUMMARY ***
Total pot $2 | Rake $0
Seat 4: B_loJkl (big blind) collected ($2)
Seat 6: kiwi/mike (button) (small blind) folded before Flop


