PokerStars Hand #164773666750:  Hold'em Limit ($3/$6 USD) - 2017/01/18 9:22:12 ET
Table 'Maria' 10-max Seat #10 is the button
Seat 5: LouisB ($87.40 in chips)
Seat 10: pecs680 ($99.92 in chips)
pecs680: posts small blind $1
TopDJTex: is sitting out
LouisB: posts big blind $3
*** HOLE CARDS ***
TopDJTex leaves the table
pecs680: raises $3 to $6
LouisB: calls $3
*** FLOP *** [4s Js 3c]
LouisB: checks
pecs680: bets $3
LouisB: calls $3
*** TURN *** [4s Js 3c] [8h]
LouisB: checks
pecs680: bets $6
LouisB: raises $6 to $12
pecs680: raises $6 to $18
LouisB: calls $6
*** RIVER *** [4s Js 3c 8h] [4c]
LouisB: checks
pecs680: bets $6
LouisB: calls $6
*** SHOW DOWN ***
pecs680: shows [Qs Qh] (two pair, Queens and Fours)
LouisB: mucks hand
pecs680 collected $65.50 from pot
*** SUMMARY ***
Total pot $66 | Rake $0.50
Board [4s Js 3c 8h 4c]
Seat 5: LouisB (big blind) mucked
Seat 10: pecs680 (button) (small blind) showed [Qs Qh] and won ($65.50) with two pair, Queens and Fours


PokerStars Hand #164773724374:  Hold'em Limit ($3/$6 USD) - 2017/01/18 9:23:37 ET
Table 'Maria' 10-max Seat #5 is the button
Seat 5: LouisB ($62.04 in chips)
Seat 6: fsreibnitz ($192.24 in chips)
LouisB: posts small blind $1
fsreibnitz: posts big blind $3
*** HOLE CARDS ***
LouisB: raises $3 to $6
fsreibnitz: folds
Uncalled bet ($3) returned to LouisB
LouisB collected $6 from pot
LouisB: doesn't show hand
*** SUMMARY ***
Total pot $6 | Rake $0
Seat 5: LouisB (button) (small blind) collected ($6)
Seat 6: fsreibnitz (big blind) folded before Flop


PokerStars Hand #164773712829:  Hold'em Limit ($3/$6 USD) - 2017/01/18 9:23:20 ET
Table 'Maria' 10-max Seat #6 is the button
Seat 5: LouisB ($53.40 in chips)
Seat 6: fsreibnitz ($201.24 in chips)
fsreibnitz: posts small blind $1
pecs680: is sitting out
LouisB: posts big blind $3
*** HOLE CARDS ***
fsreibnitz: raises $3 to $6
LouisB: calls $3
*** FLOP *** [9d 8d Kh]
LouisB: checks
fsreibnitz: bets $3
LouisB: raises $3 to $6
fsreibnitz: folds
Uncalled bet ($3) returned to LouisB
LouisB collected $17.64 from pot
LouisB: doesn't show hand
*** SUMMARY ***
Total pot $18 | Rake $0.36
Board [9d 8d Kh]
Seat 5: LouisB (big blind) collected ($17.64)
Seat 6: fsreibnitz (button) (small blind) folded on the Flop


PokerStars Hand #164773836933:  Hold'em Limit ($3/$6 USD) - 2017/01/18 9:26:20 ET
Table 'Maria' 10-max Seat #6 is the button
Seat 6: fsreibnitz ($217.52 in chips)
Seat 10: pecs680 ($113.92 in chips)
fsreibnitz: posts small blind $1
pecs680: posts big blind $3
*** HOLE CARDS ***
fsreibnitz: folds
Uncalled bet ($2) returned to pecs680
pecs680 collected $2 from pot
*** SUMMARY ***
Total pot $2 | Rake $0
Seat 6: fsreibnitz (button) (small blind) folded before Flop
Seat 10: pecs680 (big blind) collected ($2)


PokerStars Hand #164773815139:  Hold'em Limit ($3/$6 USD) - 2017/01/18 9:25:48 ET
Table 'Maria' 10-max Seat #10 is the button
Seat 6: fsreibnitz ($238.52 in chips)
Seat 10: pecs680 ($93.42 in chips)
pecs680: posts small blind $1
fsreibnitz: posts big blind $3
*** HOLE CARDS ***
pecs680: raises $3 to $6
fsreibnitz: calls $3
*** FLOP *** [Ac 3d 6h]
fsreibnitz: checks
pecs680: bets $3
fsreibnitz: calls $3
*** TURN *** [Ac 3d 6h] [4s]
fsreibnitz: checks
pecs680: bets $6
fsreibnitz: calls $6
*** RIVER *** [Ac 3d 6h 4s] [9h]
fsreibnitz: checks
pecs680: bets $6
fsreibnitz: calls $6
*** SHOW DOWN ***
pecs680: shows [Qh As] (a pair of Aces)
fsreibnitz: mucks hand
pecs680 collected $41.50 from pot
*** SUMMARY ***
Total pot $42 | Rake $0.50
Board [Ac 3d 6h 4s 9h]
Seat 6: fsreibnitz (big blind) mucked
Seat 10: pecs680 (button) (small blind) showed [Qh As] and won ($41.50) with a pair of Aces


PokerStars Hand #164773811190:  Hold'em Limit ($3/$6 USD) - 2017/01/18 9:25:43 ET
Table 'Maria' 10-max Seat #6 is the button
Seat 6: fsreibnitz ($239.52 in chips)
Seat 10: pecs680 ($92.42 in chips)
fsreibnitz: posts small blind $1
pecs680: posts big blind $3
*** HOLE CARDS ***
fsreibnitz: folds
Uncalled bet ($2) returned to pecs680
pecs680 collected $2 from pot
*** SUMMARY ***
Total pot $2 | Rake $0
Seat 6: fsreibnitz (button) (small blind) folded before Flop
Seat 10: pecs680 (big blind) collected ($2)


PokerStars Hand #164773792356:  Hold'em Limit ($3/$6 USD) - 2017/01/18 9:25:16 ET
Table 'Maria' 10-max Seat #10 is the button
Seat 6: fsreibnitz ($230.88 in chips)
Seat 10: pecs680 ($101.42 in chips)
TopDJTex will be allowed to play after the button
pecs680: posts small blind $1
LouisB: is sitting out
fsreibnitz: posts big blind $3
*** HOLE CARDS ***
pecs680: raises $3 to $6
fsreibnitz: calls $3
*** FLOP *** [2c Js 3d]
fsreibnitz: checks
pecs680: bets $3
fsreibnitz: calls $3
*** TURN *** [2c Js 3d] [Ad]
fsreibnitz: checks
pecs680: checks
*** RIVER *** [2c Js 3d Ad] [7c]
fsreibnitz: bets $6
pecs680: folds
Uncalled bet ($6) returned to fsreibnitz
fsreibnitz collected $17.64 from pot
*** SUMMARY ***
Total pot $18 | Rake $0.36
Board [2c Js 3d Ad 7c]
Seat 6: fsreibnitz (big blind) collected ($17.64)
Seat 10: pecs680 (button) (small blind) folded on the River


PokerStars Hand #164773841062:  Hold'em Limit ($3/$6 USD) - 2017/01/18 9:26:27 ET
Table 'Maria' 10-max Seat #10 is the button
Seat 6: fsreibnitz ($216.52 in chips)
Seat 10: pecs680 ($114.92 in chips)
pecs680: posts small blind $1
fsreibnitz: posts big blind $3
*** HOLE CARDS ***
pecs680 has timed out
pecs680: folds
Uncalled bet ($2) returned to fsreibnitz
fsreibnitz collected $2 from pot
*** SUMMARY ***
Total pot $2 | Rake $0
Seat 6: fsreibnitz (big blind) collected ($2)
Seat 10: pecs680 (button) (small blind) folded before Flop


