PokerStars Hand #163223473664:  Hold'em Limit ($3/$6 USD) - 2016/12/19 21:55:28 ET
Table 'Maria' 6-max Seat #1 is the button
Seat 1: habari786 ($67.64 in chips)
Seat 2: RaisemyNut$ ($112 in chips)
habari786: posts small blind $1
RaisemyNut$: posts big blind $3
*** HOLE CARDS ***
habari786: raises $3 to $6
RaisemyNut$: calls $3
*** FLOP *** [Qh Kd Qd]
zzxonez joins the table at seat #3
RaisemyNut$: checks
habari786: bets $3
RaisemyNut$: raises $3 to $6
habari786: folds
Uncalled bet ($3) returned to RaisemyNut$
RaisemyNut$ collected $17.64 from pot
RaisemyNut$: doesn't show hand
*** SUMMARY ***
Total pot $18 | Rake $0.36
Board [Qh Kd Qd]
Seat 1: habari786 (button) (small blind) folded on the Flop
Seat 2: RaisemyNut$ (big blind) collected ($17.64)


PokerStars Hand #163223469695:  Hold'em Limit ($3/$6 USD) - 2016/12/19 21:55:17 ET
Table 'Maria' 6-max Seat #2 is the button
Seat 1: habari786 ($59 in chips)
Seat 2: RaisemyNut$ ($121 in chips)
RaisemyNut$: posts small blind $1
habari786: posts big blind $3
*** HOLE CARDS ***
RaisemyNut$: raises $3 to $6
habari786: raises $3 to $9
RaisemyNut$: calls $3
*** FLOP *** [8s 8d 5s]
habari786: bets $3
RaisemyNut$: folds
Uncalled bet ($3) returned to habari786
habari786 collected $17.64 from pot
habari786: doesn't show hand
*** SUMMARY ***
Total pot $18 | Rake $0.36
Board [8s 8d 5s]
Seat 1: habari786 (big blind) collected ($17.64)
Seat 2: RaisemyNut$ (button) (small blind) folded on the Flop


PokerStars Hand #163223465422:  Hold'em Limit ($3/$6 USD) - 2016/12/19 21:55:05 ET
Table 'Maria' 6-max Seat #1 is the button
Seat 1: habari786 ($60 in chips)
Seat 2: RaisemyNut$ ($120 in chips)
habari786: posts small blind $1
RaisemyNut$: posts big blind $3
*** HOLE CARDS ***
habari786: folds
Uncalled bet ($2) returned to RaisemyNut$
RaisemyNut$ collected $2 from pot
RaisemyNut$: doesn't show hand
*** SUMMARY ***
Total pot $2 | Rake $0
Seat 1: habari786 (button) (small blind) folded before Flop
Seat 2: RaisemyNut$ (big blind) collected ($2)


PokerStars Hand #163223635813:  Hold'em Limit ($3/$6 USD) - 2016/12/19 22:02:48 ET
Table 'Maria' 6-max Seat #2 is the button
Seat 2: RaisemyNut$ ($92.81 in chips)
Seat 4: ToDaFelt ($155.99 in chips)
RaisemyNut$: posts small blind $1
zzxonez: is sitting out
ToDaFelt: posts big blind $3
*** HOLE CARDS ***
RaisemyNut$: raises $3 to $6
ToDaFelt: calls $3
*** FLOP *** [7s Ah 4d]
ToDaFelt: checks
RaisemyNut$: bets $3
ToDaFelt: calls $3
*** TURN *** [7s Ah 4d] [Ad]
ToDaFelt: checks
RaisemyNut$: bets $6
zzxonez leaves the table
ToDaFelt: calls $6
*** RIVER *** [7s Ah 4d Ad] [2h]
ToDaFelt: checks
RaisemyNut$: checks
*** SHOW DOWN ***
ToDaFelt: shows [Kd 3h] (a pair of Aces)
RaisemyNut$: mucks hand
ToDaFelt collected $29.50 from pot
*** SUMMARY ***
Total pot $30 | Rake $0.50
Board [7s Ah 4d Ad 2h]
Seat 2: RaisemyNut$ (button) (small blind) mucked
Seat 4: ToDaFelt (big blind) showed [Kd 3h] and won ($29.50) with a pair of Aces


PokerStars Hand #163223781203:  Hold'em Limit ($3/$6 USD) - 2016/12/19 22:08:57 ET
Table 'Maria' 6-max Seat #1 is the button
Seat 1: denn69 ($55 in chips)
Seat 2: RaisemyNut$ ($77.81 in chips)
denn69: posts small blind $1
RaisemyNut$: posts big blind $3
*** HOLE CARDS ***
denn69: raises $3 to $6
RaisemyNut$: calls $3
*** FLOP *** [4h Jc 6d]
RaisemyNut$: checks
denn69: checks
*** TURN *** [4h Jc 6d] [2h]
RaisemyNut$: bets $6
denn69: folds
Uncalled bet ($6) returned to RaisemyNut$
RaisemyNut$ collected $11.76 from pot
RaisemyNut$: doesn't show hand
*** SUMMARY ***
Total pot $12 | Rake $0.24
Board [4h Jc 6d 2h]
Seat 1: denn69 (button) (small blind) folded on the Turn
Seat 2: RaisemyNut$ (big blind) collected ($11.76)


PokerStars Hand #163223803447:  Hold'em Limit ($3/$6 USD) - 2016/12/19 22:09:40 ET
Table 'Maria' 6-max Seat #2 is the button
Seat 1: denn69 ($56.64 in chips)
Seat 2: RaisemyNut$ ($75.57 in chips)
RaisemyNut$: posts small blind $1
denn69: posts big blind $3
*** HOLE CARDS ***
RaisemyNut$: raises $3 to $6
denn69: folds
Uncalled bet ($3) returned to RaisemyNut$
RaisemyNut$ collected $6 from pot
RaisemyNut$: doesn't show hand
*** SUMMARY ***
Total pot $6 | Rake $0
Seat 1: denn69 (big blind) folded before Flop
Seat 2: RaisemyNut$ (button) (small blind) collected ($6)


PokerStars Hand #163223801734:  Hold'em Limit ($3/$6 USD) - 2016/12/19 22:09:36 ET
Table 'Maria' 6-max Seat #1 is the button
Seat 1: denn69 ($57.64 in chips)
Seat 2: RaisemyNut$ ($74.57 in chips)
denn69: posts small blind $1
RaisemyNut$: posts big blind $3
*** HOLE CARDS ***
denn69: folds
Uncalled bet ($2) returned to RaisemyNut$
RaisemyNut$ collected $2 from pot
RaisemyNut$: doesn't show hand
*** SUMMARY ***
Total pot $2 | Rake $0
Seat 1: denn69 (button) (small blind) folded before Flop
Seat 2: RaisemyNut$ (big blind) collected ($2)


PokerStars Hand #163223792889:  Hold'em Limit ($3/$6 USD) - 2016/12/19 22:09:27 ET
Table 'Maria' 6-max Seat #2 is the button
Seat 1: denn69 ($49 in chips)
Seat 2: RaisemyNut$ ($83.57 in chips)
RaisemyNut$: posts small blind $1
denn69: posts big blind $3
*** HOLE CARDS ***
RaisemyNut$: raises $3 to $6
denn69: raises $3 to $9
RaisemyNut$: calls $3
*** FLOP *** [2c 8c Qs]
denn69: bets $3
RaisemyNut$: folds
Uncalled bet ($3) returned to denn69
denn69 collected $17.64 from pot
denn69: doesn't show hand
*** SUMMARY ***
Total pot $18 | Rake $0.36
Board [2c 8c Qs]
Seat 1: denn69 (big blind) collected ($17.64)
Seat 2: RaisemyNut$ (button) (small blind) folded on the Flop


PokerStars Hand #163223813342:  Hold'em Limit ($3/$6 USD) - 2016/12/19 22:10:06 ET
Table 'Maria' 6-max Seat #2 is the button
Seat 1: denn69 ($71.14 in chips)
Seat 2: RaisemyNut$ ($60.57 in chips)
RaisemyNut$: posts small blind $1
denn69: posts big blind $3
*** HOLE CARDS ***
RaisemyNut$: raises $3 to $6
denn69: calls $3
*** FLOP *** [4d Qh 3c]
denn69: checks
RaisemyNut$: bets $3
denn69: calls $3
*** TURN *** [4d Qh 3c] [Jd]
denn69: bets $6
RaisemyNut$: folds
Uncalled bet ($6) returned to denn69
denn69 collected $17.64 from pot
denn69: doesn't show hand
*** SUMMARY ***
Total pot $18 | Rake $0.36
Board [4d Qh 3c Jd]
Seat 1: denn69 (big blind) collected ($17.64)
Seat 2: RaisemyNut$ (button) (small blind) folded on the Turn


PokerStars Hand #163223806206:  Hold'em Limit ($3/$6 USD) - 2016/12/19 22:09:47 ET
Table 'Maria' 6-max Seat #1 is the button
Seat 1: denn69 ($53.64 in chips)
Seat 2: RaisemyNut$ ($78.57 in chips)
denn69: posts small blind $1
RaisemyNut$: posts big blind $3
*** HOLE CARDS ***
denn69: raises $3 to $6
RaisemyNut$: calls $3
*** FLOP *** [8c Jd 2h]
RaisemyNut$: checks
denn69: checks
*** TURN *** [8c Jd 2h] [5h]
RaisemyNut$: bets $6
denn69: calls $6
*** RIVER *** [8c Jd 2h 5h] [8s]
RaisemyNut$: bets $6
denn69: calls $6
*** SHOW DOWN ***
RaisemyNut$: shows [As 2d] (two pair, Eights and Deuces)
denn69: shows [7c 7d] (two pair, Eights and Sevens)
denn69 collected $35.50 from pot
*** SUMMARY ***
Total pot $36 | Rake $0.50
Board [8c Jd 2h 5h 8s]
Seat 1: denn69 (button) (small blind) showed [7c 7d] and won ($35.50) with two pair, Eights and Sevens
Seat 2: RaisemyNut$ (big blind) showed [As 2d] and lost with two pair, Eights and Deuces


PokerStars Hand #163224725696:  Hold'em Limit ($3/$6 USD) - 2016/12/19 22:51:06 ET
Table 'Maria' 6-max Seat #1 is the button
Seat 1: Bakenbaster ($143.11 in chips)
Seat 5: denn69 ($312.77 in chips)
Bakenbaster: posts small blind $1
RaisemyNut$: is sitting out
denn69: posts big blind $3
*** HOLE CARDS ***
Bakenbaster: raises $3 to $6
denn69: folds
Uncalled bet ($3) returned to Bakenbaster
Bakenbaster collected $6 from pot
Bakenbaster: doesn't show hand
RaisemyNut$ leaves the table
*** SUMMARY ***
Total pot $6 | Rake $0
Seat 1: Bakenbaster (button) (small blind) collected ($6)
Seat 5: denn69 (big blind) folded before Flop


