PokerStars Hand #171911327547:  Hold'em Limit ($3/$6 USD) - 2017/06/17 20:23:07 ET
Table 'Marion' 6-max Seat #6 is the button
Seat 4: winwinner69 ($48.73 in chips)
Seat 6: Velbor107 ($300 in chips)
Velbor107: posts small blind $1
winwinner69: posts big blind $3
*** HOLE CARDS ***
Velbor107: raises $3 to $6
winwinner69: calls $3
*** FLOP *** [9h Tc 8c]
winwinner69: checks
Velbor107: bets $3
winwinner69: calls $3
*** TURN *** [9h Tc 8c] [8h]
winwinner69: checks
Velbor107: bets $6
GoliafUa leaves the table
winwinner69: calls $6
*** RIVER *** [9h Tc 8c 8h] [Ad]
EVBET joins the table at seat #5
winwinner69: checks
Velbor107: checks
*** SHOW DOWN ***
winwinner69: shows [Js Qs] (a straight, Eight to Queen)
Velbor107: mucks hand
winwinner69 collected $29.50 from pot
*** SUMMARY ***
Total pot $30 | Rake $0.50
Board [9h Tc 8c 8h Ad]
Seat 4: winwinner69 (big blind) showed [Js Qs] and won ($29.50) with a straight, Eight to Queen
Seat 6: Velbor107 (button) (small blind) mucked


PokerStars Hand #171911684708:  Hold'em Limit ($3/$6 USD) - 2017/06/17 20:36:24 ET
Table 'Marion' 6-max Seat #6 is the button
Seat 5: EVBET ($426.86 in chips)
Seat 6: Velbor107 ($299.85 in chips)
Velbor107: posts small blind $1
EVBET: posts big blind $3
*** HOLE CARDS ***
Velbor107: raises $3 to $6
EVBET: calls $3
*** FLOP *** [Ac Ts 2c]
winwinner69 leaves the table
EVBET: checks
Velbor107: bets $3
EVBET: calls $3
*** TURN *** [Ac Ts 2c] [2d]
EVBET: checks
Velbor107: bets $6
EVBET: folds
Uncalled bet ($6) returned to Velbor107
Velbor107 collected $17.64 from pot
*** SUMMARY ***
Total pot $18 | Rake $0.36
Board [Ac Ts 2c 2d]
Seat 5: EVBET (big blind) folded on the Turn
Seat 6: Velbor107 (button) (small blind) collected ($17.64)


