PokerStars Hand #164471292055:  Hold'em Limit ($3/$6 USD) - 2017/01/12 16:14:57 ET
Table 'Maria III' 6-max Seat #1 is the button
Seat 1: Auge72 ($154.52 in chips)
Seat 2: TbIP-TbIP 88 ($92.50 in chips)
Auge72: posts small blind $1
TbIP-TbIP 88: posts big blind $3
*** HOLE CARDS ***
Auge72: folds
Uncalled bet ($2) returned to TbIP-TbIP 88
TbIP-TbIP 88 collected $2 from pot
TbIP-TbIP 88: doesn't show hand
*** SUMMARY ***
Total pot $2 | Rake $0
Seat 1: Auge72 (button) (small blind) folded before Flop
Seat 2: TbIP-TbIP 88 (big blind) collected ($2)


PokerStars Hand #164471341542:  Hold'em Limit ($3/$6 USD) - 2017/01/12 16:15:40 ET
Table 'Maria III' 6-max Seat #2 is the button
Seat 1: Auge72 ($141.52 in chips)
Seat 2: TbIP-TbIP 88 ($105.02 in chips)
TbIP-TbIP 88: posts small blind $1
Auge72: posts big blind $3
*** HOLE CARDS ***
TbIP-TbIP 88: raises $3 to $6
Auge72: calls $3
*** FLOP *** [7d 2h Th]
Auge72: bets $3
TbIP-TbIP 88: calls $3
*** TURN *** [7d 2h Th] [2c]
Auge72: bets $6
TbIP-TbIP 88: calls $6
*** RIVER *** [7d 2h Th 2c] [3s]
Auge72: bets $6
TbIP-TbIP 88: calls $6
*** SHOW DOWN ***
Auge72: shows [Jd 4s] (a pair of Deuces)
TbIP-TbIP 88: shows [Jh Kd] (a pair of Deuces - King kicker)
TbIP-TbIP 88 collected $41.50 from pot
*** SUMMARY ***
Total pot $42 | Rake $0.50
Board [7d 2h Th 2c 3s]
Seat 1: Auge72 (big blind) showed [Jd 4s] and lost with a pair of Deuces
Seat 2: TbIP-TbIP 88 (button) (small blind) showed [Jh Kd] and won ($41.50) with a pair of Deuces


PokerStars Hand #164471332641:  Hold'em Limit ($3/$6 USD) - 2017/01/12 16:15:36 ET
Table 'Maria III' 6-max Seat #1 is the button
Seat 1: Auge72 ($142.52 in chips)
Seat 2: TbIP-TbIP 88 ($104.02 in chips)
Auge72: posts small blind $1
TbIP-TbIP 88: posts big blind $3
*** HOLE CARDS ***
Auge72: folds
Uncalled bet ($2) returned to TbIP-TbIP 88
TbIP-TbIP 88 collected $2 from pot
TbIP-TbIP 88: doesn't show hand
*** SUMMARY ***
Total pot $2 | Rake $0
Seat 1: Auge72 (button) (small blind) folded before Flop
Seat 2: TbIP-TbIP 88 (big blind) collected ($2)


PokerStars Hand #164471326199:  Hold'em Limit ($3/$6 USD) - 2017/01/12 16:15:30 ET
Table 'Maria III' 6-max Seat #2 is the button
Seat 1: Auge72 ($141.52 in chips)
Seat 2: TbIP-TbIP 88 ($105.02 in chips)
TbIP-TbIP 88: posts small blind $1
Auge72: posts big blind $3
*** HOLE CARDS ***
TbIP-TbIP 88: folds
Uncalled bet ($2) returned to Auge72
Auge72 collected $2 from pot
Auge72: doesn't show hand
*** SUMMARY ***
Total pot $2 | Rake $0
Seat 1: Auge72 (big blind) collected ($2)
Seat 2: TbIP-TbIP 88 (button) (small blind) folded before Flop


PokerStars Hand #164471309241:  Hold'em Limit ($3/$6 USD) - 2017/01/12 16:15:13 ET
Table 'Maria III' 6-max Seat #1 is the button
Seat 1: Auge72 ($147.52 in chips)
Seat 2: TbIP-TbIP 88 ($99.26 in chips)
Auge72: posts small blind $1
TbIP-TbIP 88: posts big blind $3
*** HOLE CARDS ***
Auge72: raises $3 to $6
TbIP-TbIP 88: calls $3
*** FLOP *** [4d 4c Kc]
TbIP-TbIP 88: bets $3
Auge72: folds
Uncalled bet ($3) returned to TbIP-TbIP 88
TbIP-TbIP 88 collected $11.76 from pot
TbIP-TbIP 88: doesn't show hand
*** SUMMARY ***
Total pot $12 | Rake $0.24
Board [4d 4c Kc]
Seat 1: Auge72 (button) (small blind) folded on the Flop
Seat 2: TbIP-TbIP 88 (big blind) collected ($11.76)


PokerStars Hand #164471297702:  Hold'em Limit ($3/$6 USD) - 2017/01/12 16:15:02 ET
Table 'Maria III' 6-max Seat #2 is the button
Seat 1: Auge72 ($153.52 in chips)
Seat 2: TbIP-TbIP 88 ($93.50 in chips)
TbIP-TbIP 88: posts small blind $1
Auge72: posts big blind $3
*** HOLE CARDS ***
TbIP-TbIP 88: raises $3 to $6
Auge72: calls $3
*** FLOP *** [Ts Td 8c]
Auge72: checks
TbIP-TbIP 88: bets $3
Auge72: folds
Uncalled bet ($3) returned to TbIP-TbIP 88
TbIP-TbIP 88 collected $11.76 from pot
TbIP-TbIP 88: doesn't show hand
*** SUMMARY ***
Total pot $12 | Rake $0.24
Board [Ts Td 8c]
Seat 1: Auge72 (big blind) folded on the Flop
Seat 2: TbIP-TbIP 88 (button) (small blind) collected ($11.76)


PokerStars Hand #164471377556:  Hold'em Limit ($3/$6 USD) - 2017/01/12 16:16:16 ET
Table 'Maria III' 6-max Seat #2 is the button
Seat 1: Auge72 ($132.04 in chips)
Seat 2: TbIP-TbIP 88 ($113.52 in chips)
TbIP-TbIP 88: posts small blind $1
Auge72: posts big blind $3
*** HOLE CARDS ***
TbIP-TbIP 88: raises $3 to $6
Auge72: raises $3 to $9
TbIP-TbIP 88: raises $3 to $12
Betting is capped
Auge72: calls $3
*** FLOP *** [Ah Jd 9h]
Auge72: bets $3
TbIP-TbIP 88: calls $3
*** TURN *** [Ah Jd 9h] [7s]
Auge72: bets $6
TbIP-TbIP 88: calls $6
*** RIVER *** [Ah Jd 9h 7s] [7h]
Auge72: checks
TbIP-TbIP 88: bets $6
Auge72: calls $6
*** SHOW DOWN ***
TbIP-TbIP 88: shows [Qh Qd] (two pair, Queens and Sevens)
Auge72: mucks hand
TbIP-TbIP 88 collected $53.50 from pot
*** SUMMARY ***
Total pot $54 | Rake $0.50
Board [Ah Jd 9h 7s 7h]
Seat 1: Auge72 (big blind) mucked
Seat 2: TbIP-TbIP 88 (button) (small blind) showed [Qh Qd] and won ($53.50) with two pair, Queens and Sevens


PokerStars Hand #164471354690:  Hold'em Limit ($3/$6 USD) - 2017/01/12 16:15:53 ET
Table 'Maria III' 6-max Seat #1 is the button
Seat 1: Auge72 ($120.52 in chips)
Seat 2: TbIP-TbIP 88 ($125.52 in chips)
Auge72: posts small blind $1
TbIP-TbIP 88: posts big blind $3
*** HOLE CARDS ***
Auge72: raises $3 to $6
TbIP-TbIP 88: calls $3
*** FLOP *** [Qd Tc 4h]
TbIP-TbIP 88: checks
Auge72: checks
*** TURN *** [Qd Tc 4h] [As]
TbIP-TbIP 88: bets $6
Auge72: raises $6 to $12
TbIP-TbIP 88: folds
Uncalled bet ($6) returned to Auge72
Auge72 collected $23.52 from pot
Auge72: doesn't show hand
*** SUMMARY ***
Total pot $24 | Rake $0.48
Board [Qd Tc 4h As]
Seat 1: Auge72 (button) (small blind) collected ($23.52)
Seat 2: TbIP-TbIP 88 (big blind) folded on the Turn


PokerStars Hand #164471472676:  Hold'em Limit ($3/$6 USD) - 2017/01/12 16:17:48 ET
Table 'Maria III' 6-max Seat #2 is the button
Seat 1: Auge72 ($113.54 in chips)
Seat 2: TbIP-TbIP 88 ($130.54 in chips)
TbIP-TbIP 88: posts small blind $1
Auge72: posts big blind $3
*** HOLE CARDS ***
TbIP-TbIP 88: raises $3 to $6
Auge72: folds
Uncalled bet ($3) returned to TbIP-TbIP 88
TbIP-TbIP 88 collected $6 from pot
TbIP-TbIP 88: doesn't show hand
*** SUMMARY ***
Total pot $6 | Rake $0
Seat 1: Auge72 (big blind) folded before Flop
Seat 2: TbIP-TbIP 88 (button) (small blind) collected ($6)


PokerStars Hand #164471446501:  Hold'em Limit ($3/$6 USD) - 2017/01/12 16:17:22 ET
Table 'Maria III' 6-max Seat #1 is the button
Seat 1: Auge72 ($90.04 in chips)
Seat 2: TbIP-TbIP 88 ($154.54 in chips)
Auge72: posts small blind $1
TbIP-TbIP 88: posts big blind $3
*** HOLE CARDS ***
Auge72: raises $3 to $6
TbIP-TbIP 88: calls $3
*** FLOP *** [Jh 7c Ah]
TbIP-TbIP 88: checks
Auge72: checks
*** TURN *** [Jh 7c Ah] [Ac]
TbIP-TbIP 88: bets $6
Auge72: calls $6
*** RIVER *** [Jh 7c Ah Ac] [4c]
TbIP-TbIP 88: bets $6
Auge72: raises $6 to $12
TbIP-TbIP 88: calls $6
*** SHOW DOWN ***
Auge72: shows [Js Ad] (a full house, Aces full of Jacks)
TbIP-TbIP 88: mucks hand
Auge72 collected $47.50 from pot
*** SUMMARY ***
Total pot $48 | Rake $0.50
Board [Jh 7c Ah Ac 4c]
Seat 1: Auge72 (button) (small blind) showed [Js Ad] and won ($47.50) with a full house, Aces full of Jacks
Seat 2: TbIP-TbIP 88 (big blind) mucked


PokerStars Hand #164471438554:  Hold'em Limit ($3/$6 USD) - 2017/01/12 16:17:15 ET
Table 'Maria III' 6-max Seat #2 is the button
Seat 1: Auge72 ($93.04 in chips)
Seat 2: TbIP-TbIP 88 ($151.54 in chips)
TbIP-TbIP 88: posts small blind $1
Auge72: posts big blind $3
*** HOLE CARDS ***
TbIP-TbIP 88: raises $3 to $6
Auge72: folds
Uncalled bet ($3) returned to TbIP-TbIP 88
TbIP-TbIP 88 collected $6 from pot
TbIP-TbIP 88: doesn't show hand
*** SUMMARY ***
Total pot $6 | Rake $0
Seat 1: Auge72 (big blind) folded before Flop
Seat 2: TbIP-TbIP 88 (button) (small blind) collected ($6)


PokerStars Hand #164471402842:  Hold'em Limit ($3/$6 USD) - 2017/01/12 16:16:40 ET
Table 'Maria III' 6-max Seat #1 is the button
Seat 1: Auge72 ($105.04 in chips)
Seat 2: TbIP-TbIP 88 ($140.02 in chips)
Auge72: posts small blind $1
TbIP-TbIP 88: posts big blind $3
*** HOLE CARDS ***
Auge72: raises $3 to $6
TbIP-TbIP 88: calls $3
*** FLOP *** [Ts As 8s]
TbIP-TbIP 88: checks
Auge72: checks
*** TURN *** [Ts As 8s] [3c]
TbIP-TbIP 88: bets $6
Auge72: calls $6
*** RIVER *** [Ts As 8s 3c] [8h]
TbIP-TbIP 88: bets $6
Auge72: folds
Uncalled bet ($6) returned to TbIP-TbIP 88
TbIP-TbIP 88 collected $23.52 from pot
TbIP-TbIP 88: doesn't show hand
*** SUMMARY ***
Total pot $24 | Rake $0.48
Board [Ts As 8s 3c 8h]
Seat 1: Auge72 (button) (small blind) folded on the River
Seat 2: TbIP-TbIP 88 (big blind) collected ($23.52)


PokerStars Hand #164471545152:  Hold'em Limit ($3/$6 USD) - 2017/01/12 16:18:59 ET
Table 'Maria III' 6-max Seat #1 is the button
Seat 1: Auge72 ($105.06 in chips)
Seat 2: TbIP-TbIP 88 ($138.04 in chips)
Auge72: posts small blind $1
TbIP-TbIP 88: posts big blind $3
*** HOLE CARDS ***
Auge72: folds
Uncalled bet ($2) returned to TbIP-TbIP 88
TbIP-TbIP 88 collected $2 from pot
TbIP-TbIP 88: doesn't show hand
*** SUMMARY ***
Total pot $2 | Rake $0
Seat 1: Auge72 (button) (small blind) folded before Flop
Seat 2: TbIP-TbIP 88 (big blind) collected ($2)


PokerStars Hand #164471539498:  Hold'em Limit ($3/$6 USD) - 2017/01/12 16:18:53 ET
Table 'Maria III' 6-max Seat #2 is the button
Seat 1: Auge72 ($104.06 in chips)
Seat 2: TbIP-TbIP 88 ($139.04 in chips)
TbIP-TbIP 88: posts small blind $1
Auge72: posts big blind $3
*** HOLE CARDS ***
TbIP-TbIP 88: folds
Uncalled bet ($2) returned to Auge72
Auge72 collected $2 from pot
Auge72: doesn't show hand
*** SUMMARY ***
Total pot $2 | Rake $0
Seat 1: Auge72 (big blind) collected ($2)
Seat 2: TbIP-TbIP 88 (button) (small blind) folded before Flop


PokerStars Hand #164471534439:  Hold'em Limit ($3/$6 USD) - 2017/01/12 16:18:48 ET
Table 'Maria III' 6-max Seat #1 is the button
Seat 1: Auge72 ($105.06 in chips)
Seat 2: TbIP-TbIP 88 ($138.04 in chips)
Auge72: posts small blind $1
TbIP-TbIP 88: posts big blind $3
*** HOLE CARDS ***
Auge72: folds
Uncalled bet ($2) returned to TbIP-TbIP 88
TbIP-TbIP 88 collected $2 from pot
TbIP-TbIP 88: doesn't show hand
*** SUMMARY ***
Total pot $2 | Rake $0
Seat 1: Auge72 (button) (small blind) folded before Flop
Seat 2: TbIP-TbIP 88 (big blind) collected ($2)


PokerStars Hand #164471528260:  Hold'em Limit ($3/$6 USD) - 2017/01/12 16:18:42 ET
Table 'Maria III' 6-max Seat #2 is the button
Seat 1: Auge72 ($104.06 in chips)
Seat 2: TbIP-TbIP 88 ($139.04 in chips)
TbIP-TbIP 88: posts small blind $1
Auge72: posts big blind $3
*** HOLE CARDS ***
TbIP-TbIP 88: folds
Uncalled bet ($2) returned to Auge72
Auge72 collected $2 from pot
Auge72: doesn't show hand
*** SUMMARY ***
Total pot $2 | Rake $0
Seat 1: Auge72 (big blind) collected ($2)
Seat 2: TbIP-TbIP 88 (button) (small blind) folded before Flop


PokerStars Hand #164471499597:  Hold'em Limit ($3/$6 USD) - 2017/01/12 16:18:14 ET
Table 'Maria III' 6-max Seat #1 is the button
Seat 1: Auge72 ($119.06 in chips)
Seat 2: TbIP-TbIP 88 ($124.54 in chips)
Auge72: posts small blind $1
TbIP-TbIP 88: posts big blind $3
*** HOLE CARDS ***
Auge72: raises $3 to $6
TbIP-TbIP 88: calls $3
*** FLOP *** [6d 9c 8c]
TbIP-TbIP 88: bets $3
Auge72: calls $3
*** TURN *** [6d 9c 8c] [Kd]
TbIP-TbIP 88: bets $6
Auge72: calls $6
*** RIVER *** [6d 9c 8c Kd] [Ac]
TbIP-TbIP 88: checks
Auge72: checks
*** SHOW DOWN ***
TbIP-TbIP 88: shows [Td 7s] (a straight, Six to Ten)
Auge72: mucks hand
TbIP-TbIP 88 collected $29.50 from pot
*** SUMMARY ***
Total pot $30 | Rake $0.50
Board [6d 9c 8c Kd Ac]
Seat 1: Auge72 (button) (small blind) mucked
Seat 2: TbIP-TbIP 88 (big blind) showed [Td 7s] and won ($29.50) with a straight, Six to Ten


PokerStars Hand #164471494388:  Hold'em Limit ($3/$6 USD) - 2017/01/12 16:18:09 ET
Table 'Maria III' 6-max Seat #2 is the button
Seat 1: Auge72 ($122.06 in chips)
Seat 2: TbIP-TbIP 88 ($121.54 in chips)
TbIP-TbIP 88: posts small blind $1
Auge72: posts big blind $3
*** HOLE CARDS ***
TbIP-TbIP 88: raises $3 to $6
Auge72: folds
Uncalled bet ($3) returned to TbIP-TbIP 88
TbIP-TbIP 88 collected $6 from pot
TbIP-TbIP 88: doesn't show hand
*** SUMMARY ***
Total pot $6 | Rake $0
Seat 1: Auge72 (big blind) folded before Flop
Seat 2: TbIP-TbIP 88 (button) (small blind) collected ($6)


PokerStars Hand #164471477828:  Hold'em Limit ($3/$6 USD) - 2017/01/12 16:17:53 ET
Table 'Maria III' 6-max Seat #1 is the button
Seat 1: Auge72 ($110.54 in chips)
Seat 2: TbIP-TbIP 88 ($133.54 in chips)
Auge72: posts small blind $1
TbIP-TbIP 88: posts big blind $3
*** HOLE CARDS ***
Auge72: raises $3 to $6
TbIP-TbIP 88: raises $3 to $9
Auge72: calls $3
*** FLOP *** [Ad 6s Kc]
TbIP-TbIP 88: bets $3
Auge72: calls $3
*** TURN *** [Ad 6s Kc] [Jh]
TbIP-TbIP 88: checks
Auge72: checks
*** RIVER *** [Ad 6s Kc Jh] [8d]
TbIP-TbIP 88: checks
Auge72: checks
*** SHOW DOWN ***
TbIP-TbIP 88: shows [5d 5c] (a pair of Fives)
Auge72: shows [6d 9c] (a pair of Sixes)
Auge72 collected $23.52 from pot
*** SUMMARY ***
Total pot $24 | Rake $0.48
Board [Ad 6s Kc Jh 8d]
Seat 1: Auge72 (button) (small blind) showed [6d 9c] and won ($23.52) with a pair of Sixes
Seat 2: TbIP-TbIP 88 (big blind) showed [5d 5c] and lost with a pair of Fives


PokerStars Hand #164471580336:  Hold'em Limit ($3/$6 USD) - 2017/01/12 16:19:33 ET
Table 'Maria III' 6-max Seat #2 is the button
Seat 1: Auge72 ($111.70 in chips)
Seat 2: TbIP-TbIP 88 ($131.04 in chips)
TbIP-TbIP 88: posts small blind $1
Auge72: posts big blind $3
*** HOLE CARDS ***
TbIP-TbIP 88: raises $3 to $6
Auge72: calls $3
*** FLOP *** [7c Jc 2d]
Auge72: checks
TbIP-TbIP 88: bets $3
Auge72: calls $3
*** TURN *** [7c Jc 2d] [8d]
Auge72: checks
TbIP-TbIP 88: bets $6
Auge72: calls $6
*** RIVER *** [7c Jc 2d 8d] [3h]
Auge72: checks
TbIP-TbIP 88: bets $6
Auge72: calls $6
*** SHOW DOWN ***
TbIP-TbIP 88: shows [8c Kh] (a pair of Eights)
Auge72: mucks hand
TbIP-TbIP 88 collected $41.50 from pot
*** SUMMARY ***
Total pot $42 | Rake $0.50
Board [7c Jc 2d 8d 3h]
Seat 1: Auge72 (big blind) mucked
Seat 2: TbIP-TbIP 88 (button) (small blind) showed [8c Kh] and won ($41.50) with a pair of Eights


PokerStars Hand #164471575734:  Hold'em Limit ($3/$6 USD) - 2017/01/12 16:19:28 ET
Table 'Maria III' 6-max Seat #1 is the button
Seat 1: Auge72 ($112.70 in chips)
Seat 2: TbIP-TbIP 88 ($130.04 in chips)
Auge72: posts small blind $1
TbIP-TbIP 88: posts big blind $3
*** HOLE CARDS ***
Auge72: folds
Uncalled bet ($2) returned to TbIP-TbIP 88
TbIP-TbIP 88 collected $2 from pot
TbIP-TbIP 88: doesn't show hand
*** SUMMARY ***
Total pot $2 | Rake $0
Seat 1: Auge72 (button) (small blind) folded before Flop
Seat 2: TbIP-TbIP 88 (big blind) collected ($2)


PokerStars Hand #164471549679:  Hold'em Limit ($3/$6 USD) - 2017/01/12 16:19:03 ET
Table 'Maria III' 6-max Seat #2 is the button
Seat 1: Auge72 ($104.06 in chips)
Seat 2: TbIP-TbIP 88 ($139.04 in chips)
TbIP-TbIP 88: posts small blind $1
Auge72: posts big blind $3
*** HOLE CARDS ***
TbIP-TbIP 88: raises $3 to $6
Auge72: calls $3
*** FLOP *** [6s As Th]
Auge72: checks
TbIP-TbIP 88: bets $3
Auge72: calls $3
*** TURN *** [6s As Th] [6c]
Auge72: bets $6
TbIP-TbIP 88: folds
Uncalled bet ($6) returned to Auge72
Auge72 collected $17.64 from pot
Auge72: doesn't show hand
*** SUMMARY ***
Total pot $18 | Rake $0.36
Board [6s As Th 6c]
Seat 1: Auge72 (big blind) collected ($17.64)
Seat 2: TbIP-TbIP 88 (button) (small blind) folded on the Turn


PokerStars Hand #164471657426:  Hold'em Limit ($3/$6 USD) - 2017/01/12 16:20:49 ET
Table 'Maria III' 6-max Seat #1 is the button
Seat 1: Auge72 ($135.20 in chips)
Seat 2: TbIP-TbIP 88 ($106.54 in chips)
Auge72: posts small blind $1
TbIP-TbIP 88: posts big blind $3
*** HOLE CARDS ***
Auge72: raises $3 to $6
TbIP-TbIP 88: folds
Uncalled bet ($3) returned to Auge72
Auge72 collected $6 from pot
Auge72: doesn't show hand
*** SUMMARY ***
Total pot $6 | Rake $0
Seat 1: Auge72 (button) (small blind) collected ($6)
Seat 2: TbIP-TbIP 88 (big blind) folded before Flop


PokerStars Hand #164471622384:  Hold'em Limit ($3/$6 USD) - 2017/01/12 16:20:14 ET
Table 'Maria III' 6-max Seat #2 is the button
Seat 1: Auge72 ($93.70 in chips)
Seat 2: TbIP-TbIP 88 ($148.54 in chips)
TbIP-TbIP 88: posts small blind $1
Auge72: posts big blind $3
*** HOLE CARDS ***
TbIP-TbIP 88: raises $3 to $6
Auge72: raises $3 to $9
TbIP-TbIP 88: calls $3
*** FLOP *** [5h 4d 2c]
Auge72: bets $3
TbIP-TbIP 88: calls $3
*** TURN *** [5h 4d 2c] [Td]
Auge72: bets $6
TbIP-TbIP 88: raises $6 to $12
Auge72: calls $6
*** RIVER *** [5h 4d 2c Td] [6h]
Auge72: bets $6
TbIP-TbIP 88: raises $6 to $12
Auge72: raises $6 to $18
TbIP-TbIP 88: calls $6
*** SHOW DOWN ***
Auge72: shows [7d 8c] (a straight, Four to Eight)
TbIP-TbIP 88: mucks hand
Auge72 collected $83.50 from pot
*** SUMMARY ***
Total pot $84 | Rake $0.50
Board [5h 4d 2c Td 6h]
Seat 1: Auge72 (big blind) showed [7d 8c] and won ($83.50) with a straight, Four to Eight
Seat 2: TbIP-TbIP 88 (button) (small blind) mucked


PokerStars Hand #164471610461:  Hold'em Limit ($3/$6 USD) - 2017/01/12 16:20:02 ET
Table 'Maria III' 6-max Seat #1 is the button
Seat 1: Auge72 ($90.70 in chips)
Seat 2: TbIP-TbIP 88 ($151.54 in chips)
Auge72: posts small blind $1
TbIP-TbIP 88: posts big blind $3
*** HOLE CARDS ***
Auge72: raises $3 to $6
TbIP-TbIP 88: folds
Uncalled bet ($3) returned to Auge72
Auge72 collected $6 from pot
Auge72: doesn't show hand
*** SUMMARY ***
Total pot $6 | Rake $0
Seat 1: Auge72 (button) (small blind) collected ($6)
Seat 2: TbIP-TbIP 88 (big blind) folded before Flop


PokerStars Hand #164471706482:  Hold'em Limit ($3/$6 USD) - 2017/01/12 16:21:37 ET
Table 'Maria III' 6-max Seat #2 is the button
Seat 1: Auge72 ($157.70 in chips)
Seat 2: TbIP-TbIP 88 ($83.54 in chips)
TbIP-TbIP 88: posts small blind $1
Auge72: posts big blind $3
*** HOLE CARDS ***
TbIP-TbIP 88: raises $3 to $6
Auge72: raises $3 to $9
TbIP-TbIP 88: calls $3
*** FLOP *** [5d 7d Ks]
Auge72: bets $3
TbIP-TbIP 88: calls $3
*** TURN *** [5d 7d Ks] [Tc]
Auge72: checks
TbIP-TbIP 88: bets $6
Auge72: calls $6
*** RIVER *** [5d 7d Ks Tc] [8d]
Auge72: checks
TbIP-TbIP 88: checks
*** SHOW DOWN ***
Auge72: shows [Js Ad] (high card Ace)
TbIP-TbIP 88: shows [Qc 5s] (a pair of Fives)
TbIP-TbIP 88 collected $35.50 from pot
*** SUMMARY ***
Total pot $36 | Rake $0.50
Board [5d 7d Ks Tc 8d]
Seat 1: Auge72 (big blind) showed [Js Ad] and lost with high card Ace
Seat 2: TbIP-TbIP 88 (button) (small blind) showed [Qc 5s] and won ($35.50) with a pair of Fives


PokerStars Hand #164471701698:  Hold'em Limit ($3/$6 USD) - 2017/01/12 16:21:32 ET
Table 'Maria III' 6-max Seat #1 is the button
Seat 1: Auge72 ($158.70 in chips)
Seat 2: TbIP-TbIP 88 ($82.54 in chips)
Auge72: posts small blind $1
TbIP-TbIP 88: posts big blind $3
*** HOLE CARDS ***
Auge72: folds
Uncalled bet ($2) returned to TbIP-TbIP 88
TbIP-TbIP 88 collected $2 from pot
TbIP-TbIP 88: doesn't show hand
*** SUMMARY ***
Total pot $2 | Rake $0
Seat 1: Auge72 (button) (small blind) folded before Flop
Seat 2: TbIP-TbIP 88 (big blind) collected ($2)


PokerStars Hand #164471684700:  Hold'em Limit ($3/$6 USD) - 2017/01/12 16:21:15 ET
Table 'Maria III' 6-max Seat #2 is the button
Seat 1: Auge72 ($138.20 in chips)
Seat 2: TbIP-TbIP 88 ($103.54 in chips)
TbIP-TbIP 88: posts small blind $1
Auge72: posts big blind $3
*** HOLE CARDS ***
TbIP-TbIP 88: raises $3 to $6
Auge72: raises $3 to $9
TbIP-TbIP 88: calls $3
*** FLOP *** [7h Ts 9s]
Auge72: bets $3
TbIP-TbIP 88: raises $3 to $6
Auge72: calls $3
*** TURN *** [7h Ts 9s] [2h]
Auge72: checks
TbIP-TbIP 88: bets $6
Auge72: calls $6
*** RIVER *** [7h Ts 9s 2h] [7d]
Auge72: checks
TbIP-TbIP 88: checks
*** SHOW DOWN ***
Auge72: shows [5d 5s] (two pair, Sevens and Fives)
TbIP-TbIP 88: mucks hand
Auge72 collected $41.50 from pot
*** SUMMARY ***
Total pot $42 | Rake $0.50
Board [7h Ts 9s 2h 7d]
Seat 1: Auge72 (big blind) showed [5d 5s] and won ($41.50) with two pair, Sevens and Fives
Seat 2: TbIP-TbIP 88 (button) (small blind) mucked


PokerStars Hand #164471679588:  Hold'em Limit ($3/$6 USD) - 2017/01/12 16:21:10 ET
Table 'Maria III' 6-max Seat #1 is the button
Seat 1: Auge72 ($139.20 in chips)
Seat 2: TbIP-TbIP 88 ($102.54 in chips)
Auge72: posts small blind $1
TbIP-TbIP 88: posts big blind $3
*** HOLE CARDS ***
Auge72: folds
Uncalled bet ($2) returned to TbIP-TbIP 88
TbIP-TbIP 88 collected $2 from pot
TbIP-TbIP 88: doesn't show hand
*** SUMMARY ***
Total pot $2 | Rake $0
Seat 1: Auge72 (button) (small blind) folded before Flop
Seat 2: TbIP-TbIP 88 (big blind) collected ($2)


PokerStars Hand #164471670058:  Hold'em Limit ($3/$6 USD) - 2017/01/12 16:21:01 ET
Table 'Maria III' 6-max Seat #2 is the button
Seat 1: Auge72 ($138.20 in chips)
Seat 2: TbIP-TbIP 88 ($103.54 in chips)
TbIP-TbIP 88: posts small blind $1
Auge72: posts big blind $3
*** HOLE CARDS ***
TbIP-TbIP 88: folds
Uncalled bet ($2) returned to Auge72
Auge72 collected $2 from pot
Auge72: doesn't show hand
*** SUMMARY ***
Total pot $2 | Rake $0
Seat 1: Auge72 (big blind) collected ($2)
Seat 2: TbIP-TbIP 88 (button) (small blind) folded before Flop


PokerStars Hand #164471765486:  Hold'em Limit ($3/$6 USD) - 2017/01/12 16:22:35 ET
Table 'Maria III' 6-max Seat #1 is the button
Seat 1: Auge72 ($139.46 in chips)
Seat 2: TbIP-TbIP 88 ($100.80 in chips)
Auge72: posts small blind $1
TbIP-TbIP 88: posts big blind $3
*** HOLE CARDS ***
Auge72: raises $3 to $6
TbIP-TbIP 88: calls $3
*** FLOP *** [Kd 9h 5s]
TbIP-TbIP 88: checks
Auge72: checks
*** TURN *** [Kd 9h 5s] [2c]
TbIP-TbIP 88: checks
Auge72: bets $6
TbIP-TbIP 88: folds
Uncalled bet ($6) returned to Auge72
Auge72 collected $11.76 from pot
*** SUMMARY ***
Total pot $12 | Rake $0.24
Board [Kd 9h 5s 2c]
Seat 1: Auge72 (button) (small blind) collected ($11.76)
Seat 2: TbIP-TbIP 88 (big blind) folded on the Turn


PokerStars Hand #164471745224:  Hold'em Limit ($3/$6 USD) - 2017/01/12 16:22:15 ET
Table 'Maria III' 6-max Seat #2 is the button
Seat 1: Auge72 ($145.46 in chips)
Seat 2: TbIP-TbIP 88 ($95.04 in chips)
TbIP-TbIP 88: posts small blind $1
Auge72: posts big blind $3
*** HOLE CARDS ***
TbIP-TbIP 88: raises $3 to $6
Auge72: calls $3
*** FLOP *** [Kc Jc 8d]
Auge72: checks
TbIP-TbIP 88: bets $3
Auge72: folds
Uncalled bet ($3) returned to TbIP-TbIP 88
TbIP-TbIP 88 collected $11.76 from pot
TbIP-TbIP 88: doesn't show hand
*** SUMMARY ***
Total pot $12 | Rake $0.24
Board [Kc Jc 8d]
Seat 1: Auge72 (big blind) folded on the Flop
Seat 2: TbIP-TbIP 88 (button) (small blind) collected ($11.76)


PokerStars Hand #164471721916:  Hold'em Limit ($3/$6 USD) - 2017/01/12 16:21:52 ET
Table 'Maria III' 6-max Seat #1 is the button
Seat 1: Auge72 ($139.70 in chips)
Seat 2: TbIP-TbIP 88 ($101.04 in chips)
Auge72: posts small blind $1
TbIP-TbIP 88: posts big blind $3
*** HOLE CARDS ***
Auge72: raises $3 to $6
TbIP-TbIP 88: calls $3
*** FLOP *** [7s 4d Ad]
TbIP-TbIP 88: checks
Auge72: checks
*** TURN *** [7s 4d Ad] [8s]
TbIP-TbIP 88: checks
Auge72: bets $6
TbIP-TbIP 88: folds
Uncalled bet ($6) returned to Auge72
Auge72 collected $11.76 from pot
*** SUMMARY ***
Total pot $12 | Rake $0.24
Board [7s 4d Ad 8s]
Seat 1: Auge72 (button) (small blind) collected ($11.76)
Seat 2: TbIP-TbIP 88 (big blind) folded on the Turn


PokerStars Hand #164471792442:  Hold'em Limit ($3/$6 USD) - 2017/01/12 16:23:02 ET
Table 'Maria III' 6-max Seat #2 is the button
Seat 1: Auge72 ($145.22 in chips)
Seat 2: TbIP-TbIP 88 ($94.80 in chips)
TbIP-TbIP 88: posts small blind $1
Auge72: posts big blind $3
*** HOLE CARDS ***
TbIP-TbIP 88: raises $3 to $6
Auge72: raises $3 to $9
TbIP-TbIP 88: calls $3
*** FLOP *** [3s 8h 9h]
Auge72: checks
TbIP-TbIP 88: checks
*** TURN *** [3s 8h 9h] [Qc]
Auge72: checks
TbIP-TbIP 88: checks
*** RIVER *** [3s 8h 9h Qc] [4d]
Auge72: checks
TbIP-TbIP 88: bets $6
Auge72: calls $6
*** SHOW DOWN ***
TbIP-TbIP 88: shows [2d 5d] (high card Queen)
Auge72: shows [6h Ad] (high card Ace)
Auge72 collected $29.50 from pot
*** SUMMARY ***
Total pot $30 | Rake $0.50
Board [3s 8h 9h Qc 4d]
Seat 1: Auge72 (big blind) showed [6h Ad] and won ($29.50) with high card Ace
Seat 2: TbIP-TbIP 88 (button) (small blind) showed [2d 5d] and lost with high card Queen


PokerStars Hand #164471898077:  Hold'em Limit ($3/$6 USD) - 2017/01/12 16:24:46 ET
Table 'Maria III' 6-max Seat #1 is the button
Seat 1: Auge72 ($165.98 in chips)
Seat 2: TbIP-TbIP 88 ($79.50 in chips)
Auge72: posts small blind $1
TbIP-TbIP 88: posts big blind $3
*** HOLE CARDS ***
Auge72: folds
Uncalled bet ($2) returned to TbIP-TbIP 88
TbIP-TbIP 88 collected $2 from pot
TbIP-TbIP 88: doesn't show hand
*** SUMMARY ***
Total pot $2 | Rake $0
Seat 1: Auge72 (button) (small blind) folded before Flop
Seat 2: TbIP-TbIP 88 (big blind) collected ($2)


PokerStars Hand #164471892527:  Hold'em Limit ($3/$6 USD) - 2017/01/12 16:24:40 ET
Table 'Maria III' 6-max Seat #2 is the button
Seat 1: Auge72 ($164.98 in chips)
Seat 2: TbIP-TbIP 88 ($80.50 in chips)
TbIP-TbIP 88: posts small blind $1
Auge72: posts big blind $3
*** HOLE CARDS ***
TbIP-TbIP 88: folds
Uncalled bet ($2) returned to Auge72
Auge72 collected $2 from pot
Auge72: doesn't show hand
*** SUMMARY ***
Total pot $2 | Rake $0
Seat 1: Auge72 (big blind) collected ($2)
Seat 2: TbIP-TbIP 88 (button) (small blind) folded before Flop


PokerStars Hand #164471879768:  Hold'em Limit ($3/$6 USD) - 2017/01/12 16:24:28 ET
Table 'Maria III' 6-max Seat #1 is the button
Seat 1: Auge72 ($159.22 in chips)
Seat 2: TbIP-TbIP 88 ($86.50 in chips)
Auge72: posts small blind $1
TbIP-TbIP 88: posts big blind $3
*** HOLE CARDS ***
Auge72: raises $3 to $6
TbIP-TbIP 88: calls $3
*** FLOP *** [2h Kc 7c]
TbIP-TbIP 88: checks
Auge72: bets $3
TbIP-TbIP 88: folds
Uncalled bet ($3) returned to Auge72
Auge72 collected $11.76 from pot
Auge72: doesn't show hand
*** SUMMARY ***
Total pot $12 | Rake $0.24
Board [2h Kc 7c]
Seat 1: Auge72 (button) (small blind) collected ($11.76)
Seat 2: TbIP-TbIP 88 (big blind) folded on the Flop


PokerStars Hand #164471862119:  Hold'em Limit ($3/$6 USD) - 2017/01/12 16:24:10 ET
Table 'Maria III' 6-max Seat #2 is the button
Seat 1: Auge72 ($174.22 in chips)
Seat 2: TbIP-TbIP 88 ($72 in chips)
TbIP-TbIP 88: posts small blind $1
Auge72: posts big blind $3
*** HOLE CARDS ***
TbIP-TbIP 88: raises $3 to $6
Auge72: calls $3
*** FLOP *** [6c 2c Js]
Auge72: checks
TbIP-TbIP 88: bets $3
Auge72: calls $3
*** TURN *** [6c 2c Js] [Jc]
Auge72: checks
TbIP-TbIP 88: bets $6
Auge72: calls $6
*** RIVER *** [6c 2c Js Jc] [7h]
Auge72: checks
TbIP-TbIP 88: checks
*** SHOW DOWN ***
Auge72: shows [8h 9c] (a pair of Jacks)
TbIP-TbIP 88: shows [9s As] (a pair of Jacks - Ace kicker)
TbIP-TbIP 88 collected $29.50 from pot
*** SUMMARY ***
Total pot $30 | Rake $0.50
Board [6c 2c Js Jc 7h]
Seat 1: Auge72 (big blind) showed [8h 9c] and lost with a pair of Jacks
Seat 2: TbIP-TbIP 88 (button) (small blind) showed [9s As] and won ($29.50) with a pair of Jacks


PokerStars Hand #164471845309:  Hold'em Limit ($3/$6 USD) - 2017/01/12 16:23:54 ET
Table 'Maria III' 6-max Seat #1 is the button
Seat 1: Auge72 ($159.72 in chips)
Seat 2: TbIP-TbIP 88 ($79.80 in chips)
Auge72: posts small blind $1
TbIP-TbIP 88: posts big blind $3
*** HOLE CARDS ***
Auge72: raises $3 to $6
TbIP-TbIP 88: calls $3
*** FLOP *** [5s 3s Qc]
TbIP-TbIP 88: checks
Auge72: bets $3
TbIP-TbIP 88: calls $3
*** TURN *** [5s 3s Qc] [8h]
TbIP-TbIP 88: checks
Auge72: bets $6
TbIP-TbIP 88: calls $6
*** RIVER *** [5s 3s Qc 8h] [Ah]
TbIP-TbIP 88: checks
Auge72: checks
*** SHOW DOWN ***
TbIP-TbIP 88: shows [9c Kc] (high card Ace)
Auge72: shows [Jh Qs] (a pair of Queens)
Auge72 collected $29.50 from pot
*** SUMMARY ***
Total pot $30 | Rake $0.50
Board [5s 3s Qc 8h Ah]
Seat 1: Auge72 (button) (small blind) showed [Jh Qs] and won ($29.50) with a pair of Queens
Seat 2: TbIP-TbIP 88 (big blind) showed [9c Kc] and lost with high card Ace


PokerStars Hand #164471933587:  Hold'em Limit ($3/$6 USD) - 2017/01/12 16:25:20 ET
Table 'Maria III' 6-max Seat #1 is the button
Seat 1: Auge72 ($188.48 in chips)
Seat 2: TbIP-TbIP 88 ($72 in chips)
Auge72: posts small blind $1
TbIP-TbIP 88: posts big blind $3
*** HOLE CARDS ***
Auge72: raises $3 to $6
TbIP-TbIP 88: calls $3
*** FLOP *** [2c 3d Th]
TbIP-TbIP 88: checks
Auge72: checks
*** TURN *** [2c 3d Th] [Ts]
TbIP-TbIP 88: checks
Auge72: checks
*** RIVER *** [2c 3d Th Ts] [8c]
TbIP-TbIP 88: checks
Auge72: checks
*** SHOW DOWN ***
TbIP-TbIP 88: shows [4h Kh] (a pair of Tens)
Auge72: mucks hand
TbIP-TbIP 88 collected $11.76 from pot
*** SUMMARY ***
Total pot $12 | Rake $0.24
Board [2c 3d Th Ts 8c]
Seat 1: Auge72 (button) (small blind) mucked
Seat 2: TbIP-TbIP 88 (big blind) showed [4h Kh] and won ($11.76) with a pair of Tens


PokerStars Hand #164471928167:  Hold'em Limit ($3/$6 USD) - 2017/01/12 16:25:15 ET
Table 'Maria III' 6-max Seat #2 is the button
Seat 1: Auge72 ($187.48 in chips)
Seat 2: TbIP-TbIP 88 ($73 in chips)
TbIP-TbIP 88: posts small blind $1
Auge72: posts big blind $3
*** HOLE CARDS ***
TbIP-TbIP 88: folds
Uncalled bet ($2) returned to Auge72
Auge72 collected $2 from pot
Auge72: doesn't show hand
*** SUMMARY ***
Total pot $2 | Rake $0
Seat 1: Auge72 (big blind) collected ($2)
Seat 2: TbIP-TbIP 88 (button) (small blind) folded before Flop


PokerStars Hand #164471923174:  Hold'em Limit ($3/$6 USD) - 2017/01/12 16:25:10 ET
Table 'Maria III' 6-max Seat #1 is the button
Seat 1: Auge72 ($188.48 in chips)
Seat 2: TbIP-TbIP 88 ($72 in chips)
Auge72: posts small blind $1
TbIP-TbIP 88: posts big blind $3
*** HOLE CARDS ***
Auge72: folds
Uncalled bet ($2) returned to TbIP-TbIP 88
TbIP-TbIP 88 collected $2 from pot
TbIP-TbIP 88: doesn't show hand
*** SUMMARY ***
Total pot $2 | Rake $0
Seat 1: Auge72 (button) (small blind) folded before Flop
Seat 2: TbIP-TbIP 88 (big blind) collected ($2)


PokerStars Hand #164471903035:  Hold'em Limit ($3/$6 USD) - 2017/01/12 16:24:50 ET
Table 'Maria III' 6-max Seat #2 is the button
Seat 1: Auge72 ($164.98 in chips)
Seat 2: TbIP-TbIP 88 ($80.50 in chips)
TbIP-TbIP 88: posts small blind $1
Auge72: posts big blind $3
*** HOLE CARDS ***
TbIP-TbIP 88: raises $3 to $6
Auge72: raises $3 to $9
TbIP-TbIP 88: calls $3
*** FLOP *** [8c 2s Ts]
Auge72: bets $3
TbIP-TbIP 88: calls $3
*** TURN *** [8c 2s Ts] [5h]
Auge72: bets $6
TbIP-TbIP 88: raises $6 to $12
Auge72: calls $6
*** RIVER *** [8c 2s Ts 5h] [Kd]
Auge72: checks
TbIP-TbIP 88: checks
*** SHOW DOWN ***
Auge72: shows [Qh 8s] (a pair of Eights)
TbIP-TbIP 88: mucks hand
Auge72 collected $47.50 from pot
*** SUMMARY ***
Total pot $48 | Rake $0.50
Board [8c 2s Ts 5h Kd]
Seat 1: Auge72 (big blind) showed [Qh 8s] and won ($47.50) with a pair of Eights
Seat 2: TbIP-TbIP 88 (button) (small blind) mucked


PokerStars Hand #164471947180:  Hold'em Limit ($3/$6 USD) - 2017/01/12 16:25:34 ET
Table 'Maria III' 6-max Seat #2 is the button
Seat 1: Auge72 ($182.48 in chips)
Seat 2: TbIP-TbIP 88 ($77.76 in chips)
TbIP-TbIP 88: posts small blind $1
Auge72: posts big blind $3
*** HOLE CARDS ***
TbIP-TbIP 88: raises $3 to $6
Auge72: folds
Uncalled bet ($3) returned to TbIP-TbIP 88
TbIP-TbIP 88 collected $6 from pot
TbIP-TbIP 88: doesn't show hand
*** SUMMARY ***
Total pot $6 | Rake $0
Seat 1: Auge72 (big blind) folded before Flop
Seat 2: TbIP-TbIP 88 (button) (small blind) collected ($6)


PokerStars Hand #164471952636:  Hold'em Limit ($3/$6 USD) - 2017/01/12 16:25:39 ET
Table 'Maria III' 6-max Seat #1 is the button
Seat 1: Auge72 ($179.48 in chips)
Seat 2: TbIP-TbIP 88 ($80.76 in chips)
Auge72: posts small blind $1
TbIP-TbIP 88: posts big blind $3
*** HOLE CARDS ***
Auge72: raises $3 to $6
TbIP-TbIP 88: calls $3
*** FLOP *** [9d 9h 4h]
TbIP-TbIP 88: bets $3
Auge72: calls $3
*** TURN *** [9d 9h 4h] [8s]
TbIP-TbIP 88: bets $6
Auge72: folds
Uncalled bet ($6) returned to TbIP-TbIP 88
TbIP-TbIP 88 collected $17.64 from pot
TbIP-TbIP 88: doesn't show hand
*** SUMMARY ***
Total pot $18 | Rake $0.36
Board [9d 9h 4h 8s]
Seat 1: Auge72 (button) (small blind) folded on the Turn
Seat 2: TbIP-TbIP 88 (big blind) collected ($17.64)


PokerStars Hand #164471964464:  Hold'em Limit ($3/$6 USD) - 2017/01/12 16:25:51 ET
Table 'Maria III' 6-max Seat #2 is the button
Seat 1: Auge72 ($170.48 in chips)
Seat 2: TbIP-TbIP 88 ($89.40 in chips)
TbIP-TbIP 88: posts small blind $1
Auge72: posts big blind $3
*** HOLE CARDS ***
TbIP-TbIP 88: raises $3 to $6
Auge72: raises $3 to $9
TbIP-TbIP 88: calls $3
*** FLOP *** [2s 3h Jd]
Auge72: bets $3
TbIP-TbIP 88: calls $3
*** TURN *** [2s 3h Jd] [Td]
Auge72: bets $6
TbIP-TbIP 88: raises $6 to $12
Auge72: folds
Uncalled bet ($6) returned to TbIP-TbIP 88
TbIP-TbIP 88 collected $35.50 from pot
TbIP-TbIP 88: doesn't show hand
*** SUMMARY ***
Total pot $36 | Rake $0.50
Board [2s 3h Jd Td]
Seat 1: Auge72 (big blind) folded on the Turn
Seat 2: TbIP-TbIP 88 (button) (small blind) collected ($35.50)


PokerStars Hand #164471977578:  Hold'em Limit ($3/$6 USD) - 2017/01/12 16:26:04 ET
Table 'Maria III' 6-max Seat #1 is the button
Seat 1: Auge72 ($152.48 in chips)
Seat 2: TbIP-TbIP 88 ($106.90 in chips)
Auge72: posts small blind $1
TbIP-TbIP 88: posts big blind $3
*** HOLE CARDS ***
Auge72: raises $3 to $6
TbIP-TbIP 88: folds
Uncalled bet ($3) returned to Auge72
Auge72 collected $6 from pot
Auge72: doesn't show hand
*** SUMMARY ***
Total pot $6 | Rake $0
Seat 1: Auge72 (button) (small blind) collected ($6)
Seat 2: TbIP-TbIP 88 (big blind) folded before Flop


PokerStars Hand #164471986855:  Hold'em Limit ($3/$6 USD) - 2017/01/12 16:26:13 ET
Table 'Maria III' 6-max Seat #2 is the button
Seat 1: Auge72 ($155.48 in chips)
Seat 2: TbIP-TbIP 88 ($103.90 in chips)
TbIP-TbIP 88: posts small blind $1
Auge72: posts big blind $3
*** HOLE CARDS ***
TbIP-TbIP 88: raises $3 to $6
Auge72: raises $3 to $9
TbIP-TbIP 88: calls $3
*** FLOP *** [7c Td 9d]
Auge72: bets $3
TbIP-TbIP 88: calls $3
*** TURN *** [7c Td 9d] [4h]
Auge72: bets $6
TbIP-TbIP 88: raises $6 to $12
Auge72: calls $6
*** RIVER *** [7c Td 9d 4h] [3s]
Auge72: checks
TbIP-TbIP 88: checks
*** SHOW DOWN ***
Auge72: shows [Ac Jd] (high card Ace)
TbIP-TbIP 88: shows [7h 5c] (a pair of Sevens)
TbIP-TbIP 88 collected $47.50 from pot
*** SUMMARY ***
Total pot $48 | Rake $0.50
Board [7c Td 9d 4h 3s]
Seat 1: Auge72 (big blind) showed [Ac Jd] and lost with high card Ace
Seat 2: TbIP-TbIP 88 (button) (small blind) showed [7h 5c] and won ($47.50) with a pair of Sevens


PokerStars Hand #164472006429:  Hold'em Limit ($3/$6 USD) - 2017/01/12 16:26:32 ET
Table 'Maria III' 6-max Seat #1 is the button
Seat 1: Auge72 ($131.48 in chips)
Seat 2: TbIP-TbIP 88 ($127.40 in chips)
Auge72: posts small blind $1
TbIP-TbIP 88: posts big blind $3
*** HOLE CARDS ***
Auge72: raises $3 to $6
TbIP-TbIP 88: folds
Uncalled bet ($3) returned to Auge72
Auge72 collected $6 from pot
Auge72: doesn't show hand
*** SUMMARY ***
Total pot $6 | Rake $0
Seat 1: Auge72 (button) (small blind) collected ($6)
Seat 2: TbIP-TbIP 88 (big blind) folded before Flop


PokerStars Hand #164472012823:  Hold'em Limit ($3/$6 USD) - 2017/01/12 16:26:39 ET
Table 'Maria III' 6-max Seat #2 is the button
Seat 1: Auge72 ($134.48 in chips)
Seat 2: TbIP-TbIP 88 ($124.40 in chips)
TbIP-TbIP 88: posts small blind $1
Auge72: posts big blind $3
*** HOLE CARDS ***
TbIP-TbIP 88: raises $3 to $6
Auge72: raises $3 to $9
TbIP-TbIP 88: calls $3
*** FLOP *** [Qd 3c Jd]
Auge72: bets $3
TbIP-TbIP 88: calls $3
*** TURN *** [Qd 3c Jd] [Ks]
Auge72: bets $6
TbIP-TbIP 88: calls $6
*** RIVER *** [Qd 3c Jd Ks] [7c]
Auge72: bets $6
TbIP-TbIP 88: calls $6
*** SHOW DOWN ***
Auge72: shows [6d Kh] (a pair of Kings)
TbIP-TbIP 88: mucks hand
Auge72 collected $47.50 from pot
*** SUMMARY ***
Total pot $48 | Rake $0.50
Board [Qd 3c Jd Ks 7c]
Seat 1: Auge72 (big blind) showed [6d Kh] and won ($47.50) with a pair of Kings
Seat 2: TbIP-TbIP 88 (button) (small blind) mucked


PokerStars Hand #164472028427:  Hold'em Limit ($3/$6 USD) - 2017/01/12 16:26:54 ET
Table 'Maria III' 6-max Seat #1 is the button
Seat 1: Auge72 ($157.98 in chips)
Seat 2: TbIP-TbIP 88 ($100.40 in chips)
Auge72: posts small blind $1
TbIP-TbIP 88: posts big blind $3
*** HOLE CARDS ***
Auge72: raises $3 to $6
TbIP-TbIP 88: calls $3
*** FLOP *** [Td 7s 5s]
TbIP-TbIP 88: checks
Auge72: bets $3
TbIP-TbIP 88: calls $3
*** TURN *** [Td 7s 5s] [6h]
TbIP-TbIP 88: checks
Auge72: checks
*** RIVER *** [Td 7s 5s 6h] [3d]
TbIP-TbIP 88: bets $6
Auge72: calls $6
*** SHOW DOWN ***
TbIP-TbIP 88: shows [9h Qs] (high card Queen)
Auge72: shows [7d Ks] (a pair of Sevens)
Auge72 collected $29.50 from pot
*** SUMMARY ***
Total pot $30 | Rake $0.50
Board [Td 7s 5s 6h 3d]
Seat 1: Auge72 (button) (small blind) showed [7d Ks] and won ($29.50) with a pair of Sevens
Seat 2: TbIP-TbIP 88 (big blind) showed [9h Qs] and lost with high card Queen


PokerStars Hand #164472045782:  Hold'em Limit ($3/$6 USD) - 2017/01/12 16:27:11 ET
Table 'Maria III' 6-max Seat #2 is the button
Seat 1: Auge72 ($172.48 in chips)
Seat 2: TbIP-TbIP 88 ($85.40 in chips)
TbIP-TbIP 88: posts small blind $1
Auge72: posts big blind $3
*** HOLE CARDS ***
TbIP-TbIP 88: raises $3 to $6
Auge72: calls $3
*** FLOP *** [6c 5c 6d]
Auge72: checks
TbIP-TbIP 88: bets $3
Auge72: raises $3 to $6
TbIP-TbIP 88: calls $3
*** TURN *** [6c 5c 6d] [Jh]
Auge72: bets $6
TbIP-TbIP 88: raises $6 to $12
Auge72: calls $6
*** RIVER *** [6c 5c 6d Jh] [5h]
Auge72: bets $6
TbIP-TbIP 88: raises $6 to $12
Auge72: calls $6
*** SHOW DOWN ***
TbIP-TbIP 88: shows [6s Jc] (a full house, Sixes full of Jacks)
Auge72: mucks hand
TbIP-TbIP 88 collected $71.50 from pot
*** SUMMARY ***
Total pot $72 | Rake $0.50
Board [6c 5c 6d Jh 5h]
Seat 1: Auge72 (big blind) mucked
Seat 2: TbIP-TbIP 88 (button) (small blind) showed [6s Jc] and won ($71.50) with a full house, Sixes full of Jacks


PokerStars Hand #164472064505:  Hold'em Limit ($3/$6 USD) - 2017/01/12 16:27:30 ET
Table 'Maria III' 6-max Seat #1 is the button
Seat 1: Auge72 ($136.48 in chips)
Seat 2: TbIP-TbIP 88 ($120.90 in chips)
Auge72: posts small blind $1
TbIP-TbIP 88: posts big blind $3
*** HOLE CARDS ***
Auge72: raises $3 to $6
TbIP-TbIP 88: calls $3
*** FLOP *** [Qd 9h Ac]
TbIP-TbIP 88: checks
Auge72: checks
*** TURN *** [Qd 9h Ac] [7h]
TbIP-TbIP 88: checks
Auge72: checks
*** RIVER *** [Qd 9h Ac 7h] [Tc]
TbIP-TbIP 88: checks
Auge72: checks
*** SHOW DOWN ***
TbIP-TbIP 88: shows [6h 3h] (high card Ace)
Auge72: shows [2c 5c] (high card Ace)
TbIP-TbIP 88 collected $5.88 from pot
Auge72 collected $5.88 from pot
*** SUMMARY ***
Total pot $12 | Rake $0.24
Board [Qd 9h Ac 7h Tc]
Seat 1: Auge72 (button) (small blind) showed [2c 5c] and won ($5.88) with high card Ace
Seat 2: TbIP-TbIP 88 (big blind) showed [6h 3h] and won ($5.88) with high card Ace


PokerStars Hand #164472087387:  Hold'em Limit ($3/$6 USD) - 2017/01/12 16:27:53 ET
Table 'Maria III' 6-max Seat #2 is the button
Seat 1: Auge72 ($136.36 in chips)
Seat 2: TbIP-TbIP 88 ($120.78 in chips)
TbIP-TbIP 88: posts small blind $1
Auge72: posts big blind $3
*** HOLE CARDS ***
TbIP-TbIP 88: folds
Uncalled bet ($2) returned to Auge72
Auge72 collected $2 from pot
Auge72: doesn't show hand
*** SUMMARY ***
Total pot $2 | Rake $0
Seat 1: Auge72 (big blind) collected ($2)
Seat 2: TbIP-TbIP 88 (button) (small blind) folded before Flop


PokerStars Hand #164472094179:  Hold'em Limit ($3/$6 USD) - 2017/01/12 16:27:59 ET
Table 'Maria III' 6-max Seat #1 is the button
Seat 1: Auge72 ($137.36 in chips)
Seat 2: TbIP-TbIP 88 ($119.78 in chips)
Auge72: posts small blind $1
TbIP-TbIP 88: posts big blind $3
*** HOLE CARDS ***
Auge72: raises $3 to $6
TbIP-TbIP 88: folds
Uncalled bet ($3) returned to Auge72
Auge72 collected $6 from pot
*** SUMMARY ***
Total pot $6 | Rake $0
Seat 1: Auge72 (button) (small blind) collected ($6)
Seat 2: TbIP-TbIP 88 (big blind) folded before Flop


PokerStars Hand #164472104543:  Hold'em Limit ($3/$6 USD) - 2017/01/12 16:28:09 ET
Table 'Maria III' 6-max Seat #2 is the button
Seat 1: Auge72 ($140.36 in chips)
Seat 2: TbIP-TbIP 88 ($116.78 in chips)
TbIP-TbIP 88: posts small blind $1
Auge72: posts big blind $3
*** HOLE CARDS ***
RaisemyNut$ joins the table at seat #3
TbIP-TbIP 88: raises $3 to $6
Auge72: raises $3 to $9
TbIP-TbIP 88: calls $3
*** FLOP *** [6h 6d Kh]
Auge72: checks
TbIP-TbIP 88: checks
*** TURN *** [6h 6d Kh] [8c]
Auge72: bets $6
TbIP-TbIP 88: folds
Uncalled bet ($6) returned to Auge72
Auge72 collected $17.64 from pot
Auge72: doesn't show hand
*** SUMMARY ***
Total pot $18 | Rake $0.36
Board [6h 6d Kh 8c]
Seat 1: Auge72 (big blind) collected ($17.64)
Seat 2: TbIP-TbIP 88 (button) (small blind) folded on the Turn


PokerStars Hand #164472129561:  Hold'em Limit ($3/$6 USD) - 2017/01/12 16:28:34 ET
Table 'Maria III' 6-max Seat #1 is the button
Seat 1: Auge72 ($149 in chips)
Seat 2: TbIP-TbIP 88 ($107.78 in chips)
Auge72: posts small blind $1
TbIP-TbIP 88: posts big blind $3
*** HOLE CARDS ***
Auge72: raises $3 to $6
TbIP-TbIP 88: calls $3
*** FLOP *** [2s 4s 8h]
TbIP-TbIP 88: bets $3
Auge72: calls $3
*** TURN *** [2s 4s 8h] [9c]
TbIP-TbIP 88: bets $6
Auge72: raises $6 to $12
TbIP-TbIP 88: calls $6
*** RIVER *** [2s 4s 8h 9c] [2d]
TbIP-TbIP 88: checks
Auge72: bets $6
TbIP-TbIP 88: calls $6
*** SHOW DOWN ***
Auge72: shows [9h Ac] (two pair, Nines and Deuces)
TbIP-TbIP 88: mucks hand
Auge72 collected $53.50 from pot
*** SUMMARY ***
Total pot $54 | Rake $0.50
Board [2s 4s 8h 9c 2d]
Seat 1: Auge72 (button) (small blind) showed [9h Ac] and won ($53.50) with two pair, Nines and Deuces
Seat 2: TbIP-TbIP 88 (big blind) mucked


