PokerStars Hand #145058622848:  Hold'em Limit ($3/$6 USD) - 2015/12/09 1:15:28 ET
Table 'Maritima' 6-max Seat #4 is the button
Seat 2: lanford ($108.21 in chips)
Seat 4: scorpio04 ($82.53 in chips)
Actionni13 will be allowed to play after the button
scorpio04: posts small blind $1
assitoni: is sitting out
VolkovDmitri was removed from the table for failing to post
lanford: posts big blind $3
*** HOLE CARDS ***
assitoni leaves the table
scorpio04: folds
Uncalled bet ($2) returned to lanford
lanford collected $2 from pot
lanford: doesn't show hand
*** SUMMARY ***
Total pot $2 | Rake $0
Seat 2: lanford (big blind) collected ($2)
Seat 4: scorpio04 (button) (small blind) folded before Flop


PokerStars Hand #145058653554:  Hold'em Limit ($3/$6 USD) - 2015/12/09 1:17:24 ET
Table 'Maritima' 6-max Seat #4 is the button
Seat 3: Actionni13 ($170.04 in chips)
Seat 4: scorpio04 ($87.91 in chips)
scorpio04: posts small blind $1
lanford: is sitting out
Actionni13: posts big blind $3
*** HOLE CARDS ***
lanford leaves the table
scorpio04: raises $3 to $6
Actionni13: folds
Uncalled bet ($3) returned to scorpio04
scorpio04 collected $6 from pot
scorpio04: doesn't show hand
*** SUMMARY ***
Total pot $6 | Rake $0
Seat 3: Actionni13 (big blind) folded before Flop
Seat 4: scorpio04 (button) (small blind) collected ($6)


PokerStars Hand #145058657060:  Hold'em Limit ($3/$6 USD) - 2015/12/09 1:17:37 ET
Table 'Maritima' 6-max Seat #3 is the button
Seat 3: Actionni13 ($167.04 in chips)
Seat 4: scorpio04 ($90.91 in chips)
Actionni13: posts small blind $1
scorpio04: posts big blind $3
*** HOLE CARDS ***
Actionni13: folds
Uncalled bet ($2) returned to scorpio04
scorpio04 collected $2 from pot
scorpio04: doesn't show hand
*** SUMMARY ***
Total pot $2 | Rake $0
Seat 3: Actionni13 (button) (small blind) folded before Flop
Seat 4: scorpio04 (big blind) collected ($2)


