PokerStars Hand #174812295596:  Hold'em Limit ($3/$6 USD) - 2017/08/26 8:25:34 ET
Table 'Marion' 10-max Seat #10 is the button
Seat 6: Agrotait ($72 in chips)
Seat 10: Adrienn99 ($30 in chips)
Adrienn99: posts small blind $1
Agrotait: posts big blind $3
*** HOLE CARDS ***
Adrienn99: calls $2
Agrotait: checks
*** FLOP *** [7h Ad 8c]
Agrotait: checks
Adrienn99: bets $3
Agrotait: folds
Uncalled bet ($3) returned to Adrienn99
Adrienn99 collected $5.88 from pot
*** SUMMARY ***
Total pot $6 | Rake $0.12
Board [7h Ad 8c]
Seat 6: Agrotait (big blind) folded on the Flop
Seat 10: Adrienn99 (button) (small blind) collected ($5.88)


PokerStars Hand #174812311736:  Hold'em Limit ($3/$6 USD) - 2017/08/26 8:26:08 ET
Table 'Marion' 10-max Seat #6 is the button
Seat 6: Agrotait ($69 in chips)
Seat 10: Adrienn99 ($32.88 in chips)
Agrotait: posts small blind $1
Adrienn99: posts big blind $3
*** HOLE CARDS ***
Agrotait: raises $3 to $6
Adrienn99: calls $3
*** FLOP *** [Kd Kc Ad]
Adrienn99: bets $3
Agrotait: calls $3
*** TURN *** [Kd Kc Ad] [8h]
Adrienn99: checks
Agrotait: bets $6
Adrienn99: folds
Uncalled bet ($6) returned to Agrotait
Agrotait collected $17.64 from pot
Agrotait: doesn't show hand
*** SUMMARY ***
Total pot $18 | Rake $0.36
Board [Kd Kc Ad 8h]
Seat 6: Agrotait (button) (small blind) collected ($17.64)
Seat 10: Adrienn99 (big blind) folded on the Turn


PokerStars Hand #174812322972:  Hold'em Limit ($3/$6 USD) - 2017/08/26 8:26:31 ET
Table 'Marion' 10-max Seat #10 is the button
Seat 6: Agrotait ($77.64 in chips)
Seat 10: Adrienn99 ($23.88 in chips)
Adrienn99: posts small blind $1
Agrotait: posts big blind $3
*** HOLE CARDS ***
Adrienn99: raises $3 to $6
Agrotait: calls $3
*** FLOP *** [Td Qd 9s]
Agrotait: checks
Adrienn99: bets $3
Agrotait: folds
Uncalled bet ($3) returned to Adrienn99
Adrienn99 collected $11.76 from pot
*** SUMMARY ***
Total pot $12 | Rake $0.24
Board [Td Qd 9s]
Seat 6: Agrotait (big blind) folded on the Flop
Seat 10: Adrienn99 (button) (small blind) collected ($11.76)


PokerStars Hand #174812342722:  Hold'em Limit ($3/$6 USD) - 2017/08/26 8:27:13 ET
Table 'Marion' 10-max Seat #6 is the button
Seat 6: Agrotait ($71.64 in chips)
Seat 10: Adrienn99 ($29.64 in chips)
Agrotait: posts small blind $1
Adrienn99: posts big blind $3
*** HOLE CARDS ***
Agrotait: raises $3 to $6
Adrienn99: calls $3
*** FLOP *** [3s Ac 8d]
Adrienn99: bets $3
Agrotait: folds
Uncalled bet ($3) returned to Adrienn99
Adrienn99 collected $11.76 from pot
*** SUMMARY ***
Total pot $12 | Rake $0.24
Board [3s Ac 8d]
Seat 6: Agrotait (button) (small blind) folded on the Flop
Seat 10: Adrienn99 (big blind) collected ($11.76)


PokerStars Hand #174812357063:  Hold'em Limit ($3/$6 USD) - 2017/08/26 8:27:43 ET
Table 'Marion' 10-max Seat #10 is the button
Seat 6: Agrotait ($65.64 in chips)
Seat 10: Adrienn99 ($35.40 in chips)
Adrienn99: posts small blind $1
Agrotait: posts big blind $3
*** HOLE CARDS ***
Adrienn99: calls $2
Agrotait: checks
*** FLOP *** [Ah 3d 2s]
Agrotait: bets $3
Adrienn99: calls $3
*** TURN *** [Ah 3d 2s] [Qh]
SLK500 joins the table at seat #3
Agrotait: checks
Adrienn99: bets $6
Agrotait: folds
Uncalled bet ($6) returned to Adrienn99
Adrienn99 collected $11.76 from pot
*** SUMMARY ***
Total pot $12 | Rake $0.24
Board [Ah 3d 2s Qh]
Seat 6: Agrotait (big blind) folded on the Turn
Seat 10: Adrienn99 (button) (small blind) collected ($11.76)


PokerStars Hand #174812376257:  Hold'em Limit ($3/$6 USD) - 2017/08/26 8:28:24 ET
Table 'Marion' 10-max Seat #6 is the button
Seat 6: Agrotait ($72 in chips)
Seat 10: Adrienn99 ($41.16 in chips)
Agrotait: posts small blind $1
Adrienn99: posts big blind $3
*** HOLE CARDS ***
Agrotait: folds
Uncalled bet ($2) returned to Adrienn99
Adrienn99 collected $2 from pot
*** SUMMARY ***
Total pot $2 | Rake $0
Seat 6: Agrotait (button) (small blind) folded before Flop
Seat 10: Adrienn99 (big blind) collected ($2)


PokerStars Hand #174812577147:  Hold'em Limit ($3/$6 USD) - 2017/08/26 8:35:22 ET
Table 'Marion' 10-max Seat #3 is the button
Seat 3: SLK500 ($97.66 in chips)
Seat 10: Adrienn99 ($107.25 in chips)
SLK500: posts small blind $1
Adrienn99: posts big blind $3
*** HOLE CARDS ***
SLK500: folds
Uncalled bet ($2) returned to Adrienn99
Adrienn99 collected $2 from pot
*** SUMMARY ***
Total pot $2 | Rake $0
Seat 3: SLK500 (button) (small blind) folded before Flop
Seat 10: Adrienn99 (big blind) collected ($2)


PokerStars Hand #174812571958:  Hold'em Limit ($3/$6 USD) - 2017/08/26 8:35:11 ET
Table 'Marion' 10-max Seat #10 is the button
Seat 3: SLK500 ($100.66 in chips)
Seat 10: Adrienn99 ($104.37 in chips)
Adrienn99: posts small blind $1
SLK500: posts big blind $3
*** HOLE CARDS ***
Adrienn99: calls $2
jamie2000 leaves the table
SLK500: checks
*** FLOP *** [Jc 3h 5c]
SLK500: checks
Adrienn99: bets $3
SLK500: folds
Uncalled bet ($3) returned to Adrienn99
Adrienn99 collected $5.88 from pot
*** SUMMARY ***
Total pot $6 | Rake $0.12
Board [Jc 3h 5c]
Seat 3: SLK500 (big blind) folded on the Flop
Seat 10: Adrienn99 (button) (small blind) collected ($5.88)


PokerStars Hand #174812669875:  Hold'em Limit ($3/$6 USD) - 2017/08/26 8:38:34 ET
Table 'Marion' 10-max Seat #3 is the button
Seat 1: Apanage ($79.83 in chips)
Seat 3: SLK500 ($110.96 in chips)
SLK500: posts small blind $1
Apanage: posts big blind $3
*** HOLE CARDS ***
SLK500: raises $3 to $6
Apanage: calls $3
*** FLOP *** [6h 3h Ad]
Apanage: checks
SLK500: bets $3
Adrienn99 leaves the table
Apanage: folds
Uncalled bet ($3) returned to SLK500
SLK500 collected $11.76 from pot
SLK500: doesn't show hand
*** SUMMARY ***
Total pot $12 | Rake $0.24
Board [6h 3h Ad]
Seat 1: Apanage (big blind) folded on the Flop
Seat 3: SLK500 (button) (small blind) collected ($11.76)


PokerStars Hand #174812674532:  Hold'em Limit ($3/$6 USD) - 2017/08/26 8:38:43 ET
Table 'Marion' 10-max Seat #1 is the button
Seat 1: Apanage ($73.83 in chips)
Seat 3: SLK500 ($116.72 in chips)
Apanage: posts small blind $1
SLK500: posts big blind $3
*** HOLE CARDS ***
Apanage: raises $3 to $6
SLK500: raises $3 to $9
Apanage: calls $3
*** FLOP *** [8c 2s Kh]
SLK500: bets $3
Apanage: calls $3
*** TURN *** [8c 2s Kh] [Tc]
SLK500: bets $6
Apanage: raises $6 to $12
SLK500: folds
Uncalled bet ($6) returned to Apanage
Apanage collected $35.50 from pot
Apanage: doesn't show hand
*** SUMMARY ***
Total pot $36 | Rake $0.50
Board [8c 2s Kh Tc]
Seat 1: Apanage (button) (small blind) collected ($35.50)
Seat 3: SLK500 (big blind) folded on the Turn


PokerStars Hand #174818110414:  Hold'em Limit ($3/$6 USD) - 2017/08/26 11:23:27 ET
Table 'Marion' 10-max Seat #6 is the button
Seat 6: igmade ($120 in chips)
Seat 7: VolkovDmitri ($120 in chips)
igmade: posts small blind $1
VolkovDmitri: posts big blind $3
*** HOLE CARDS ***
igmade: raises $3 to $6
VolkovDmitri: calls $3
*** FLOP *** [Jh 4c Kc]
VolkovDmitri: checks
igmade: bets $3
VolkovDmitri: calls $3
*** TURN *** [Jh 4c Kc] [9c]
VolkovDmitri: checks
igmade: checks
*** RIVER *** [Jh 4c Kc 9c] [7d]
VolkovDmitri: bets $6
igmade: folds
Uncalled bet ($6) returned to VolkovDmitri
VolkovDmitri collected $17.64 from pot
VolkovDmitri: doesn't show hand
*** SUMMARY ***
Total pot $18 | Rake $0.36
Board [Jh 4c Kc 9c 7d]
Seat 6: igmade (button) (small blind) folded on the River
Seat 7: VolkovDmitri (big blind) collected ($17.64)


PokerStars Hand #174818135599:  Hold'em Limit ($3/$6 USD) - 2017/08/26 11:23:55 ET
Table 'Marion' 10-max Seat #7 is the button
Seat 6: igmade ($111 in chips)
Seat 7: VolkovDmitri ($128.64 in chips)
VolkovDmitri: posts small blind $1
igmade: posts big blind $3
*** HOLE CARDS ***
VolkovDmitri: raises $3 to $6
igmade: raises $3 to $9
VolkovDmitri: calls $3
*** FLOP *** [Qc 5d 8d]
igmade: bets $3
VolkovDmitri: calls $3
*** TURN *** [Qc 5d 8d] [2d]
igmade: bets $6
VolkovDmitri: raises $6 to $12
igmade: calls $6
*** RIVER *** [Qc 5d 8d 2d] [Ah]
igmade: checks
VolkovDmitri: bets $6
igmade: calls $6
*** SHOW DOWN ***
VolkovDmitri: shows [3d Jd] (a flush, Jack high)
igmade: mucks hand
VolkovDmitri collected $59.50 from pot
*** SUMMARY ***
Total pot $60 | Rake $0.50
Board [Qc 5d 8d 2d Ah]
Seat 6: igmade (big blind) mucked
Seat 7: VolkovDmitri (button) (small blind) showed [3d Jd] and won ($59.50) with a flush, Jack high


PokerStars Hand #174818151278:  Hold'em Limit ($3/$6 USD) - 2017/08/26 11:24:22 ET
Table 'Marion' 10-max Seat #6 is the button
Seat 6: igmade ($81 in chips)
Seat 7: VolkovDmitri ($158.14 in chips)
igmade: posts small blind $1
VolkovDmitri: posts big blind $3
*** HOLE CARDS ***
igmade: raises $3 to $6
VolkovDmitri: calls $3
*** FLOP *** [9c 2s 5s]
VolkovDmitri: checks
igmade: bets $3
VolkovDmitri: folds
Uncalled bet ($3) returned to igmade
igmade collected $11.76 from pot
igmade: doesn't show hand
*** SUMMARY ***
Total pot $12 | Rake $0.24
Board [9c 2s 5s]
Seat 6: igmade (button) (small blind) collected ($11.76)
Seat 7: VolkovDmitri (big blind) folded on the Flop


PokerStars Hand #174818158848:  Hold'em Limit ($3/$6 USD) - 2017/08/26 11:24:35 ET
Table 'Marion' 10-max Seat #7 is the button
Seat 6: igmade ($86.76 in chips)
Seat 7: VolkovDmitri ($152.14 in chips)
VolkovDmitri: posts small blind $1
igmade: posts big blind $3
*** HOLE CARDS ***
VolkovDmitri: raises $3 to $6
igmade: calls $3
*** FLOP *** [6s Kc Ad]
igmade: checks
VolkovDmitri: bets $3
igmade: folds
Uncalled bet ($3) returned to VolkovDmitri
VolkovDmitri collected $11.76 from pot
VolkovDmitri: doesn't show hand
igmade said, "you gonna run Again "
*** SUMMARY ***
Total pot $12 | Rake $0.24
Board [6s Kc Ad]
Seat 6: igmade (big blind) folded on the Flop
Seat 7: VolkovDmitri (button) (small blind) collected ($11.76)


PokerStars Hand #174818166546:  Hold'em Limit ($3/$6 USD) - 2017/08/26 11:24:48 ET
Table 'Marion' 10-max Seat #6 is the button
Seat 6: igmade ($80.76 in chips)
Seat 7: VolkovDmitri ($157.90 in chips)
igmade: posts small blind $1
VolkovDmitri: posts big blind $3
*** HOLE CARDS ***
igmade: raises $3 to $6
VolkovDmitri: calls $3
*** FLOP *** [Ad Qh 8h]
VolkovDmitri: checks
igmade: bets $3
VolkovDmitri: raises $3 to $6
igmade: calls $3
*** TURN *** [Ad Qh 8h] [6s]
igmade said, "lmfao"
VolkovDmitri: bets $6
igmade: calls $6
*** RIVER *** [Ad Qh 8h 6s] [4d]
VolkovDmitri: bets $6
igmade: folds
Uncalled bet ($6) returned to VolkovDmitri
VolkovDmitri collected $35.50 from pot
VolkovDmitri: doesn't show hand
*** SUMMARY ***
Total pot $36 | Rake $0.50
Board [Ad Qh 8h 6s 4d]
Seat 6: igmade (button) (small blind) folded on the River
Seat 7: VolkovDmitri (big blind) collected ($35.50)


PokerStars Hand #174818186898:  Hold'em Limit ($3/$6 USD) - 2017/08/26 11:25:23 ET
Table 'Marion' 10-max Seat #7 is the button
Seat 6: igmade ($62.76 in chips)
Seat 7: VolkovDmitri ($175.40 in chips)
VolkovDmitri: posts small blind $1
igmade: posts big blind $3
*** HOLE CARDS ***
VolkovDmitri: raises $3 to $6
igmade: raises $3 to $9
VolkovDmitri: raises $3 to $12
Betting is capped
igmade: calls $3
*** FLOP *** [Tc 9c 3c]
igmade: checks
VolkovDmitri: bets $3
igmade: calls $3
*** TURN *** [Tc 9c 3c] [Jc]
igmade: checks
VolkovDmitri: bets $6
igmade: folds
Uncalled bet ($6) returned to VolkovDmitri
VolkovDmitri collected $29.50 from pot
VolkovDmitri: doesn't show hand
*** SUMMARY ***
Total pot $30 | Rake $0.50
Board [Tc 9c 3c Jc]
Seat 6: igmade (big blind) folded on the Turn
Seat 7: VolkovDmitri (button) (small blind) collected ($29.50)


PokerStars Hand #174818202934:  Hold'em Limit ($3/$6 USD) - 2017/08/26 11:25:50 ET
Table 'Marion' 10-max Seat #6 is the button
Seat 6: igmade ($107.76 in chips)
Seat 7: VolkovDmitri ($189.90 in chips)
igmade: posts small blind $1
VolkovDmitri: posts big blind $3
*** HOLE CARDS ***
igmade: folds
Uncalled bet ($2) returned to VolkovDmitri
VolkovDmitri collected $2 from pot
VolkovDmitri: doesn't show hand
*** SUMMARY ***
Total pot $2 | Rake $0
Seat 6: igmade (button) (small blind) folded before Flop
Seat 7: VolkovDmitri (big blind) collected ($2)


PokerStars Hand #174818205711:  Hold'em Limit ($3/$6 USD) - 2017/08/26 11:25:55 ET
Table 'Marion' 10-max Seat #7 is the button
Seat 6: igmade ($106.76 in chips)
Seat 7: VolkovDmitri ($190.90 in chips)
VolkovDmitri: posts small blind $1
igmade: posts big blind $3
*** HOLE CARDS ***
VolkovDmitri: raises $3 to $6
igmade: calls $3
*** FLOP *** [6d 8c 2c]
igmade: checks
VolkovDmitri: bets $3
igmade: calls $3
*** TURN *** [6d 8c 2c] [Jc]
igmade: checks
VolkovDmitri: checks
*** RIVER *** [6d 8c 2c Jc] [8s]
igmade: bets $6
VolkovDmitri: calls $6
*** SHOW DOWN ***
igmade: shows [Ah 4s] (a pair of Eights)
VolkovDmitri: shows [Ad 4d] (a pair of Eights)
igmade collected $14.75 from pot
VolkovDmitri collected $14.75 from pot
*** SUMMARY ***
Total pot $30 | Rake $0.50
Board [6d 8c 2c Jc 8s]
Seat 6: igmade (big blind) showed [Ah 4s] and won ($14.75) with a pair of Eights
Seat 7: VolkovDmitri (button) (small blind) showed [Ad 4d] and won ($14.75) with a pair of Eights


PokerStars Hand #174818227794:  Hold'em Limit ($3/$6 USD) - 2017/08/26 11:26:33 ET
Table 'Marion' 10-max Seat #6 is the button
Seat 6: igmade ($106.51 in chips)
Seat 7: VolkovDmitri ($190.65 in chips)
igmade: posts small blind $1
VolkovDmitri: posts big blind $3
*** HOLE CARDS ***
igmade: raises $3 to $6
VolkovDmitri: raises $3 to $9
igmade: calls $3
*** FLOP *** [2c 7d Jd]
VolkovDmitri: bets $3
igmade: calls $3
*** TURN *** [2c 7d Jd] [4d]
VolkovDmitri: bets $6
igmade: calls $6
*** RIVER *** [2c 7d Jd 4d] [Ad]
VolkovDmitri: checks
igmade: checks
*** SHOW DOWN ***
VolkovDmitri: shows [7s 7h] (three of a kind, Sevens)
igmade: mucks hand
VolkovDmitri collected $35.50 from pot
*** SUMMARY ***
Total pot $36 | Rake $0.50
Board [2c 7d Jd 4d Ad]
Seat 6: igmade (button) (small blind) mucked
Seat 7: VolkovDmitri (big blind) showed [7s 7h] and won ($35.50) with three of a kind, Sevens


PokerStars Hand #174818241322:  Hold'em Limit ($3/$6 USD) - 2017/08/26 11:26:56 ET
Table 'Marion' 10-max Seat #7 is the button
Seat 6: igmade ($88.51 in chips)
Seat 7: VolkovDmitri ($208.15 in chips)
VolkovDmitri: posts small blind $1
igmade: posts big blind $3
*** HOLE CARDS ***
VolkovDmitri: raises $3 to $6
igmade: calls $3
*** FLOP *** [6d 9s 8d]
igmade: checks
VolkovDmitri: bets $3
igmade: raises $3 to $6
VolkovDmitri: raises $3 to $9
igmade: raises $3 to $12
Betting is capped
VolkovDmitri: calls $3
*** TURN *** [6d 9s 8d] [9h]
igmade: bets $6
VolkovDmitri: calls $6
*** RIVER *** [6d 9s 8d 9h] [Kh]
igmade: bets $6
VolkovDmitri: calls $6
*** SHOW DOWN ***
igmade: shows [7d 6s] (two pair, Nines and Sixes)
VolkovDmitri: shows [Qh 9d] (three of a kind, Nines)
VolkovDmitri collected $59.50 from pot
*** SUMMARY ***
Total pot $60 | Rake $0.50
Board [6d 9s 8d 9h Kh]
Seat 6: igmade (big blind) showed [7d 6s] and lost with two pair, Nines and Sixes
Seat 7: VolkovDmitri (button) (small blind) showed [Qh 9d] and won ($59.50) with three of a kind, Nines


PokerStars Hand #174818261128:  Hold'em Limit ($3/$6 USD) - 2017/08/26 11:27:29 ET
Table 'Marion' 10-max Seat #6 is the button
Seat 6: igmade ($58.51 in chips)
Seat 7: VolkovDmitri ($237.65 in chips)
igmade: posts small blind $1
VolkovDmitri: posts big blind $3
*** HOLE CARDS ***
igmade: raises $3 to $6
VolkovDmitri: calls $3
*** FLOP *** [Td Tc Jc]
VolkovDmitri: checks
igmade: bets $3
VolkovDmitri: folds
Uncalled bet ($3) returned to igmade
igmade collected $11.76 from pot
igmade: doesn't show hand
*** SUMMARY ***
Total pot $12 | Rake $0.24
Board [Td Tc Jc]
Seat 6: igmade (button) (small blind) collected ($11.76)
Seat 7: VolkovDmitri (big blind) folded on the Flop


PokerStars Hand #174818271755:  Hold'em Limit ($3/$6 USD) - 2017/08/26 11:27:48 ET
Table 'Marion' 10-max Seat #7 is the button
Seat 6: igmade ($124.27 in chips)
Seat 7: VolkovDmitri ($231.65 in chips)
VolkovDmitri: posts small blind $1
igmade: posts big blind $3
*** HOLE CARDS ***
VolkovDmitri: raises $3 to $6
igmade: calls $3
*** FLOP *** [2d 7s 9c]
igmade: checks
VolkovDmitri: bets $3
igmade: raises $3 to $6
VolkovDmitri: raises $3 to $9
igmade: raises $3 to $12
Betting is capped
VolkovDmitri: calls $3
*** TURN *** [2d 7s 9c] [8h]
igmade: bets $6
VolkovDmitri: calls $6
*** RIVER *** [2d 7s 9c 8h] [Kh]
igmade: bets $6
VolkovDmitri: calls $6
*** SHOW DOWN ***
igmade: shows [Jd 9d] (a pair of Nines)
VolkovDmitri: shows [As Ah] (a pair of Aces)
VolkovDmitri collected $59.50 from pot
*** SUMMARY ***
Total pot $60 | Rake $0.50
Board [2d 7s 9c 8h Kh]
Seat 6: igmade (big blind) showed [Jd 9d] and lost with a pair of Nines
Seat 7: VolkovDmitri (button) (small blind) showed [As Ah] and won ($59.50) with a pair of Aces


PokerStars Hand #174818302438:  Hold'em Limit ($3/$6 USD) - 2017/08/26 11:28:40 ET
Table 'Marion' 10-max Seat #6 is the button
Seat 6: igmade ($94.27 in chips)
Seat 7: VolkovDmitri ($261.15 in chips)
igmade: posts small blind $1
VolkovDmitri: posts big blind $3
*** HOLE CARDS ***
igmade: calls $2
VolkovDmitri: raises $3 to $6
igmade: calls $3
*** FLOP *** [Jd 9s 5s]
VolkovDmitri: bets $3
igmade: folds
Uncalled bet ($3) returned to VolkovDmitri
VolkovDmitri collected $11.76 from pot
VolkovDmitri: doesn't show hand
*** SUMMARY ***
Total pot $12 | Rake $0.24
Board [Jd 9s 5s]
Seat 6: igmade (button) (small blind) folded on the Flop
Seat 7: VolkovDmitri (big blind) collected ($11.76)


PokerStars Hand #174818313111:  Hold'em Limit ($3/$6 USD) - 2017/08/26 11:28:58 ET
Table 'Marion' 10-max Seat #7 is the button
Seat 6: igmade ($117.99 in chips)
Seat 7: VolkovDmitri ($266.91 in chips)
VolkovDmitri: posts small blind $1
igmade: posts big blind $3
*** HOLE CARDS ***
VolkovDmitri: raises $3 to $6
igmade: calls $3
*** FLOP *** [Js 6h 5h]
igmade: checks
VolkovDmitri: bets $3
igmade: calls $3
*** TURN *** [Js 6h 5h] [Kd]
igmade: checks
VolkovDmitri: bets $6
igmade: calls $6
*** RIVER *** [Js 6h 5h Kd] [9s]
igmade: checks
VolkovDmitri: checks
*** SHOW DOWN ***
igmade: shows [3s 6s] (a pair of Sixes)
VolkovDmitri: mucks hand
igmade collected $29.50 from pot
*** SUMMARY ***
Total pot $30 | Rake $0.50
Board [Js 6h 5h Kd 9s]
Seat 6: igmade (big blind) showed [3s 6s] and won ($29.50) with a pair of Sixes
Seat 7: VolkovDmitri (button) (small blind) mucked


PokerStars Hand #174818329176:  Hold'em Limit ($3/$6 USD) - 2017/08/26 11:29:25 ET
Table 'Marion' 10-max Seat #6 is the button
Seat 6: igmade ($132.49 in chips)
Seat 7: VolkovDmitri ($251.91 in chips)
igmade: posts small blind $1
VolkovDmitri: posts big blind $3
*** HOLE CARDS ***
igmade: raises $3 to $6
VolkovDmitri: raises $3 to $9
igmade: calls $3
*** FLOP *** [Qd 4h 7h]
VolkovDmitri: bets $3
igmade: raises $3 to $6
VolkovDmitri: calls $3
*** TURN *** [Qd 4h 7h] [2s]
VolkovDmitri: checks
igmade: bets $6
VolkovDmitri: calls $6
*** RIVER *** [Qd 4h 7h 2s] [7c]
VolkovDmitri: checks
igmade: bets $6
VolkovDmitri: calls $6
*** SHOW DOWN ***
igmade: shows [Qh Tc] (two pair, Queens and Sevens)
VolkovDmitri: mucks hand
igmade collected $53.50 from pot
*** SUMMARY ***
Total pot $54 | Rake $0.50
Board [Qd 4h 7h 2s 7c]
Seat 6: igmade (button) (small blind) showed [Qh Tc] and won ($53.50) with two pair, Queens and Sevens
Seat 7: VolkovDmitri (big blind) mucked


PokerStars Hand #174818353702:  Hold'em Limit ($3/$6 USD) - 2017/08/26 11:30:07 ET
Table 'Marion' 10-max Seat #7 is the button
Seat 6: igmade ($158.99 in chips)
Seat 7: VolkovDmitri ($224.91 in chips)
VolkovDmitri: posts small blind $1
igmade: posts big blind $3
*** HOLE CARDS ***
VolkovDmitri: raises $3 to $6
igmade: raises $3 to $9
VolkovDmitri: calls $3
*** FLOP *** [8d 5d 3d]
igmade: bets $3
VolkovDmitri: raises $3 to $6
igmade: folds
Uncalled bet ($3) returned to VolkovDmitri
VolkovDmitri collected $23.52 from pot
VolkovDmitri: doesn't show hand
*** SUMMARY ***
Total pot $24 | Rake $0.48
Board [8d 5d 3d]
Seat 6: igmade (big blind) folded on the Flop
Seat 7: VolkovDmitri (button) (small blind) collected ($23.52)


PokerStars Hand #174818368020:  Hold'em Limit ($3/$6 USD) - 2017/08/26 11:30:31 ET
Table 'Marion' 10-max Seat #6 is the button
Seat 6: igmade ($146.99 in chips)
Seat 7: VolkovDmitri ($236.43 in chips)
igmade: posts small blind $1
VolkovDmitri: posts big blind $3
*** HOLE CARDS ***
igmade: folds
Uncalled bet ($2) returned to VolkovDmitri
VolkovDmitri collected $2 from pot
VolkovDmitri: doesn't show hand
*** SUMMARY ***
Total pot $2 | Rake $0
Seat 6: igmade (button) (small blind) folded before Flop
Seat 7: VolkovDmitri (big blind) collected ($2)


PokerStars Hand #174818370982:  Hold'em Limit ($3/$6 USD) - 2017/08/26 11:30:36 ET
Table 'Marion' 10-max Seat #7 is the button
Seat 6: igmade ($145.99 in chips)
Seat 7: VolkovDmitri ($237.43 in chips)
VolkovDmitri: posts small blind $1
igmade: posts big blind $3
*** HOLE CARDS ***
VolkovDmitri: raises $3 to $6
igmade: calls $3
*** FLOP *** [6s Jh As]
igmade: checks
VolkovDmitri: bets $3
igmade: calls $3
*** TURN *** [6s Jh As] [5c]
patrikskjold joins the table at seat #8
igmade: checks
VolkovDmitri: checks
*** RIVER *** [6s Jh As 5c] [7s]
igmade: bets $6
Eddy618 joins the table at seat #9
VolkovDmitri: folds
Uncalled bet ($6) returned to igmade
igmade collected $17.64 from pot
igmade: doesn't show hand
*** SUMMARY ***
Total pot $18 | Rake $0.36
Board [6s Jh As 5c 7s]
Seat 6: igmade (big blind) collected ($17.64)
Seat 7: VolkovDmitri (button) (small blind) folded on the River


PokerStars Hand #174818416294:  Hold'em Limit ($3/$6 USD) - 2017/08/26 11:31:53 ET
Table 'Marion' 10-max Seat #6 is the button
Seat 6: igmade ($133.63 in chips)
Seat 9: Eddy618 ($111 in chips)
SLK500 will be allowed to play after the button
igmade: posts small blind $1
patrikskjold: is sitting out
Eddy618: posts big blind $3
*** HOLE CARDS ***
igmade: raises $3 to $6
patrikskjold leaves the table
Eddy618: folds
Uncalled bet ($3) returned to igmade
igmade collected $6 from pot
igmade: doesn't show hand
*** SUMMARY ***
Total pot $6 | Rake $0
Seat 6: igmade (button) (small blind) collected ($6)
Seat 9: Eddy618 (big blind) folded before Flop


PokerStars Hand #174818456128:  Hold'em Limit ($3/$6 USD) - 2017/08/26 11:33:01 ET
Table 'Marion' 10-max Seat #2 is the button
Seat 2: SLK500 ($135.74 in chips)
Seat 9: Eddy618 ($111.38 in chips)
SLK500: posts small blind $1
Eddy618: posts big blind $3
*** HOLE CARDS ***
SLK500: folds
Uncalled bet ($2) returned to Eddy618
Eddy618 collected $2 from pot
SLK500 leaves the table
*** SUMMARY ***
Total pot $2 | Rake $0
Seat 2: SLK500 (button) (small blind) folded before Flop
Seat 9: Eddy618 (big blind) collected ($2)


