PokerStars Hand #171046060566:  Hold'em Limit ($3/$6 USD) - 2017/05/28 17:56:17 ET
Table 'Marina' 6-max Seat #1 is the button
Seat 1: scorpio04 ($150 in chips)
Seat 3: MelaninMan ($120 in chips)
scorpio04: posts small blind $1
MelaninMan: posts big blind $3
*** HOLE CARDS ***
scorpio04: raises $3 to $6
MelaninMan: calls $3
*** FLOP *** [5c 4d 5h]
MelaninMan: checks
scorpio04: bets $3
MelaninMan: calls $3
*** TURN *** [5c 4d 5h] [8h]
MelaninMan: checks
scorpio04: bets $6
MelaninMan: calls $6
*** RIVER *** [5c 4d 5h 8h] [Ac]
MelaninMan: checks
scorpio04: bets $6
MelaninMan: calls $6
*** SHOW DOWN ***
scorpio04: shows [Ts 6c] (a pair of Fives)
MelaninMan: shows [Kh Td] (a pair of Fives - Ace+King kicker)
MelaninMan collected $41.50 from pot
*** SUMMARY ***
Total pot $42 | Rake $0.50
Board [5c 4d 5h 8h Ac]
Seat 1: scorpio04 (button) (small blind) showed [Ts 6c] and lost with a pair of Fives
Seat 3: MelaninMan (big blind) showed [Kh Td] and won ($41.50) with a pair of Fives


PokerStars Hand #171046078840:  Hold'em Limit ($3/$6 USD) - 2017/05/28 17:56:48 ET
Table 'Marina' 6-max Seat #3 is the button
Seat 1: scorpio04 ($150 in chips)
Seat 3: MelaninMan ($140.50 in chips)
MelaninMan: posts small blind $1
scorpio04: posts big blind $3
*** HOLE CARDS ***
MelaninMan is connected
MelaninMan: folds
Uncalled bet ($2) returned to scorpio04
scorpio04 collected $2 from pot
scorpio04: doesn't show hand
*** SUMMARY ***
Total pot $2 | Rake $0
Seat 1: scorpio04 (big blind) collected ($2)
Seat 3: MelaninMan (button) (small blind) folded before Flop


PokerStars Hand #171046114827:  Hold'em Limit ($3/$6 USD) - 2017/05/28 17:57:50 ET
Table 'Marina' 6-max Seat #3 is the button
Seat 1: scorpio04 ($170.26 in chips)
Seat 3: MelaninMan ($119.50 in chips)
MelaninMan: posts small blind $1
scorpio04: posts big blind $3
*** HOLE CARDS ***
MelaninMan: raises $3 to $6
scorpio04: calls $3
*** FLOP *** [3s 7s 7c]
scorpio04: checks
MelaninMan: bets $3
scorpio04: calls $3
*** TURN *** [3s 7s 7c] [3c]
scorpio04: checks
MelaninMan: bets $6
scorpio04: folds
Uncalled bet ($6) returned to MelaninMan
Chessnok joins the table at seat #4
MelaninMan collected $17.64 from pot
MelaninMan: shows [Qc 7d] (a full house, Sevens full of Threes)
*** SUMMARY ***
Total pot $18 | Rake $0.36
Board [3s 7s 7c 3c]
Seat 1: scorpio04 (big blind) folded on the Turn
Seat 3: MelaninMan (button) (small blind) collected ($17.64)


PokerStars Hand #171046094151:  Hold'em Limit ($3/$6 USD) - 2017/05/28 17:57:14 ET
Table 'Marina' 6-max Seat #3 is the button
Seat 1: scorpio04 ($150 in chips)
Seat 3: MelaninMan ($140.50 in chips)
MelaninMan: posts small blind $1
scorpio04: posts big blind $3
*** HOLE CARDS ***
MelaninMan: calls $2
scorpio04: raises $3 to $6
MelaninMan: calls $3
*** FLOP *** [Qs 2d 4s]
scorpio04: bets $3
MelaninMan: folds
Uncalled bet ($3) returned to scorpio04
scorpio04 collected $11.76 from pot
scorpio04: doesn't show hand
*** SUMMARY ***
Total pot $12 | Rake $0.24
Board [Qs 2d 4s]
Seat 1: scorpio04 (big blind) collected ($11.76)
Seat 3: MelaninMan (button) (small blind) folded on the Flop


PokerStars Hand #171046105069:  Hold'em Limit ($3/$6 USD) - 2017/05/28 17:57:33 ET
Table 'Marina' 6-max Seat #1 is the button
Seat 1: scorpio04 ($155.76 in chips)
Seat 3: MelaninMan ($134.50 in chips)
scorpio04: posts small blind $1
MelaninMan: posts big blind $3
*** HOLE CARDS ***
scorpio04: raises $3 to $6
MelaninMan: calls $3
*** FLOP *** [5c 3c 3h]
MelaninMan: checks
scorpio04: bets $3
MelaninMan: calls $3
*** TURN *** [5c 3c 3h] [Jh]
MelaninMan: checks
scorpio04: bets $6
MelaninMan: calls $6
*** RIVER *** [5c 3c 3h Jh] [As]
MelaninMan: checks
scorpio04: checks
*** SHOW DOWN ***
MelaninMan: shows [4h 6h] (a pair of Threes)
scorpio04: shows [7d 8s] (a pair of Threes - Ace+Jack+Eight kicker)
scorpio04 collected $29.50 from pot
*** SUMMARY ***
Total pot $30 | Rake $0.50
Board [5c 3c 3h Jh As]
Seat 1: scorpio04 (button) (small blind) showed [7d 8s] and won ($29.50) with a pair of Threes
Seat 3: MelaninMan (big blind) showed [4h 6h] and lost with a pair of Threes


PokerStars Hand #171046133472:  Hold'em Limit ($3/$6 USD) - 2017/05/28 17:58:22 ET
Table 'Marina' 6-max Seat #1 is the button
Seat 1: scorpio04 ($161.26 in chips)
Seat 3: MelaninMan ($128.14 in chips)
scorpio04: posts small blind $1
MelaninMan: posts big blind $3
*** HOLE CARDS ***
scorpio04: raises $3 to $6
MelaninMan: calls $3
*** FLOP *** [Tc Ad Qc]
MelaninMan: checks
scorpio04: bets $3
MelaninMan: folds
Uncalled bet ($3) returned to scorpio04
scorpio04 collected $11.76 from pot
scorpio04: doesn't show hand
*** SUMMARY ***
Total pot $12 | Rake $0.24
Board [Tc Ad Qc]
Seat 1: scorpio04 (button) (small blind) collected ($11.76)
Seat 3: MelaninMan (big blind) folded on the Flop


PokerStars Hand #171048267401:  Hold'em Limit ($3/$6 USD) - 2017/05/28 18:49:47 ET
Table 'Marina' 6-max Seat #2 is the button
Seat 1: scorpio04 ($218.64 in chips)
Seat 2: playergains ($234.05 in chips)
playergains: posts small blind $1
sassafras105: is sitting out
scorpio04: posts big blind $3
*** HOLE CARDS ***
sassafras105 leaves the table
playergains: raises $3 to $6
scorpio04: calls $3
*** FLOP *** [Jh As 9s]
scorpio04: checks
playergains: bets $3
scorpio04: calls $3
*** TURN *** [Jh As 9s] [7c]
scorpio04: checks
playergains: bets $6
scorpio04: folds
Uncalled bet ($6) returned to playergains
playergains collected $17.64 from pot
playergains: doesn't show hand
*** SUMMARY ***
Total pot $18 | Rake $0.36
Board [Jh As 9s 7c]
Seat 1: scorpio04 (big blind) folded on the Turn
Seat 2: playergains (button) (small blind) collected ($17.64)


