PokerStars Hand #158406656197:  Hold'em Limit ($3/$6 USD) - 2016/09/10 5:00:59 ET
Table 'Marion II' 6-max Seat #4 is the button
Seat 2: libaikang ($169 in chips)
Seat 4: VolkovDmitri ($124 in chips)
VolkovDmitri: posts small blind $1
libaikang: posts big blind $3
*** HOLE CARDS ***
VolkovDmitri: raises $3 to $6
libaikang: folds
Uncalled bet ($3) returned to VolkovDmitri
VolkovDmitri collected $6 from pot
VolkovDmitri: doesn't show hand
*** SUMMARY ***
Total pot $6 | Rake $0
Seat 2: libaikang (big blind) folded before Flop
Seat 4: VolkovDmitri (button) (small blind) collected ($6)


PokerStars Hand #158406654276:  Hold'em Limit ($3/$6 USD) - 2016/09/10 5:00:53 ET
Table 'Marion II' 6-max Seat #2 is the button
Seat 2: libaikang ($170 in chips)
Seat 4: VolkovDmitri ($123 in chips)
libaikang: posts small blind $1
VolkovDmitri: posts big blind $3
*** HOLE CARDS ***
libaikang: folds
Uncalled bet ($2) returned to VolkovDmitri
VolkovDmitri collected $2 from pot
VolkovDmitri: doesn't show hand
*** SUMMARY ***
Total pot $2 | Rake $0
Seat 2: libaikang (button) (small blind) folded before Flop
Seat 4: VolkovDmitri (big blind) collected ($2)


PokerStars Hand #158406650715:  Hold'em Limit ($3/$6 USD) - 2016/09/10 5:00:42 ET
Table 'Marion II' 6-max Seat #4 is the button
Seat 2: libaikang ($173 in chips)
Seat 4: VolkovDmitri ($120 in chips)
VolkovDmitri: posts small blind $1
libaikang: posts big blind $3
*** HOLE CARDS ***
VolkovDmitri: raises $3 to $6
libaikang: folds
Uncalled bet ($3) returned to VolkovDmitri
VolkovDmitri collected $6 from pot
VolkovDmitri: doesn't show hand
*** SUMMARY ***
Total pot $6 | Rake $0
Seat 2: libaikang (big blind) folded before Flop
Seat 4: VolkovDmitri (button) (small blind) collected ($6)


PokerStars Hand #158406658403:  Hold'em Limit ($3/$6 USD) - 2016/09/10 5:01:05 ET
Table 'Marion II' 6-max Seat #2 is the button
Seat 2: libaikang ($166 in chips)
Seat 4: VolkovDmitri ($127 in chips)
libaikang: posts small blind $1
VolkovDmitri: posts big blind $3
*** HOLE CARDS ***
libaikang: raises $3 to $6
VolkovDmitri: raises $3 to $9
libaikang: calls $3
*** FLOP *** [Qh Jd 9s]
VolkovDmitri: bets $3
libaikang: raises $3 to $6
VolkovDmitri: calls $3
*** TURN *** [Qh Jd 9s] [2c]
VolkovDmitri: checks
libaikang: bets $6
VolkovDmitri: folds
Uncalled bet ($6) returned to libaikang
libaikang collected $29.50 from pot
libaikang: doesn't show hand
*** SUMMARY ***
Total pot $30 | Rake $0.50
Board [Qh Jd 9s 2c]
Seat 2: libaikang (button) (small blind) collected ($29.50)
Seat 4: VolkovDmitri (big blind) folded on the Turn


PokerStars Hand #158406664704:  Hold'em Limit ($3/$6 USD) - 2016/09/10 5:01:23 ET
Table 'Marion II' 6-max Seat #4 is the button
Seat 2: libaikang ($180.50 in chips)
Seat 4: VolkovDmitri ($120 in chips)
VolkovDmitri: posts small blind $1
libaikang: posts big blind $3
*** HOLE CARDS ***
VolkovDmitri: raises $3 to $6
libaikang: calls $3
*** FLOP *** [9s 5h Jc]
libaikang: checks
VolkovDmitri: bets $3
libaikang: raises $3 to $6
VolkovDmitri: calls $3
*** TURN *** [9s 5h Jc] [Th]
libaikang: checks
Krazy90 joins the table at seat #3
VolkovDmitri: checks
*** RIVER *** [9s 5h Jc Th] [3c]
libaikang: bets $6
VolkovDmitri: calls $6
*** SHOW DOWN ***
libaikang: shows [Td Ts] (three of a kind, Tens)
VolkovDmitri: mucks hand
libaikang collected $35.50 from pot
*** SUMMARY ***
Total pot $36 | Rake $0.50
Board [9s 5h Jc Th 3c]
Seat 2: libaikang (big blind) showed [Td Ts] and won ($35.50) with three of a kind, Tens
Seat 4: VolkovDmitri (button) (small blind) mucked


PokerStars Hand #158406936951:  Hold'em Limit ($3/$6 USD) - 2016/09/10 5:13:41 ET
Table 'Marion II' 6-max Seat #3 is the button
Seat 3: knalle ($120 in chips)
Seat 4: VolkovDmitri ($120 in chips)
knalle: posts small blind $1
VolkovDmitri: posts big blind $3
*** HOLE CARDS ***
knalle: raises $3 to $6
VolkovDmitri: calls $3
*** FLOP *** [9d 7s 3d]
VolkovDmitri: bets $3
knalle: raises $3 to $6
VolkovDmitri: raises $3 to $9
knalle: calls $3
*** TURN *** [9d 7s 3d] [5h]
VolkovDmitri: bets $6
knalle: calls $6
*** RIVER *** [9d 7s 3d 5h] [8s]
VolkovDmitri: checks
knalle: bets $6
VolkovDmitri: calls $6
*** SHOW DOWN ***
knalle: shows [7c 8c] (two pair, Eights and Sevens)
VolkovDmitri: mucks hand
knalle collected $53.50 from pot
*** SUMMARY ***
Total pot $54 | Rake $0.50
Board [9d 7s 3d 5h 8s]
Seat 3: knalle (button) (small blind) showed [7c 8c] and won ($53.50) with two pair, Eights and Sevens
Seat 4: VolkovDmitri (big blind) mucked


PokerStars Hand #158406965182:  Hold'em Limit ($3/$6 USD) - 2016/09/10 5:14:53 ET
Table 'Marion II' 6-max Seat #4 is the button
Seat 3: knalle ($134.26 in chips)
Seat 4: VolkovDmitri ($131.50 in chips)
VolkovDmitri: posts small blind $1
knalle: posts big blind $3
*** HOLE CARDS ***
VolkovDmitri: raises $3 to $6
knalle: folds
Uncalled bet ($3) returned to VolkovDmitri
VolkovDmitri collected $6 from pot
VolkovDmitri: doesn't show hand
*** SUMMARY ***
Total pot $6 | Rake $0
Seat 3: knalle (big blind) folded before Flop
Seat 4: VolkovDmitri (button) (small blind) collected ($6)


PokerStars Hand #158406955318:  Hold'em Limit ($3/$6 USD) - 2016/09/10 5:14:27 ET
Table 'Marion II' 6-max Seat #3 is the button
Seat 3: knalle ($128.50 in chips)
Seat 4: VolkovDmitri ($137.50 in chips)
knalle: posts small blind $1
VolkovDmitri: posts big blind $3
*** HOLE CARDS ***
knalle: raises $3 to $6
VolkovDmitri: calls $3
*** FLOP *** [2h 4d Ks]
VolkovDmitri: checks
knalle: checks
*** TURN *** [2h 4d Ks] [3s]
VolkovDmitri: checks
knalle: checks
*** RIVER *** [2h 4d Ks 3s] [2d]
VolkovDmitri: checks
knalle: bets $6
VolkovDmitri: folds
Uncalled bet ($6) returned to knalle
knalle collected $11.76 from pot
knalle: doesn't show hand
*** SUMMARY ***
Total pot $12 | Rake $0.24
Board [2h 4d Ks 3s 2d]
Seat 3: knalle (button) (small blind) collected ($11.76)
Seat 4: VolkovDmitri (big blind) folded on the River


PokerStars Hand #158406947470:  Hold'em Limit ($3/$6 USD) - 2016/09/10 5:14:06 ET
Table 'Marion II' 6-max Seat #4 is the button
Seat 3: knalle ($146.50 in chips)
Seat 4: VolkovDmitri ($120 in chips)
VolkovDmitri: posts small blind $1
knalle: posts big blind $3
*** HOLE CARDS ***
VolkovDmitri: raises $3 to $6
knalle: raises $3 to $9
VolkovDmitri: calls $3
*** FLOP *** [2h 6h Ac]
knalle: bets $3
VolkovDmitri: calls $3
*** TURN *** [2h 6h Ac] [9s]
knalle: bets $6
VolkovDmitri: calls $6
*** RIVER *** [2h 6h Ac 9s] [3h]
knalle: checks
VolkovDmitri: checks
*** SHOW DOWN ***
knalle: shows [Js Ts] (high card Ace)
VolkovDmitri: shows [8c 6s] (a pair of Sixes)
VolkovDmitri collected $35.50 from pot
*** SUMMARY ***
Total pot $36 | Rake $0.50
Board [2h 6h Ac 9s 3h]
Seat 3: knalle (big blind) showed [Js Ts] and lost with high card Ace
Seat 4: VolkovDmitri (button) (small blind) showed [8c 6s] and won ($35.50) with a pair of Sixes


PokerStars Hand #158406967143:  Hold'em Limit ($3/$6 USD) - 2016/09/10 5:14:59 ET
Table 'Marion II' 6-max Seat #3 is the button
Seat 3: knalle ($131.26 in chips)
Seat 4: VolkovDmitri ($134.50 in chips)
knalle: posts small blind $1
VolkovDmitri: posts big blind $3
*** HOLE CARDS ***
knalle: folds
Uncalled bet ($2) returned to VolkovDmitri
VolkovDmitri collected $2 from pot
VolkovDmitri: doesn't show hand
*** SUMMARY ***
Total pot $2 | Rake $0
Seat 3: knalle (button) (small blind) folded before Flop
Seat 4: VolkovDmitri (big blind) collected ($2)


PokerStars Hand #158406992187:  Hold'em Limit ($3/$6 USD) - 2016/09/10 5:16:04 ET
Table 'Marion II' 6-max Seat #3 is the button
Seat 3: knalle ($102.26 in chips)
Seat 4: VolkovDmitri ($163 in chips)
knalle: posts small blind $1
VolkovDmitri: posts big blind $3
*** HOLE CARDS ***
knalle: raises $3 to $6
VolkovDmitri: raises $3 to $9
knalle: calls $3
*** FLOP *** [2s Ah Ac]
g4mes87 joins the table at seat #2
VolkovDmitri: bets $3
knalle: folds
Uncalled bet ($3) returned to VolkovDmitri
Krazy90 joins the table at seat #5
VolkovDmitri collected $17.64 from pot
VolkovDmitri: doesn't show hand
*** SUMMARY ***
Total pot $18 | Rake $0.36
Board [2s Ah Ac]
Seat 3: knalle (button) (small blind) folded on the Flop
Seat 4: VolkovDmitri (big blind) collected ($17.64)


PokerStars Hand #158406990126:  Hold'em Limit ($3/$6 USD) - 2016/09/10 5:15:59 ET
Table 'Marion II' 6-max Seat #4 is the button
Seat 3: knalle ($105.26 in chips)
Seat 4: VolkovDmitri ($160 in chips)
VolkovDmitri: posts small blind $1
knalle: posts big blind $3
*** HOLE CARDS ***
VolkovDmitri: raises $3 to $6
knalle: folds
Uncalled bet ($3) returned to VolkovDmitri
VolkovDmitri collected $6 from pot
VolkovDmitri: doesn't show hand
*** SUMMARY ***
Total pot $6 | Rake $0
Seat 3: knalle (big blind) folded before Flop
Seat 4: VolkovDmitri (button) (small blind) collected ($6)


PokerStars Hand #158406986767:  Hold'em Limit ($3/$6 USD) - 2016/09/10 5:15:50 ET
Table 'Marion II' 6-max Seat #3 is the button
Seat 3: knalle ($102.26 in chips)
Seat 4: VolkovDmitri ($163 in chips)
knalle: posts small blind $1
VolkovDmitri: posts big blind $3
*** HOLE CARDS ***
knalle: raises $3 to $6
VolkovDmitri: folds
Uncalled bet ($3) returned to knalle
knalle collected $6 from pot
knalle: doesn't show hand
*** SUMMARY ***
Total pot $6 | Rake $0
Seat 3: knalle (button) (small blind) collected ($6)
Seat 4: VolkovDmitri (big blind) folded before Flop


PokerStars Hand #158406984726:  Hold'em Limit ($3/$6 USD) - 2016/09/10 5:15:45 ET
Table 'Marion II' 6-max Seat #4 is the button
Seat 3: knalle ($105.26 in chips)
Seat 4: VolkovDmitri ($160 in chips)
VolkovDmitri: posts small blind $1
knalle: posts big blind $3
*** HOLE CARDS ***
VolkovDmitri: raises $3 to $6
knalle: folds
Uncalled bet ($3) returned to VolkovDmitri
VolkovDmitri collected $6 from pot
VolkovDmitri: doesn't show hand
*** SUMMARY ***
Total pot $6 | Rake $0
Seat 3: knalle (big blind) folded before Flop
Seat 4: VolkovDmitri (button) (small blind) collected ($6)


PokerStars Hand #158406982820:  Hold'em Limit ($3/$6 USD) - 2016/09/10 5:15:40 ET
Table 'Marion II' 6-max Seat #3 is the button
Seat 3: knalle ($106.26 in chips)
Seat 4: VolkovDmitri ($159 in chips)
knalle: posts small blind $1
VolkovDmitri: posts big blind $3
*** HOLE CARDS ***
knalle: folds
Uncalled bet ($2) returned to VolkovDmitri
VolkovDmitri collected $2 from pot
VolkovDmitri: doesn't show hand
*** SUMMARY ***
Total pot $2 | Rake $0
Seat 3: knalle (button) (small blind) folded before Flop
Seat 4: VolkovDmitri (big blind) collected ($2)


PokerStars Hand #158406970432:  Hold'em Limit ($3/$6 USD) - 2016/09/10 5:15:07 ET
Table 'Marion II' 6-max Seat #4 is the button
Seat 3: knalle ($130.26 in chips)
Seat 4: VolkovDmitri ($135.50 in chips)
VolkovDmitri: posts small blind $1
knalle: posts big blind $3
*** HOLE CARDS ***
VolkovDmitri: raises $3 to $6
knalle: calls $3
*** FLOP *** [4c Kh Jh]
knalle: checks
VolkovDmitri: bets $3
knalle: raises $3 to $6
VolkovDmitri: calls $3
*** TURN *** [4c Kh Jh] [Qc]
knalle: bets $6
VolkovDmitri: raises $6 to $12
knalle: calls $6
*** RIVER *** [4c Kh Jh Qc] [3d]
knalle: checks
VolkovDmitri: bets $6
knalle: folds
Uncalled bet ($6) returned to VolkovDmitri
VolkovDmitri collected $47.50 from pot
VolkovDmitri: doesn't show hand
*** SUMMARY ***
Total pot $48 | Rake $0.50
Board [4c Kh Jh Qc 3d]
Seat 3: knalle (big blind) folded on the River
Seat 4: VolkovDmitri (button) (small blind) collected ($47.50)


PokerStars Hand #158410349676:  Hold'em Limit ($3/$6 USD) - 2016/09/10 7:30:09 ET
Table 'Marion II' 6-max Seat #6 is the button
Seat 5: AAAbeta ($86.09 in chips)
Seat 6: Mullern ($145.18 in chips)
Mullern: posts small blind $1
AAAbeta: posts big blind $3
*** HOLE CARDS ***
Mullern: raises $3 to $6
AAAbeta: calls $3
*** FLOP *** [2s 5d Jc]
AAAbeta: checks
Mullern: bets $3
AAAbeta: calls $3
*** TURN *** [2s 5d Jc] [Tc]
AAAbeta: checks
Mullern: checks
*** RIVER *** [2s 5d Jc Tc] [7c]
AAAbeta: bets $6
Mullern: calls $6
*** SHOW DOWN ***
AAAbeta: shows [Qc Kh] (high card King)
Mullern: shows [Ah 9c] (high card Ace)
Mullern collected $29.50 from pot
*** SUMMARY ***
Total pot $30 | Rake $0.50
Board [2s 5d Jc Tc 7c]
Seat 5: AAAbeta (big blind) showed [Qc Kh] and lost with high card King
Seat 6: Mullern (button) (small blind) showed [Ah 9c] and won ($29.50) with high card Ace


