PokerStars Hand #171501690988:  Hold'em Limit ($3/$6 USD) - 2017/06/08 7:48:59 ET
Table 'Markab' 6-max Seat #3 is the button
Seat 3: Kosova1968 ($96.67 in chips)
Seat 4: TbIP-TbIP 88 ($72 in chips)
Kosova1968: posts small blind $1
TbIP-TbIP 88: posts big blind $3
*** HOLE CARDS ***
DismasX joins the table at seat #5
Kosova1968 is disconnected
Kosova1968 has timed out while disconnected
Kosova1968: folds
Uncalled bet ($2) returned to TbIP-TbIP 88
TbIP-TbIP 88 collected $2 from pot
TbIP-TbIP 88: doesn't show hand
*** SUMMARY ***
Total pot $2 | Rake $0
Seat 3: Kosova1968 (button) (small blind) folded before Flop
Seat 4: TbIP-TbIP 88 (big blind) collected ($2)


PokerStars Hand #171502184631:  Hold'em Limit ($3/$6 USD) - 2017/06/08 8:08:01 ET
Table 'Markab' 6-max Seat #3 is the button
Seat 3: Kosova1968 ($14.40 in chips)
Seat 6: Anchig ($160.27 in chips)
Kosova1968: posts small blind $1
DismasX: is sitting out
Anchig: posts big blind $3
*** HOLE CARDS ***
Kosova1968: folds
Uncalled bet ($2) returned to Anchig
Anchig collected $2 from pot
Anchig: doesn't show hand
*** SUMMARY ***
Total pot $2 | Rake $0
Seat 3: Kosova1968 (button) (small blind) folded before Flop
Seat 6: Anchig (big blind) collected ($2)


PokerStars Hand #171502189230:  Hold'em Limit ($3/$6 USD) - 2017/06/08 8:08:11 ET
Table 'Markab' 6-max Seat #3 is the button
Seat 3: Kosova1968 ($14.40 in chips)
Seat 6: Anchig ($160.27 in chips)
Kosova1968: posts small blind $1
Anchig: posts big blind $3
*** HOLE CARDS ***
Kosova1968: raises $3 to $6
Anchig: folds
Uncalled bet ($3) returned to Kosova1968
Kosova1968 collected $6 from pot
*** SUMMARY ***
Total pot $6 | Rake $0
Seat 3: Kosova1968 (button) (small blind) collected ($6)
Seat 6: Anchig (big blind) folded before Flop


PokerStars Hand #171502187167:  Hold'em Limit ($3/$6 USD) - 2017/06/08 8:08:07 ET
Table 'Markab' 6-max Seat #6 is the button
Seat 3: Kosova1968 ($13.40 in chips)
Seat 6: Anchig ($161.27 in chips)
Anchig: posts small blind $1
Kosova1968: posts big blind $3
*** HOLE CARDS ***
Anchig: folds
Uncalled bet ($2) returned to Kosova1968
Kosova1968 collected $2 from pot
*** SUMMARY ***
Total pot $2 | Rake $0
Seat 3: Kosova1968 (big blind) collected ($2)
Seat 6: Anchig (button) (small blind) folded before Flop


PokerStars Hand #171502196480:  Hold'em Limit ($3/$6 USD) - 2017/06/08 8:08:27 ET
Table 'Markab' 6-max Seat #6 is the button
Seat 3: Kosova1968 ($17.40 in chips)
Seat 6: Anchig ($157.27 in chips)
Anchig: posts small blind $1
Kosova1968: posts big blind $3
*** HOLE CARDS ***
Anchig: raises $3 to $6
Kosova1968: calls $3
*** FLOP *** [2s 6c Th]
DismasX leaves the table
Kosova1968: checks
Anchig: bets $3
Kosova1968: raises $3 to $6
Anchig: raises $3 to $9
Kosova1968: raises $2.40 to $11.40 and is all-in
Betting is capped
Anchig: calls $2.40
*** TURN *** [2s 6c Th] [7h]
*** RIVER *** [2s 6c Th 7h] [Kd]
*** SHOW DOWN ***
Kosova1968: shows [6s 9s] (a pair of Sixes)
Anchig: shows [Kc Td] (two pair, Kings and Tens)
Anchig collected $34.30 from pot
*** SUMMARY ***
Total pot $34.80 | Rake $0.50
Board [2s 6c Th 7h Kd]
Seat 3: Kosova1968 (big blind) showed [6s 9s] and lost with a pair of Sixes
Seat 6: Anchig (button) (small blind) showed [Kc Td] and won ($34.30) with two pair, Kings and Tens


PokerStars Hand #171502194239:  Hold'em Limit ($3/$6 USD) - 2017/06/08 8:08:22 ET
Table 'Markab' 6-max Seat #3 is the button
Seat 3: Kosova1968 ($18.40 in chips)
Seat 6: Anchig ($156.27 in chips)
Kosova1968: posts small blind $1
Anchig: posts big blind $3
*** HOLE CARDS ***
Kosova1968: folds
Uncalled bet ($2) returned to Anchig
Anchig collected $2 from pot
Anchig: doesn't show hand
*** SUMMARY ***
Total pot $2 | Rake $0
Seat 3: Kosova1968 (button) (small blind) folded before Flop
Seat 6: Anchig (big blind) collected ($2)


PokerStars Hand #171502192166:  Hold'em Limit ($3/$6 USD) - 2017/06/08 8:08:18 ET
Table 'Markab' 6-max Seat #6 is the button
Seat 3: Kosova1968 ($17.40 in chips)
Seat 6: Anchig ($157.27 in chips)
Anchig: posts small blind $1
Kosova1968: posts big blind $3
*** HOLE CARDS ***
Anchig: folds
Uncalled bet ($2) returned to Kosova1968
Kosova1968 collected $2 from pot
*** SUMMARY ***
Total pot $2 | Rake $0
Seat 3: Kosova1968 (big blind) collected ($2)
Seat 6: Anchig (button) (small blind) folded before Flop


