PokerStars Hand #162951333408:  Hold'em Limit ($3/$6 USD) - 2016/12/14 16:49:45 ET
Table 'Markab II' 6-max Seat #3 is the button
Seat 1: Zubasa07 ($505.76 in chips)
Seat 3: cegaomega ($46.18 in chips)
cegaomega: posts small blind $1
Zubasa07: posts big blind $3
*** HOLE CARDS ***
cegaomega: raises $3 to $6
kasperfm joins the table at seat #2
Zubasa07: raises $3 to $9
cegaomega: calls $3
*** FLOP *** [6h 4s 3s]
Zubasa07: bets $3
cegaomega: calls $3
*** TURN *** [6h 4s 3s] [3d]
ValeryRon joins the table at seat #5
Zubasa07: bets $6
cegaomega: folds
Uncalled bet ($6) returned to Zubasa07
pompier40 joins the table at seat #6
Zubasa07 collected $23.52 from pot
Zubasa07: doesn't show hand
*** SUMMARY ***
Total pot $24 | Rake $0.48
Board [6h 4s 3s 3d]
Seat 1: Zubasa07 (big blind) collected ($23.52)
Seat 3: cegaomega (button) (small blind) folded on the Turn


PokerStars Hand #162951312457:  Hold'em Limit ($3/$6 USD) - 2016/12/14 16:49:24 ET
Table 'Markab II' 6-max Seat #1 is the button
Seat 1: Zubasa07 ($500 in chips)
Seat 3: cegaomega ($52.18 in chips)
GoliafUa joins the table at seat #4
Zubasa07: posts small blind $1
cegaomega: posts big blind $3
*** HOLE CARDS ***
Zubasa07: raises $3 to $6
cegaomega: calls $3
*** FLOP *** [Kd Jd Kc]
cegaomega: checks
Zubasa07: bets $3
cegaomega: folds
Uncalled bet ($3) returned to Zubasa07
Zubasa07 collected $11.76 from pot
Zubasa07: doesn't show hand
*** SUMMARY ***
Total pot $12 | Rake $0.24
Board [Kd Jd Kc]
Seat 1: Zubasa07 (button) (small blind) collected ($11.76)
Seat 3: cegaomega (big blind) folded on the Flop


PokerStars Hand #162951651390:  Hold'em Limit ($3/$6 USD) - 2016/12/14 16:55:18 ET
Table 'Markab II' 6-max Seat #3 is the button
Seat 2: vestimokrec ($116 in chips)
Seat 3: cegaomega ($42.89 in chips)
cegaomega: posts small blind $1
ValeryRon: is sitting out
Zubasa07: is sitting out
vestimokrec: posts big blind $3
*** HOLE CARDS ***
ValeryRon leaves the table
cegaomega: raises $3 to $6
vestimokrec: calls $3
*** FLOP *** [3c 7d Jc]
vestimokrec: checks
Zubasa07 leaves the table
cegaomega: bets $3
vestimokrec: raises $3 to $6
cegaomega: calls $3
*** TURN *** [3c 7d Jc] [Ad]
vestimokrec: checks
cegaomega: bets $6
vestimokrec: calls $6
*** RIVER *** [3c 7d Jc Ad] [3d]
vestimokrec: checks
cegaomega: bets $6
vestimokrec: calls $6
*** SHOW DOWN ***
cegaomega: shows [3s 7s] (a full house, Threes full of Sevens)
vestimokrec: mucks hand
cegaomega collected $47.50 from pot
*** SUMMARY ***
Total pot $48 | Rake $0.50
Board [3c 7d Jc Ad 3d]
Seat 2: vestimokrec (big blind) mucked
Seat 3: cegaomega (button) (small blind) showed [3s 7s] and won ($47.50) with a full house, Threes full of Sevens


PokerStars Hand #162951705110:  Hold'em Limit ($3/$6 USD) - 2016/12/14 16:56:29 ET
Table 'Markab II' 6-max Seat #2 is the button
Seat 2: vestimokrec ($92 in chips)
Seat 3: cegaomega ($66.39 in chips)
vestimokrec: posts small blind $1
cegaomega: posts big blind $3
*** HOLE CARDS ***
vestimokrec: raises $3 to $6
cegaomega: raises $3 to $9
vestimokrec: calls $3
*** FLOP *** [5s Td Ks]
cegaomega: bets $3
vestimokrec: calls $3
*** TURN *** [5s Td Ks] [Kh]
cegaomega: bets $6
kusznak joins the table at seat #1
vestimokrec: calls $6
*** RIVER *** [5s Td Ks Kh] [9h]
cegaomega: bets $6
vestimokrec: calls $6
*** SHOW DOWN ***
cegaomega: shows [Jc 9d] (two pair, Kings and Nines)
vestimokrec: mucks hand
cegaomega collected $47.50 from pot
*** SUMMARY ***
Total pot $48 | Rake $0.50
Board [5s Td Ks Kh 9h]
Seat 2: vestimokrec (button) (small blind) mucked
Seat 3: cegaomega (big blind) showed [Jc 9d] and won ($47.50) with two pair, Kings and Nines


PokerStars Hand #162951811823:  Hold'em Limit ($3/$6 USD) - 2016/12/14 16:58:51 ET
Table 'Markab II' 6-max Seat #1 is the button
Seat 1: kusznak ($120.93 in chips)
Seat 3: cegaomega ($76.45 in chips)
kusznak: posts small blind $1
vestimokrec: is sitting out
cegaomega: posts big blind $3
*** HOLE CARDS ***
kusznak: raises $3 to $6
cegaomega: raises $3 to $9
vestimokrec leaves the table
kusznak: calls $3
*** FLOP *** [8d 4h Tc]
cegaomega: bets $3
kusznak: calls $3
*** TURN *** [8d 4h Tc] [3h]
cegaomega: bets $6
kusznak: raises $6 to $12
cegaomega: calls $6
*** RIVER *** [8d 4h Tc 3h] [Kd]
cegaomega: checks
kusznak: bets $6
cegaomega: calls $6
*** SHOW DOWN ***
kusznak: shows [Td Ac] (a pair of Tens)
cegaomega: mucks hand
kusznak collected $59.50 from pot
*** SUMMARY ***
Total pot $60 | Rake $0.50
Board [8d 4h Tc 3h Kd]
Seat 1: kusznak (button) (small blind) showed [Td Ac] and won ($59.50) with a pair of Tens
Seat 3: cegaomega (big blind) mucked


