PokerStars Hand #162134896950:  Hold'em Limit ($3/$6 USD) - 2016/11/29 8:12:45 ET
Table 'Markab' 6-max Seat #6 is the button
Seat 2: Maagzmey ($117.36 in chips)
Seat 6: B_loJkl ($137.96 in chips)
B_loJkl: posts small blind $1
Maagzmey: posts big blind $3
*** HOLE CARDS ***
B_loJkl: raises $3 to $6
Maagzmey: raises $3 to $9
B_loJkl: calls $3
*** FLOP *** [5h As Td]
Maagzmey: bets $3
B_loJkl: calls $3
*** TURN *** [5h As Td] [Tc]
Maagzmey: bets $6
B_loJkl: raises $6 to $12
Maagzmey: calls $6
*** RIVER *** [5h As Td Tc] [Ad]
Maagzmey: bets $6
B_loJkl: calls $6
*** SHOW DOWN ***
Maagzmey: shows [7h Ah] (a full house, Aces full of Tens)
B_loJkl: mucks hand
Maagzmey collected $59.50 from pot
*** SUMMARY ***
Total pot $60 | Rake $0.50
Board [5h As Td Tc Ad]
Seat 2: Maagzmey (big blind) showed [7h Ah] and won ($59.50) with a full house, Aces full of Tens
Seat 6: B_loJkl (button) (small blind) mucked


PokerStars Hand #162134927298:  Hold'em Limit ($3/$6 USD) - 2016/11/29 8:13:40 ET
Table 'Markab' 6-max Seat #6 is the button
Seat 2: Maagzmey ($134.86 in chips)
Seat 6: B_loJkl ($119.48 in chips)
B_loJkl: posts small blind $1
Maagzmey: posts big blind $3
*** HOLE CARDS ***
B_loJkl: raises $3 to $6
Maagzmey: raises $3 to $9
B_loJkl: calls $3
*** FLOP *** [2c 9h 4h]
Maagzmey: bets $3
B_loJkl: calls $3
*** TURN *** [2c 9h 4h] [5d]
Maagzmey: bets $6
B_loJkl: raises $6 to $12
Maagzmey: calls $6
*** RIVER *** [2c 9h 4h 5d] [4s]
Maagzmey: checks
B_loJkl: bets $6
Maagzmey: calls $6
*** SHOW DOWN ***
B_loJkl: shows [Ac 3s] (a straight, Ace to Five)
Maagzmey: mucks hand
B_loJkl collected $59.50 from pot
*** SUMMARY ***
Total pot $60 | Rake $0.50
Board [2c 9h 4h 5d 4s]
Seat 2: Maagzmey (big blind) mucked
Seat 6: B_loJkl (button) (small blind) showed [Ac 3s] and won ($59.50) with a straight, Ace to Five


PokerStars Hand #162134918198:  Hold'em Limit ($3/$6 USD) - 2016/11/29 8:13:23 ET
Table 'Markab' 6-max Seat #2 is the button
Seat 2: Maagzmey ($146.86 in chips)
Seat 6: B_loJkl ($107.96 in chips)
Maagzmey: posts small blind $1
B_loJkl: posts big blind $3
*** HOLE CARDS ***
Maagzmey: raises $3 to $6
B_loJkl: calls $3
*** FLOP *** [8d Qc Tc]
B_loJkl: checks
Maagzmey: bets $3
B_loJkl: raises $3 to $6
Maagzmey: calls $3
*** TURN *** [8d Qc Tc] [Jd]
B_loJkl: bets $6
Maagzmey: folds
Uncalled bet ($6) returned to B_loJkl
B_loJkl collected $23.52 from pot
B_loJkl: doesn't show hand
*** SUMMARY ***
Total pot $24 | Rake $0.48
Board [8d Qc Tc Jd]
Seat 2: Maagzmey (button) (small blind) folded on the Turn
Seat 6: B_loJkl (big blind) collected ($23.52)


PokerStars Hand #162134951278:  Hold'em Limit ($3/$6 USD) - 2016/11/29 8:14:24 ET
Table 'Markab' 6-max Seat #6 is the button
Seat 2: Maagzmey ($107.86 in chips)
Seat 6: B_loJkl ($145.98 in chips)
B_loJkl: posts small blind $1
Maagzmey: posts big blind $3
*** HOLE CARDS ***
B_loJkl: folds
Uncalled bet ($2) returned to Maagzmey
Maagzmey collected $2 from pot
Maagzmey: doesn't show hand
*** SUMMARY ***
Total pot $2 | Rake $0
Seat 2: Maagzmey (big blind) collected ($2)
Seat 6: B_loJkl (button) (small blind) folded before Flop


PokerStars Hand #162134965450:  Hold'em Limit ($3/$6 USD) - 2016/11/29 8:14:50 ET
Table 'Markab' 6-max Seat #2 is the button
Seat 2: Maagzmey ($112.86 in chips)
Seat 6: B_loJkl ($140.98 in chips)
Maagzmey: posts small blind $1
B_loJkl: posts big blind $3
*** HOLE CARDS ***
Maagzmey: raises $3 to $6
B_loJkl: calls $3
*** FLOP *** [8d 8c 5h]
B_loJkl: checks
Maagzmey: bets $3
B_loJkl: folds
Uncalled bet ($3) returned to Maagzmey
Maagzmey collected $11.76 from pot
Maagzmey: doesn't show hand
*** SUMMARY ***
Total pot $12 | Rake $0.24
Board [8d 8c 5h]
Seat 2: Maagzmey (button) (small blind) collected ($11.76)
Seat 6: B_loJkl (big blind) folded on the Flop


PokerStars Hand #162134939592:  Hold'em Limit ($3/$6 USD) - 2016/11/29 8:14:03 ET
Table 'Markab' 6-max Seat #2 is the button
Seat 2: Maagzmey ($104.86 in chips)
Seat 6: B_loJkl ($148.98 in chips)
Maagzmey: posts small blind $1
B_loJkl: posts big blind $3
*** HOLE CARDS ***
Maagzmey: raises $3 to $6
B_loJkl: folds
Uncalled bet ($3) returned to Maagzmey
Maagzmey collected $6 from pot
Maagzmey: doesn't show hand
*** SUMMARY ***
Total pot $6 | Rake $0
Seat 2: Maagzmey (button) (small blind) collected ($6)
Seat 6: B_loJkl (big blind) folded before Flop


PokerStars Hand #162134954952:  Hold'em Limit ($3/$6 USD) - 2016/11/29 8:14:31 ET
Table 'Markab' 6-max Seat #2 is the button
Seat 2: Maagzmey ($108.86 in chips)
Seat 6: B_loJkl ($144.98 in chips)
Maagzmey: posts small blind $1
B_loJkl: posts big blind $3
*** HOLE CARDS ***
Maagzmey: raises $3 to $6
B_loJkl: folds
Uncalled bet ($3) returned to Maagzmey
Maagzmey collected $6 from pot
Maagzmey: doesn't show hand
*** SUMMARY ***
Total pot $6 | Rake $0
Seat 2: Maagzmey (button) (small blind) collected ($6)
Seat 6: B_loJkl (big blind) folded before Flop


PokerStars Hand #162134960998:  Hold'em Limit ($3/$6 USD) - 2016/11/29 8:14:42 ET
Table 'Markab' 6-max Seat #6 is the button
Seat 2: Maagzmey ($111.86 in chips)
Seat 6: B_loJkl ($141.98 in chips)
B_loJkl: posts small blind $1
Maagzmey: posts big blind $3
*** HOLE CARDS ***
B_loJkl: folds
Uncalled bet ($2) returned to Maagzmey
Maagzmey collected $2 from pot
Maagzmey: doesn't show hand
*** SUMMARY ***
Total pot $2 | Rake $0
Seat 2: Maagzmey (big blind) collected ($2)
Seat 6: B_loJkl (button) (small blind) folded before Flop


PokerStars Hand #162134973788:  Hold'em Limit ($3/$6 USD) - 2016/11/29 8:15:05 ET
Table 'Markab' 6-max Seat #6 is the button
Seat 2: Maagzmey ($118.62 in chips)
Seat 6: B_loJkl ($134.98 in chips)
B_loJkl: posts small blind $1
Maagzmey: posts big blind $3
*** HOLE CARDS ***
B_loJkl: raises $3 to $6
Maagzmey: raises $3 to $9
B_loJkl: calls $3
*** FLOP *** [3h 8c 9s]
Maagzmey: bets $3
B_loJkl: calls $3
*** TURN *** [3h 8c 9s] [7c]
Maagzmey: bets $6
B_loJkl: folds
Uncalled bet ($6) returned to Maagzmey
Maagzmey collected $23.52 from pot
Maagzmey: doesn't show hand
*** SUMMARY ***
Total pot $24 | Rake $0.48
Board [3h 8c 9s 7c]
Seat 2: Maagzmey (big blind) collected ($23.52)
Seat 6: B_loJkl (button) (small blind) folded on the Turn


PokerStars Hand #162134991940:  Hold'em Limit ($3/$6 USD) - 2016/11/29 8:15:37 ET
Table 'Markab' 6-max Seat #2 is the button
Seat 2: Maagzmey ($130.14 in chips)
Seat 6: B_loJkl ($122.98 in chips)
Maagzmey: posts small blind $1
B_loJkl: posts big blind $3
*** HOLE CARDS ***
Maagzmey: raises $3 to $6
B_loJkl: calls $3
*** FLOP *** [3s 8h 3c]
B_loJkl: checks
Maagzmey: bets $3
B_loJkl: folds
Uncalled bet ($3) returned to Maagzmey
Maagzmey collected $11.76 from pot
Maagzmey: doesn't show hand
*** SUMMARY ***
Total pot $12 | Rake $0.24
Board [3s 8h 3c]
Seat 2: Maagzmey (button) (small blind) collected ($11.76)
Seat 6: B_loJkl (big blind) folded on the Flop


