PokerStars Hand #149327205944:  Hold'em Limit ($3/$6 USD) - 2016/02/24 5:00:22 ET
Table 'Markab' 6-max Seat #5 is the button
Seat 3: wuck249 ($89.61 in chips)
Seat 5: VolkovDmitri ($134.50 in chips)
VolkovDmitri: posts small blind $1
wuck249: posts big blind $3
*** HOLE CARDS ***
VolkovDmitri: raises $3 to $6
kolaz03 joins the table at seat #4
wuck249: calls $3
*** FLOP *** [3s Ah Kc]
wuck249: checks
xcgxcg2005 joins the table at seat #2
VolkovDmitri: bets $3
wuck249: folds
Uncalled bet ($3) returned to VolkovDmitri
VolkovDmitri collected $11.76 from pot
VolkovDmitri: doesn't show hand
*** SUMMARY ***
Total pot $12 | Rake $0.24
Board [3s Ah Kc]
Seat 3: wuck249 (big blind) folded on the Flop
Seat 5: VolkovDmitri (button) (small blind) collected ($11.76)


PokerStars Hand #149327194163:  Hold'em Limit ($3/$6 USD) - 2016/02/24 4:59:54 ET
Table 'Markab' 6-max Seat #3 is the button
Seat 3: wuck249 ($104.61 in chips)
Seat 5: VolkovDmitri ($120 in chips)
wuck249: posts small blind $1
VolkovDmitri: posts big blind $3
*** HOLE CARDS ***
wuck249: raises $3 to $6
VolkovDmitri: calls $3
*** FLOP *** [5s 6c 3d]
VolkovDmitri: bets $3
TbIP-TbIP 88 leaves the table
wuck249: calls $3
*** TURN *** [5s 6c 3d] [8h]
VolkovDmitri: bets $6
wuck249: calls $6
*** RIVER *** [5s 6c 3d 8h] [8c]
VolkovDmitri: checks
wuck249: checks
*** SHOW DOWN ***
VolkovDmitri: shows [Jc 5d] (two pair, Eights and Fives)
wuck249: mucks hand
VolkovDmitri collected $29.50 from pot
*** SUMMARY ***
Total pot $30 | Rake $0.50
Board [5s 6c 3d 8h 8c]
Seat 3: wuck249 (button) (small blind) mucked
Seat 5: VolkovDmitri (big blind) showed [Jc 5d] and won ($29.50) with two pair, Eights and Fives


PokerStars Hand #149327316534:  Hold'em Limit ($3/$6 USD) - 2016/02/24 5:04:36 ET
Table 'Markab' 6-max Seat #2 is the button
Seat 1: PycV ($180 in chips)
Seat 2: xcgxcg2005 ($89 in chips)
xcgxcg2005: posts small blind $1
PycV: posts big blind $3
*** HOLE CARDS ***
xcgxcg2005: folds
Uncalled bet ($2) returned to PycV
PycV collected $2 from pot
PycV: doesn't show hand
*** SUMMARY ***
Total pot $2 | Rake $0
Seat 1: PycV (big blind) collected ($2)
Seat 2: xcgxcg2005 (button) (small blind) folded before Flop


PokerStars Hand #149327314103:  Hold'em Limit ($3/$6 USD) - 2016/02/24 5:04:30 ET
Table 'Markab' 6-max Seat #1 is the button
Seat 1: PycV ($177 in chips)
Seat 2: xcgxcg2005 ($92 in chips)
PycV: posts small blind $1
xcgxcg2005: posts big blind $3
*** HOLE CARDS ***
PycV: raises $3 to $6
xcgxcg2005: folds
Uncalled bet ($3) returned to PycV
PycV collected $6 from pot
PycV: doesn't show hand
*** SUMMARY ***
Total pot $6 | Rake $0
Seat 1: PycV (button) (small blind) collected ($6)
Seat 2: xcgxcg2005 (big blind) folded before Flop


PokerStars Hand #149327311711:  Hold'em Limit ($3/$6 USD) - 2016/02/24 5:04:25 ET
Table 'Markab' 6-max Seat #2 is the button
Seat 1: PycV ($176 in chips)
Seat 2: xcgxcg2005 ($93 in chips)
xcgxcg2005: posts small blind $1
kolaz03: is sitting out
PycV: posts big blind $3
*** HOLE CARDS ***
xcgxcg2005: folds
Uncalled bet ($2) returned to PycV
PycV collected $2 from pot
PycV: doesn't show hand
*** SUMMARY ***
Total pot $2 | Rake $0
Seat 1: PycV (big blind) collected ($2)
Seat 2: xcgxcg2005 (button) (small blind) folded before Flop


PokerStars Hand #149327336476:  Hold'em Limit ($3/$6 USD) - 2016/02/24 5:05:19 ET
Table 'Markab' 6-max Seat #2 is the button
Seat 1: PycV ($188.52 in chips)
Seat 2: xcgxcg2005 ($79.64 in chips)
xcgxcg2005: posts small blind $1
PycV: posts big blind $3
*** HOLE CARDS ***
xcgxcg2005: raises $3 to $6
PycV: calls $3
*** FLOP *** [4c Th 3d]
PycV: checks
xcgxcg2005: bets $3
PycV: calls $3
*** TURN *** [4c Th 3d] [5s]
PycV: checks
xcgxcg2005: bets $6
PycV: folds
Uncalled bet ($6) returned to xcgxcg2005
xcgxcg2005 collected $17.64 from pot
xcgxcg2005: doesn't show hand
*** SUMMARY ***
Total pot $18 | Rake $0.36
Board [4c Th 3d 5s]
Seat 1: PycV (big blind) folded on the Turn
Seat 2: xcgxcg2005 (button) (small blind) collected ($17.64)


PokerStars Hand #149327331670:  Hold'em Limit ($3/$6 USD) - 2016/02/24 5:05:08 ET
Table 'Markab' 6-max Seat #1 is the button
Seat 1: PycV ($197.52 in chips)
Seat 2: xcgxcg2005 ($71 in chips)
PycV: posts small blind $1
xcgxcg2005: posts big blind $3
*** HOLE CARDS ***
PycV: raises $3 to $6
xcgxcg2005: raises $3 to $9
PycV: calls $3
*** FLOP *** [Kd 3s 9h]
xcgxcg2005: bets $3
PycV: folds
Uncalled bet ($3) returned to xcgxcg2005
xcgxcg2005 collected $17.64 from pot
xcgxcg2005: doesn't show hand
*** SUMMARY ***
Total pot $18 | Rake $0.36
Board [Kd 3s 9h]
Seat 1: PycV (button) (small blind) folded on the Flop
Seat 2: xcgxcg2005 (big blind) collected ($17.64)


PokerStars Hand #149327329760:  Hold'em Limit ($3/$6 USD) - 2016/02/24 5:05:04 ET
Table 'Markab' 6-max Seat #2 is the button
Seat 1: PycV ($196.52 in chips)
Seat 2: xcgxcg2005 ($72 in chips)
xcgxcg2005: posts small blind $1
PycV: posts big blind $3
*** HOLE CARDS ***
xcgxcg2005: folds
Uncalled bet ($2) returned to PycV
PycV collected $2 from pot
PycV: doesn't show hand
*** SUMMARY ***
Total pot $2 | Rake $0
Seat 1: PycV (big blind) collected ($2)
Seat 2: xcgxcg2005 (button) (small blind) folded before Flop


PokerStars Hand #149327326973:  Hold'em Limit ($3/$6 USD) - 2016/02/24 5:04:59 ET
Table 'Markab' 6-max Seat #1 is the button
Seat 1: PycV ($193.52 in chips)
Seat 2: xcgxcg2005 ($75 in chips)
PycV: posts small blind $1
xcgxcg2005: posts big blind $3
*** HOLE CARDS ***
PycV: raises $3 to $6
kolaz03 leaves the table
xcgxcg2005: folds
Uncalled bet ($3) returned to PycV
PycV collected $6 from pot
PycV: doesn't show hand
*** SUMMARY ***
Total pot $6 | Rake $0
Seat 1: PycV (button) (small blind) collected ($6)
Seat 2: xcgxcg2005 (big blind) folded before Flop


PokerStars Hand #149327324890:  Hold'em Limit ($3/$6 USD) - 2016/02/24 5:04:55 ET
Table 'Markab' 6-max Seat #2 is the button
Seat 1: PycV ($192.52 in chips)
Seat 2: xcgxcg2005 ($76 in chips)
xcgxcg2005: posts small blind $1
PycV: posts big blind $3
*** HOLE CARDS ***
xcgxcg2005: folds
Uncalled bet ($2) returned to PycV
PycV collected $2 from pot
PycV: doesn't show hand
*** SUMMARY ***
Total pot $2 | Rake $0
Seat 1: PycV (big blind) collected ($2)
Seat 2: xcgxcg2005 (button) (small blind) folded before Flop


PokerStars Hand #149327318763:  Hold'em Limit ($3/$6 USD) - 2016/02/24 5:04:41 ET
Table 'Markab' 6-max Seat #1 is the button
Seat 1: PycV ($181 in chips)
Seat 2: xcgxcg2005 ($88 in chips)
PycV: posts small blind $1
xcgxcg2005: posts big blind $3
*** HOLE CARDS ***
PycV: raises $3 to $6
xcgxcg2005: raises $3 to $9
PycV: raises $3 to $12
Betting is capped
xcgxcg2005: calls $3
*** FLOP *** [Js Th 7d]
xcgxcg2005: checks
PycV: bets $3
xcgxcg2005: folds
Uncalled bet ($3) returned to PycV
PycV collected $23.52 from pot
PycV: doesn't show hand
*** SUMMARY ***
Total pot $24 | Rake $0.48
Board [Js Th 7d]
Seat 1: PycV (button) (small blind) collected ($23.52)
Seat 2: xcgxcg2005 (big blind) folded on the Flop


PokerStars Hand #149327362920:  Hold'em Limit ($3/$6 USD) - 2016/02/24 5:06:17 ET
Table 'Markab' 6-max Seat #2 is the button
Seat 1: PycV ($163.52 in chips)
Seat 2: xcgxcg2005 ($103.68 in chips)
xcgxcg2005: posts small blind $1
PycV: posts big blind $3
*** HOLE CARDS ***
xcgxcg2005: raises $3 to $6
PycV: calls $3
*** FLOP *** [2s 6c 9h]
PycV: checks
xcgxcg2005: bets $3
PycV: raises $3 to $6
xcgxcg2005: calls $3
*** TURN *** [2s 6c 9h] [Ah]
PycV: bets $6
xcgxcg2005: raises $6 to $12
PycV: calls $6
*** RIVER *** [2s 6c 9h Ah] [4d]
PycV: checks
xcgxcg2005: checks
*** SHOW DOWN ***
PycV: shows [Th 2h] (a pair of Deuces)
xcgxcg2005: shows [9c Js] (a pair of Nines)
xcgxcg2005 collected $47.50 from pot
*** SUMMARY ***
Total pot $48 | Rake $0.50
Board [2s 6c 9h Ah 4d]
Seat 1: PycV (big blind) showed [Th 2h] and lost with a pair of Deuces
Seat 2: xcgxcg2005 (button) (small blind) showed [9c Js] and won ($47.50) with a pair of Nines


PokerStars Hand #149327361102:  Hold'em Limit ($3/$6 USD) - 2016/02/24 5:06:13 ET
Table 'Markab' 6-max Seat #1 is the button
Seat 1: PycV ($164.52 in chips)
Seat 2: xcgxcg2005 ($102.68 in chips)
PycV: posts small blind $1
xcgxcg2005: posts big blind $3
*** HOLE CARDS ***
PycV: folds
Uncalled bet ($2) returned to xcgxcg2005
xcgxcg2005 collected $2 from pot
xcgxcg2005: doesn't show hand
*** SUMMARY ***
Total pot $2 | Rake $0
Seat 1: PycV (button) (small blind) folded before Flop
Seat 2: xcgxcg2005 (big blind) collected ($2)


PokerStars Hand #149327351024:  Hold'em Limit ($3/$6 USD) - 2016/02/24 5:05:51 ET
Table 'Markab' 6-max Seat #2 is the button
Seat 1: PycV ($170.52 in chips)
Seat 2: xcgxcg2005 ($96.92 in chips)
xcgxcg2005: posts small blind $1
PycV: posts big blind $3
*** HOLE CARDS ***
xcgxcg2005: raises $3 to $6
PycV: calls $3
*** FLOP *** [8s 8d 7d]
PycV: checks
xcgxcg2005: bets $3
PycV: folds
Uncalled bet ($3) returned to xcgxcg2005
xcgxcg2005 collected $11.76 from pot
xcgxcg2005: doesn't show hand
*** SUMMARY ***
Total pot $12 | Rake $0.24
Board [8s 8d 7d]
Seat 1: PycV (big blind) folded on the Flop
Seat 2: xcgxcg2005 (button) (small blind) collected ($11.76)


PokerStars Hand #149327343630:  Hold'em Limit ($3/$6 USD) - 2016/02/24 5:05:35 ET
Table 'Markab' 6-max Seat #1 is the button
Seat 1: PycV ($179.52 in chips)
Seat 2: xcgxcg2005 ($88.28 in chips)
PycV: posts small blind $1
xcgxcg2005: posts big blind $3
*** HOLE CARDS ***
PycV: raises $3 to $6
xcgxcg2005: raises $3 to $9
PycV: calls $3
*** FLOP *** [Ks Qs Jd]
xcgxcg2005: bets $3
PycV: folds
Uncalled bet ($3) returned to xcgxcg2005
xcgxcg2005 collected $17.64 from pot
xcgxcg2005: doesn't show hand
*** SUMMARY ***
Total pot $18 | Rake $0.36
Board [Ks Qs Jd]
Seat 1: PycV (button) (small blind) folded on the Flop
Seat 2: xcgxcg2005 (big blind) collected ($17.64)


PokerStars Hand #149327396820:  Hold'em Limit ($3/$6 USD) - 2016/02/24 5:07:31 ET
Table 'Markab' 6-max Seat #1 is the button
Seat 1: PycV ($156.04 in chips)
Seat 2: xcgxcg2005 ($110.18 in chips)
PycV: posts small blind $1
xcgxcg2005: posts big blind $3
*** HOLE CARDS ***
PycV: raises $3 to $6
xcgxcg2005: folds
Uncalled bet ($3) returned to PycV
PycV collected $6 from pot
PycV: doesn't show hand
*** SUMMARY ***
Total pot $6 | Rake $0
Seat 1: PycV (button) (small blind) collected ($6)
Seat 2: xcgxcg2005 (big blind) folded before Flop


PokerStars Hand #149327394668:  Hold'em Limit ($3/$6 USD) - 2016/02/24 5:07:26 ET
Table 'Markab' 6-max Seat #2 is the button
Seat 1: PycV ($155.04 in chips)
Seat 2: xcgxcg2005 ($111.18 in chips)
xcgxcg2005: posts small blind $1
PycV: posts big blind $3
*** HOLE CARDS ***
xcgxcg2005: folds
Uncalled bet ($2) returned to PycV
PycV collected $2 from pot
PycV: doesn't show hand
*** SUMMARY ***
Total pot $2 | Rake $0
Seat 1: PycV (big blind) collected ($2)
Seat 2: xcgxcg2005 (button) (small blind) folded before Flop


PokerStars Hand #149327392343:  Hold'em Limit ($3/$6 USD) - 2016/02/24 5:07:21 ET
Table 'Markab' 6-max Seat #1 is the button
Seat 1: PycV ($156.04 in chips)
Seat 2: xcgxcg2005 ($110.18 in chips)
PycV: posts small blind $1
xcgxcg2005: posts big blind $3
*** HOLE CARDS ***
PycV: folds
Uncalled bet ($2) returned to xcgxcg2005
xcgxcg2005 collected $2 from pot
xcgxcg2005: doesn't show hand
*** SUMMARY ***
Total pot $2 | Rake $0
Seat 1: PycV (button) (small blind) folded before Flop
Seat 2: xcgxcg2005 (big blind) collected ($2)


PokerStars Hand #149327389197:  Hold'em Limit ($3/$6 USD) - 2016/02/24 5:07:14 ET
Table 'Markab' 6-max Seat #2 is the button
Seat 1: PycV ($159.04 in chips)
Seat 2: xcgxcg2005 ($107.18 in chips)
xcgxcg2005: posts small blind $1
PycV: posts big blind $3
*** HOLE CARDS ***
xcgxcg2005: raises $3 to $6
PycV: folds
Uncalled bet ($3) returned to xcgxcg2005
xcgxcg2005 collected $6 from pot
xcgxcg2005: doesn't show hand
*** SUMMARY ***
Total pot $6 | Rake $0
Seat 1: PycV (big blind) folded before Flop
Seat 2: xcgxcg2005 (button) (small blind) collected ($6)


PokerStars Hand #149327386866:  Hold'em Limit ($3/$6 USD) - 2016/02/24 5:07:09 ET
Table 'Markab' 6-max Seat #1 is the button
Seat 1: PycV ($156.04 in chips)
Seat 2: xcgxcg2005 ($110.18 in chips)
PycV: posts small blind $1
xcgxcg2005: posts big blind $3
*** HOLE CARDS ***
PycV: raises $3 to $6
xcgxcg2005: folds
Uncalled bet ($3) returned to PycV
PycV collected $6 from pot
PycV: doesn't show hand
*** SUMMARY ***
Total pot $6 | Rake $0
Seat 1: PycV (button) (small blind) collected ($6)
Seat 2: xcgxcg2005 (big blind) folded before Flop


PokerStars Hand #149327384818:  Hold'em Limit ($3/$6 USD) - 2016/02/24 5:07:05 ET
Table 'Markab' 6-max Seat #2 is the button
Seat 1: PycV ($155.04 in chips)
Seat 2: xcgxcg2005 ($111.18 in chips)
xcgxcg2005: posts small blind $1
PycV: posts big blind $3
*** HOLE CARDS ***
xcgxcg2005: folds
Uncalled bet ($2) returned to PycV
PycV collected $2 from pot
PycV: doesn't show hand
*** SUMMARY ***
Total pot $2 | Rake $0
Seat 1: PycV (big blind) collected ($2)
Seat 2: xcgxcg2005 (button) (small blind) folded before Flop


PokerStars Hand #149327381876:  Hold'em Limit ($3/$6 USD) - 2016/02/24 5:06:58 ET
Table 'Markab' 6-max Seat #1 is the button
Seat 1: PycV ($152.04 in chips)
Seat 2: xcgxcg2005 ($114.18 in chips)
PycV: posts small blind $1
xcgxcg2005: posts big blind $3
*** HOLE CARDS ***
PycV: raises $3 to $6
xcgxcg2005: folds
Uncalled bet ($3) returned to PycV
PycV collected $6 from pot
PycV: doesn't show hand
*** SUMMARY ***
Total pot $6 | Rake $0
Seat 1: PycV (button) (small blind) collected ($6)
Seat 2: xcgxcg2005 (big blind) folded before Flop


PokerStars Hand #149327379690:  Hold'em Limit ($3/$6 USD) - 2016/02/24 5:06:53 ET
Table 'Markab' 6-max Seat #2 is the button
Seat 1: PycV ($151.04 in chips)
Seat 2: xcgxcg2005 ($115.18 in chips)
xcgxcg2005: posts small blind $1
PycV: posts big blind $3
*** HOLE CARDS ***
xcgxcg2005: folds
Uncalled bet ($2) returned to PycV
PycV collected $2 from pot
PycV: doesn't show hand
*** SUMMARY ***
Total pot $2 | Rake $0
Seat 1: PycV (big blind) collected ($2)
Seat 2: xcgxcg2005 (button) (small blind) folded before Flop


PokerStars Hand #149327370453:  Hold'em Limit ($3/$6 USD) - 2016/02/24 5:06:34 ET
Table 'Markab' 6-max Seat #1 is the button
Seat 1: PycV ($139.52 in chips)
Seat 2: xcgxcg2005 ($127.18 in chips)
PycV: posts small blind $1
xcgxcg2005: posts big blind $3
*** HOLE CARDS ***
PycV: raises $3 to $6
xcgxcg2005: calls $3
*** FLOP *** [8c 9d Ad]
xcgxcg2005: checks
PycV: bets $3
xcgxcg2005: raises $3 to $6
PycV: calls $3
*** TURN *** [8c 9d Ad] [Jd]
xcgxcg2005: checks
PycV: checks
*** RIVER *** [8c 9d Ad Jd] [Qs]
xcgxcg2005: checks
PycV: bets $6
xcgxcg2005: folds
Uncalled bet ($6) returned to PycV
PycV collected $23.52 from pot
PycV: doesn't show hand
*** SUMMARY ***
Total pot $24 | Rake $0.48
Board [8c 9d Ad Jd Qs]
Seat 1: PycV (button) (small blind) collected ($23.52)
Seat 2: xcgxcg2005 (big blind) folded on the River


PokerStars Hand #149327411788:  Hold'em Limit ($3/$6 USD) - 2016/02/24 5:08:03 ET
Table 'Markab' 6-max Seat #1 is the button
Seat 1: PycV ($160.68 in chips)
Seat 2: xcgxcg2005 ($104.94 in chips)
PycV: posts small blind $1
xcgxcg2005: posts big blind $3
*** HOLE CARDS ***
PycV: raises $3 to $6
xcgxcg2005: raises $3 to $9
PycV: calls $3
*** FLOP *** [5h 8d 5c]
xcgxcg2005: bets $3
PycV: raises $3 to $6
xcgxcg2005: raises $3 to $9
PycV: calls $3
*** TURN *** [5h 8d 5c] [Qc]
xcgxcg2005: bets $6
PycV: calls $6
*** RIVER *** [5h 8d 5c Qc] [3c]
xcgxcg2005: bets $6
PycV: calls $6
*** SHOW DOWN ***
xcgxcg2005: shows [Ad Ac] (two pair, Aces and Fives)
PycV: mucks hand
xcgxcg2005 collected $59.50 from pot
*** SUMMARY ***
Total pot $60 | Rake $0.50
Board [5h 8d 5c Qc 3c]
Seat 1: PycV (button) (small blind) mucked
Seat 2: xcgxcg2005 (big blind) showed [Ad Ac] and won ($59.50) with two pair, Aces and Fives


PokerStars Hand #149327407144:  Hold'em Limit ($3/$6 USD) - 2016/02/24 5:07:53 ET
Table 'Markab' 6-max Seat #2 is the button
Seat 1: PycV ($166.68 in chips)
Seat 2: xcgxcg2005 ($99.18 in chips)
xcgxcg2005: posts small blind $1
PycV: posts big blind $3
*** HOLE CARDS ***
xcgxcg2005: raises $3 to $6
PycV: calls $3
*** FLOP *** [6c 9h Td]
PycV: checks
xcgxcg2005: bets $3
PycV: folds
Uncalled bet ($3) returned to xcgxcg2005
xcgxcg2005 collected $11.76 from pot
xcgxcg2005: doesn't show hand
*** SUMMARY ***
Total pot $12 | Rake $0.24
Board [6c 9h Td]
Seat 1: PycV (big blind) folded on the Flop
Seat 2: xcgxcg2005 (button) (small blind) collected ($11.76)


PokerStars Hand #149327405071:  Hold'em Limit ($3/$6 USD) - 2016/02/24 5:07:49 ET
Table 'Markab' 6-max Seat #1 is the button
Seat 1: PycV ($167.68 in chips)
Seat 2: xcgxcg2005 ($98.18 in chips)
PycV: posts small blind $1
xcgxcg2005: posts big blind $3
*** HOLE CARDS ***
PycV: folds
Uncalled bet ($2) returned to xcgxcg2005
xcgxcg2005 collected $2 from pot
xcgxcg2005: doesn't show hand
*** SUMMARY ***
Total pot $2 | Rake $0
Seat 1: PycV (button) (small blind) folded before Flop
Seat 2: xcgxcg2005 (big blind) collected ($2)


PokerStars Hand #149327399589:  Hold'em Limit ($3/$6 USD) - 2016/02/24 5:07:37 ET
Table 'Markab' 6-max Seat #2 is the button
Seat 1: PycV ($159.04 in chips)
Seat 2: xcgxcg2005 ($107.18 in chips)
xcgxcg2005: posts small blind $1
PycV: posts big blind $3
*** HOLE CARDS ***
xcgxcg2005: raises $3 to $6
PycV: raises $3 to $9
xcgxcg2005: calls $3
*** FLOP *** [7s Kc Kh]
PycV: bets $3
xcgxcg2005: folds
Uncalled bet ($3) returned to PycV
PycV collected $17.64 from pot
PycV: doesn't show hand
*** SUMMARY ***
Total pot $18 | Rake $0.36
Board [7s Kc Kh]
Seat 1: PycV (big blind) collected ($17.64)
Seat 2: xcgxcg2005 (button) (small blind) folded on the Flop


PokerStars Hand #149327445646:  Hold'em Limit ($3/$6 USD) - 2016/02/24 5:09:16 ET
Table 'Markab' 6-max Seat #2 is the button
Seat 1: PycV ($122.68 in chips)
Seat 2: xcgxcg2005 ($141.94 in chips)
xcgxcg2005: posts small blind $1
PycV: posts big blind $3
*** HOLE CARDS ***
xcgxcg2005: folds
Uncalled bet ($2) returned to PycV
PycV collected $2 from pot
PycV: doesn't show hand
*** SUMMARY ***
Total pot $2 | Rake $0
Seat 1: PycV (big blind) collected ($2)
Seat 2: xcgxcg2005 (button) (small blind) folded before Flop


PokerStars Hand #149327443653:  Hold'em Limit ($3/$6 USD) - 2016/02/24 5:09:12 ET
Table 'Markab' 6-max Seat #1 is the button
Seat 1: PycV ($123.68 in chips)
Seat 2: xcgxcg2005 ($140.94 in chips)
PycV: posts small blind $1
xcgxcg2005: posts big blind $3
*** HOLE CARDS ***
PycV: folds
Uncalled bet ($2) returned to xcgxcg2005
xcgxcg2005 collected $2 from pot
xcgxcg2005: doesn't show hand
*** SUMMARY ***
Total pot $2 | Rake $0
Seat 1: PycV (button) (small blind) folded before Flop
Seat 2: xcgxcg2005 (big blind) collected ($2)


PokerStars Hand #149327441586:  Hold'em Limit ($3/$6 USD) - 2016/02/24 5:09:08 ET
Table 'Markab' 6-max Seat #2 is the button
Seat 1: PycV ($122.68 in chips)
Seat 2: xcgxcg2005 ($141.94 in chips)
xcgxcg2005: posts small blind $1
PycV: posts big blind $3
*** HOLE CARDS ***
xcgxcg2005: folds
Uncalled bet ($2) returned to PycV
PycV collected $2 from pot
PycV: doesn't show hand
*** SUMMARY ***
Total pot $2 | Rake $0
Seat 1: PycV (big blind) collected ($2)
Seat 2: xcgxcg2005 (button) (small blind) folded before Flop


PokerStars Hand #149327439047:  Hold'em Limit ($3/$6 USD) - 2016/02/24 5:09:02 ET
Table 'Markab' 6-max Seat #1 is the button
Seat 1: PycV ($119.68 in chips)
Seat 2: xcgxcg2005 ($144.94 in chips)
PycV: posts small blind $1
xcgxcg2005: posts big blind $3
*** HOLE CARDS ***
PycV: raises $3 to $6
xcgxcg2005: folds
Uncalled bet ($3) returned to PycV
PycV collected $6 from pot
PycV: doesn't show hand
*** SUMMARY ***
Total pot $6 | Rake $0
Seat 1: PycV (button) (small blind) collected ($6)
Seat 2: xcgxcg2005 (big blind) folded before Flop


PokerStars Hand #149327436910:  Hold'em Limit ($3/$6 USD) - 2016/02/24 5:08:58 ET
Table 'Markab' 6-max Seat #2 is the button
Seat 1: PycV ($118.68 in chips)
Seat 2: xcgxcg2005 ($145.94 in chips)
xcgxcg2005: posts small blind $1
PycV: posts big blind $3
*** HOLE CARDS ***
xcgxcg2005: folds
Uncalled bet ($2) returned to PycV
PycV collected $2 from pot
PycV: doesn't show hand
*** SUMMARY ***
Total pot $2 | Rake $0
Seat 1: PycV (big blind) collected ($2)
Seat 2: xcgxcg2005 (button) (small blind) folded before Flop


PokerStars Hand #149327433321:  Hold'em Limit ($3/$6 USD) - 2016/02/24 5:08:50 ET
Table 'Markab' 6-max Seat #1 is the button
Seat 1: PycV ($115.68 in chips)
Seat 2: xcgxcg2005 ($148.94 in chips)
PycV: posts small blind $1
xcgxcg2005: posts big blind $3
*** HOLE CARDS ***
PycV: raises $3 to $6
xcgxcg2005: folds
Uncalled bet ($3) returned to PycV
PycV collected $6 from pot
PycV: doesn't show hand
*** SUMMARY ***
Total pot $6 | Rake $0
Seat 1: PycV (button) (small blind) collected ($6)
Seat 2: xcgxcg2005 (big blind) folded before Flop


PokerStars Hand #149327420704:  Hold'em Limit ($3/$6 USD) - 2016/02/24 5:08:22 ET
Table 'Markab' 6-max Seat #2 is the button
Seat 1: PycV ($130.68 in chips)
Seat 2: xcgxcg2005 ($134.44 in chips)
xcgxcg2005: posts small blind $1
PycV: posts big blind $3
*** HOLE CARDS ***
xcgxcg2005: raises $3 to $6
PycV: calls $3
*** FLOP *** [6h Tc 4d]
PycV: checks
xcgxcg2005: bets $3
PycV: raises $3 to $6
xcgxcg2005: raises $3 to $9
PycV: calls $3
*** TURN *** [6h Tc 4d] [As]
PycV: checks
xcgxcg2005: bets $6
PycV: folds
Uncalled bet ($6) returned to xcgxcg2005
xcgxcg2005 collected $29.50 from pot
xcgxcg2005: doesn't show hand
*** SUMMARY ***
Total pot $30 | Rake $0.50
Board [6h Tc 4d As]
Seat 1: PycV (big blind) folded on the Turn
Seat 2: xcgxcg2005 (button) (small blind) collected ($29.50)


