PokerStars Hand #158425811512:  Hold'em Limit ($3/$6 USD) - 2016/09/10 14:33:03 ET
Table 'Markab' 10-max Seat #10 is the button
Seat 6: Agrotait ($72 in chips)
Seat 10: TourneyBro ($89.98 in chips)
TourneyBro: posts small blind $1
Agrotait: posts big blind $3
*** HOLE CARDS ***
TourneyBro: raises $3 to $6
Agrotait: calls $3
*** FLOP *** [Qc 8h 9s]
Agrotait: checks
TourneyBro: bets $3
Agrotait: calls $3
*** TURN *** [Qc 8h 9s] [7s]
Agrotait: checks
TourneyBro: bets $6
Agrotait: calls $6
*** RIVER *** [Qc 8h 9s 7s] [Kd]
Agrotait: bets $6
TourneyBro: calls $6
*** SHOW DOWN ***
Agrotait: shows [Kc Ts] (a pair of Kings)
TourneyBro: shows [Ks Td] (a pair of Kings)
Agrotait collected $20.75 from pot
TourneyBro collected $20.75 from pot
*** SUMMARY ***
Total pot $42 | Rake $0.50
Board [Qc 8h 9s 7s Kd]
Seat 6: Agrotait (big blind) showed [Kc Ts] and won ($20.75) with a pair of Kings
Seat 10: TourneyBro (button) (small blind) showed [Ks Td] and won ($20.75) with a pair of Kings


PokerStars Hand #158425828779:  Hold'em Limit ($3/$6 USD) - 2016/09/10 14:33:26 ET
Table 'Markab' 10-max Seat #6 is the button
Seat 6: Agrotait ($71.75 in chips)
Seat 10: TourneyBro ($89.73 in chips)
Agrotait: posts small blind $1
TourneyBro: posts big blind $3
*** HOLE CARDS ***
Agrotait: raises $3 to $6
TourneyBro: calls $3
*** FLOP *** [As 2h Ah]
TourneyBro: checks
Agrotait: bets $3
TourneyBro: folds
Uncalled bet ($3) returned to Agrotait
Agrotait collected $11.76 from pot
Agrotait: doesn't show hand
*** SUMMARY ***
Total pot $12 | Rake $0.24
Board [As 2h Ah]
Seat 6: Agrotait (button) (small blind) collected ($11.76)
Seat 10: TourneyBro (big blind) folded on the Flop


PokerStars Hand #158425867759:  Hold'em Limit ($3/$6 USD) - 2016/09/10 14:34:20 ET
Table 'Markab' 10-max Seat #6 is the button
Seat 6: Agrotait ($71.51 in chips)
Seat 10: TourneyBro ($89.49 in chips)
Agrotait: posts small blind $1
TourneyBro: posts big blind $3
*** HOLE CARDS ***
Agrotait: folds
Uncalled bet ($2) returned to TourneyBro
TourneyBro collected $2 from pot
*** SUMMARY ***
Total pot $2 | Rake $0
Seat 6: Agrotait (button) (small blind) folded before Flop
Seat 10: TourneyBro (big blind) collected ($2)


PokerStars Hand #158425839170:  Hold'em Limit ($3/$6 USD) - 2016/09/10 14:33:41 ET
Table 'Markab' 10-max Seat #10 is the button
Seat 6: Agrotait ($77.51 in chips)
Seat 10: TourneyBro ($83.73 in chips)
TourneyBro: posts small blind $1
Agrotait: posts big blind $3
*** HOLE CARDS ***
TourneyBro: raises $3 to $6
Agrotait: calls $3
*** FLOP *** [Ks 9c 5c]
Agrotait: checks
TourneyBro: bets $3
Agrotait: folds
Uncalled bet ($3) returned to TourneyBro
TourneyBro collected $11.76 from pot
*** SUMMARY ***
Total pot $12 | Rake $0.24
Board [Ks 9c 5c]
Seat 6: Agrotait (big blind) folded on the Flop
Seat 10: TourneyBro (button) (small blind) collected ($11.76)


PokerStars Hand #158425873842:  Hold'em Limit ($3/$6 USD) - 2016/09/10 14:34:28 ET
Table 'Markab' 10-max Seat #10 is the button
Seat 6: Agrotait ($70.51 in chips)
Seat 10: TourneyBro ($90.49 in chips)
TourneyBro: posts small blind $1
Agrotait: posts big blind $3
*** HOLE CARDS ***
TourneyBro: raises $3 to $6
Agrotait: calls $3
*** FLOP *** [Ts 5d Ah]
Agrotait: checks
TourneyBro: bets $3
Agrotait: raises $3 to $6
TourneyBro: calls $3
*** TURN *** [Ts 5d Ah] [9d]
Agrotait: bets $6
TourneyBro: calls $6
*** RIVER *** [Ts 5d Ah 9d] [Qd]
Agrotait: bets $6
TourneyBro: calls $6
*** SHOW DOWN ***
Agrotait: shows [Ad 2s] (a pair of Aces)
TourneyBro: mucks hand
Agrotait collected $47.50 from pot
*** SUMMARY ***
Total pot $48 | Rake $0.50
Board [Ts 5d Ah 9d Qd]
Seat 6: Agrotait (big blind) showed [Ad 2s] and won ($47.50) with a pair of Aces
Seat 10: TourneyBro (button) (small blind) mucked


PokerStars Hand #158425925385:  Hold'em Limit ($3/$6 USD) - 2016/09/10 14:35:37 ET
Table 'Markab' 10-max Seat #10 is the button
Seat 6: Agrotait ($85.01 in chips)
Seat 10: TourneyBro ($75.13 in chips)
TourneyBro: posts small blind $1
Agrotait: posts big blind $3
*** HOLE CARDS ***
TourneyBro: raises $3 to $6
Agrotait: folds
Uncalled bet ($3) returned to TourneyBro
TourneyBro collected $6 from pot
*** SUMMARY ***
Total pot $6 | Rake $0
Seat 6: Agrotait (big blind) folded before Flop
Seat 10: TourneyBro (button) (small blind) collected ($6)


PokerStars Hand #158425902802:  Hold'em Limit ($3/$6 USD) - 2016/09/10 14:35:07 ET
Table 'Markab' 10-max Seat #6 is the button
Seat 6: Agrotait ($94.01 in chips)
Seat 10: TourneyBro ($66.49 in chips)
Agrotait: posts small blind $1
TourneyBro: posts big blind $3
*** HOLE CARDS ***
Agrotait: raises $3 to $6
TourneyBro: calls $3
*** FLOP *** [9d 2s Qd]
TourneyBro: checks
Agrotait: bets $3
TourneyBro: calls $3
*** TURN *** [9d 2s Qd] [4s]
TourneyBro: checks
Agrotait: checks
*** RIVER *** [9d 2s Qd 4s] [7c]
TourneyBro: checks
Agrotait: checks
*** SHOW DOWN ***
TourneyBro: shows [7h Jd] (a pair of Sevens)
Agrotait: mucks hand
TourneyBro collected $17.64 from pot
*** SUMMARY ***
Total pot $18 | Rake $0.36
Board [9d 2s Qd 4s 7c]
Seat 6: Agrotait (button) (small blind) mucked
Seat 10: TourneyBro (big blind) showed [7h Jd] and won ($17.64) with a pair of Sevens


PokerStars Hand #158425982870:  Hold'em Limit ($3/$6 USD) - 2016/09/10 14:36:55 ET
Table 'Markab' 10-max Seat #10 is the button
Seat 6: Agrotait ($90.51 in chips)
Seat 10: TourneyBro ($68.65 in chips)
TourneyBro: posts small blind $1
Agrotait: posts big blind $3
*** HOLE CARDS ***
TourneyBro: folds
Uncalled bet ($2) returned to Agrotait
Agrotait collected $2 from pot
Agrotait: doesn't show hand
*** SUMMARY ***
Total pot $2 | Rake $0
Seat 6: Agrotait (big blind) collected ($2)
Seat 10: TourneyBro (button) (small blind) folded before Flop


PokerStars Hand #158425950246:  Hold'em Limit ($3/$6 USD) - 2016/09/10 14:36:11 ET
Table 'Markab' 10-max Seat #6 is the button
Seat 6: Agrotait ($67.01 in chips)
Seat 10: TourneyBro ($92.65 in chips)
Agrotait: posts small blind $1
TourneyBro: posts big blind $3
*** HOLE CARDS ***
Agrotait: raises $3 to $6
TourneyBro: raises $3 to $9
Agrotait: calls $3
*** FLOP *** [Kh Js 7s]
TourneyBro: bets $3
Agrotait: calls $3
*** TURN *** [Kh Js 7s] [6d]
TourneyBro: bets $6
Agrotait: calls $6
*** RIVER *** [Kh Js 7s 6d] [Qc]
TourneyBro: checks
Agrotait: bets $6
TourneyBro: calls $6
*** SHOW DOWN ***
Agrotait: shows [Ah Qh] (a pair of Queens)
TourneyBro: shows [4c Jc] (a pair of Jacks)
Agrotait collected $47.50 from pot
*** SUMMARY ***
Total pot $48 | Rake $0.50
Board [Kh Js 7s 6d Qc]
Seat 6: Agrotait (button) (small blind) showed [Ah Qh] and won ($47.50) with a pair of Queens
Seat 10: TourneyBro (big blind) showed [4c Jc] and lost with a pair of Jacks


PokerStars Hand #158425930117:  Hold'em Limit ($3/$6 USD) - 2016/09/10 14:35:44 ET
Table 'Markab' 10-max Seat #6 is the button
Seat 6: Agrotait ($82.01 in chips)
Seat 10: TourneyBro ($78.13 in chips)
Agrotait: posts small blind $1
TourneyBro: posts big blind $3
*** HOLE CARDS ***
Agrotait: raises $3 to $6
TourneyBro: raises $3 to $9
Agrotait: calls $3
*** FLOP *** [Th 7d Ts]
TourneyBro: bets $3
Agrotait: calls $3
*** TURN *** [Th 7d Ts] [4s]
TourneyBro: bets $6
Agrotait: folds
Uncalled bet ($6) returned to TourneyBro
TourneyBro collected $23.52 from pot
*** SUMMARY ***
Total pot $24 | Rake $0.48
Board [Th 7d Ts 4s]
Seat 6: Agrotait (button) (small blind) folded on the Turn
Seat 10: TourneyBro (big blind) collected ($23.52)


PokerStars Hand #158425945273:  Hold'em Limit ($3/$6 USD) - 2016/09/10 14:36:04 ET
Table 'Markab' 10-max Seat #10 is the button
Seat 6: Agrotait ($70.01 in chips)
Seat 10: TourneyBro ($89.65 in chips)
TourneyBro: posts small blind $1
Agrotait: posts big blind $3
*** HOLE CARDS ***
TourneyBro: raises $3 to $6
Agrotait: folds
Uncalled bet ($3) returned to TourneyBro
TourneyBro collected $6 from pot
*** SUMMARY ***
Total pot $6 | Rake $0
Seat 6: Agrotait (big blind) folded before Flop
Seat 10: TourneyBro (button) (small blind) collected ($6)


PokerStars Hand #158425986307:  Hold'em Limit ($3/$6 USD) - 2016/09/10 14:37:00 ET
Table 'Markab' 10-max Seat #6 is the button
Seat 6: Agrotait ($91.51 in chips)
Seat 10: TourneyBro ($67.65 in chips)
Agrotait: posts small blind $1
TourneyBro: posts big blind $3
*** HOLE CARDS ***
Agrotait: raises $3 to $6
TourneyBro: calls $3
*** FLOP *** [6c Tc Ad]
TourneyBro: checks
Agrotait: bets $3
TourneyBro: calls $3
*** TURN *** [6c Tc Ad] [4s]
TourneyBro: bets $6
Agrotait: calls $6
*** RIVER *** [6c Tc Ad 4s] [9s]
TourneyBro: bets $6
Agrotait: raises $6 to $12
TourneyBro: folds
Uncalled bet ($6) returned to Agrotait
Agrotait collected $41.50 from pot
Agrotait: doesn't show hand
*** SUMMARY ***
Total pot $42 | Rake $0.50
Board [6c Tc Ad 4s 9s]
Seat 6: Agrotait (button) (small blind) collected ($41.50)
Seat 10: TourneyBro (big blind) folded on the River


PokerStars Hand #158426023227:  Hold'em Limit ($3/$6 USD) - 2016/09/10 14:37:50 ET
Table 'Markab' 10-max Seat #10 is the button
Seat 6: Agrotait ($112.01 in chips)
Seat 10: TourneyBro ($46.65 in chips)
TourneyBro: posts small blind $1
Agrotait: posts big blind $3
*** HOLE CARDS ***
TourneyBro: raises $3 to $6
Agrotait: folds
Uncalled bet ($3) returned to TourneyBro
TourneyBro collected $6 from pot
*** SUMMARY ***
Total pot $6 | Rake $0
Seat 6: Agrotait (big blind) folded before Flop
Seat 10: TourneyBro (button) (small blind) collected ($6)


PokerStars Hand #158426036740:  Hold'em Limit ($3/$6 USD) - 2016/09/10 14:38:08 ET
Table 'Markab' 10-max Seat #10 is the button
Seat 6: Agrotait ($114.77 in chips)
Seat 10: TourneyBro ($43.65 in chips)
TourneyBro: posts small blind $1
Agrotait: posts big blind $3
*** HOLE CARDS ***
TourneyBro: folds
Uncalled bet ($2) returned to Agrotait
Agrotait collected $2 from pot
Agrotait: doesn't show hand
*** SUMMARY ***
Total pot $2 | Rake $0
Seat 6: Agrotait (big blind) collected ($2)
Seat 10: TourneyBro (button) (small blind) folded before Flop


PokerStars Hand #158426028344:  Hold'em Limit ($3/$6 USD) - 2016/09/10 14:37:57 ET
Table 'Markab' 10-max Seat #6 is the button
Seat 6: Agrotait ($109.01 in chips)
Seat 10: TourneyBro ($49.65 in chips)
Agrotait: posts small blind $1
TourneyBro: posts big blind $3
*** HOLE CARDS ***
Agrotait: raises $3 to $6
TourneyBro: calls $3
*** FLOP *** [9h Jh 4h]
TourneyBro: checks
Agrotait: bets $3
TourneyBro: folds
Uncalled bet ($3) returned to Agrotait
Agrotait collected $11.76 from pot
Agrotait: doesn't show hand
*** SUMMARY ***
Total pot $12 | Rake $0.24
Board [9h Jh 4h]
Seat 6: Agrotait (button) (small blind) collected ($11.76)
Seat 10: TourneyBro (big blind) folded on the Flop


PokerStars Hand #158426040711:  Hold'em Limit ($3/$6 USD) - 2016/09/10 14:38:14 ET
Table 'Markab' 10-max Seat #6 is the button
Seat 6: Agrotait ($115.77 in chips)
Seat 10: TourneyBro ($42.65 in chips)
Agrotait: posts small blind $1
TourneyBro: posts big blind $3
*** HOLE CARDS ***
Agrotait: folds
Uncalled bet ($2) returned to TourneyBro
TourneyBro collected $2 from pot
*** SUMMARY ***
Total pot $2 | Rake $0
Seat 6: Agrotait (button) (small blind) folded before Flop
Seat 10: TourneyBro (big blind) collected ($2)


PokerStars Hand #158426045395:  Hold'em Limit ($3/$6 USD) - 2016/09/10 14:38:20 ET
Table 'Markab' 10-max Seat #10 is the button
Seat 6: Agrotait ($114.77 in chips)
Seat 10: TourneyBro ($43.65 in chips)
TourneyBro: posts small blind $1
Agrotait: posts big blind $3
*** HOLE CARDS ***
TourneyBro: raises $3 to $6
Agrotait: calls $3
*** FLOP *** [8c 2h As]
Agrotait: checks
TourneyBro: bets $3
Agrotait: raises $3 to $6
TourneyBro: calls $3
*** TURN *** [8c 2h As] [5s]
Agrotait: checks
TourneyBro: bets $6
Agrotait: calls $6
*** RIVER *** [8c 2h As 5s] [2s]
Agrotait: checks
TourneyBro: checks
*** SHOW DOWN ***
Agrotait: shows [5c 3c] (two pair, Fives and Deuces)
TourneyBro: shows [Qh 8h] (two pair, Eights and Deuces)
TourneyBro collected $35.50 from pot
*** SUMMARY ***
Total pot $36 | Rake $0.50
Board [8c 2h As 5s 2s]
Seat 6: Agrotait (big blind) showed [5c 3c] and lost with two pair, Fives and Deuces
Seat 10: TourneyBro (button) (small blind) showed [Qh 8h] and won ($35.50) with two pair, Eights and Deuces


PokerStars Hand #158426094836:  Hold'em Limit ($3/$6 USD) - 2016/09/10 14:39:28 ET
Table 'Markab' 10-max Seat #6 is the button
Seat 6: Agrotait ($96.77 in chips)
Seat 10: TourneyBro ($61.15 in chips)
Agrotait: posts small blind $1
TourneyBro: posts big blind $3
*** HOLE CARDS ***
Agrotait: raises $3 to $6
TourneyBro: calls $3
*** FLOP *** [Tc 8s 7d]
TourneyBro: bets $3
Agrotait: calls $3
*** TURN *** [Tc 8s 7d] [Kc]
TourneyBro: bets $6
Agrotait: calls $6
*** RIVER *** [Tc 8s 7d Kc] [Kh]
TourneyBro: bets $6
Agrotait: calls $6
*** SHOW DOWN ***
TourneyBro: shows [Ts 9c] (two pair, Kings and Tens)
Agrotait: mucks hand
TourneyBro collected $41.50 from pot
*** SUMMARY ***
Total pot $42 | Rake $0.50
Board [Tc 8s 7d Kc Kh]
Seat 6: Agrotait (button) (small blind) mucked
Seat 10: TourneyBro (big blind) showed [Ts 9c] and won ($41.50) with two pair, Kings and Tens


PokerStars Hand #158426210065:  Hold'em Limit ($3/$6 USD) - 2016/09/10 14:42:05 ET
Table 'Markab' 10-max Seat #10 is the button
Seat 6: Agrotait ($69.77 in chips)
Seat 10: TourneyBro ($87.29 in chips)
TourneyBro: posts small blind $1
Agrotait: posts big blind $3
*** HOLE CARDS ***
TourneyBro: folds
Uncalled bet ($2) returned to Agrotait
Agrotait collected $2 from pot
Agrotait: doesn't show hand
*** SUMMARY ***
Total pot $2 | Rake $0
Seat 6: Agrotait (big blind) collected ($2)
Seat 10: TourneyBro (button) (small blind) folded before Flop


PokerStars Hand #158426203636:  Hold'em Limit ($3/$6 USD) - 2016/09/10 14:41:56 ET
Table 'Markab' 10-max Seat #6 is the button
Seat 6: Agrotait ($66.77 in chips)
Seat 10: TourneyBro ($90.29 in chips)
Agrotait: posts small blind $1
TourneyBro: posts big blind $3
*** HOLE CARDS ***
Agrotait: raises $3 to $6
TourneyBro: folds
Uncalled bet ($3) returned to Agrotait
Agrotait collected $6 from pot
Agrotait: doesn't show hand
*** SUMMARY ***
Total pot $6 | Rake $0
Seat 6: Agrotait (button) (small blind) collected ($6)
Seat 10: TourneyBro (big blind) folded before Flop


PokerStars Hand #158426260951:  Hold'em Limit ($3/$6 USD) - 2016/09/10 14:43:14 ET
Table 'Markab' 10-max Seat #10 is the button
Seat 6: Agrotait ($65.77 in chips)
Seat 10: TourneyBro ($90.93 in chips)
TourneyBro: posts small blind $1
Agrotait: posts big blind $3
*** HOLE CARDS ***
TourneyBro: folds
Uncalled bet ($2) returned to Agrotait
Agrotait collected $2 from pot
Agrotait: doesn't show hand
*** SUMMARY ***
Total pot $2 | Rake $0
Seat 6: Agrotait (big blind) collected ($2)
Seat 10: TourneyBro (button) (small blind) folded before Flop


PokerStars Hand #158426254066:  Hold'em Limit ($3/$6 USD) - 2016/09/10 14:43:04 ET
Table 'Markab' 10-max Seat #6 is the button
Seat 6: Agrotait ($62.77 in chips)
Seat 10: TourneyBro ($93.93 in chips)
Agrotait: posts small blind $1
TourneyBro: posts big blind $3
*** HOLE CARDS ***
Agrotait: raises $3 to $6
TourneyBro: folds
Uncalled bet ($3) returned to Agrotait
Agrotait collected $6 from pot
Agrotait: doesn't show hand
*** SUMMARY ***
Total pot $6 | Rake $0
Seat 6: Agrotait (button) (small blind) collected ($6)
Seat 10: TourneyBro (big blind) folded before Flop


PokerStars Hand #158426250335:  Hold'em Limit ($3/$6 USD) - 2016/09/10 14:42:59 ET
Table 'Markab' 10-max Seat #10 is the button
Seat 6: Agrotait ($61.77 in chips)
Seat 10: TourneyBro ($94.93 in chips)
TourneyBro: posts small blind $1
Agrotait: posts big blind $3
*** HOLE CARDS ***
TourneyBro: folds
Uncalled bet ($2) returned to Agrotait
Agrotait collected $2 from pot
Agrotait: doesn't show hand
*** SUMMARY ***
Total pot $2 | Rake $0
Seat 6: Agrotait (big blind) collected ($2)
Seat 10: TourneyBro (button) (small blind) folded before Flop


PokerStars Hand #158426214014:  Hold'em Limit ($3/$6 USD) - 2016/09/10 14:42:10 ET
Table 'Markab' 10-max Seat #6 is the button
Seat 6: Agrotait ($70.77 in chips)
Seat 10: TourneyBro ($86.29 in chips)
Agrotait: posts small blind $1
TourneyBro: posts big blind $3
*** HOLE CARDS ***
Agrotait: raises $3 to $6
TourneyBro: raises $3 to $9
Agrotait: calls $3
*** FLOP *** [2h 4h Th]
TourneyBro: bets $3
Agrotait: folds
Uncalled bet ($3) returned to TourneyBro
TourneyBro collected $17.64 from pot
*** SUMMARY ***
Total pot $18 | Rake $0.36
Board [2h 4h Th]
Seat 6: Agrotait (button) (small blind) folded on the Flop
Seat 10: TourneyBro (big blind) collected ($17.64)


PokerStars Hand #158426292411:  Hold'em Limit ($3/$6 USD) - 2016/09/10 14:43:56 ET
Table 'Markab' 10-max Seat #10 is the button
Seat 6: Agrotait ($84.27 in chips)
Seat 10: TourneyBro ($71.93 in chips)
TourneyBro: posts small blind $1
Agrotait: posts big blind $3
*** HOLE CARDS ***
TourneyBro: raises $3 to $6
Agrotait: calls $3
*** FLOP *** [Tc Jd 6h]
Agrotait: checks
TourneyBro: bets $3
Agrotait: calls $3
*** TURN *** [Tc Jd 6h] [3h]
Agrotait: checks
TourneyBro: bets $6
Agrotait: folds
Uncalled bet ($6) returned to TourneyBro
TourneyBro collected $17.64 from pot
*** SUMMARY ***
Total pot $18 | Rake $0.36
Board [Tc Jd 6h 3h]
Seat 6: Agrotait (big blind) folded on the Turn
Seat 10: TourneyBro (button) (small blind) collected ($17.64)


PokerStars Hand #158426264432:  Hold'em Limit ($3/$6 USD) - 2016/09/10 14:43:18 ET
Table 'Markab' 10-max Seat #6 is the button
Seat 6: Agrotait ($66.77 in chips)
Seat 10: TourneyBro ($89.93 in chips)
Agrotait: posts small blind $1
TourneyBro: posts big blind $3
*** HOLE CARDS ***
Agrotait: raises $3 to $6
TourneyBro: raises $3 to $9
Agrotait: raises $3 to $12
Betting is capped
TourneyBro: calls $3
*** FLOP *** [8c Kh 3c]
TourneyBro: bets $3
Agrotait: raises $3 to $6
TourneyBro: calls $3
*** TURN *** [8c Kh 3c] [7h]
TourneyBro: checks
Agrotait: bets $6
TourneyBro: folds
Uncalled bet ($6) returned to Agrotait
Agrotait collected $35.50 from pot
Agrotait: doesn't show hand
*** SUMMARY ***
Total pot $36 | Rake $0.50
Board [8c Kh 3c 7h]
Seat 6: Agrotait (button) (small blind) collected ($35.50)
Seat 10: TourneyBro (big blind) folded on the Turn


PokerStars Hand #158426322239:  Hold'em Limit ($3/$6 USD) - 2016/09/10 14:44:36 ET
Table 'Markab' 10-max Seat #6 is the button
Seat 6: Agrotait ($75.27 in chips)
Seat 10: TourneyBro ($80.57 in chips)
Agrotait: posts small blind $1
TourneyBro: posts big blind $3
*** HOLE CARDS ***
Agrotait: raises $3 to $6
TourneyBro: calls $3
*** FLOP *** [5s 9h Jd]
TourneyBro: bets $3
Agrotait: calls $3
*** TURN *** [5s 9h Jd] [3c]
TourneyBro: bets $6
Agrotait: calls $6
*** RIVER *** [5s 9h Jd 3c] [5c]
TourneyBro: bets $6
Agrotait: calls $6
*** SHOW DOWN ***
TourneyBro: shows [5d Ad] (three of a kind, Fives)
Agrotait: mucks hand
TourneyBro collected $41.50 from pot
*** SUMMARY ***
Total pot $42 | Rake $0.50
Board [5s 9h Jd 3c 5c]
Seat 6: Agrotait (button) (small blind) mucked
Seat 10: TourneyBro (big blind) showed [5d Ad] and won ($41.50) with three of a kind, Fives


