PokerStars Hand #147155645671:  Hold'em Limit ($3/$6 USD) - 2016/01/16 15:53:32 ET
Table 'Markab II' 2-max Seat #2 is the button
Seat 1: VolkovDmitri ($120 in chips)
Seat 2: _fayzulllo_ ($66.42 in chips)
_fayzulllo_: posts small blind $1
VolkovDmitri: posts big blind $3
*** HOLE CARDS ***
_fayzulllo_: calls $2
VolkovDmitri: checks
*** FLOP *** [9d Qh 6d]
VolkovDmitri: checks
_fayzulllo_: bets $3
VolkovDmitri: folds
Uncalled bet ($3) returned to _fayzulllo_
_fayzulllo_ collected $5.88 from pot
_fayzulllo_: doesn't show hand
*** SUMMARY ***
Total pot $6 | Rake $0.12
Board [9d Qh 6d]
Seat 1: VolkovDmitri (big blind) folded on the Flop
Seat 2: _fayzulllo_ (button) (small blind) collected ($5.88)


PokerStars Hand #147155673666:  Hold'em Limit ($3/$6 USD) - 2016/01/16 15:53:58 ET
Table 'Markab II' 2-max Seat #1 is the button
Seat 1: VolkovDmitri ($120 in chips)
Seat 2: _fayzulllo_ ($69.30 in chips)
VolkovDmitri: posts small blind $1
_fayzulllo_: posts big blind $3
*** HOLE CARDS ***
VolkovDmitri: raises $3 to $6
_fayzulllo_: calls $3
*** FLOP *** [4s As Th]
_fayzulllo_: checks
VolkovDmitri: bets $3
_fayzulllo_: calls $3
*** TURN *** [4s As Th] [5c]
_fayzulllo_: checks
VolkovDmitri: bets $6
_fayzulllo_ is disconnected
_fayzulllo_ is connected
_fayzulllo_: calls $6
*** RIVER *** [4s As Th 5c] [8d]
_fayzulllo_: checks
VolkovDmitri: bets $6
_fayzulllo_: calls $6
*** SHOW DOWN ***
VolkovDmitri: shows [7d Ts] (a pair of Tens)
_fayzulllo_: mucks hand
VolkovDmitri collected $41.50 from pot
*** SUMMARY ***
Total pot $42 | Rake $0.50
Board [4s As Th 5c 8d]
Seat 1: VolkovDmitri (button) (small blind) showed [7d Ts] and won ($41.50) with a pair of Tens
Seat 2: _fayzulllo_ (big blind) mucked


PokerStars Hand #147155745112:  Hold'em Limit ($3/$6 USD) - 2016/01/16 15:55:07 ET
Table 'Markab II' 2-max Seat #2 is the button
Seat 1: VolkovDmitri ($140.50 in chips)
Seat 2: _fayzulllo_ ($48.30 in chips)
_fayzulllo_: posts small blind $1
VolkovDmitri: posts big blind $3
*** HOLE CARDS ***
_fayzulllo_: calls $2
VolkovDmitri: raises $3 to $6
_fayzulllo_: raises $3 to $9
VolkovDmitri: calls $3
*** FLOP *** [6c 4s 6s]
VolkovDmitri: checks
_fayzulllo_: checks
*** TURN *** [6c 4s 6s] [8c]
VolkovDmitri: bets $6
_fayzulllo_: calls $6
*** RIVER *** [6c 4s 6s 8c] [7d]
VolkovDmitri: bets $6
_fayzulllo_: folds
Uncalled bet ($6) returned to VolkovDmitri
VolkovDmitri collected $29.50 from pot
VolkovDmitri: doesn't show hand
*** SUMMARY ***
Total pot $30 | Rake $0.50
Board [6c 4s 6s 8c 7d]
Seat 1: VolkovDmitri (big blind) collected ($29.50)
Seat 2: _fayzulllo_ (button) (small blind) folded on the River


PokerStars Hand #147155767446:  Hold'em Limit ($3/$6 USD) - 2016/01/16 15:55:35 ET
Table 'Markab II' 2-max Seat #1 is the button
Seat 1: VolkovDmitri ($155 in chips)
Seat 2: _fayzulllo_ ($33.30 in chips)
VolkovDmitri: posts small blind $1
_fayzulllo_: posts big blind $3
*** HOLE CARDS ***
VolkovDmitri: raises $3 to $6
_fayzulllo_: calls $3
*** FLOP *** [Ts 3s 7h]
_fayzulllo_: checks
VolkovDmitri: bets $3
_fayzulllo_: calls $3
*** TURN *** [Ts 3s 7h] [2h]
_fayzulllo_: checks
VolkovDmitri: checks
*** RIVER *** [Ts 3s 7h 2h] [Kc]
_fayzulllo_: bets $6
VolkovDmitri: calls $6
*** SHOW DOWN ***
_fayzulllo_: shows [Jc 3c] (a pair of Threes)
VolkovDmitri: mucks hand
_fayzulllo_ collected $29.50 from pot
*** SUMMARY ***
Total pot $30 | Rake $0.50
Board [Ts 3s 7h 2h Kc]
Seat 1: VolkovDmitri (button) (small blind) mucked
Seat 2: _fayzulllo_ (big blind) showed [Jc 3c] and won ($29.50) with a pair of Threes


PokerStars Hand #147155815991:  Hold'em Limit ($3/$6 USD) - 2016/01/16 15:56:36 ET
Table 'Markab II' 2-max Seat #1 is the button
Seat 1: VolkovDmitri ($145.76 in chips)
Seat 2: _fayzulllo_ ($41.80 in chips)
VolkovDmitri: posts small blind $1
_fayzulllo_: posts big blind $3
*** HOLE CARDS ***
VolkovDmitri: folds
Uncalled bet ($2) returned to _fayzulllo_
_fayzulllo_ collected $2 from pot
_fayzulllo_: doesn't show hand
*** SUMMARY ***
Total pot $2 | Rake $0
Seat 1: VolkovDmitri (button) (small blind) folded before Flop
Seat 2: _fayzulllo_ (big blind) collected ($2)


PokerStars Hand #147155796384:  Hold'em Limit ($3/$6 USD) - 2016/01/16 15:56:12 ET
Table 'Markab II' 2-max Seat #2 is the button
Seat 1: VolkovDmitri ($140 in chips)
Seat 2: _fayzulllo_ ($47.80 in chips)
_fayzulllo_: posts small blind $1
VolkovDmitri: posts big blind $3
*** HOLE CARDS ***
_fayzulllo_: calls $2
VolkovDmitri: raises $3 to $6
_fayzulllo_: calls $3
*** FLOP *** [Qc 8c Ah]
VolkovDmitri: bets $3
_fayzulllo_: folds
Uncalled bet ($3) returned to VolkovDmitri
VolkovDmitri collected $11.76 from pot
VolkovDmitri: doesn't show hand
*** SUMMARY ***
Total pot $12 | Rake $0.24
Board [Qc 8c Ah]
Seat 1: VolkovDmitri (big blind) collected ($11.76)
Seat 2: _fayzulllo_ (button) (small blind) folded on the Flop


PokerStars Hand #147155821121:  Hold'em Limit ($3/$6 USD) - 2016/01/16 15:56:43 ET
Table 'Markab II' 2-max Seat #2 is the button
Seat 1: VolkovDmitri ($144.76 in chips)
Seat 2: _fayzulllo_ ($42.80 in chips)
_fayzulllo_: posts small blind $1
VolkovDmitri: posts big blind $3
*** HOLE CARDS ***
_fayzulllo_: calls $2
VolkovDmitri: raises $3 to $6
_fayzulllo_: calls $3
*** FLOP *** [7d 9d 7h]
VolkovDmitri: bets $3
_fayzulllo_: calls $3
*** TURN *** [7d 9d 7h] [2h]
VolkovDmitri: bets $6
_fayzulllo_: raises $6 to $12
VolkovDmitri: calls $6
*** RIVER *** [7d 9d 7h 2h] [Ts]
VolkovDmitri: checks
_fayzulllo_: bets $6
VolkovDmitri: calls $6
*** SHOW DOWN ***
_fayzulllo_: shows [2s 7s] (a full house, Sevens full of Deuces)
VolkovDmitri: mucks hand
_fayzulllo_ collected $53.50 from pot
*** SUMMARY ***
Total pot $54 | Rake $0.50
Board [7d 9d 7h 2h Ts]
Seat 1: VolkovDmitri (big blind) mucked
Seat 2: _fayzulllo_ (button) (small blind) showed [2s 7s] and won ($53.50) with a full house, Sevens full of Deuces


PokerStars Hand #147155847855:  Hold'em Limit ($3/$6 USD) - 2016/01/16 15:57:16 ET
Table 'Markab II' 2-max Seat #1 is the button
Seat 1: VolkovDmitri ($120 in chips)
Seat 2: _fayzulllo_ ($69.30 in chips)
VolkovDmitri: posts small blind $1
_fayzulllo_: posts big blind $3
*** HOLE CARDS ***
VolkovDmitri: raises $3 to $6
_fayzulllo_: folds
Uncalled bet ($3) returned to VolkovDmitri
VolkovDmitri collected $6 from pot
VolkovDmitri: doesn't show hand
*** SUMMARY ***
Total pot $6 | Rake $0
Seat 1: VolkovDmitri (button) (small blind) collected ($6)
Seat 2: _fayzulllo_ (big blind) folded before Flop


PokerStars Hand #147155858897:  Hold'em Limit ($3/$6 USD) - 2016/01/16 15:57:29 ET
Table 'Markab II' 2-max Seat #2 is the button
Seat 1: VolkovDmitri ($123 in chips)
Seat 2: _fayzulllo_ ($66.30 in chips)
_fayzulllo_: posts small blind $1
VolkovDmitri: posts big blind $3
*** HOLE CARDS ***
_fayzulllo_: calls $2
VolkovDmitri: checks
*** FLOP *** [7s Jc 5h]
VolkovDmitri: checks
_fayzulllo_: bets $3
VolkovDmitri: folds
Uncalled bet ($3) returned to _fayzulllo_
_fayzulllo_ collected $5.88 from pot
_fayzulllo_: doesn't show hand
*** SUMMARY ***
Total pot $6 | Rake $0.12
Board [7s Jc 5h]
Seat 1: VolkovDmitri (big blind) folded on the Flop
Seat 2: _fayzulllo_ (button) (small blind) collected ($5.88)


PokerStars Hand #147155894354:  Hold'em Limit ($3/$6 USD) - 2016/01/16 15:58:08 ET
Table 'Markab II' 2-max Seat #1 is the button
Seat 1: VolkovDmitri ($120 in chips)
Seat 2: _fayzulllo_ ($69.18 in chips)
VolkovDmitri: posts small blind $1
_fayzulllo_: posts big blind $3
*** HOLE CARDS ***
VolkovDmitri: raises $3 to $6
_fayzulllo_: raises $3 to $9
VolkovDmitri: calls $3
*** FLOP *** [8c 8d 3s]
_fayzulllo_: bets $3
VolkovDmitri: calls $3
*** TURN *** [8c 8d 3s] [Kd]
_fayzulllo_: bets $6
VolkovDmitri: calls $6
*** RIVER *** [8c 8d 3s Kd] [Jd]
_fayzulllo_: bets $6
VolkovDmitri: folds
Uncalled bet ($6) returned to _fayzulllo_
_fayzulllo_ collected $35.50 from pot
*** SUMMARY ***
Total pot $36 | Rake $0.50
Board [8c 8d 3s Kd Jd]
Seat 1: VolkovDmitri (button) (small blind) folded on the River
Seat 2: _fayzulllo_ (big blind) collected ($35.50)


PokerStars Hand #147155943754:  Hold'em Limit ($3/$6 USD) - 2016/01/16 15:58:56 ET
Table 'Markab II' 2-max Seat #2 is the button
Seat 1: VolkovDmitri ($120 in chips)
Seat 2: _fayzulllo_ ($86.68 in chips)
_fayzulllo_: posts small blind $1
VolkovDmitri: posts big blind $3
*** HOLE CARDS ***
_fayzulllo_: calls $2
VolkovDmitri: checks
*** FLOP *** [Qd Ad 3h]
VolkovDmitri: checks
_fayzulllo_: bets $3
VolkovDmitri: raises $3 to $6
_fayzulllo_: calls $3
*** TURN *** [Qd Ad 3h] [Js]
VolkovDmitri: bets $6
_fayzulllo_: calls $6
*** RIVER *** [Qd Ad 3h Js] [8d]
VolkovDmitri: bets $6
_fayzulllo_: raises $6 to $12
VolkovDmitri: calls $6
*** SHOW DOWN ***
_fayzulllo_: shows [Td 2d] (a flush, Ace high)
VolkovDmitri: mucks hand
_fayzulllo_ collected $53.50 from pot
*** SUMMARY ***
Total pot $54 | Rake $0.50
Board [Qd Ad 3h Js 8d]
Seat 1: VolkovDmitri (big blind) mucked
Seat 2: _fayzulllo_ (button) (small blind) showed [Td 2d] and won ($53.50) with a flush, Ace high


PokerStars Hand #147155977986:  Hold'em Limit ($3/$6 USD) - 2016/01/16 15:59:37 ET
Table 'Markab II' 2-max Seat #1 is the button
Seat 1: VolkovDmitri ($120 in chips)
Seat 2: _fayzulllo_ ($113.18 in chips)
VolkovDmitri: posts small blind $1
_fayzulllo_: posts big blind $3
*** HOLE CARDS ***
VolkovDmitri: raises $3 to $6
_fayzulllo_: folds
Uncalled bet ($3) returned to VolkovDmitri
VolkovDmitri collected $6 from pot
VolkovDmitri: doesn't show hand
*** SUMMARY ***
Total pot $6 | Rake $0
Seat 1: VolkovDmitri (button) (small blind) collected ($6)
Seat 2: _fayzulllo_ (big blind) folded before Flop


PokerStars Hand #147155988922:  Hold'em Limit ($3/$6 USD) - 2016/01/16 15:59:50 ET
Table 'Markab II' 2-max Seat #2 is the button
Seat 1: VolkovDmitri ($123 in chips)
Seat 2: _fayzulllo_ ($110.18 in chips)
_fayzulllo_: posts small blind $1
VolkovDmitri: posts big blind $3
*** HOLE CARDS ***
_fayzulllo_: calls $2
VolkovDmitri: raises $3 to $6
_fayzulllo_: calls $3
*** FLOP *** [3c Ad 5s]
VolkovDmitri: bets $3
_fayzulllo_: calls $3
*** TURN *** [3c Ad 5s] [5h]
VolkovDmitri: checks
_fayzulllo_: bets $6
VolkovDmitri: folds
Uncalled bet ($6) returned to _fayzulllo_
_fayzulllo_ collected $17.64 from pot
_fayzulllo_: doesn't show hand
*** SUMMARY ***
Total pot $18 | Rake $0.36
Board [3c Ad 5s 5h]
Seat 1: VolkovDmitri (big blind) folded on the Turn
Seat 2: _fayzulllo_ (button) (small blind) collected ($17.64)


PokerStars Hand #147156011497:  Hold'em Limit ($3/$6 USD) - 2016/01/16 16:00:16 ET
Table 'Markab II' 2-max Seat #1 is the button
Seat 1: VolkovDmitri ($120 in chips)
Seat 2: _fayzulllo_ ($118.82 in chips)
VolkovDmitri: posts small blind $1
_fayzulllo_: posts big blind $3
*** HOLE CARDS ***
VolkovDmitri: raises $3 to $6
_fayzulllo_: calls $3
*** FLOP *** [4d Ks Js]
_fayzulllo_: checks
VolkovDmitri: bets $3
_fayzulllo_: folds
Uncalled bet ($3) returned to VolkovDmitri
VolkovDmitri collected $11.76 from pot
VolkovDmitri: doesn't show hand
*** SUMMARY ***
Total pot $12 | Rake $0.24
Board [4d Ks Js]
Seat 1: VolkovDmitri (button) (small blind) collected ($11.76)
Seat 2: _fayzulllo_ (big blind) folded on the Flop


PokerStars Hand #147156022519:  Hold'em Limit ($3/$6 USD) - 2016/01/16 16:00:29 ET
Table 'Markab II' 2-max Seat #2 is the button
Seat 1: VolkovDmitri ($125.76 in chips)
Seat 2: _fayzulllo_ ($112.82 in chips)
_fayzulllo_: posts small blind $1
VolkovDmitri: posts big blind $3
*** HOLE CARDS ***
_fayzulllo_: calls $2
VolkovDmitri: raises $3 to $6
_fayzulllo_: calls $3
*** FLOP *** [9c 8c Ah]
VolkovDmitri: bets $3
_fayzulllo_: calls $3
*** TURN *** [9c 8c Ah] [Tc]
VolkovDmitri: bets $6
_fayzulllo_: calls $6
*** RIVER *** [9c 8c Ah Tc] [Qd]
VolkovDmitri: bets $6
_fayzulllo_: folds
Uncalled bet ($6) returned to VolkovDmitri
VolkovDmitri collected $29.50 from pot
VolkovDmitri: doesn't show hand
*** SUMMARY ***
Total pot $30 | Rake $0.50
Board [9c 8c Ah Tc Qd]
Seat 1: VolkovDmitri (big blind) collected ($29.50)
Seat 2: _fayzulllo_ (button) (small blind) folded on the River


PokerStars Hand #147156054207:  Hold'em Limit ($3/$6 USD) - 2016/01/16 16:01:04 ET
Table 'Markab II' 2-max Seat #1 is the button
Seat 1: VolkovDmitri ($140.26 in chips)
Seat 2: _fayzulllo_ ($97.82 in chips)
VolkovDmitri: posts small blind $1
_fayzulllo_: posts big blind $3
*** HOLE CARDS ***
VolkovDmitri: folds
Uncalled bet ($2) returned to _fayzulllo_
_fayzulllo_ collected $2 from pot
*** SUMMARY ***
Total pot $2 | Rake $0
Seat 1: VolkovDmitri (button) (small blind) folded before Flop
Seat 2: _fayzulllo_ (big blind) collected ($2)


PokerStars Hand #147156062916:  Hold'em Limit ($3/$6 USD) - 2016/01/16 16:01:13 ET
Table 'Markab II' 2-max Seat #2 is the button
Seat 1: VolkovDmitri ($139.26 in chips)
Seat 2: _fayzulllo_ ($98.82 in chips)
_fayzulllo_: posts small blind $1
VolkovDmitri: posts big blind $3
*** HOLE CARDS ***
_fayzulllo_: folds
Uncalled bet ($2) returned to VolkovDmitri
VolkovDmitri collected $2 from pot
VolkovDmitri: doesn't show hand
*** SUMMARY ***
Total pot $2 | Rake $0
Seat 1: VolkovDmitri (big blind) collected ($2)
Seat 2: _fayzulllo_ (button) (small blind) folded before Flop


PokerStars Hand #147156069283:  Hold'em Limit ($3/$6 USD) - 2016/01/16 16:01:20 ET
Table 'Markab II' 2-max Seat #1 is the button
Seat 1: VolkovDmitri ($140.26 in chips)
Seat 2: _fayzulllo_ ($97.82 in chips)
VolkovDmitri: posts small blind $1
_fayzulllo_: posts big blind $3
*** HOLE CARDS ***
VolkovDmitri: raises $3 to $6
_fayzulllo_: calls $3
*** FLOP *** [4h 6h Tc]
_fayzulllo_: checks
VolkovDmitri: checks
*** TURN *** [4h 6h Tc] [Jh]
_fayzulllo_: bets $6
VolkovDmitri: folds
Uncalled bet ($6) returned to _fayzulllo_
_fayzulllo_ collected $11.76 from pot
_fayzulllo_: doesn't show hand
*** SUMMARY ***
Total pot $12 | Rake $0.24
Board [4h 6h Tc Jh]
Seat 1: VolkovDmitri (button) (small blind) folded on the Turn
Seat 2: _fayzulllo_ (big blind) collected ($11.76)


PokerStars Hand #147156103509:  Hold'em Limit ($3/$6 USD) - 2016/01/16 16:01:54 ET
Table 'Markab II' 2-max Seat #2 is the button
Seat 1: VolkovDmitri ($134.26 in chips)
Seat 2: _fayzulllo_ ($103.58 in chips)
_fayzulllo_: posts small blind $1
VolkovDmitri: posts big blind $3
*** HOLE CARDS ***
_fayzulllo_: folds
Uncalled bet ($2) returned to VolkovDmitri
VolkovDmitri collected $2 from pot
VolkovDmitri: doesn't show hand
*** SUMMARY ***
Total pot $2 | Rake $0
Seat 1: VolkovDmitri (big blind) collected ($2)
Seat 2: _fayzulllo_ (button) (small blind) folded before Flop


PokerStars Hand #147156110585:  Hold'em Limit ($3/$6 USD) - 2016/01/16 16:02:01 ET
Table 'Markab II' 2-max Seat #1 is the button
Seat 1: VolkovDmitri ($135.26 in chips)
Seat 2: _fayzulllo_ ($102.58 in chips)
VolkovDmitri: posts small blind $1
_fayzulllo_: posts big blind $3
*** HOLE CARDS ***
VolkovDmitri: raises $3 to $6
_fayzulllo_: raises $3 to $9
VolkovDmitri: raises $3 to $12
Betting is capped
_fayzulllo_: calls $3
*** FLOP *** [Jh 4h 3s]
_fayzulllo_: checks
VolkovDmitri: bets $3
_fayzulllo_: calls $3
*** TURN *** [Jh 4h 3s] [Kd]
_fayzulllo_: checks
VolkovDmitri: bets $6
_fayzulllo_: folds
Uncalled bet ($6) returned to VolkovDmitri
VolkovDmitri collected $29.50 from pot
VolkovDmitri: doesn't show hand
*** SUMMARY ***
Total pot $30 | Rake $0.50
Board [Jh 4h 3s Kd]
Seat 1: VolkovDmitri (button) (small blind) collected ($29.50)
Seat 2: _fayzulllo_ (big blind) folded on the Turn


PokerStars Hand #147156147782:  Hold'em Limit ($3/$6 USD) - 2016/01/16 16:02:36 ET
Table 'Markab II' 2-max Seat #2 is the button
Seat 1: VolkovDmitri ($149.76 in chips)
Seat 2: _fayzulllo_ ($87.58 in chips)
_fayzulllo_: posts small blind $1
VolkovDmitri: posts big blind $3
*** HOLE CARDS ***
_fayzulllo_: folds
Uncalled bet ($2) returned to VolkovDmitri
VolkovDmitri collected $2 from pot
VolkovDmitri: doesn't show hand
*** SUMMARY ***
Total pot $2 | Rake $0
Seat 1: VolkovDmitri (big blind) collected ($2)
Seat 2: _fayzulllo_ (button) (small blind) folded before Flop


PokerStars Hand #147156154745:  Hold'em Limit ($3/$6 USD) - 2016/01/16 16:02:43 ET
Table 'Markab II' 2-max Seat #1 is the button
Seat 1: VolkovDmitri ($150.76 in chips)
Seat 2: _fayzulllo_ ($86.58 in chips)
VolkovDmitri: posts small blind $1
_fayzulllo_: posts big blind $3
*** HOLE CARDS ***
VolkovDmitri: raises $3 to $6
_fayzulllo_: raises $3 to $9
VolkovDmitri: calls $3
*** FLOP *** [7c Jd 4h]
_fayzulllo_: bets $3
VolkovDmitri: calls $3
*** TURN *** [7c Jd 4h] [Kc]
_fayzulllo_: checks
VolkovDmitri: bets $6
_fayzulllo_: calls $6
*** RIVER *** [7c Jd 4h Kc] [Qd]
_fayzulllo_: checks
VolkovDmitri: bets $6
_fayzulllo_: calls $6
*** SHOW DOWN ***
VolkovDmitri: shows [8d Kh] (a pair of Kings)
_fayzulllo_: mucks hand
VolkovDmitri collected $47.50 from pot
*** SUMMARY ***
Total pot $48 | Rake $0.50
Board [7c Jd 4h Kc Qd]
Seat 1: VolkovDmitri (button) (small blind) showed [8d Kh] and won ($47.50) with a pair of Kings
Seat 2: _fayzulllo_ (big blind) mucked


PokerStars Hand #147156201623:  Hold'em Limit ($3/$6 USD) - 2016/01/16 16:03:26 ET
Table 'Markab II' 2-max Seat #2 is the button
Seat 1: VolkovDmitri ($174.26 in chips)
Seat 2: _fayzulllo_ ($62.58 in chips)
_fayzulllo_: posts small blind $1
VolkovDmitri: posts big blind $3
*** HOLE CARDS ***
_fayzulllo_: raises $3 to $6
VolkovDmitri: calls $3
*** FLOP *** [3h Qd Ac]
VolkovDmitri: checks
_fayzulllo_: bets $3
VolkovDmitri: calls $3
*** TURN *** [3h Qd Ac] [3d]
VolkovDmitri: checks
_fayzulllo_: checks
*** RIVER *** [3h Qd Ac 3d] [6h]
VolkovDmitri: bets $6
_fayzulllo_: calls $6
*** SHOW DOWN ***
VolkovDmitri: shows [Jd Qh] (two pair, Queens and Threes)
_fayzulllo_: mucks hand
VolkovDmitri collected $29.50 from pot
*** SUMMARY ***
Total pot $30 | Rake $0.50
Board [3h Qd Ac 3d 6h]
Seat 1: VolkovDmitri (big blind) showed [Jd Qh] and won ($29.50) with two pair, Queens and Threes
Seat 2: _fayzulllo_ (button) (small blind) mucked


PokerStars Hand #147156287821:  Hold'em Limit ($3/$6 USD) - 2016/01/16 16:04:47 ET
Table 'Markab II' 2-max Seat #2 is the button
Seat 1: VolkovDmitri ($179.76 in chips)
Seat 2: _fayzulllo_ ($56.22 in chips)
_fayzulllo_: posts small blind $1
VolkovDmitri: posts big blind $3
*** HOLE CARDS ***
_fayzulllo_: calls $2
VolkovDmitri: raises $3 to $6
_fayzulllo_: calls $3
*** FLOP *** [7h Qc 5c]
VolkovDmitri: bets $3
_fayzulllo_: calls $3
*** TURN *** [7h Qc 5c] [6c]
VolkovDmitri: bets $6
_fayzulllo_: calls $6
*** RIVER *** [7h Qc 5c 6c] [4c]
VolkovDmitri: bets $6
_fayzulllo_: calls $6
*** SHOW DOWN ***
VolkovDmitri: shows [7s Ac] (a flush, Ace high)
_fayzulllo_: mucks hand
VolkovDmitri collected $41.50 from pot
*** SUMMARY ***
Total pot $42 | Rake $0.50
Board [7h Qc 5c 6c 4c]
Seat 1: VolkovDmitri (big blind) showed [7s Ac] and won ($41.50) with a flush, Ace high
Seat 2: _fayzulllo_ (button) (small blind) mucked


PokerStars Hand #147156325214:  Hold'em Limit ($3/$6 USD) - 2016/01/16 16:05:21 ET
Table 'Markab II' 2-max Seat #1 is the button
Seat 1: VolkovDmitri ($200.26 in chips)
Seat 2: _fayzulllo_ ($35.22 in chips)
VolkovDmitri: posts small blind $1
_fayzulllo_: posts big blind $3
*** HOLE CARDS ***
VolkovDmitri: raises $3 to $6
_fayzulllo_: folds
Uncalled bet ($3) returned to VolkovDmitri
VolkovDmitri collected $6 from pot
VolkovDmitri: doesn't show hand
*** SUMMARY ***
Total pot $6 | Rake $0
Seat 1: VolkovDmitri (button) (small blind) collected ($6)
Seat 2: _fayzulllo_ (big blind) folded before Flop


PokerStars Hand #147156239322:  Hold'em Limit ($3/$6 USD) - 2016/01/16 16:04:01 ET
Table 'Markab II' 2-max Seat #1 is the button
Seat 1: VolkovDmitri ($188.76 in chips)
Seat 2: _fayzulllo_ ($47.58 in chips)
VolkovDmitri: posts small blind $1
_fayzulllo_: posts big blind $3
*** HOLE CARDS ***
VolkovDmitri: raises $3 to $6
_fayzulllo_: calls $3
*** FLOP *** [9d Jc 9c]
_fayzulllo_: checks
VolkovDmitri: bets $3
_fayzulllo_: calls $3
*** TURN *** [9d Jc 9c] [7s]
_fayzulllo_: checks
VolkovDmitri: checks
*** RIVER *** [9d Jc 9c 7s] [9s]
_fayzulllo_: checks
VolkovDmitri: checks
*** SHOW DOWN ***
_fayzulllo_: shows [8s Tc] (a straight, Seven to Jack)
VolkovDmitri: mucks hand
_fayzulllo_ collected $17.64 from pot
*** SUMMARY ***
Total pot $18 | Rake $0.36
Board [9d Jc 9c 7s 9s]
Seat 1: VolkovDmitri (button) (small blind) mucked
Seat 2: _fayzulllo_ (big blind) showed [8s Tc] and won ($17.64) with a straight, Seven to Jack


PokerStars Hand #147156356725:  Hold'em Limit ($3/$6 USD) - 2016/01/16 16:05:50 ET
Table 'Markab II' 2-max Seat #1 is the button
Seat 1: VolkovDmitri ($197.26 in chips)
Seat 2: _fayzulllo_ ($37.98 in chips)
VolkovDmitri: posts small blind $1
_fayzulllo_: posts big blind $3
*** HOLE CARDS ***
VolkovDmitri: calls $2
_fayzulllo_: checks
*** FLOP *** [5c 3c Ac]
_fayzulllo_: bets $3
VolkovDmitri: calls $3
*** TURN *** [5c 3c Ac] [Ad]
_fayzulllo_: checks
VolkovDmitri: bets $6
_fayzulllo_: calls $6
*** RIVER *** [5c 3c Ac Ad] [7s]
_fayzulllo_: checks
VolkovDmitri: bets $6
_fayzulllo_: calls $6
*** SHOW DOWN ***
VolkovDmitri: shows [5s 2s] (two pair, Aces and Fives)
_fayzulllo_: shows [5h 4c] (two pair, Aces and Fives)
_fayzulllo_ collected $17.75 from pot
VolkovDmitri collected $17.75 from pot
*** SUMMARY ***
Total pot $36 | Rake $0.50
Board [5c 3c Ac Ad 7s]
Seat 1: VolkovDmitri (button) (small blind) showed [5s 2s] and won ($17.75) with two pair, Aces and Fives
Seat 2: _fayzulllo_ (big blind) showed [5h 4c] and won ($17.75) with two pair, Aces and Fives


PokerStars Hand #147156343608:  Hold'em Limit ($3/$6 USD) - 2016/01/16 16:05:38 ET
Table 'Markab II' 2-max Seat #2 is the button
Seat 1: VolkovDmitri ($203.26 in chips)
Seat 2: _fayzulllo_ ($32.22 in chips)
_fayzulllo_: posts small blind $1
VolkovDmitri: posts big blind $3
*** HOLE CARDS ***
_fayzulllo_: raises $3 to $6
VolkovDmitri: calls $3
*** FLOP *** [Jc 9s Qc]
VolkovDmitri: checks
_fayzulllo_: bets $3
VolkovDmitri: folds
Uncalled bet ($3) returned to _fayzulllo_
_fayzulllo_ collected $11.76 from pot
_fayzulllo_: doesn't show hand
*** SUMMARY ***
Total pot $12 | Rake $0.24
Board [Jc 9s Qc]
Seat 1: VolkovDmitri (big blind) folded on the Flop
Seat 2: _fayzulllo_ (button) (small blind) collected ($11.76)


PokerStars Hand #147156402184:  Hold'em Limit ($3/$6 USD) - 2016/01/16 16:06:32 ET
Table 'Markab II' 2-max Seat #2 is the button
Seat 1: VolkovDmitri ($197.01 in chips)
Seat 2: _fayzulllo_ ($37.73 in chips)
_fayzulllo_: posts small blind $1
VolkovDmitri: posts big blind $3
*** HOLE CARDS ***
_fayzulllo_: raises $3 to $6
VolkovDmitri: raises $3 to $9
_fayzulllo_: calls $3
*** FLOP *** [4c 4d 9d]
VolkovDmitri: bets $3
_fayzulllo_: calls $3
*** TURN *** [4c 4d 9d] [Kc]
VolkovDmitri: checks
_fayzulllo_: bets $6
VolkovDmitri: calls $6
*** RIVER *** [4c 4d 9d Kc] [Tc]
VolkovDmitri: checks
_fayzulllo_: checks
*** SHOW DOWN ***
VolkovDmitri: shows [Ts Ah] (two pair, Tens and Fours)
_fayzulllo_: mucks hand
VolkovDmitri collected $35.50 from pot
*** SUMMARY ***
Total pot $36 | Rake $0.50
Board [4c 4d 9d Kc Tc]
Seat 1: VolkovDmitri (big blind) showed [Ts Ah] and won ($35.50) with two pair, Tens and Fours
Seat 2: _fayzulllo_ (button) (small blind) mucked


PokerStars Hand #147156432055:  Hold'em Limit ($3/$6 USD) - 2016/01/16 16:07:00 ET
Table 'Markab II' 2-max Seat #1 is the button
Seat 1: VolkovDmitri ($214.51 in chips)
Seat 2: _fayzulllo_ ($19.73 in chips)
VolkovDmitri: posts small blind $1
_fayzulllo_: posts big blind $3
*** HOLE CARDS ***
VolkovDmitri: raises $3 to $6
_fayzulllo_: calls $3
*** FLOP *** [Jh 2c Ac]
_fayzulllo_: checks
VolkovDmitri: bets $3
_fayzulllo_: folds
Uncalled bet ($3) returned to VolkovDmitri
VolkovDmitri collected $11.76 from pot
VolkovDmitri: doesn't show hand
*** SUMMARY ***
Total pot $12 | Rake $0.24
Board [Jh 2c Ac]
Seat 1: VolkovDmitri (button) (small blind) collected ($11.76)
Seat 2: _fayzulllo_ (big blind) folded on the Flop


PokerStars Hand #147156462492:  Hold'em Limit ($3/$6 USD) - 2016/01/16 16:07:28 ET
Table 'Markab II' 2-max Seat #2 is the button
Seat 1: VolkovDmitri ($220.27 in chips)
Seat 2: _fayzulllo_ ($13.73 in chips)
_fayzulllo_: posts small blind $1
VolkovDmitri: posts big blind $3
*** HOLE CARDS ***
_fayzulllo_: raises $3 to $6
VolkovDmitri: raises $3 to $9
_fayzulllo_: raises $3 to $12
Betting is capped
VolkovDmitri: calls $3
*** FLOP *** [4s 6d Jh]
VolkovDmitri: bets $3
_fayzulllo_: calls $1.73 and is all-in
Uncalled bet ($1.27) returned to VolkovDmitri
*** TURN *** [4s 6d Jh] [Ts]
*** RIVER *** [4s 6d Jh Ts] [9d]
*** SHOW DOWN ***
VolkovDmitri: shows [Jd 7d] (a pair of Jacks)
_fayzulllo_: shows [Kc 9s] (a pair of Nines)
VolkovDmitri collected $26.96 from pot
*** SUMMARY ***
Total pot $27.46 | Rake $0.50
Board [4s 6d Jh Ts 9d]
Seat 1: VolkovDmitri (big blind) showed [Jd 7d] and won ($26.96) with a pair of Jacks
Seat 2: _fayzulllo_ (button) (small blind) showed [Kc 9s] and lost with a pair of Nines


