PokerStars Hand #155477300790:  Hold'em Limit ($3/$6 USD) - 2016/07/02 15:04:46 ET
Table 'Marlu' 10-max Seat #6 is the button
Seat 5: Fantomet ($84.89 in chips)
Seat 6: GRAILKO ($197 in chips)
GRAILKO: posts small blind $1
Fantomet: posts big blind $3
*** HOLE CARDS ***
GRAILKO: raises $3 to $6
Fantomet: folds
Uncalled bet ($3) returned to GRAILKO
GRAILKO collected $6 from pot
GRAILKO: doesn't show hand
*** SUMMARY ***
Total pot $6 | Rake $0
Seat 5: Fantomet (big blind) folded before Flop
Seat 6: GRAILKO (button) (small blind) collected ($6)


PokerStars Hand #155477308344:  Hold'em Limit ($3/$6 USD) - 2016/07/02 15:04:59 ET
Table 'Marlu' 10-max Seat #6 is the button
Seat 5: Fantomet ($84.89 in chips)
Seat 6: GRAILKO ($197 in chips)
GRAILKO: posts small blind $1
Fantomet: posts big blind $3
*** HOLE CARDS ***
GRAILKO: raises $3 to $6
Fantomet: calls $3
*** FLOP *** [6h Qd 7d]
Fantomet: checks
GRAILKO: checks
*** TURN *** [6h Qd 7d] [Qh]
Fantomet: bets $6
GRAILKO: calls $6
*** RIVER *** [6h Qd 7d Qh] [2d]
Fantomet: bets $6
GRAILKO: calls $6
*** SHOW DOWN ***
Fantomet: shows [8s Ad] (a pair of Queens)
GRAILKO: shows [Jh 6c] (two pair, Queens and Sixes)
GRAILKO collected $35.50 from pot
*** SUMMARY ***
Total pot $36 | Rake $0.50
Board [6h Qd 7d Qh 2d]
Seat 5: Fantomet (big blind) showed [8s Ad] and lost with a pair of Queens
Seat 6: GRAILKO (button) (small blind) showed [Jh 6c] and won ($35.50) with two pair, Queens and Sixes


PokerStars Hand #155477317778:  Hold'em Limit ($3/$6 USD) - 2016/07/02 15:05:14 ET
Table 'Marlu' 10-max Seat #5 is the button
Seat 5: Fantomet ($66.89 in chips)
Seat 6: GRAILKO ($214.50 in chips)
Fantomet: posts small blind $1
GRAILKO: posts big blind $3
*** HOLE CARDS ***
Fantomet: raises $3 to $6
GRAILKO: folds
Uncalled bet ($3) returned to Fantomet
Fantomet collected $6 from pot
*** SUMMARY ***
Total pot $6 | Rake $0
Seat 5: Fantomet (button) (small blind) collected ($6)
Seat 6: GRAILKO (big blind) folded before Flop


PokerStars Hand #155477321232:  Hold'em Limit ($3/$6 USD) - 2016/07/02 15:05:20 ET
Table 'Marlu' 10-max Seat #6 is the button
Seat 5: Fantomet ($69.89 in chips)
Seat 6: GRAILKO ($211.50 in chips)
GRAILKO: posts small blind $1
Fantomet: posts big blind $3
*** HOLE CARDS ***
GRAILKO: raises $3 to $6
VolkovDmitri leaves the table
Fantomet: calls $3
*** FLOP *** [3s 9h 2s]
Fantomet: checks
GRAILKO: bets $3
Fantomet: calls $3
*** TURN *** [3s 9h 2s] [Qd]
Fantomet: checks
GRAILKO: checks
*** RIVER *** [3s 9h 2s Qd] [9s]
Fantomet: bets $6
GRAILKO: folds
Uncalled bet ($6) returned to Fantomet
Fantomet collected $17.64 from pot
*** SUMMARY ***
Total pot $18 | Rake $0.36
Board [3s 9h 2s Qd 9s]
Seat 5: Fantomet (big blind) collected ($17.64)
Seat 6: GRAILKO (button) (small blind) folded on the River


PokerStars Hand #155477332192:  Hold'em Limit ($3/$6 USD) - 2016/07/02 15:05:38 ET
Table 'Marlu' 10-max Seat #5 is the button
Seat 5: Fantomet ($78.53 in chips)
Seat 6: GRAILKO ($202.50 in chips)
Fantomet: posts small blind $1
GRAILKO: posts big blind $3
*** HOLE CARDS ***
Fantomet: raises $3 to $6
GRAILKO: calls $3
*** FLOP *** [5d 7d 9c]
GRAILKO: checks
Fantomet: bets $3
GRAILKO: raises $3 to $6
Fantomet: calls $3
*** TURN *** [5d 7d 9c] [Js]
GRAILKO: bets $6
Fantomet: calls $6
*** RIVER *** [5d 7d 9c Js] [6d]
GRAILKO: bets $6
Fantomet: calls $6
*** SHOW DOWN ***
GRAILKO: shows [6c 2c] (a pair of Sixes)
Fantomet: shows [7h Ad] (a pair of Sevens)
Fantomet collected $47.50 from pot
*** SUMMARY ***
Total pot $48 | Rake $0.50
Board [5d 7d 9c Js 6d]
Seat 5: Fantomet (button) (small blind) showed [7h Ad] and won ($47.50) with a pair of Sevens
Seat 6: GRAILKO (big blind) showed [6c 2c] and lost with a pair of Sixes


PokerStars Hand #155477361028:  Hold'em Limit ($3/$6 USD) - 2016/07/02 15:06:25 ET
Table 'Marlu' 10-max Seat #5 is the button
Seat 5: Fantomet ($87.03 in chips)
Seat 6: GRAILKO ($193 in chips)
Fantomet: posts small blind $1
GRAILKO: posts big blind $3
*** HOLE CARDS ***
Fantomet: raises $3 to $6
GRAILKO: calls $3
*** FLOP *** [7c Qd 4s]
GRAILKO: checks
Fantomet: checks
*** TURN *** [7c Qd 4s] [2s]
GRAILKO: checks
Fantomet: bets $6
GRAILKO: calls $6
*** RIVER *** [7c Qd 4s 2s] [8c]
GRAILKO: checks
Fantomet: checks
*** SHOW DOWN ***
GRAILKO: shows [6c Ac] (high card Ace)
Fantomet: mucks hand
GRAILKO collected $23.52 from pot
*** SUMMARY ***
Total pot $24 | Rake $0.48
Board [7c Qd 4s 2s 8c]
Seat 5: Fantomet (button) (small blind) mucked
Seat 6: GRAILKO (big blind) showed [6c Ac] and won ($23.52) with high card Ace


PokerStars Hand #155477374418:  Hold'em Limit ($3/$6 USD) - 2016/07/02 15:06:47 ET
Table 'Marlu' 10-max Seat #6 is the button
Seat 5: Fantomet ($75.03 in chips)
Seat 6: GRAILKO ($204.52 in chips)
GRAILKO: posts small blind $1
Fantomet: posts big blind $3
*** HOLE CARDS ***
GRAILKO: raises $3 to $6
Fantomet: raises $3 to $9
GRAILKO: calls $3
*** FLOP *** [8d 2h Qs]
Fantomet: bets $3
GRAILKO: calls $3
*** TURN *** [8d 2h Qs] [9c]
Fantomet: checks
GRAILKO: bets $6
Fantomet: calls $6
*** RIVER *** [8d 2h Qs 9c] [Qc]
Fantomet: checks
GRAILKO: bets $6
Fantomet: calls $6
*** SHOW DOWN ***
GRAILKO: shows [Th Jc] (a straight, Eight to Queen)
Fantomet: mucks hand
GRAILKO collected $47.50 from pot
*** SUMMARY ***
Total pot $48 | Rake $0.50
Board [8d 2h Qs 9c Qc]
Seat 5: Fantomet (big blind) mucked
Seat 6: GRAILKO (button) (small blind) showed [Th Jc] and won ($47.50) with a straight, Eight to Queen


PokerStars Hand #155480636628:  Hold'em Limit ($3/$6 USD) - 2016/07/02 16:38:30 ET
Table 'Marlu' 10-max Seat #4 is the button
Seat 3: Siwy56 ($100 in chips)
Seat 4: TheU10 ($120 in chips)
TheU10: posts small blind $1
simper11 has timed out
simper11: is sitting out
Siwy56: posts big blind $3
*** HOLE CARDS ***
TheU10: raises $3 to $6
Siwy56: calls $3
*** FLOP *** [8c 4c 5h]
Siwy56: checks
TheU10: bets $3
Siwy56: calls $3
*** TURN *** [8c 4c 5h] [7s]
Siwy56: checks
TheU10: bets $6
Siwy56: folds
Uncalled bet ($6) returned to TheU10
TheU10 collected $17.64 from pot
*** SUMMARY ***
Total pot $18 | Rake $0.36
Board [8c 4c 5h 7s]
Seat 3: Siwy56 (big blind) folded on the Turn
Seat 4: TheU10 (button) (small blind) collected ($17.64)


PokerStars Hand #155480687689:  Hold'em Limit ($3/$6 USD) - 2016/07/02 16:39:59 ET
Table 'Marlu' 10-max Seat #4 is the button
Seat 3: Siwy56 ($126 in chips)
Seat 4: TheU10 ($92.52 in chips)
TheU10: posts small blind $1
Siwy56: posts big blind $3
*** HOLE CARDS ***
TheU10: raises $3 to $6
Siwy56: raises $3 to $9
TheU10: calls $3
*** FLOP *** [As 7c Ac]
Siwy56: checks
TheU10: checks
*** TURN *** [As 7c Ac] [Qh]
Siwy56: checks
TheU10: bets $6
Siwy56: folds
Uncalled bet ($6) returned to TheU10
TheU10 collected $17.64 from pot
TheU10: doesn't show hand
*** SUMMARY ***
Total pot $18 | Rake $0.36
Board [As 7c Ac Qh]
Seat 3: Siwy56 (big blind) folded on the Turn
Seat 4: TheU10 (button) (small blind) collected ($17.64)


PokerStars Hand #155480683332:  Hold'em Limit ($3/$6 USD) - 2016/07/02 16:39:51 ET
Table 'Marlu' 10-max Seat #3 is the button
Seat 3: Siwy56 ($129 in chips)
Seat 4: TheU10 ($89.64 in chips)
Siwy56: posts small blind $1
TheU10: posts big blind $3
*** HOLE CARDS ***
Siwy56: calls $2
TheU10: checks
*** FLOP *** [Js As 4h]
TheU10: bets $3
Siwy56: folds
Uncalled bet ($3) returned to TheU10
TheU10 collected $5.88 from pot
TheU10: doesn't show hand
*** SUMMARY ***
Total pot $6 | Rake $0.12
Board [Js As 4h]
Seat 3: Siwy56 (button) (small blind) folded on the Flop
Seat 4: TheU10 (big blind) collected ($5.88)


PokerStars Hand #155480673179:  Hold'em Limit ($3/$6 USD) - 2016/07/02 16:39:34 ET
Table 'Marlu' 10-max Seat #4 is the button
Seat 3: Siwy56 ($114.50 in chips)
Seat 4: TheU10 ($104.64 in chips)
TheU10: posts small blind $1
Siwy56: posts big blind $3
*** HOLE CARDS ***
TheU10: raises $3 to $6
Siwy56: calls $3
*** FLOP *** [7s 4d 6h]
Siwy56: bets $3
TheU10: calls $3
*** TURN *** [7s 4d 6h] [8c]
Siwy56: bets $6
TheU10: calls $6
*** RIVER *** [7s 4d 6h 8c] [4s]
Siwy56: bets $6
TheU10: folds
Uncalled bet ($6) returned to Siwy56
Siwy56 collected $29.50 from pot
Siwy56: doesn't show hand
*** SUMMARY ***
Total pot $30 | Rake $0.50
Board [7s 4d 6h 8c 4s]
Seat 3: Siwy56 (big blind) collected ($29.50)
Seat 4: TheU10 (button) (small blind) folded on the River


PokerStars Hand #155480662194:  Hold'em Limit ($3/$6 USD) - 2016/07/02 16:39:15 ET
Table 'Marlu' 10-max Seat #3 is the button
Seat 3: Siwy56 ($91 in chips)
Seat 4: TheU10 ($128.64 in chips)
Siwy56: posts small blind $1
TheU10: posts big blind $3
*** HOLE CARDS ***
Siwy56: calls $2
TheU10: raises $3 to $6
Siwy56: calls $3
*** FLOP *** [5s 2d 6s]
TheU10: bets $3
Siwy56: raises $3 to $6
TheU10: calls $3
*** TURN *** [5s 2d 6s] [Th]
TheU10: checks
Siwy56: bets $6
TheU10: calls $6
*** RIVER *** [5s 2d 6s Th] [Qc]
TheU10: checks
Siwy56: bets $6
TheU10: calls $6
*** SHOW DOWN ***
Siwy56: shows [Js 5h] (a pair of Fives)
TheU10: mucks hand
Siwy56 collected $47.50 from pot
*** SUMMARY ***
Total pot $48 | Rake $0.50
Board [5s 2d 6s Th Qc]
Seat 3: Siwy56 (button) (small blind) showed [Js 5h] and won ($47.50) with a pair of Fives
Seat 4: TheU10 (big blind) mucked


PokerStars Hand #155480721428:  Hold'em Limit ($3/$6 USD) - 2016/07/02 16:41:00 ET
Table 'Marlu' 10-max Seat #3 is the button
Seat 3: Siwy56 ($90 in chips)
Seat 4: TheU10 ($127.66 in chips)
Siwy56: posts small blind $1
TheU10: posts big blind $3
*** HOLE CARDS ***
Siwy56: raises $3 to $6
TheU10: calls $3
*** FLOP *** [Js 7c Td]
TheU10: checks
Siwy56: bets $3
TheU10: folds
Uncalled bet ($3) returned to Siwy56
Siwy56 collected $11.76 from pot
Siwy56: doesn't show hand
*** SUMMARY ***
Total pot $12 | Rake $0.24
Board [Js 7c Td]
Seat 3: Siwy56 (button) (small blind) collected ($11.76)
Seat 4: TheU10 (big blind) folded on the Flop


PokerStars Hand #155480718154:  Hold'em Limit ($3/$6 USD) - 2016/07/02 16:40:54 ET
Table 'Marlu' 10-max Seat #4 is the button
Seat 3: Siwy56 ($93 in chips)
Seat 4: TheU10 ($124.66 in chips)
TheU10: posts small blind $1
Siwy56: posts big blind $3
*** HOLE CARDS ***
TheU10: raises $3 to $6
Siwy56: folds
Uncalled bet ($3) returned to TheU10
TheU10 collected $6 from pot
TheU10: doesn't show hand
*** SUMMARY ***
Total pot $6 | Rake $0
Seat 3: Siwy56 (big blind) folded before Flop
Seat 4: TheU10 (button) (small blind) collected ($6)


PokerStars Hand #155480755863:  Hold'em Limit ($3/$6 USD) - 2016/07/02 16:41:51 ET
Table 'Marlu' 10-max Seat #4 is the button
Seat 3: Siwy56 ($95.26 in chips)
Seat 4: TheU10 ($121.16 in chips)
TheU10: posts small blind $1
Siwy56: posts big blind $3
*** HOLE CARDS ***
TheU10: raises $3 to $6
Siwy56: calls $3
*** FLOP *** [7h Ac Qs]
Siwy56: checks
TheU10: checks
*** TURN *** [7h Ac Qs] [9d]
Siwy56: bets $6
TheU10: calls $6
*** RIVER *** [7h Ac Qs 9d] [8d]
Siwy56: bets $6
TheU10: calls $6
*** SHOW DOWN ***
Siwy56: shows [6h 9s] (a pair of Nines)
TheU10: shows [3h Ad] (a pair of Aces)
TheU10 collected $35.50 from pot
*** SUMMARY ***
Total pot $36 | Rake $0.50
Board [7h Ac Qs 9d 8d]
Seat 3: Siwy56 (big blind) showed [6h 9s] and lost with a pair of Nines
Seat 4: TheU10 (button) (small blind) showed [3h Ad] and won ($35.50) with a pair of Aces


PokerStars Hand #155480746225:  Hold'em Limit ($3/$6 USD) - 2016/07/02 16:41:34 ET
Table 'Marlu' 10-max Seat #3 is the button
Seat 3: Siwy56 ($110.26 in chips)
Seat 4: TheU10 ($106.66 in chips)
Siwy56: posts small blind $1
TheU10: posts big blind $3
*** HOLE CARDS ***
Siwy56: calls $2
TheU10: raises $3 to $6
Siwy56: calls $3
*** FLOP *** [5h 5d Ad]
TheU10: bets $3
Siwy56: calls $3
*** TURN *** [5h 5d Ad] [4h]
TheU10: bets $6
Siwy56: calls $6
*** RIVER *** [5h 5d Ad 4h] [Td]
TheU10: checks
Siwy56: checks
*** SHOW DOWN ***
TheU10: shows [Kd 7c] (a pair of Fives)
Siwy56: mucks hand
TheU10 collected $29.50 from pot
*** SUMMARY ***
Total pot $30 | Rake $0.50
Board [5h 5d Ad 4h Td]
Seat 3: Siwy56 (button) (small blind) mucked
Seat 4: TheU10 (big blind) showed [Kd 7c] and won ($29.50) with a pair of Fives


PokerStars Hand #155480728479:  Hold'em Limit ($3/$6 USD) - 2016/07/02 16:41:12 ET
Table 'Marlu' 10-max Seat #4 is the button
Seat 3: Siwy56 ($95.76 in chips)
Seat 4: TheU10 ($121.66 in chips)
TheU10: posts small blind $1
Siwy56: posts big blind $3
*** HOLE CARDS ***
TheU10: raises $3 to $6
Siwy56: calls $3
*** FLOP *** [8s 6s Qs]
Siwy56: checks
TheU10: bets $3
Siwy56: calls $3
*** TURN *** [8s 6s Qs] [2h]
Siwy56: checks
TheU10: bets $6
Siwy56: calls $6
*** RIVER *** [8s 6s Qs 2h] [8c]
Siwy56: checks
TheU10: checks
*** SHOW DOWN ***
Siwy56: shows [8d 5c] (three of a kind, Eights)
TheU10: mucks hand
Siwy56 collected $29.50 from pot
*** SUMMARY ***
Total pot $30 | Rake $0.50
Board [8s 6s Qs 2h 8c]
Seat 3: Siwy56 (big blind) showed [8d 5c] and won ($29.50) with three of a kind, Eights
Seat 4: TheU10 (button) (small blind) mucked


PokerStars Hand #155480774955:  Hold'em Limit ($3/$6 USD) - 2016/07/02 16:42:25 ET
Table 'Marlu' 10-max Seat #3 is the button
Seat 3: Siwy56 ($77.26 in chips)
Seat 4: TheU10 ($138.66 in chips)
Siwy56: posts small blind $1
TheU10: posts big blind $3
*** HOLE CARDS ***
Siwy56: calls $2
TheU10: checks
*** FLOP *** [Kh 7h 3d]
TheU10: checks
Siwy56: checks
*** TURN *** [Kh 7h 3d] [Th]
TheU10: checks
Siwy56: checks
*** RIVER *** [Kh 7h 3d Th] [3h]
666muck joins the table at seat #6
TheU10: checks
Siwy56: bets $6
TheU10: folds
Uncalled bet ($6) returned to Siwy56
Siwy56 collected $5.88 from pot
Siwy56: doesn't show hand
*** SUMMARY ***
Total pot $6 | Rake $0.12
Board [Kh 7h 3d Th 3h]
Seat 3: Siwy56 (button) (small blind) collected ($5.88)
Seat 4: TheU10 (big blind) folded on the River


