PokerStars Hand #168655829761:  Hold'em Limit ($3/$6 USD) - 2017/04/06 10:04:31 ET
Table 'Marlu' 6-max Seat #4 is the button
Seat 3: sienvan ($29 in chips)
Seat 4: Rus29APX ($121 in chips)
Rus29APX: posts small blind $1
sienvan: posts big blind $3
*** HOLE CARDS ***
Rus29APX: raises $3 to $6
sienvan: calls $3
*** FLOP *** [2h Ac 2d]
sienvan: checks
Rus29APX: bets $3
sienvan: calls $3
*** TURN *** [2h Ac 2d] [8c]
sienvan: checks
Rus29APX: checks
*** RIVER *** [2h Ac 2d 8c] [3c]
sienvan: bets $6
Rus29APX: folds
Uncalled bet ($6) returned to sienvan
sienvan collected $17.64 from pot
sienvan: doesn't show hand
*** SUMMARY ***
Total pot $18 | Rake $0.36
Board [2h Ac 2d 8c 3c]
Seat 3: sienvan (big blind) collected ($17.64)
Seat 4: Rus29APX (button) (small blind) folded on the River


PokerStars Hand #168655824584:  Hold'em Limit ($3/$6 USD) - 2017/04/06 10:04:22 ET
Table 'Marlu' 6-max Seat #3 is the button
Seat 3: sienvan ($30 in chips)
Seat 4: Rus29APX ($120 in chips)
sienvan: posts small blind $1
Rus29APX: posts big blind $3
*** HOLE CARDS ***
sienvan: folds
Uncalled bet ($2) returned to Rus29APX
Rus29APX collected $2 from pot
Rus29APX: doesn't show hand
*** SUMMARY ***
Total pot $2 | Rake $0
Seat 3: sienvan (button) (small blind) folded before Flop
Seat 4: Rus29APX (big blind) collected ($2)


PokerStars Hand #168655865014:  Hold'em Limit ($3/$6 USD) - 2017/04/06 10:05:30 ET
Table 'Marlu' 6-max Seat #3 is the button
Seat 3: sienvan ($30.64 in chips)
Seat 4: Rus29APX ($118.76 in chips)
sienvan: posts small blind $1
Rus29APX: posts big blind $3
*** HOLE CARDS ***
sienvan: raises $3 to $6
Rus29APX: raises $3 to $9
sienvan: calls $3
*** FLOP *** [8s 8h Kh]
Rus29APX: bets $3
sienvan: calls $3
*** TURN *** [8s 8h Kh] [9h]
Rus29APX: bets $6
sienvan: folds
Uncalled bet ($6) returned to Rus29APX
Rus29APX collected $23.52 from pot
Rus29APX: doesn't show hand
*** SUMMARY ***
Total pot $24 | Rake $0.48
Board [8s 8h Kh 9h]
Seat 3: sienvan (button) (small blind) folded on the Turn
Seat 4: Rus29APX (big blind) collected ($23.52)


PokerStars Hand #168655854504:  Hold'em Limit ($3/$6 USD) - 2017/04/06 10:05:13 ET
Table 'Marlu' 6-max Seat #4 is the button
Seat 3: sienvan ($36.64 in chips)
Seat 4: Rus29APX ($113 in chips)
Rus29APX: posts small blind $1
sienvan: posts big blind $3
*** HOLE CARDS ***
Rus29APX: raises $3 to $6
sienvan: calls $3
*** FLOP *** [As Ac Jc]
sienvan: checks
Rus29APX: bets $3
sienvan: folds
Uncalled bet ($3) returned to Rus29APX
Rus29APX collected $11.76 from pot
Rus29APX: doesn't show hand
*** SUMMARY ***
Total pot $12 | Rake $0.24
Board [As Ac Jc]
Seat 3: sienvan (big blind) folded on the Flop
Seat 4: Rus29APX (button) (small blind) collected ($11.76)


PokerStars Hand #168655851153:  Hold'em Limit ($3/$6 USD) - 2017/04/06 10:05:07 ET
Table 'Marlu' 6-max Seat #3 is the button
Seat 3: sienvan ($37.64 in chips)
Seat 4: Rus29APX ($112 in chips)
sienvan: posts small blind $1
Rus29APX: posts big blind $3
*** HOLE CARDS ***
sienvan: folds
Uncalled bet ($2) returned to Rus29APX
Rus29APX collected $2 from pot
Rus29APX: doesn't show hand
*** SUMMARY ***
Total pot $2 | Rake $0
Seat 3: sienvan (button) (small blind) folded before Flop
Seat 4: Rus29APX (big blind) collected ($2)


PokerStars Hand #168655906750:  Hold'em Limit ($3/$6 USD) - 2017/04/06 10:06:41 ET
Table 'Marlu' 6-max Seat #3 is the button
Seat 3: sienvan ($30 in chips)
Seat 4: Rus29APX ($148.42 in chips)
sienvan: posts small blind $1
Rus29APX: posts big blind $3
*** HOLE CARDS ***
TheCRIdol joins the table at seat #5
sienvan: folds
Uncalled bet ($2) returned to Rus29APX
B_loJkl joins the table at seat #6
Rus29APX collected $2 from pot
Rus29APX: doesn't show hand
*** SUMMARY ***
Total pot $2 | Rake $0
Seat 3: sienvan (button) (small blind) folded before Flop
Seat 4: Rus29APX (big blind) collected ($2)


PokerStars Hand #168655878025:  Hold'em Limit ($3/$6 USD) - 2017/04/06 10:05:52 ET
Table 'Marlu' 6-max Seat #4 is the button
Seat 3: sienvan ($18.64 in chips)
Seat 4: Rus29APX ($130.28 in chips)
Rus29APX: posts small blind $1
sienvan: posts big blind $3
*** HOLE CARDS ***
Rus29APX: raises $3 to $6
sienvan: raises $3 to $9
Rus29APX: calls $3
*** FLOP *** [8s 5h 3s]
sienvan: bets $3
Rus29APX: raises $3 to $6
sienvan: raises $3 to $9
Rus29APX: raises $3 to $12
Betting is capped
sienvan: calls $0.64 and is all-in
Uncalled bet ($2.36) returned to Rus29APX
*** TURN *** [8s 5h 3s] [Qc]
*** RIVER *** [8s 5h 3s Qc] [2h]
*** SHOW DOWN ***
sienvan: shows [As Ks] (high card Ace)
Rus29APX: shows [3c Ac] (a pair of Threes)
Rus29APX collected $36.78 from pot
*** SUMMARY ***
Total pot $37.28 | Rake $0.50
Board [8s 5h 3s Qc 2h]
Seat 3: sienvan (big blind) showed [As Ks] and lost with high card Ace
Seat 4: Rus29APX (button) (small blind) showed [3c Ac] and won ($36.78) with a pair of Threes


PokerStars Hand #168656795963:  Hold'em Limit ($3/$6 USD) - 2017/04/06 10:30:47 ET
Table 'Marlu' 6-max Seat #4 is the button
Seat 2: hooverr ($79.07 in chips)
Seat 4: Rus29APX ($251.76 in chips)
Rus29APX: posts small blind $1
hooverr: posts big blind $3
*** HOLE CARDS ***
Rus29APX: raises $3 to $6
hooverr: folds
Uncalled bet ($3) returned to Rus29APX
Rus29APX collected $6 from pot
Rus29APX: doesn't show hand
*** SUMMARY ***
Total pot $6 | Rake $0
Seat 2: hooverr (big blind) folded before Flop
Seat 4: Rus29APX (button) (small blind) collected ($6)


PokerStars Hand #168656760431:  Hold'em Limit ($3/$6 USD) - 2017/04/06 10:29:49 ET
Table 'Marlu' 6-max Seat #2 is the button
Seat 2: hooverr ($100.07 in chips)
Seat 4: Rus29APX ($231.26 in chips)
hooverr: posts small blind $1
Rus29APX: posts big blind $3
*** HOLE CARDS ***
hooverr: raises $3 to $6
Rus29APX: calls $3
*** FLOP *** [5d 4s 3c]
Rus29APX: bets $3
hooverr: calls $3
*** TURN *** [5d 4s 3c] [7h]
Rus29APX: bets $6
hooverr: calls $6
*** RIVER *** [5d 4s 3c 7h] [2c]
Rus29APX: checks
hooverr: bets $6
B_loJkl leaves the table
Rus29APX: calls $6
*** SHOW DOWN ***
hooverr: shows [Js 8s] (high card Jack)
Rus29APX: shows [5c 8h] (a pair of Fives)
Rus29APX collected $41.50 from pot
*** SUMMARY ***
Total pot $42 | Rake $0.50
Board [5d 4s 3c 7h 2c]
Seat 2: hooverr (button) (small blind) showed [Js 8s] and lost with high card Jack
Seat 4: Rus29APX (big blind) showed [5c 8h] and won ($41.50) with a pair of Fives


PokerStars Hand #168656799537:  Hold'em Limit ($3/$6 USD) - 2017/04/06 10:30:53 ET
Table 'Marlu' 6-max Seat #2 is the button
Seat 2: hooverr ($76.07 in chips)
Seat 4: Rus29APX ($254.76 in chips)
hooverr: posts small blind $1
Rus29APX: posts big blind $3
*** HOLE CARDS ***
hooverr: raises $3 to $6
Rus29APX: folds
Uncalled bet ($3) returned to hooverr
hooverr collected $6 from pot
hooverr: doesn't show hand
*** SUMMARY ***
Total pot $6 | Rake $0
Seat 2: hooverr (button) (small blind) collected ($6)
Seat 4: Rus29APX (big blind) folded before Flop


PokerStars Hand #168656809000:  Hold'em Limit ($3/$6 USD) - 2017/04/06 10:31:08 ET
Table 'Marlu' 6-max Seat #4 is the button
Seat 2: hooverr ($79.07 in chips)
Seat 4: Rus29APX ($251.76 in chips)
Rus29APX: posts small blind $1
hooverr: posts big blind $3
*** HOLE CARDS ***
Rus29APX: raises $3 to $6
hooverr: calls $3
*** FLOP *** [9d 2d 2c]
hooverr: checks
Rus29APX: bets $3
hooverr: calls $3
*** TURN *** [9d 2d 2c] [Td]
hooverr: checks
Rus29APX: checks
*** RIVER *** [9d 2d 2c Td] [Js]
hooverr: checks
Rus29APX: bets $6
hooverr: folds
Uncalled bet ($6) returned to Rus29APX
Rus29APX collected $17.64 from pot
Rus29APX: doesn't show hand
*** SUMMARY ***
Total pot $18 | Rake $0.36
Board [9d 2d 2c Td Js]
Seat 2: hooverr (big blind) folded on the River
Seat 4: Rus29APX (button) (small blind) collected ($17.64)


