PokerStars Hand #144406644525:  Hold'em Limit ($3/$6 USD) - 2015/11/26 8:39:19 ET
Table 'Marlu' 10-max Seat #10 is the button
Seat 1: keneke51 ($120 in chips)
Seat 10: MTails ($120 in chips)
MTails: posts small blind $1
keneke51: posts big blind $3
*** HOLE CARDS ***
MTails: raises $3 to $6
keneke51: calls $3
*** FLOP *** [Qh As 7h]
keneke51: bets $3
MTails: calls $3
*** TURN *** [Qh As 7h] [6s]
keneke51: bets $6
MTails: raises $6 to $12
keneke51: calls $6
*** RIVER *** [Qh As 7h 6s] [8d]
keneke51: checks
MTails: bets $6
keneke51: raises $6 to $12
MTails: calls $6
*** SHOW DOWN ***
keneke51: shows [Ts 9c] (a straight, Six to Ten)
MTails: mucks hand
keneke51 collected $65.50 from pot
LukaSteel joins the table at seat #2
*** SUMMARY ***
Total pot $66 | Rake $0.50
Board [Qh As 7h 6s 8d]
Seat 1: keneke51 (big blind) showed [Ts 9c] and won ($65.50) with a straight, Six to Ten
Seat 10: MTails (button) (small blind) mucked


PokerStars Hand #144406678934:  Hold'em Limit ($3/$6 USD) - 2015/11/26 8:40:18 ET
Table 'Marlu' 10-max Seat #2 is the button
Seat 2: LukaSteel ($120 in chips)
Seat 10: MTails ($110.53 in chips)
LukaSteel: posts small blind $1
MTails: posts big blind $3
*** HOLE CARDS ***
LukaSteel: raises $3 to $6
MTails: calls $3
*** FLOP *** [Kc 9d 9s]
MTails: checks
LukaSteel: bets $3
MTails: folds
Uncalled bet ($3) returned to LukaSteel
LukaSteel collected $11.76 from pot
LukaSteel: doesn't show hand
*** SUMMARY ***
Total pot $12 | Rake $0.24
Board [Kc 9d 9s]
Seat 2: LukaSteel (button) (small blind) collected ($11.76)
Seat 10: MTails (big blind) folded on the Flop


PokerStars Hand #144407152778:  Hold'em Limit ($3/$6 USD) - 2015/11/26 8:53:19 ET
Table 'Marlu' 10-max Seat #6 is the button
Seat 6: aldofersini ($106.15 in chips)
Seat 8: PrayFTR ($120 in chips)
aldofersini: posts small blind $1
PrayFTR: posts big blind $3
*** HOLE CARDS ***
aldofersini: calls $2
PrayFTR: checks
*** FLOP *** [4h Qc Jd]
PrayFTR: checks
aldofersini: bets $3
PrayFTR: folds
Uncalled bet ($3) returned to aldofersini
aldofersini collected $5.88 from pot
*** SUMMARY ***
Total pot $6 | Rake $0.12
Board [4h Qc Jd]
Seat 6: aldofersini (button) (small blind) collected ($5.88)
Seat 8: PrayFTR (big blind) folded on the Flop


PokerStars Hand #144407193727:  Hold'em Limit ($3/$6 USD) - 2015/11/26 8:54:27 ET
Table 'Marlu' 10-max Seat #6 is the button
Seat 6: aldofersini ($129.29 in chips)
Seat 8: PrayFTR ($95.88 in chips)
aldofersini: posts small blind $1
PrayFTR: posts big blind $3
*** HOLE CARDS ***
aldofersini: folds
Uncalled bet ($2) returned to PrayFTR
PrayFTR collected $2 from pot
PrayFTR: doesn't show hand
*** SUMMARY ***
Total pot $2 | Rake $0
Seat 6: aldofersini (button) (small blind) folded before Flop
Seat 8: PrayFTR (big blind) collected ($2)


PokerStars Hand #144407161273:  Hold'em Limit ($3/$6 USD) - 2015/11/26 8:53:33 ET
Table 'Marlu' 10-max Seat #8 is the button
Seat 6: aldofersini ($109.03 in chips)
Seat 8: PrayFTR ($117 in chips)
PrayFTR: posts small blind $1
aldofersini: posts big blind $3
*** HOLE CARDS ***
PrayFTR: raises $3 to $6
aldofersini: calls $3
*** FLOP *** [Tc 7s 5c]
aldofersini: checks
PrayFTR: checks
*** TURN *** [Tc 7s 5c] [3c]
aldofersini: bets $6
PrayFTR: folds
Uncalled bet ($6) returned to aldofersini
aldofersini collected $11.76 from pot
aldofersini: doesn't show hand
*** SUMMARY ***
Total pot $12 | Rake $0.24
Board [Tc 7s 5c 3c]
Seat 6: aldofersini (big blind) collected ($11.76)
Seat 8: PrayFTR (button) (small blind) folded on the Turn


PokerStars Hand #144407172226:  Hold'em Limit ($3/$6 USD) - 2015/11/26 8:53:51 ET
Table 'Marlu' 10-max Seat #6 is the button
Seat 6: aldofersini ($114.79 in chips)
Seat 8: PrayFTR ($111 in chips)
aldofersini: posts small blind $1
PrayFTR: posts big blind $3
*** HOLE CARDS ***
aldofersini: calls $2
PrayFTR: checks
*** FLOP *** [5s Tc 4h]
PrayFTR: bets $3
aldofersini: folds
Uncalled bet ($3) returned to PrayFTR
PrayFTR collected $5.88 from pot
PrayFTR: doesn't show hand
*** SUMMARY ***
Total pot $6 | Rake $0.12
Board [5s Tc 4h]
Seat 6: aldofersini (button) (small blind) folded on the Flop
Seat 8: PrayFTR (big blind) collected ($5.88)


PokerStars Hand #144407205726:  Hold'em Limit ($3/$6 USD) - 2015/11/26 8:54:46 ET
Table 'Marlu' 10-max Seat #6 is the button
Seat 6: aldofersini ($125.29 in chips)
Seat 8: PrayFTR ($99.88 in chips)
aldofersini: posts small blind $1
PrayFTR: posts big blind $3
*** HOLE CARDS ***
aldofersini: raises $3 to $6
PrayFTR: folds
Uncalled bet ($3) returned to aldofersini
aldofersini collected $6 from pot
*** SUMMARY ***
Total pot $6 | Rake $0
Seat 6: aldofersini (button) (small blind) collected ($6)
Seat 8: PrayFTR (big blind) folded before Flop


PokerStars Hand #144407197459:  Hold'em Limit ($3/$6 USD) - 2015/11/26 8:54:33 ET
Table 'Marlu' 10-max Seat #8 is the button
Seat 6: aldofersini ($128.29 in chips)
Seat 8: PrayFTR ($96.88 in chips)
PrayFTR: posts small blind $1
aldofersini: posts big blind $3
*** HOLE CARDS ***
PrayFTR: raises $3 to $6
aldofersini: folds
Uncalled bet ($3) returned to PrayFTR
PrayFTR collected $6 from pot
PrayFTR: doesn't show hand
*** SUMMARY ***
Total pot $6 | Rake $0
Seat 6: aldofersini (big blind) folded before Flop
Seat 8: PrayFTR (button) (small blind) collected ($6)


PokerStars Hand #144407210248:  Hold'em Limit ($3/$6 USD) - 2015/11/26 8:54:54 ET
Table 'Marlu' 10-max Seat #8 is the button
Seat 6: aldofersini ($128.29 in chips)
Seat 8: PrayFTR ($96.88 in chips)
PrayFTR: posts small blind $1
aldofersini: posts big blind $3
*** HOLE CARDS ***
PrayFTR: raises $3 to $6
aldofersini: raises $3 to $9
PrayFTR: calls $3
*** FLOP *** [7c 6c 4s]
aldofersini: bets $3
PrayFTR: raises $3 to $6
aldofersini: raises $3 to $9
PrayFTR: calls $3
*** TURN *** [7c 6c 4s] [Ad]
aldofersini: bets $6
PrayFTR: calls $6
*** RIVER *** [7c 6c 4s Ad] [Kd]
aldofersini: bets $6
PrayFTR: calls $6
*** SHOW DOWN ***
aldofersini: shows [9s 7s] (a pair of Sevens)
PrayFTR: shows [8s Kc] (a pair of Kings)
PrayFTR collected $59.50 from pot
*** SUMMARY ***
Total pot $60 | Rake $0.50
Board [7c 6c 4s Ad Kd]
Seat 6: aldofersini (big blind) showed [9s 7s] and lost with a pair of Sevens
Seat 8: PrayFTR (button) (small blind) showed [8s Kc] and won ($59.50) with a pair of Kings


PokerStars Hand #144407244502:  Hold'em Limit ($3/$6 USD) - 2015/11/26 8:55:59 ET
Table 'Marlu' 10-max Seat #6 is the button
Seat 6: aldofersini ($86.29 in chips)
Seat 8: PrayFTR ($138.02 in chips)
aldofersini: posts small blind $1
PrayFTR: posts big blind $3
*** HOLE CARDS ***
aldofersini: raises $3 to $6
PrayFTR: raises $3 to $9
aldofersini: calls $3
*** FLOP *** [Ac 2c 7c]
PrayFTR: bets $3
aldofersini: raises $3 to $6
PrayFTR: folds
Uncalled bet ($3) returned to aldofersini
aldofersini collected $23.52 from pot
aldofersini: doesn't show hand
*** SUMMARY ***
Total pot $24 | Rake $0.48
Board [Ac 2c 7c]
Seat 6: aldofersini (button) (small blind) collected ($23.52)
Seat 8: PrayFTR (big blind) folded on the Flop


PokerStars Hand #144407256523:  Hold'em Limit ($3/$6 USD) - 2015/11/26 8:56:23 ET
Table 'Marlu' 10-max Seat #8 is the button
Seat 6: aldofersini ($97.81 in chips)
Seat 8: PrayFTR ($126.02 in chips)
PrayFTR: posts small blind $1
aldofersini: posts big blind $3
*** HOLE CARDS ***
PrayFTR: raises $3 to $6
aldofersini: folds
Uncalled bet ($3) returned to PrayFTR
PrayFTR collected $6 from pot
PrayFTR: doesn't show hand
*** SUMMARY ***
Total pot $6 | Rake $0
Seat 6: aldofersini (big blind) folded before Flop
Seat 8: PrayFTR (button) (small blind) collected ($6)


PokerStars Hand #144407229282:  Hold'em Limit ($3/$6 USD) - 2015/11/26 8:55:28 ET
Table 'Marlu' 10-max Seat #6 is the button
Seat 6: aldofersini ($98.29 in chips)
Seat 8: PrayFTR ($126.38 in chips)
aldofersini: posts small blind $1
PrayFTR: posts big blind $3
*** HOLE CARDS ***
aldofersini: calls $2
PrayFTR: checks
*** FLOP *** [4c 5h 4s]
PrayFTR: checks
aldofersini: checks
*** TURN *** [4c 5h 4s] [Jh]
PrayFTR: checks
aldofersini: bets $6
PrayFTR: calls $6
*** RIVER *** [4c 5h 4s Jh] [Ah]
PrayFTR: checks
aldofersini: checks
*** SHOW DOWN ***
PrayFTR: shows [7c 5s] (two pair, Fives and Fours)
aldofersini: mucks hand
PrayFTR collected $17.64 from pot
*** SUMMARY ***
Total pot $18 | Rake $0.36
Board [4c 5h 4s Jh Ah]
Seat 6: aldofersini (button) (small blind) mucked
Seat 8: PrayFTR (big blind) showed [7c 5s] and won ($17.64) with two pair, Fives and Fours


PokerStars Hand #144407241038:  Hold'em Limit ($3/$6 USD) - 2015/11/26 8:55:52 ET
Table 'Marlu' 10-max Seat #8 is the button
Seat 6: aldofersini ($89.29 in chips)
Seat 8: PrayFTR ($135.02 in chips)
PrayFTR: posts small blind $1
aldofersini: posts big blind $3
*** HOLE CARDS ***
PrayFTR: raises $3 to $6
aldofersini: folds
Uncalled bet ($3) returned to PrayFTR
PrayFTR collected $6 from pot
PrayFTR: doesn't show hand
*** SUMMARY ***
Total pot $6 | Rake $0
Seat 6: aldofersini (big blind) folded before Flop
Seat 8: PrayFTR (button) (small blind) collected ($6)


PokerStars Hand #144407274086:  Hold'em Limit ($3/$6 USD) - 2015/11/26 8:56:58 ET
Table 'Marlu' 10-max Seat #8 is the button
Seat 6: aldofersini ($109.31 in chips)
Seat 8: PrayFTR ($114.02 in chips)
PrayFTR: posts small blind $1
aldofersini: posts big blind $3
*** HOLE CARDS ***
PrayFTR: folds
Uncalled bet ($2) returned to aldofersini
aldofersini collected $2 from pot
*** SUMMARY ***
Total pot $2 | Rake $0
Seat 6: aldofersini (big blind) collected ($2)
Seat 8: PrayFTR (button) (small blind) folded before Flop


PokerStars Hand #144407260130:  Hold'em Limit ($3/$6 USD) - 2015/11/26 8:56:30 ET
Table 'Marlu' 10-max Seat #6 is the button
Seat 6: aldofersini ($94.81 in chips)
Seat 8: PrayFTR ($129.02 in chips)
aldofersini: posts small blind $1
PrayFTR: posts big blind $3
*** HOLE CARDS ***
aldofersini: calls $2
PrayFTR: checks
*** FLOP *** [6s 2s 9c]
PrayFTR: checks
aldofersini: checks
*** TURN *** [6s 2s 9c] [Qh]
PrayFTR: checks
aldofersini: bets $6
PrayFTR: calls $6
*** RIVER *** [6s 2s 9c Qh] [7d]
PrayFTR: checks
aldofersini: bets $6
PrayFTR: calls $6
*** SHOW DOWN ***
aldofersini: shows [Jd Qd] (a pair of Queens)
PrayFTR: mucks hand
aldofersini collected $29.50 from pot
*** SUMMARY ***
Total pot $30 | Rake $0.50
Board [6s 2s 9c Qh 7d]
Seat 6: aldofersini (button) (small blind) showed [Jd Qd] and won ($29.50) with a pair of Queens
Seat 8: PrayFTR (big blind) mucked


PokerStars Hand #144407281151:  Hold'em Limit ($3/$6 USD) - 2015/11/26 8:57:12 ET
Table 'Marlu' 10-max Seat #8 is the button
Seat 6: aldofersini ($109.31 in chips)
Seat 8: PrayFTR ($114.02 in chips)
PrayFTR: posts small blind $1
aldofersini: posts big blind $3
*** HOLE CARDS ***
PrayFTR: raises $3 to $6
aldofersini: raises $3 to $9
PrayFTR: calls $3
*** FLOP *** [4d 5d 7d]
aldofersini: checks
PrayFTR: checks
*** TURN *** [4d 5d 7d] [6d]
aldofersini: bets $6
PrayFTR: calls $6
*** RIVER *** [4d 5d 7d 6d] [Qh]
aldofersini: bets $6
PrayFTR: calls $6
*** SHOW DOWN ***
aldofersini: shows [8s 9d] (a flush, Nine high)
PrayFTR: mucks hand
aldofersini collected $41.50 from pot
*** SUMMARY ***
Total pot $42 | Rake $0.50
Board [4d 5d 7d 6d Qh]
Seat 6: aldofersini (big blind) showed [8s 9d] and won ($41.50) with a flush, Nine high
Seat 8: PrayFTR (button) (small blind) mucked


PokerStars Hand #144407277447:  Hold'em Limit ($3/$6 USD) - 2015/11/26 8:57:05 ET
Table 'Marlu' 10-max Seat #6 is the button
Seat 6: aldofersini ($110.31 in chips)
Seat 8: PrayFTR ($113.02 in chips)
aldofersini: posts small blind $1
PrayFTR: posts big blind $3
*** HOLE CARDS ***
aldofersini: folds
Uncalled bet ($2) returned to PrayFTR
PrayFTR collected $2 from pot
PrayFTR: doesn't show hand
*** SUMMARY ***
Total pot $2 | Rake $0
Seat 6: aldofersini (button) (small blind) folded before Flop
Seat 8: PrayFTR (big blind) collected ($2)


PokerStars Hand #144407312593:  Hold'em Limit ($3/$6 USD) - 2015/11/26 8:58:15 ET
Table 'Marlu' 10-max Seat #6 is the button
Seat 6: aldofersini ($113.81 in chips)
Seat 8: PrayFTR ($108.52 in chips)
aldofersini: posts small blind $1
PrayFTR: posts big blind $3
*** HOLE CARDS ***
aldofersini: raises $3 to $6
PrayFTR: calls $3
*** FLOP *** [Ac 9c 5s]
PrayFTR: checks
aldofersini: bets $3
PrayFTR: raises $3 to $6
aldofersini: raises $3 to $9
PrayFTR: calls $3
*** TURN *** [Ac 9c 5s] [Kc]
PrayFTR: checks
aldofersini: bets $6
PrayFTR: calls $6
*** RIVER *** [Ac 9c 5s Kc] [Jh]
PrayFTR: checks
aldofersini: bets $6
PrayFTR: calls $6
*** SHOW DOWN ***
aldofersini: shows [4s Tc] (high card Ace)
PrayFTR: shows [9s 3h] (a pair of Nines)
PrayFTR collected $53.50 from pot
*** SUMMARY ***
Total pot $54 | Rake $0.50
Board [Ac 9c 5s Kc Jh]
Seat 6: aldofersini (button) (small blind) showed [4s Tc] and lost with high card Ace
Seat 8: PrayFTR (big blind) showed [9s 3h] and won ($53.50) with a pair of Nines


PokerStars Hand #144407329864:  Hold'em Limit ($3/$6 USD) - 2015/11/26 8:58:49 ET
Table 'Marlu' 10-max Seat #6 is the button
Seat 6: aldofersini ($83.81 in chips)
Seat 8: PrayFTR ($138.02 in chips)
aldofersini: posts small blind $1
PrayFTR: posts big blind $3
*** HOLE CARDS ***
aldofersini: raises $3 to $6
SLK500 joins the table at seat #5
PrayFTR: calls $3
*** FLOP *** [Ks 9d Kh]
PrayFTR: checks
aldofersini: bets $3
PrayFTR: folds
Uncalled bet ($3) returned to aldofersini
aldofersini collected $11.76 from pot
aldofersini: doesn't show hand
*** SUMMARY ***
Total pot $12 | Rake $0.24
Board [Ks 9d Kh]
Seat 6: aldofersini (button) (small blind) collected ($11.76)
Seat 8: PrayFTR (big blind) folded on the Flop


PokerStars Hand #144407326204:  Hold'em Limit ($3/$6 USD) - 2015/11/26 8:58:42 ET
Table 'Marlu' 10-max Seat #8 is the button
Seat 6: aldofersini ($86.81 in chips)
Seat 8: PrayFTR ($135.02 in chips)
PrayFTR: posts small blind $1
aldofersini: posts big blind $3
*** HOLE CARDS ***
PrayFTR: raises $3 to $6
aldofersini: folds
Uncalled bet ($3) returned to PrayFTR
PrayFTR collected $6 from pot
PrayFTR: doesn't show hand
*** SUMMARY ***
Total pot $6 | Rake $0
Seat 6: aldofersini (big blind) folded before Flop
Seat 8: PrayFTR (button) (small blind) collected ($6)


PokerStars Hand #144408803763:  Hold'em Limit ($3/$6 USD) - 2015/11/26 9:38:49 ET
Table 'Marlu' 10-max Seat #8 is the button
Seat 6: LukaSteel ($120 in chips)
Seat 8: korrnel ($165.22 in chips)
korrnel: posts small blind $1
scorpio04: is sitting out
LukaSteel: posts big blind $3
*** HOLE CARDS ***
korrnel: raises $3 to $6
scorpio04 leaves the table
LukaSteel: calls $3
*** FLOP *** [Jh As Qd]
LukaSteel: checks
korrnel: bets $3
LukaSteel: raises $3 to $6
korrnel: calls $3
*** TURN *** [Jh As Qd] [8d]
LukaSteel: bets $6
korrnel: calls $6
*** RIVER *** [Jh As Qd 8d] [8c]
LukaSteel: bets $6
korrnel: calls $6
*** SHOW DOWN ***
LukaSteel: shows [Ac 3s] (two pair, Aces and Eights)
korrnel: shows [6h Ah] (two pair, Aces and Eights)
LukaSteel collected $23.75 from pot
korrnel collected $23.75 from pot
*** SUMMARY ***
Total pot $48 | Rake $0.50
Board [Jh As Qd 8d 8c]
Seat 6: LukaSteel (big blind) showed [Ac 3s] and won ($23.75) with two pair, Aces and Eights
Seat 8: korrnel (button) (small blind) showed [6h Ah] and won ($23.75) with two pair, Aces and Eights


PokerStars Hand #144408825115:  Hold'em Limit ($3/$6 USD) - 2015/11/26 9:39:23 ET
Table 'Marlu' 10-max Seat #6 is the button
Seat 6: LukaSteel ($120 in chips)
Seat 8: korrnel ($164.97 in chips)
LukaSteel: posts small blind $1
korrnel: posts big blind $3
*** HOLE CARDS ***
LukaSteel: raises $3 to $6
korrnel: folds
Uncalled bet ($3) returned to LukaSteel
LukaSteel collected $6 from pot
LukaSteel: doesn't show hand
*** SUMMARY ***
Total pot $6 | Rake $0
Seat 6: LukaSteel (button) (small blind) collected ($6)
Seat 8: korrnel (big blind) folded before Flop


