PokerStars Hand #145401108402:  Hold'em Limit ($3/$6 USD) - 2015/12/15 16:28:14 ET
Table 'Marlu' 6-max Seat #6 is the button
Seat 4: AzureCaper ($115.09 in chips)
Seat 6: artiZzt ($72 in chips)
artiZzt: posts small blind $1
REZOLUTION84: is sitting out
AzureCaper: posts big blind $3
*** HOLE CARDS ***
artiZzt: folds
Uncalled bet ($2) returned to AzureCaper
AzureCaper collected $2 from pot
AzureCaper: doesn't show hand
*** SUMMARY ***
Total pot $2 | Rake $0
Seat 4: AzureCaper (big blind) collected ($2)
Seat 6: artiZzt (button) (small blind) folded before Flop


PokerStars Hand #145401127836:  Hold'em Limit ($3/$6 USD) - 2015/12/15 16:28:35 ET
Table 'Marlu' 6-max Seat #4 is the button
Seat 4: AzureCaper ($116.09 in chips)
Seat 5: patrikskjold ($72 in chips)
AzureCaper: posts small blind $1
patrikskjold: posts big blind $3
*** HOLE CARDS ***
AzureCaper: raises $3 to $6
REZOLUTION84 joins the table at seat #1
patrikskjold: raises $3 to $9
AzureCaper: calls $3
*** FLOP *** [2c Jh Ad]
patrikskjold: bets $3
AzureCaper: calls $3
*** TURN *** [2c Jh Ad] [Qs]
artiZzt leaves the table
patrikskjold: bets $6
AzureCaper: calls $6
*** RIVER *** [2c Jh Ad Qs] [8h]
patrikskjold: bets $6
artiZzt joins the table at seat #2
AzureCaper: calls $6
*** SHOW DOWN ***
patrikskjold: shows [Td As] (a pair of Aces)
AzureCaper: mucks hand
patrikskjold collected $47.50 from pot
*** SUMMARY ***
Total pot $48 | Rake $0.50
Board [2c Jh Ad Qs 8h]
Seat 4: AzureCaper (button) (small blind) mucked
Seat 5: patrikskjold (big blind) showed [Td As] and won ($47.50) with a pair of Aces


PokerStars Hand #145401525630:  Hold'em Limit ($3/$6 USD) - 2015/12/15 16:35:26 ET
Table 'Marlu' 6-max Seat #2 is the button
Seat 1: REZOLUTION84 ($27.66 in chips)
Seat 2: artiZzt ($154.26 in chips)
artiZzt: posts small blind $1
REZOLUTION84: posts big blind $3
*** HOLE CARDS ***
artiZzt: folds
Uncalled bet ($2) returned to REZOLUTION84
REZOLUTION84 collected $2 from pot
REZOLUTION84: doesn't show hand
*** SUMMARY ***
Total pot $2 | Rake $0
Seat 1: REZOLUTION84 (big blind) collected ($2)
Seat 2: artiZzt (button) (small blind) folded before Flop


PokerStars Hand #145401509578:  Hold'em Limit ($3/$6 USD) - 2015/12/15 16:35:09 ET
Table 'Marlu' 6-max Seat #4 is the button
Seat 2: artiZzt ($153.26 in chips)
Seat 4: AzureCaper ($96.59 in chips)
AzureCaper: posts small blind $1
REZOLUTION84: is sitting out
artiZzt: posts big blind $3
*** HOLE CARDS ***
patrikskjold leaves the table
AzureCaper: folds
Uncalled bet ($2) returned to artiZzt
artiZzt collected $2 from pot
artiZzt: doesn't show hand
*** SUMMARY ***
Total pot $2 | Rake $0
Seat 2: artiZzt (big blind) collected ($2)
Seat 4: AzureCaper (button) (small blind) folded before Flop


PokerStars Hand #145401577734:  Hold'em Limit ($3/$6 USD) - 2015/12/15 16:36:20 ET
Table 'Marlu' 6-max Seat #1 is the button
Seat 1: REZOLUTION84 ($50.92 in chips)
Seat 2: artiZzt ($130.26 in chips)
REZOLUTION84: posts small blind $1
artiZzt: posts big blind $3
*** HOLE CARDS ***
REZOLUTION84: raises $3 to $6
Paulllchen joins the table at seat #6
artiZzt: calls $3
*** FLOP *** [2d Kh 6s]
artiZzt: checks
REZOLUTION84: bets $3
artiZzt: raises $3 to $6
REZOLUTION84: folds
Uncalled bet ($3) returned to artiZzt
artiZzt collected $17.64 from pot
artiZzt: doesn't show hand
*** SUMMARY ***
Total pot $18 | Rake $0.36
Board [2d Kh 6s]
Seat 1: REZOLUTION84 (button) (small blind) folded on the Flop
Seat 2: artiZzt (big blind) collected ($17.64)


PokerStars Hand #145401552625:  Hold'em Limit ($3/$6 USD) - 2015/12/15 16:35:54 ET
Table 'Marlu' 6-max Seat #2 is the button
Seat 1: REZOLUTION84 ($30.42 in chips)
Seat 2: artiZzt ($151.26 in chips)
artiZzt: posts small blind $1
REZOLUTION84: posts big blind $3
*** HOLE CARDS ***
artiZzt: raises $3 to $6
REZOLUTION84: calls $3
*** FLOP *** [Kh 3c 5d]
REZOLUTION84: checks
artiZzt: bets $3
REZOLUTION84: calls $3
*** TURN *** [Kh 3c 5d] [8h]
REZOLUTION84: checks
artiZzt: bets $6
REZOLUTION84: calls $6
*** RIVER *** [Kh 3c 5d 8h] [9c]
REZOLUTION84: checks
artiZzt: bets $6
REZOLUTION84: calls $6
*** SHOW DOWN ***
artiZzt: shows [5c Ac] (a pair of Fives)
REZOLUTION84: shows [8c 7c] (a pair of Eights)
REZOLUTION84 collected $41.50 from pot
*** SUMMARY ***
Total pot $42 | Rake $0.50
Board [Kh 3c 5d 8h 9c]
Seat 1: REZOLUTION84 (big blind) showed [8c 7c] and won ($41.50) with a pair of Eights
Seat 2: artiZzt (button) (small blind) showed [5c Ac] and lost with a pair of Fives


PokerStars Hand #145401542097:  Hold'em Limit ($3/$6 USD) - 2015/12/15 16:35:43 ET
Table 'Marlu' 6-max Seat #1 is the button
Seat 1: REZOLUTION84 ($24.66 in chips)
Seat 2: artiZzt ($157.26 in chips)
REZOLUTION84: posts small blind $1
artiZzt: posts big blind $3
*** HOLE CARDS ***
REZOLUTION84: raises $3 to $6
artiZzt: calls $3
*** FLOP *** [7d Jd 4c]
artiZzt: checks
REZOLUTION84: bets $3
artiZzt: folds
Uncalled bet ($3) returned to REZOLUTION84
REZOLUTION84 collected $11.76 from pot
REZOLUTION84: doesn't show hand
*** SUMMARY ***
Total pot $12 | Rake $0.24
Board [7d Jd 4c]
Seat 1: REZOLUTION84 (button) (small blind) collected ($11.76)
Seat 2: artiZzt (big blind) folded on the Flop


PokerStars Hand #145401537601:  Hold'em Limit ($3/$6 USD) - 2015/12/15 16:35:38 ET
Table 'Marlu' 6-max Seat #2 is the button
Seat 1: REZOLUTION84 ($27.66 in chips)
Seat 2: artiZzt ($154.26 in chips)
artiZzt: posts small blind $1
REZOLUTION84: posts big blind $3
*** HOLE CARDS ***
artiZzt: raises $3 to $6
REZOLUTION84: folds
Uncalled bet ($3) returned to artiZzt
artiZzt collected $6 from pot
artiZzt: doesn't show hand
*** SUMMARY ***
Total pot $6 | Rake $0
Seat 1: REZOLUTION84 (big blind) folded before Flop
Seat 2: artiZzt (button) (small blind) collected ($6)


PokerStars Hand #145401531811:  Hold'em Limit ($3/$6 USD) - 2015/12/15 16:35:32 ET
Table 'Marlu' 6-max Seat #1 is the button
Seat 1: REZOLUTION84 ($28.66 in chips)
Seat 2: artiZzt ($153.26 in chips)
REZOLUTION84: posts small blind $1
artiZzt: posts big blind $3
*** HOLE CARDS ***
REZOLUTION84: folds
Uncalled bet ($2) returned to artiZzt
artiZzt collected $2 from pot
artiZzt: doesn't show hand
*** SUMMARY ***
Total pot $2 | Rake $0
Seat 1: REZOLUTION84 (button) (small blind) folded before Flop
Seat 2: artiZzt (big blind) collected ($2)


