PokerStars Hand #160402975832:  Hold'em Limit ($3/$6 USD) - 2016/10/24 23:27:56 ET
Table 'Marmara' 6-max Seat #1 is the button
Seat 1: RaisemyNut$ ($112.32 in chips)
Seat 6: sil1155 ($13.35 in chips)
RaisemyNut$: posts small blind $1
sil1155: posts big blind $3
*** HOLE CARDS ***
RaisemyNut$: raises $3 to $6
sil1155: raises $3 to $9
RaisemyNut$: calls $3
*** FLOP *** [Td 3s Js]
sil1155: bets $3
RaisemyNut$: folds
Uncalled bet ($3) returned to sil1155
sil1155 collected $17.64 from pot
sil1155: doesn't show hand
*** SUMMARY ***
Total pot $18 | Rake $0.36
Board [Td 3s Js]
Seat 1: RaisemyNut$ (button) (small blind) folded on the Flop
Seat 6: sil1155 (big blind) collected ($17.64)


PokerStars Hand #160402968944:  Hold'em Limit ($3/$6 USD) - 2016/10/24 23:27:32 ET
Table 'Marmara' 6-max Seat #1 is the button
Seat 1: RaisemyNut$ ($94.82 in chips)
Seat 6: sil1155 ($31.35 in chips)
RaisemyNut$: posts small blind $1
wobetting: is sitting out
sil1155: posts big blind $3
*** HOLE CARDS ***
RaisemyNut$: raises $3 to $6
wobetting leaves the table
sil1155: folds
Uncalled bet ($3) returned to RaisemyNut$
RaisemyNut$ collected $6 from pot
RaisemyNut$: doesn't show hand
*** SUMMARY ***
Total pot $6 | Rake $0
Seat 1: RaisemyNut$ (button) (small blind) collected ($6)
Seat 6: sil1155 (big blind) folded before Flop


PokerStars Hand #160402978721:  Hold'em Limit ($3/$6 USD) - 2016/10/24 23:28:07 ET
Table 'Marmara' 6-max Seat #6 is the button
Seat 1: RaisemyNut$ ($103.32 in chips)
Seat 6: sil1155 ($21.99 in chips)
sil1155: posts small blind $1
RaisemyNut$: posts big blind $3
*** HOLE CARDS ***
sil1155: folds
Uncalled bet ($2) returned to RaisemyNut$
RaisemyNut$ collected $2 from pot
RaisemyNut$: doesn't show hand
*** SUMMARY ***
Total pot $2 | Rake $0
Seat 1: RaisemyNut$ (big blind) collected ($2)
Seat 6: sil1155 (button) (small blind) folded before Flop


PokerStars Hand #160402970876:  Hold'em Limit ($3/$6 USD) - 2016/10/24 23:27:39 ET
Table 'Marmara' 6-max Seat #6 is the button
Seat 1: RaisemyNut$ ($97.82 in chips)
Seat 6: sil1155 ($28.35 in chips)
sil1155: posts small blind $1
RaisemyNut$: posts big blind $3
*** HOLE CARDS ***
sil1155: raises $3 to $6
RaisemyNut$: calls $3
*** FLOP *** [8h 4s 2d]
RaisemyNut$: checks
sil1155: bets $3
RaisemyNut$: calls $3
*** TURN *** [8h 4s 2d] [3s]
RaisemyNut$: checks
sil1155: checks
*** RIVER *** [8h 4s 2d 3s] [6c]
RaisemyNut$: bets $6
sil1155: calls $6
*** SHOW DOWN ***
RaisemyNut$: shows [6d Js] (a pair of Sixes)
sil1155: mucks hand
RaisemyNut$ collected $29.50 from pot
*** SUMMARY ***
Total pot $30 | Rake $0.50
Board [8h 4s 2d 3s 6c]
Seat 1: RaisemyNut$ (big blind) showed [6d Js] and won ($29.50) with a pair of Sixes
Seat 6: sil1155 (button) (small blind) mucked


PokerStars Hand #160402986935:  Hold'em Limit ($3/$6 USD) - 2016/10/24 23:28:36 ET
Table 'Marmara' 6-max Seat #1 is the button
Seat 1: RaisemyNut$ ($96.32 in chips)
Seat 6: sil1155 ($28.63 in chips)
RaisemyNut$: posts small blind $1
sil1155: posts big blind $3
*** HOLE CARDS ***
RaisemyNut$: raises $3 to $6
sil1155: raises $3 to $9
RaisemyNut$: raises $3 to $12
Betting is capped
sil1155: calls $3
*** FLOP *** [9h Jd 3s]
sil1155: checks
kaypoker619 joins the table at seat #3
RaisemyNut$: bets $3
sil1155: raises $3 to $6
RaisemyNut$: calls $3
*** TURN *** [9h Jd 3s] [6c]
sil1155: bets $6
RaisemyNut$: raises $6 to $12
sil1155: calls $4.63 and is all-in
Uncalled bet ($1.37) returned to RaisemyNut$
*** RIVER *** [9h Jd 3s 6c] [Th]
*** SHOW DOWN ***
sil1155: shows [Tc Js] (two pair, Jacks and Tens)
RaisemyNut$: shows [Jc Jh] (three of a kind, Jacks)
RaisemyNut$ collected $56.76 from pot
*** SUMMARY ***
Total pot $57.26 | Rake $0.50
Board [9h Jd 3s 6c Th]
Seat 1: RaisemyNut$ (button) (small blind) showed [Jc Jh] and won ($56.76) with three of a kind, Jacks
Seat 6: sil1155 (big blind) showed [Tc Js] and lost with two pair, Jacks and Tens


PokerStars Hand #160402985444:  Hold'em Limit ($3/$6 USD) - 2016/10/24 23:28:30 ET
Table 'Marmara' 6-max Seat #6 is the button
Seat 1: RaisemyNut$ ($95.32 in chips)
Seat 6: sil1155 ($29.63 in chips)
sil1155: posts small blind $1
RaisemyNut$: posts big blind $3
*** HOLE CARDS ***
sil1155: folds
Uncalled bet ($2) returned to RaisemyNut$
RaisemyNut$ collected $2 from pot
RaisemyNut$: doesn't show hand
*** SUMMARY ***
Total pot $2 | Rake $0
Seat 1: RaisemyNut$ (big blind) collected ($2)
Seat 6: sil1155 (button) (small blind) folded before Flop


PokerStars Hand #160402980227:  Hold'em Limit ($3/$6 USD) - 2016/10/24 23:28:12 ET
Table 'Marmara' 6-max Seat #1 is the button
Seat 1: RaisemyNut$ ($104.32 in chips)
Seat 6: sil1155 ($20.99 in chips)
RaisemyNut$: posts small blind $1
sil1155: posts big blind $3
*** HOLE CARDS ***
RaisemyNut$: raises $3 to $6
sil1155: raises $3 to $9
RaisemyNut$: calls $3
*** FLOP *** [Kc 9d 4h]
sil1155: bets $3
RaisemyNut$: folds
Uncalled bet ($3) returned to sil1155
sil1155 collected $17.64 from pot
sil1155: doesn't show hand
*** SUMMARY ***
Total pot $18 | Rake $0.36
Board [Kc 9d 4h]
Seat 1: RaisemyNut$ (button) (small blind) folded on the Flop
Seat 6: sil1155 (big blind) collected ($17.64)


PokerStars Hand #160403006991:  Hold'em Limit ($3/$6 USD) - 2016/10/24 23:29:48 ET
Table 'Marmara' 6-max Seat #1 is the button
Seat 1: RaisemyNut$ ($138.95 in chips)
Seat 3: kaypoker619 ($45 in chips)
RaisemyNut$: posts small blind $1
kaypoker619: posts big blind $3
*** HOLE CARDS ***
RaisemyNut$: folds
Uncalled bet ($2) returned to kaypoker619
kaypoker619 collected $2 from pot
kaypoker619: doesn't show hand
*** SUMMARY ***
Total pot $2 | Rake $0
Seat 1: RaisemyNut$ (button) (small blind) folded before Flop
Seat 3: kaypoker619 (big blind) collected ($2)


PokerStars Hand #160403008667:  Hold'em Limit ($3/$6 USD) - 2016/10/24 23:29:54 ET
Table 'Marmara' 6-max Seat #3 is the button
Seat 1: RaisemyNut$ ($137.95 in chips)
Seat 3: kaypoker619 ($46 in chips)
kaypoker619: posts small blind $1
RaisemyNut$: posts big blind $3
*** HOLE CARDS ***
kaypoker619: calls $2
RaisemyNut$: checks
*** FLOP *** [Jd Tc Jh]
RaisemyNut$: bets $3
kaypoker619: calls $3
*** TURN *** [Jd Tc Jh] [8d]
RaisemyNut$: bets $6
kaypoker619: folds
Uncalled bet ($6) returned to RaisemyNut$
RaisemyNut$ collected $11.76 from pot
RaisemyNut$: doesn't show hand
*** SUMMARY ***
Total pot $12 | Rake $0.24
Board [Jd Tc Jh 8d]
Seat 1: RaisemyNut$ (big blind) collected ($11.76)
Seat 3: kaypoker619 (button) (small blind) folded on the Turn


PokerStars Hand #160402998647:  Hold'em Limit ($3/$6 USD) - 2016/10/24 23:29:18 ET
Table 'Marmara' 6-max Seat #3 is the button
Seat 1: RaisemyNut$ ($124.45 in chips)
Seat 3: kaypoker619 ($60 in chips)
kaypoker619: posts small blind $1
RaisemyNut$: posts big blind $3
*** HOLE CARDS ***
kaypoker619: calls $2
RaisemyNut$: raises $3 to $6
kaypoker619: calls $3
*** FLOP *** [6s 5h 3h]
RaisemyNut$: bets $3
kaypoker619: calls $3
*** TURN *** [6s 5h 3h] [As]
RaisemyNut$: bets $6
kaypoker619: calls $6
*** RIVER *** [6s 5h 3h As] [3d]
RaisemyNut$: bets $6
kaypoker619: folds
Uncalled bet ($6) returned to RaisemyNut$
RaisemyNut$ collected $29.50 from pot
RaisemyNut$: doesn't show hand
*** SUMMARY ***
Total pot $30 | Rake $0.50
Board [6s 5h 3h As 3d]
Seat 1: RaisemyNut$ (big blind) collected ($29.50)
Seat 3: kaypoker619 (button) (small blind) folded on the River


PokerStars Hand #160403014551:  Hold'em Limit ($3/$6 USD) - 2016/10/24 23:30:15 ET
Table 'Marmara' 6-max Seat #1 is the button
Seat 1: RaisemyNut$ ($143.71 in chips)
Seat 3: kaypoker619 ($40 in chips)
RaisemyNut$: posts small blind $1
kaypoker619: posts big blind $3
*** HOLE CARDS ***
RaisemyNut$: raises $3 to $6
kaypoker619: calls $3
*** FLOP *** [2c 9s 2h]
kaypoker619: bets $3
RaisemyNut$: calls $3
*** TURN *** [2c 9s 2h] [3d]
kaypoker619: checks
RaisemyNut$: bets $6
AzureCaper joins the table at seat #4
kaypoker619: folds
Uncalled bet ($6) returned to RaisemyNut$
RaisemyNut$ collected $17.64 from pot
RaisemyNut$: doesn't show hand
*** SUMMARY ***
Total pot $18 | Rake $0.36
Board [2c 9s 2h 3d]
Seat 1: RaisemyNut$ (button) (small blind) collected ($17.64)
Seat 3: kaypoker619 (big blind) folded on the Turn


PokerStars Hand #160403049552:  Hold'em Limit ($3/$6 USD) - 2016/10/24 23:32:21 ET
Table 'Marmara' 6-max Seat #1 is the button
Seat 1: RaisemyNut$ ($180.61 in chips)
Seat 4: AzureCaper ($91.92 in chips)
loossenup will be allowed to play after the button
RaisemyNut$: posts small blind $1
AzureCaper: posts big blind $3
*** HOLE CARDS ***
RaisemyNut$: raises $3 to $6
AzureCaper: calls $3
*** FLOP *** [9h 9c 2c]
kaypoker619 leaves the table
AzureCaper: checks
RaisemyNut$: bets $3
AzureCaper: folds
Uncalled bet ($3) returned to RaisemyNut$
RaisemyNut$ collected $11.76 from pot
RaisemyNut$: doesn't show hand
*** SUMMARY ***
Total pot $12 | Rake $0.24
Board [9h 9c 2c]
Seat 1: RaisemyNut$ (button) (small blind) collected ($11.76)
Seat 4: AzureCaper (big blind) folded on the Flop


PokerStars Hand #160405106629:  Hold'em Limit ($3/$6 USD) - 2016/10/25 1:51:42 ET
Table 'Marmara' 6-max Seat #1 is the button
Seat 1: Garuda Black ($37 in chips)
Seat 4: play4uron ($175.61 in chips)
Garuda Black: posts small blind $1
wobetting: is sitting out
play4uron: posts big blind $3
*** HOLE CARDS ***
Garuda Black: folds
Uncalled bet ($2) returned to play4uron
play4uron collected $2 from pot
play4uron: doesn't show hand
*** SUMMARY ***
Total pot $2 | Rake $0
Seat 1: Garuda Black (button) (small blind) folded before Flop
Seat 4: play4uron (big blind) collected ($2)


