PokerStars Hand #156871366089:  Hold'em Limit ($3/$6 USD) - 2016/08/04 17:55:21 ET
Table 'Marmara' 6-max Seat #4 is the button
Seat 4: AzureCaper ($72 in chips)
Seat 5: asino222 ($81.28 in chips)
AzureCaper: posts small blind $1
asino222: posts big blind $3
*** HOLE CARDS ***
AzureCaper: folds
Uncalled bet ($2) returned to asino222
asino222 collected $2 from pot
asino222: doesn't show hand
*** SUMMARY ***
Total pot $2 | Rake $0
Seat 4: AzureCaper (button) (small blind) folded before Flop
Seat 5: asino222 (big blind) collected ($2)


PokerStars Hand #156871360550:  Hold'em Limit ($3/$6 USD) - 2016/08/04 17:55:11 ET
Table 'Marmara' 6-max Seat #5 is the button
Seat 4: AzureCaper ($72 in chips)
Seat 5: asino222 ($78.28 in chips)
asino222: posts small blind $1
AzureCaper: posts big blind $3
*** HOLE CARDS ***
asino222: raises $3 to $6
AzureCaper: folds
Uncalled bet ($3) returned to asino222
asino222 collected $6 from pot
asino222: doesn't show hand
*** SUMMARY ***
Total pot $6 | Rake $0
Seat 4: AzureCaper (big blind) folded before Flop
Seat 5: asino222 (button) (small blind) collected ($6)


PokerStars Hand #156871357796:  Hold'em Limit ($3/$6 USD) - 2016/08/04 17:55:06 ET
Table 'Marmara' 6-max Seat #4 is the button
Seat 4: AzureCaper ($72 in chips)
Seat 5: asino222 ($77.28 in chips)
AzureCaper: posts small blind $1
asino222: posts big blind $3
*** HOLE CARDS ***
AzureCaper: folds
Uncalled bet ($2) returned to asino222
asino222 collected $2 from pot
asino222: doesn't show hand
*** SUMMARY ***
Total pot $2 | Rake $0
Seat 4: AzureCaper (button) (small blind) folded before Flop
Seat 5: asino222 (big blind) collected ($2)


PokerStars Hand #156871352854:  Hold'em Limit ($3/$6 USD) - 2016/08/04 17:54:59 ET
Table 'Marmara' 6-max Seat #5 is the button
Seat 4: AzureCaper ($75 in chips)
Seat 5: asino222 ($74.28 in chips)
asino222: posts small blind $1
AzureCaper: posts big blind $3
*** HOLE CARDS ***
asino222: raises $3 to $6
AzureCaper: folds
Uncalled bet ($3) returned to asino222
asino222 collected $6 from pot
asino222: doesn't show hand
*** SUMMARY ***
Total pot $6 | Rake $0
Seat 4: AzureCaper (big blind) folded before Flop
Seat 5: asino222 (button) (small blind) collected ($6)


PokerStars Hand #156871349782:  Hold'em Limit ($3/$6 USD) - 2016/08/04 17:54:55 ET
Table 'Marmara' 6-max Seat #4 is the button
Seat 4: AzureCaper ($72 in chips)
Seat 5: asino222 ($77.28 in chips)
AzureCaper: posts small blind $1
asino222: posts big blind $3
*** HOLE CARDS ***
AzureCaper: raises $3 to $6
asino222: folds
Uncalled bet ($3) returned to AzureCaper
AzureCaper collected $6 from pot
AzureCaper: doesn't show hand
*** SUMMARY ***
Total pot $6 | Rake $0
Seat 4: AzureCaper (button) (small blind) collected ($6)
Seat 5: asino222 (big blind) folded before Flop


PokerStars Hand #156871340884:  Hold'em Limit ($3/$6 USD) - 2016/08/04 17:54:42 ET
Table 'Marmara' 6-max Seat #5 is the button
Seat 4: AzureCaper ($75 in chips)
Seat 5: asino222 ($71.52 in chips)
asino222: posts small blind $1
AzureCaper: posts big blind $3
*** HOLE CARDS ***
asino222: raises $3 to $6
AzureCaper: calls $3
*** FLOP *** [4s As 8d]
AzureCaper: checks
asino222: bets $3
AzureCaper: folds
Uncalled bet ($3) returned to asino222
asino222 collected $11.76 from pot
asino222: doesn't show hand
*** SUMMARY ***
Total pot $12 | Rake $0.24
Board [4s As 8d]
Seat 4: AzureCaper (big blind) folded on the Flop
Seat 5: asino222 (button) (small blind) collected ($11.76)


PokerStars Hand #156871337482:  Hold'em Limit ($3/$6 USD) - 2016/08/04 17:54:37 ET
Table 'Marmara' 6-max Seat #4 is the button
Seat 4: AzureCaper ($72 in chips)
Seat 5: asino222 ($74.52 in chips)
AzureCaper: posts small blind $1
asino222: posts big blind $3
*** HOLE CARDS ***
AzureCaper: raises $3 to $6
asino222: folds
Uncalled bet ($3) returned to AzureCaper
AzureCaper collected $6 from pot
AzureCaper: doesn't show hand
*** SUMMARY ***
Total pot $6 | Rake $0
Seat 4: AzureCaper (button) (small blind) collected ($6)
Seat 5: asino222 (big blind) folded before Flop


PokerStars Hand #156871333182:  Hold'em Limit ($3/$6 USD) - 2016/08/04 17:54:30 ET
Table 'Marmara' 6-max Seat #5 is the button
Seat 4: AzureCaper ($72 in chips)
Seat 5: asino222 ($71.52 in chips)
asino222: posts small blind $1
AzureCaper: posts big blind $3
*** HOLE CARDS ***
asino222: raises $3 to $6
AzureCaper: folds
Uncalled bet ($3) returned to asino222
asino222 collected $6 from pot
asino222: doesn't show hand
*** SUMMARY ***
Total pot $6 | Rake $0
Seat 4: AzureCaper (big blind) folded before Flop
Seat 5: asino222 (button) (small blind) collected ($6)


PokerStars Hand #156871388294:  Hold'em Limit ($3/$6 USD) - 2016/08/04 17:55:46 ET
Table 'Marmara' 6-max Seat #4 is the button
Seat 4: AzureCaper ($95.50 in chips)
Seat 5: asino222 ($58.28 in chips)
AzureCaper: posts small blind $1
asino222: posts big blind $3
*** HOLE CARDS ***
AzureCaper: raises $3 to $6
asino222: calls $3
*** FLOP *** [Kh Js 3d]
asino222: checks
AzureCaper: bets $3
asino222: calls $3
*** TURN *** [Kh Js 3d] [7d]
asino222: checks
AzureCaper: checks
*** RIVER *** [Kh Js 3d 7d] [8c]
asino222: bets $6
AzureCaper: calls $6
*** SHOW DOWN ***
asino222: shows [5c Jh] (a pair of Jacks)
AzureCaper: mucks hand
asino222 collected $29.50 from pot
*** SUMMARY ***
Total pot $30 | Rake $0.50
Board [Kh Js 3d 7d 8c]
Seat 4: AzureCaper (button) (small blind) mucked
Seat 5: asino222 (big blind) showed [5c Jh] and won ($29.50) with a pair of Jacks


PokerStars Hand #156871417833:  Hold'em Limit ($3/$6 USD) - 2016/08/04 17:56:40 ET
Table 'Marmara' 6-max Seat #4 is the button
Seat 4: AzureCaper ($94.78 in chips)
Seat 5: asino222 ($57.78 in chips)
AzureCaper: posts small blind $1
asino222: posts big blind $3
*** HOLE CARDS ***
pamrudy joins the table at seat #6
AzureCaper: raises $3 to $6
asino222: calls $3
*** FLOP *** [9h 7d 3c]
asino222: checks
AzureCaper: bets $3
asino222: calls $3
*** TURN *** [9h 7d 3c] [Js]
asino222: checks
AzureCaper: bets $6
asino222: calls $6
*** RIVER *** [9h 7d 3c Js] [8c]
asino222: checks
AzureCaper: checks
*** SHOW DOWN ***
asino222: shows [7c 6d] (a pair of Sevens)
AzureCaper: shows [5c 8h] (a pair of Eights)
AzureCaper collected $29.50 from pot
*** SUMMARY ***
Total pot $30 | Rake $0.50
Board [9h 7d 3c Js 8c]
Seat 4: AzureCaper (button) (small blind) showed [5c 8h] and won ($29.50) with a pair of Eights
Seat 5: asino222 (big blind) showed [7c 6d] and lost with a pair of Sevens


PokerStars Hand #156871414783:  Hold'em Limit ($3/$6 USD) - 2016/08/04 17:56:34 ET
Table 'Marmara' 6-max Seat #5 is the button
Seat 4: AzureCaper ($97.78 in chips)
Seat 5: asino222 ($54.78 in chips)
asino222: posts small blind $1
AzureCaper: posts big blind $3
*** HOLE CARDS ***
asino222: raises $3 to $6
AzureCaper: folds
Uncalled bet ($3) returned to asino222
asino222 collected $6 from pot
asino222: doesn't show hand
*** SUMMARY ***
Total pot $6 | Rake $0
Seat 4: AzureCaper (big blind) folded before Flop
Seat 5: asino222 (button) (small blind) collected ($6)


PokerStars Hand #156871406682:  Hold'em Limit ($3/$6 USD) - 2016/08/04 17:56:20 ET
Table 'Marmara' 6-max Seat #4 is the button
Seat 4: AzureCaper ($92.02 in chips)
Seat 5: asino222 ($60.78 in chips)
AzureCaper: posts small blind $1
asino222: posts big blind $3
*** HOLE CARDS ***
AzureCaper: raises $3 to $6
asino222: calls $3
*** FLOP *** [Qh 7c 5s]
asino222: checks
AzureCaper: bets $3
asino222: folds
Uncalled bet ($3) returned to AzureCaper
AzureCaper collected $11.76 from pot
AzureCaper: doesn't show hand
*** SUMMARY ***
Total pot $12 | Rake $0.24
Board [Qh 7c 5s]
Seat 4: AzureCaper (button) (small blind) collected ($11.76)
Seat 5: asino222 (big blind) folded on the Flop


PokerStars Hand #156871399268:  Hold'em Limit ($3/$6 USD) - 2016/08/04 17:56:06 ET
Table 'Marmara' 6-max Seat #5 is the button
Seat 4: AzureCaper ($80.50 in chips)
Seat 5: asino222 ($72.78 in chips)
asino222: posts small blind $1
AzureCaper: posts big blind $3
*** HOLE CARDS ***
asino222: raises $3 to $6
AzureCaper: calls $3
*** FLOP *** [6d 2d 8h]
AzureCaper: checks
asino222: bets $3
AzureCaper: raises $3 to $6
asino222: calls $3
*** TURN *** [6d 2d 8h] [3d]
AzureCaper: bets $6
asino222: folds
Uncalled bet ($6) returned to AzureCaper
AzureCaper collected $23.52 from pot
AzureCaper: doesn't show hand
*** SUMMARY ***
Total pot $24 | Rake $0.48
Board [6d 2d 8h 3d]
Seat 4: AzureCaper (big blind) collected ($23.52)
Seat 5: asino222 (button) (small blind) folded on the Turn


PokerStars Hand #156871368579:  Hold'em Limit ($3/$6 USD) - 2016/08/04 17:55:26 ET
Table 'Marmara' 6-max Seat #5 is the button
Seat 4: AzureCaper ($72 in chips)
Seat 5: asino222 ($82.28 in chips)
asino222: posts small blind $1
AzureCaper: posts big blind $3
*** HOLE CARDS ***
asino222: raises $3 to $6
AzureCaper: calls $3
*** FLOP *** [Js 5s Jh]
AzureCaper: checks
asino222: bets $3
AzureCaper: raises $3 to $6
asino222: calls $3
*** TURN *** [Js 5s Jh] [3h]
AzureCaper: bets $6
asino222: raises $6 to $12
AzureCaper: calls $6
*** RIVER *** [Js 5s Jh 3h] [8s]
AzureCaper: checks
asino222: checks
*** SHOW DOWN ***
AzureCaper: shows [5d 8d] (two pair, Jacks and Eights)
asino222: mucks hand
AzureCaper collected $47.50 from pot
*** SUMMARY ***
Total pot $48 | Rake $0.50
Board [Js 5s Jh 3h 8s]
Seat 4: AzureCaper (big blind) showed [5d 8d] and won ($47.50) with two pair, Jacks and Eights
Seat 5: asino222 (button) (small blind) mucked


PokerStars Hand #156871939976:  Hold'em Limit ($3/$6 USD) - 2016/08/04 18:09:32 ET
Table 'Marmara' 6-max Seat #4 is the button
Seat 4: AzureCaper ($210 in chips)
Seat 6: pamrudy ($59.90 in chips)
vestimokrec joins the table at seat #1
AzureCaper: posts small blind $1
pamrudy: posts big blind $3
*** HOLE CARDS ***
AzureCaper: folds
Uncalled bet ($2) returned to pamrudy
pamrudy collected $2 from pot
*** SUMMARY ***
Total pot $2 | Rake $0
Seat 4: AzureCaper (button) (small blind) folded before Flop
Seat 6: pamrudy (big blind) collected ($2)


