PokerStars Hand #150059319581:  Hold'em Limit ($3/$6 USD) - 2016/03/08 19:04:51 ET
Table 'Mars III' 6-max Seat #2 is the button
Seat 2: ccashark ($90.89 in chips)
Seat 5: Azrarn ($191.64 in chips)
ccashark: posts small blind $1
Azrarn: posts big blind $3
*** HOLE CARDS ***
ccashark: folds
Uncalled bet ($2) returned to Azrarn
Azrarn collected $2 from pot
Azrarn: doesn't show hand
*** SUMMARY ***
Total pot $2 | Rake $0
Seat 2: ccashark (button) (small blind) folded before Flop
Seat 5: Azrarn (big blind) collected ($2)


PokerStars Hand #150059305212:  Hold'em Limit ($3/$6 USD) - 2016/03/08 19:04:30 ET
Table 'Mars III' 6-max Seat #5 is the button
Seat 2: ccashark ($76.39 in chips)
Seat 5: Azrarn ($206.64 in chips)
Azrarn: posts small blind $1
AzureCaper: is sitting out
ccashark: posts big blind $3
*** HOLE CARDS ***
Azrarn: raises $3 to $6
ccashark: calls $3
*** FLOP *** [6s 8d 3h]
ccashark: checks
Azrarn: bets $3
ccashark: calls $3
*** TURN *** [6s 8d 3h] [8s]
ccashark: checks
Azrarn: bets $6
AzureCaper leaves the table
ccashark: raises $6 to $12
Azrarn: folds
Uncalled bet ($6) returned to ccashark
ccashark collected $29.50 from pot
ccashark: doesn't show hand
*** SUMMARY ***
Total pot $30 | Rake $0.50
Board [6s 8d 3h 8s]
Seat 2: ccashark (big blind) collected ($29.50)
Seat 5: Azrarn (button) (small blind) folded on the Turn


PokerStars Hand #150059360242:  Hold'em Limit ($3/$6 USD) - 2016/03/08 19:05:52 ET
Table 'Mars III' 6-max Seat #2 is the button
Seat 2: ccashark ($55.89 in chips)
Seat 5: Azrarn ($226.14 in chips)
ccashark: posts small blind $1
Azrarn: posts big blind $3
*** HOLE CARDS ***
kismespit joins the table at seat #6
ccashark: folds
Uncalled bet ($2) returned to Azrarn
Azrarn collected $2 from pot
Azrarn: doesn't show hand
*** SUMMARY ***
Total pot $2 | Rake $0
Seat 2: ccashark (button) (small blind) folded before Flop
Seat 5: Azrarn (big blind) collected ($2)


PokerStars Hand #150059356228:  Hold'em Limit ($3/$6 USD) - 2016/03/08 19:05:46 ET
Table 'Mars III' 6-max Seat #5 is the button
Seat 2: ccashark ($58.89 in chips)
Seat 5: Azrarn ($223.14 in chips)
Azrarn: posts small blind $1
ccashark: posts big blind $3
*** HOLE CARDS ***
Azrarn: raises $3 to $6
ccashark: folds
Uncalled bet ($3) returned to Azrarn
Azrarn collected $6 from pot
Azrarn: doesn't show hand
Guri_Japa leaves the table
*** SUMMARY ***
Total pot $6 | Rake $0
Seat 2: ccashark (big blind) folded before Flop
Seat 5: Azrarn (button) (small blind) collected ($6)


PokerStars Hand #150059338003:  Hold'em Limit ($3/$6 USD) - 2016/03/08 19:05:19 ET
Table 'Mars III' 6-max Seat #2 is the button
Seat 2: ccashark ($82.89 in chips)
Seat 5: Azrarn ($199.64 in chips)
ccashark: posts small blind $1
Azrarn: posts big blind $3
*** HOLE CARDS ***
ccashark: raises $3 to $6
Azrarn: calls $3
*** FLOP *** [Ah 6h 8h]
Azrarn: checks
ccashark: bets $3
Azrarn: raises $3 to $6
ccashark: calls $3
*** TURN *** [Ah 6h 8h] [3s]
Azrarn: bets $6
ccashark: calls $6
*** RIVER *** [Ah 6h 8h 3s] [Ts]
Azrarn: bets $6
ccashark: calls $6
*** SHOW DOWN ***
Azrarn: shows [Ad 3d] (two pair, Aces and Threes)
ccashark: mucks hand
Azrarn collected $47.50 from pot
*** SUMMARY ***
Total pot $48 | Rake $0.50
Board [Ah 6h 8h 3s Ts]
Seat 2: ccashark (button) (small blind) mucked
Seat 5: Azrarn (big blind) showed [Ad 3d] and won ($47.50) with two pair, Aces and Threes


PokerStars Hand #150059331536:  Hold'em Limit ($3/$6 USD) - 2016/03/08 19:05:09 ET
Table 'Mars III' 6-max Seat #5 is the button
Seat 2: ccashark ($85.89 in chips)
Seat 5: Azrarn ($196.64 in chips)
Azrarn: posts small blind $1
ccashark: posts big blind $3
*** HOLE CARDS ***
Azrarn: raises $3 to $6
ccashark: folds
Uncalled bet ($3) returned to Azrarn
Azrarn collected $6 from pot
Azrarn: doesn't show hand
*** SUMMARY ***
Total pot $6 | Rake $0
Seat 2: ccashark (big blind) folded before Flop
Seat 5: Azrarn (button) (small blind) collected ($6)


PokerStars Hand #150059327946:  Hold'em Limit ($3/$6 USD) - 2016/03/08 19:05:04 ET
Table 'Mars III' 6-max Seat #2 is the button
Seat 2: ccashark ($86.89 in chips)
Seat 5: Azrarn ($195.64 in chips)
ccashark: posts small blind $1
Azrarn: posts big blind $3
*** HOLE CARDS ***
ccashark: folds
Uncalled bet ($2) returned to Azrarn
Azrarn collected $2 from pot
Azrarn: doesn't show hand
*** SUMMARY ***
Total pot $2 | Rake $0
Seat 2: ccashark (button) (small blind) folded before Flop
Seat 5: Azrarn (big blind) collected ($2)


PokerStars Hand #150059323281:  Hold'em Limit ($3/$6 USD) - 2016/03/08 19:04:57 ET
Table 'Mars III' 6-max Seat #5 is the button
Seat 2: ccashark ($89.89 in chips)
Seat 5: Azrarn ($192.64 in chips)
Azrarn: posts small blind $1
ccashark: posts big blind $3
*** HOLE CARDS ***
Azrarn: raises $3 to $6
ccashark: folds
Uncalled bet ($3) returned to Azrarn
Azrarn collected $6 from pot
Azrarn: doesn't show hand
*** SUMMARY ***
Total pot $6 | Rake $0
Seat 2: ccashark (big blind) folded before Flop
Seat 5: Azrarn (button) (small blind) collected ($6)


PokerStars Hand #150059396451:  Hold'em Limit ($3/$6 USD) - 2016/03/08 19:06:46 ET
Table 'Mars III' 6-max Seat #2 is the button
Seat 2: ccashark ($59.89 in chips)
Seat 6: kismespit ($109 in chips)
ccashark: posts small blind $1
kismespit: posts big blind $3
*** HOLE CARDS ***
ccashark: raises $3 to $6
kismespit: calls $3
*** FLOP *** [3c 8c Jh]
kismespit: checks
ccashark: bets $3
kismespit: folds
Uncalled bet ($3) returned to ccashark
ccashark collected $11.76 from pot
ccashark: doesn't show hand
*** SUMMARY ***
Total pot $12 | Rake $0.24
Board [3c 8c Jh]
Seat 2: ccashark (button) (small blind) collected ($11.76)
Seat 6: kismespit (big blind) folded on the Flop


PokerStars Hand #150059393201:  Hold'em Limit ($3/$6 USD) - 2016/03/08 19:06:41 ET
Table 'Mars III' 6-max Seat #6 is the button
Seat 2: ccashark ($58.89 in chips)
Seat 6: kismespit ($110 in chips)
kismespit: posts small blind $1
ccashark: posts big blind $3
*** HOLE CARDS ***
kismespit: folds
Uncalled bet ($2) returned to ccashark
ccashark collected $2 from pot
ccashark: doesn't show hand
*** SUMMARY ***
Total pot $2 | Rake $0
Seat 2: ccashark (big blind) collected ($2)
Seat 6: kismespit (button) (small blind) folded before Flop


PokerStars Hand #150059389055:  Hold'em Limit ($3/$6 USD) - 2016/03/08 19:06:35 ET
Table 'Mars III' 6-max Seat #2 is the button
Seat 2: ccashark ($55.89 in chips)
Seat 6: kismespit ($113 in chips)
ccashark: posts small blind $1
kismespit: posts big blind $3
*** HOLE CARDS ***
ccashark: raises $3 to $6
kismespit: folds
Uncalled bet ($3) returned to ccashark
ccashark collected $6 from pot
ccashark: doesn't show hand
*** SUMMARY ***
Total pot $6 | Rake $0
Seat 2: ccashark (button) (small blind) collected ($6)
Seat 6: kismespit (big blind) folded before Flop


PokerStars Hand #150059381208:  Hold'em Limit ($3/$6 USD) - 2016/03/08 19:06:23 ET
Table 'Mars III' 6-max Seat #2 is the button
Seat 2: ccashark ($55.89 in chips)
Seat 6: kismespit ($113 in chips)
ccashark: posts small blind $1
Azrarn: is sitting out
kismespit: posts big blind $3
*** HOLE CARDS ***
Azrarn leaves the table
ccashark: folds
Uncalled bet ($2) returned to kismespit
kismespit collected $2 from pot
kismespit: doesn't show hand
*** SUMMARY ***
Total pot $2 | Rake $0
Seat 2: ccashark (button) (small blind) folded before Flop
Seat 6: kismespit (big blind) collected ($2)


PokerStars Hand #150059386324:  Hold'em Limit ($3/$6 USD) - 2016/03/08 19:06:31 ET
Table 'Mars III' 6-max Seat #6 is the button
Seat 2: ccashark ($54.89 in chips)
Seat 6: kismespit ($114 in chips)
kismespit: posts small blind $1
ccashark: posts big blind $3
*** HOLE CARDS ***
kismespit: folds
Uncalled bet ($2) returned to ccashark
ccashark collected $2 from pot
ccashark: doesn't show hand
*** SUMMARY ***
Total pot $2 | Rake $0
Seat 2: ccashark (big blind) collected ($2)
Seat 6: kismespit (button) (small blind) folded before Flop


PokerStars Hand #150059432721:  Hold'em Limit ($3/$6 USD) - 2016/03/08 19:07:41 ET
Table 'Mars III' 6-max Seat #2 is the button
Seat 2: ccashark ($58.65 in chips)
Seat 6: kismespit ($110 in chips)
ccashark: posts small blind $1
kismespit: posts big blind $3
*** HOLE CARDS ***
ccashark: raises $3 to $6
kismespit: folds
Uncalled bet ($3) returned to ccashark
ccashark collected $6 from pot
ccashark: doesn't show hand
*** SUMMARY ***
Total pot $6 | Rake $0
Seat 2: ccashark (button) (small blind) collected ($6)
Seat 6: kismespit (big blind) folded before Flop


PokerStars Hand #150059428472:  Hold'em Limit ($3/$6 USD) - 2016/03/08 19:07:35 ET
Table 'Mars III' 6-max Seat #6 is the button
Seat 2: ccashark ($61.65 in chips)
Seat 6: kismespit ($107 in chips)
kismespit: posts small blind $1
ccashark: posts big blind $3
*** HOLE CARDS ***
kismespit: raises $3 to $6
ccashark: folds
Uncalled bet ($3) returned to kismespit
kismespit collected $6 from pot
*** SUMMARY ***
Total pot $6 | Rake $0
Seat 2: ccashark (big blind) folded before Flop
Seat 6: kismespit (button) (small blind) collected ($6)


PokerStars Hand #150059404023:  Hold'em Limit ($3/$6 USD) - 2016/03/08 19:06:57 ET
Table 'Mars III' 6-max Seat #6 is the button
Seat 2: ccashark ($65.65 in chips)
Seat 6: kismespit ($103 in chips)
kismespit: posts small blind $1
ccashark: posts big blind $3
*** HOLE CARDS ***
kismespit: raises $3 to $6
ccashark: folds
Uncalled bet ($3) returned to kismespit
kismespit collected $6 from pot
kismespit: doesn't show hand
*** SUMMARY ***
Total pot $6 | Rake $0
Seat 2: ccashark (big blind) folded before Flop
Seat 6: kismespit (button) (small blind) collected ($6)


PokerStars Hand #150059412354:  Hold'em Limit ($3/$6 USD) - 2016/03/08 19:07:10 ET
Table 'Mars III' 6-max Seat #2 is the button
Seat 2: ccashark ($62.65 in chips)
Seat 6: kismespit ($106 in chips)
ccashark: posts small blind $1
kismespit: posts big blind $3
*** HOLE CARDS ***
ccashark: folds
Uncalled bet ($2) returned to kismespit
kismespit collected $2 from pot
kismespit: doesn't show hand
*** SUMMARY ***
Total pot $2 | Rake $0
Seat 2: ccashark (button) (small blind) folded before Flop
Seat 6: kismespit (big blind) collected ($2)


PokerStars Hand #150059465595:  Hold'em Limit ($3/$6 USD) - 2016/03/08 19:08:32 ET
Table 'Mars III' 6-max Seat #6 is the button
Seat 2: ccashark ($90.91 in chips)
Seat 6: kismespit ($77 in chips)
kismespit: posts small blind $1
ccashark: posts big blind $3
*** HOLE CARDS ***
kismespit: calls $2
ccashark: checks
*** FLOP *** [Kc 7h 7c]
ccashark: checks
kismespit: bets $3
ccashark: folds
Uncalled bet ($3) returned to kismespit
kismespit collected $5.88 from pot
*** SUMMARY ***
Total pot $6 | Rake $0.12
Board [Kc 7h 7c]
Seat 2: ccashark (big blind) folded on the Flop
Seat 6: kismespit (button) (small blind) collected ($5.88)


PokerStars Hand #150059449304:  Hold'em Limit ($3/$6 USD) - 2016/03/08 19:08:07 ET
Table 'Mars III' 6-max Seat #2 is the button
Seat 2: ccashark ($67.41 in chips)
Seat 6: kismespit ($101 in chips)
ccashark: posts small blind $1
kismespit: posts big blind $3
*** HOLE CARDS ***
ccashark: raises $3 to $6
kismespit: calls $3
*** FLOP *** [4c 6h 8d]
kismespit: checks
thekiing80 joins the table at seat #3
ccashark: bets $3
kismespit: raises $3 to $6
ccashark: calls $3
*** TURN *** [4c 6h 8d] [9s]
kismespit: bets $6
ccashark: calls $6
*** RIVER *** [4c 6h 8d 9s] [As]
kismespit: bets $6
ccashark: raises $6 to $12
kismespit: folds
Uncalled bet ($6) returned to ccashark
ccashark collected $47.50 from pot
ccashark: doesn't show hand
*** SUMMARY ***
Total pot $48 | Rake $0.50
Board [4c 6h 8d 9s As]
Seat 2: ccashark (button) (small blind) collected ($47.50)
Seat 6: kismespit (big blind) folded on the River


PokerStars Hand #150059436443:  Hold'em Limit ($3/$6 USD) - 2016/03/08 19:07:47 ET
Table 'Mars III' 6-max Seat #6 is the button
Seat 2: ccashark ($61.65 in chips)
Seat 6: kismespit ($107 in chips)
kismespit: posts small blind $1
ccashark: posts big blind $3
*** HOLE CARDS ***
kismespit: raises $3 to $6
ccashark: calls $3
*** FLOP *** [8s 7h 4h]
ccashark: checks
kismespit: checks
*** TURN *** [8s 7h 4h] [7c]
ccashark: checks
kismespit: checks
*** RIVER *** [8s 7h 4h 7c] [Ad]
ccashark: checks
kismespit: checks
*** SHOW DOWN ***
ccashark: shows [2h Ac] (two pair, Aces and Sevens)
kismespit: mucks hand
ccashark collected $11.76 from pot
*** SUMMARY ***
Total pot $12 | Rake $0.24
Board [8s 7h 4h 7c Ad]
Seat 2: ccashark (big blind) showed [2h Ac] and won ($11.76) with two pair, Aces and Sevens
Seat 6: kismespit (button) (small blind) mucked


