PokerStars Hand #172119272682:  Hold'em Limit ($3/$6 USD) - 2017/06/22 20:20:23 ET
Table 'Mars' 6-max Seat #1 is the button
Seat 1: Chessnok ($130.80 in chips)
Seat 5: EVBET ($282.16 in chips)
Chessnok: posts small blind $1
Jack_Wu1985: is sitting out
EVBET: posts big blind $3
*** HOLE CARDS ***
Jack_Wu1985 said, "fish"
Chessnok: raises $3 to $6
Jack_Wu1985 said, "bad"
Jack_Wu1985 said, "Q 6"
EVBET: calls $3
*** FLOP *** [4s Ac As]
Jack_Wu1985 said, "bad"
EVBET: checks
Jack_Wu1985 said, "very bad"
Chessnok: bets $3
Jack_Wu1985 said, "but I win"
Jack_Wu1985 said, "hahahah"
EVBET: calls $3
*** TURN *** [4s Ac As] [Js]
EVBET: checks
Jack_Wu1985 said, "scared?"
Chessnok: checks
*** RIVER *** [4s Ac As Js] [5h]
EVBET: bets $6
Chessnok: folds
Uncalled bet ($6) returned to EVBET
EVBET collected $17.64 from pot
EVBET: doesn't show hand
*** SUMMARY ***
Total pot $18 | Rake $0.36
Board [4s Ac As Js 5h]
Seat 1: Chessnok (button) (small blind) folded on the River
Seat 5: EVBET (big blind) collected ($17.64)


