PokerStars Hand #168073328523:  Hold'em Limit ($3/$6 USD) - 2017/03/25 1:54:28 ET
Table 'Mars' 6-max Seat #3 is the button
Seat 3: agentbond007 ($117.48 in chips)
Seat 4: Azrarn ($120 in chips)
agentbond007: posts small blind $1
Azrarn: posts big blind $3
*** HOLE CARDS ***
agentbond007: raises $3 to $6
Azrarn: calls $3
*** FLOP *** [6d Jc 9d]
Azrarn: checks
agentbond007: bets $3
Azrarn: calls $3
*** TURN *** [6d Jc 9d] [2c]
Azrarn: checks
agentbond007: checks
*** RIVER *** [6d Jc 9d 2c] [8h]
Azrarn: bets $6
agentbond007: folds
Uncalled bet ($6) returned to Azrarn
Azrarn collected $17.64 from pot
Azrarn: doesn't show hand
*** SUMMARY ***
Total pot $18 | Rake $0.36
Board [6d Jc 9d 2c 8h]
Seat 3: agentbond007 (button) (small blind) folded on the River
Seat 4: Azrarn (big blind) collected ($17.64)


PokerStars Hand #168073354071:  Hold'em Limit ($3/$6 USD) - 2017/03/25 1:56:06 ET
Table 'Mars' 6-max Seat #4 is the button
Seat 3: agentbond007 ($92.48 in chips)
Seat 4: Azrarn ($144.16 in chips)
Azrarn: posts small blind $1
agentbond007: posts big blind $3
*** HOLE CARDS ***
Azrarn: raises $3 to $6
agentbond007: calls $3
*** FLOP *** [As 2s Ad]
agentbond007: checks
Azrarn: bets $3
agentbond007: raises $3 to $6
Azrarn: calls $3
*** TURN *** [As 2s Ad] [Qh]
agentbond007: bets $6
Azrarn: folds
Uncalled bet ($6) returned to agentbond007
agentbond007 collected $23.52 from pot
agentbond007: doesn't show hand
*** SUMMARY ***
Total pot $24 | Rake $0.48
Board [As 2s Ad Qh]
Seat 3: agentbond007 (big blind) collected ($23.52)
Seat 4: Azrarn (button) (small blind) folded on the Turn


PokerStars Hand #168073366184:  Hold'em Limit ($3/$6 USD) - 2017/03/25 1:56:56 ET
Table 'Mars' 6-max Seat #3 is the button
Seat 3: agentbond007 ($104 in chips)
Seat 4: Azrarn ($132.16 in chips)
agentbond007: posts small blind $1
Azrarn: posts big blind $3
*** HOLE CARDS ***
agentbond007: folds
Uncalled bet ($2) returned to Azrarn
Azrarn collected $2 from pot
Azrarn: doesn't show hand
*** SUMMARY ***
Total pot $2 | Rake $0
Seat 3: agentbond007 (button) (small blind) folded before Flop
Seat 4: Azrarn (big blind) collected ($2)


PokerStars Hand #168073368282:  Hold'em Limit ($3/$6 USD) - 2017/03/25 1:57:04 ET
Table 'Mars' 6-max Seat #4 is the button
Seat 3: agentbond007 ($103 in chips)
Seat 4: Azrarn ($133.16 in chips)
Azrarn: posts small blind $1
agentbond007: posts big blind $3
*** HOLE CARDS ***
Azrarn: raises $3 to $6
agentbond007: calls $3
*** FLOP *** [6h 8d Js]
agentbond007: checks
Azrarn: bets $3
agentbond007: calls $3
*** TURN *** [6h 8d Js] [Kc]
agentbond007: bets $6
Azrarn: folds
Uncalled bet ($6) returned to agentbond007
agentbond007 collected $17.64 from pot
agentbond007: doesn't show hand
*** SUMMARY ***
Total pot $18 | Rake $0.36
Board [6h 8d Js Kc]
Seat 3: agentbond007 (big blind) collected ($17.64)
Seat 4: Azrarn (button) (small blind) folded on the Turn


PokerStars Hand #168073344206:  Hold'em Limit ($3/$6 USD) - 2017/03/25 1:55:26 ET
Table 'Mars' 6-max Seat #3 is the button
Seat 3: agentbond007 ($102.48 in chips)
Seat 4: Azrarn ($134.40 in chips)
agentbond007: posts small blind $1
Azrarn: posts big blind $3
*** HOLE CARDS ***
agentbond007: folds
Uncalled bet ($2) returned to Azrarn
Azrarn collected $2 from pot
Azrarn: doesn't show hand
*** SUMMARY ***
Total pot $2 | Rake $0
Seat 3: agentbond007 (button) (small blind) folded before Flop
Seat 4: Azrarn (big blind) collected ($2)


PokerStars Hand #168073341676:  Hold'em Limit ($3/$6 USD) - 2017/03/25 1:55:16 ET
Table 'Mars' 6-max Seat #4 is the button
Seat 3: agentbond007 ($108.48 in chips)
Seat 4: Azrarn ($128.64 in chips)
Azrarn: posts small blind $1
agentbond007: posts big blind $3
*** HOLE CARDS ***
Azrarn: raises $3 to $6
agentbond007: calls $3
*** FLOP *** [7s 4c 9s]
agentbond007: checks
Azrarn: bets $3
agentbond007: folds
Uncalled bet ($3) returned to Azrarn
Azrarn collected $11.76 from pot
Azrarn: doesn't show hand
*** SUMMARY ***
Total pot $12 | Rake $0.24
Board [7s 4c 9s]
Seat 3: agentbond007 (big blind) folded on the Flop
Seat 4: Azrarn (button) (small blind) collected ($11.76)


PokerStars Hand #168073345417:  Hold'em Limit ($3/$6 USD) - 2017/03/25 1:55:31 ET
Table 'Mars' 6-max Seat #4 is the button
Seat 3: agentbond007 ($101.48 in chips)
Seat 4: Azrarn ($135.40 in chips)
Azrarn: posts small blind $1
agentbond007: posts big blind $3
*** HOLE CARDS ***
Azrarn: raises $3 to $6
agentbond007: folds
Uncalled bet ($3) returned to Azrarn
Azrarn collected $6 from pot
Azrarn: doesn't show hand
*** SUMMARY ***
Total pot $6 | Rake $0
Seat 3: agentbond007 (big blind) folded before Flop
Seat 4: Azrarn (button) (small blind) collected ($6)


PokerStars Hand #168073349679:  Hold'em Limit ($3/$6 USD) - 2017/03/25 1:55:48 ET
Table 'Mars' 6-max Seat #3 is the button
Seat 3: agentbond007 ($98.48 in chips)
Seat 4: Azrarn ($138.40 in chips)
agentbond007: posts small blind $1
Azrarn: posts big blind $3
*** HOLE CARDS ***
agentbond007: calls $2
Azrarn: raises $3 to $6
agentbond007: calls $3
*** FLOP *** [Kc 4s 7s]
Azrarn: bets $3
agentbond007: folds
Uncalled bet ($3) returned to Azrarn
Azrarn collected $11.76 from pot
Azrarn: doesn't show hand
*** SUMMARY ***
Total pot $12 | Rake $0.24
Board [Kc 4s 7s]
Seat 3: agentbond007 (button) (small blind) folded on the Flop
Seat 4: Azrarn (big blind) collected ($11.76)


PokerStars Hand #168073388072:  Hold'em Limit ($3/$6 USD) - 2017/03/25 1:58:24 ET
Table 'Mars' 6-max Seat #3 is the button
Seat 3: agentbond007 ($102.64 in chips)
Seat 4: Azrarn ($132.92 in chips)
agentbond007: posts small blind $1
Azrarn: posts big blind $3
*** HOLE CARDS ***
agentbond007: calls $2
Azrarn: checks
*** FLOP *** [Qh Ah As]
Azrarn: bets $3
agentbond007: raises $3 to $6
Azrarn: folds
Uncalled bet ($3) returned to agentbond007
agentbond007 collected $11.76 from pot
agentbond007: doesn't show hand
*** SUMMARY ***
Total pot $12 | Rake $0.24
Board [Qh Ah As]
Seat 3: agentbond007 (button) (small blind) collected ($11.76)
Seat 4: Azrarn (big blind) folded on the Flop


PokerStars Hand #168073386575:  Hold'em Limit ($3/$6 USD) - 2017/03/25 1:58:18 ET
Table 'Mars' 6-max Seat #4 is the button
Seat 3: agentbond007 ($105.64 in chips)
Seat 4: Azrarn ($129.92 in chips)
Azrarn: posts small blind $1
agentbond007: posts big blind $3
*** HOLE CARDS ***
Azrarn: raises $3 to $6
agentbond007: folds
Uncalled bet ($3) returned to Azrarn
Azrarn collected $6 from pot
Azrarn: doesn't show hand
*** SUMMARY ***
Total pot $6 | Rake $0
Seat 3: agentbond007 (big blind) folded before Flop
Seat 4: Azrarn (button) (small blind) collected ($6)


PokerStars Hand #168073392138:  Hold'em Limit ($3/$6 USD) - 2017/03/25 1:58:41 ET
Table 'Mars' 6-max Seat #4 is the button
Seat 3: agentbond007 ($108.40 in chips)
Seat 4: Azrarn ($126.92 in chips)
Azrarn: posts small blind $1
agentbond007: posts big blind $3
*** HOLE CARDS ***
Azrarn: raises $3 to $6
agentbond007: folds
Uncalled bet ($3) returned to Azrarn
Azrarn collected $6 from pot
*** SUMMARY ***
Total pot $6 | Rake $0
Seat 3: agentbond007 (big blind) folded before Flop
Seat 4: Azrarn (button) (small blind) collected ($6)


PokerStars Hand #168073375294:  Hold'em Limit ($3/$6 USD) - 2017/03/25 1:57:33 ET
Table 'Mars' 6-max Seat #3 is the button
Seat 3: agentbond007 ($111.64 in chips)
Seat 4: Azrarn ($124.16 in chips)
agentbond007: posts small blind $1
Azrarn: posts big blind $3
*** HOLE CARDS ***
agentbond007: calls $2
Azrarn: raises $3 to $6
agentbond007: calls $3
*** FLOP *** [As 8c 2h]
Azrarn: checks
agentbond007: checks
*** TURN *** [As 8c 2h] [6d]
Azrarn: bets $6
agentbond007: folds
Uncalled bet ($6) returned to Azrarn
Azrarn collected $11.76 from pot
Azrarn: doesn't show hand
*** SUMMARY ***
Total pot $12 | Rake $0.24
Board [As 8c 2h 6d]
Seat 3: agentbond007 (button) (small blind) folded on the Turn
Seat 4: Azrarn (big blind) collected ($11.76)


PokerStars Hand #168073393954:  Hold'em Limit ($3/$6 USD) - 2017/03/25 1:58:48 ET
Table 'Mars' 6-max Seat #3 is the button
Seat 3: agentbond007 ($105.40 in chips)
Seat 4: Azrarn ($129.92 in chips)
agentbond007: posts small blind $1
Azrarn: posts big blind $3
*** HOLE CARDS ***
agentbond007: folds
Uncalled bet ($2) returned to Azrarn
Azrarn collected $2 from pot
Azrarn: doesn't show hand
*** SUMMARY ***
Total pot $2 | Rake $0
Seat 3: agentbond007 (button) (small blind) folded before Flop
Seat 4: Azrarn (big blind) collected ($2)


PokerStars Hand #168073395562:  Hold'em Limit ($3/$6 USD) - 2017/03/25 1:58:55 ET
Table 'Mars' 6-max Seat #4 is the button
Seat 3: agentbond007 ($104.40 in chips)
Seat 4: Azrarn ($130.92 in chips)
Azrarn: posts small blind $1
agentbond007: posts big blind $3
*** HOLE CARDS ***
Azrarn: raises $3 to $6
agentbond007: calls $3
*** FLOP *** [9h Ah 6d]
agentbond007: checks
Azrarn: bets $3
agentbond007: calls $3
*** TURN *** [9h Ah 6d] [Qd]
agentbond007: checks
Azrarn: checks
*** RIVER *** [9h Ah 6d Qd] [5s]
agentbond007: checks
Azrarn: bets $6
agentbond007: calls $6
*** SHOW DOWN ***
Azrarn: shows [6h Kc] (a pair of Sixes)
agentbond007: mucks hand
Azrarn collected $29.50 from pot
*** SUMMARY ***
Total pot $30 | Rake $0.50
Board [9h Ah 6d Qd 5s]
Seat 3: agentbond007 (big blind) mucked
Seat 4: Azrarn (button) (small blind) showed [6h Kc] and won ($29.50) with a pair of Sixes


PokerStars Hand #168073410971:  Hold'em Limit ($3/$6 USD) - 2017/03/25 1:59:56 ET
Table 'Mars' 6-max Seat #3 is the button
Seat 3: agentbond007 ($89.40 in chips)
Seat 4: Azrarn ($145.42 in chips)
agentbond007: posts small blind $1
Azrarn: posts big blind $3
*** HOLE CARDS ***
agentbond007: raises $3 to $6
Azrarn: calls $3
*** FLOP *** [As 7d 3d]
Azrarn: checks
agentbond007: bets $3
Azrarn: calls $3
*** TURN *** [As 7d 3d] [Ac]
Azrarn: checks
agentbond007: bets $6
Azrarn: calls $6
*** RIVER *** [As 7d 3d Ac] [2h]
Azrarn: checks
agentbond007: checks
*** SHOW DOWN ***
Azrarn: shows [5s 7c] (two pair, Aces and Sevens)
agentbond007: mucks hand
Azrarn collected $29.50 from pot
*** SUMMARY ***
Total pot $30 | Rake $0.50
Board [As 7d 3d Ac 2h]
Seat 3: agentbond007 (button) (small blind) mucked
Seat 4: Azrarn (big blind) showed [5s 7c] and won ($29.50) with two pair, Aces and Sevens


