PokerStars Hand #176515278171:  Hold'em Limit ($3/$6 USD) - 2017/10/05 7:15:00 ET
Table 'Mars' 10-max Seat #5 is the button
Seat 5: Ag3r0n ($77 in chips)
Seat 7: BelSv ($78 in chips)
Ag3r0n: posts small blind $1
BelSv: posts big blind $3
*** HOLE CARDS ***
Ag3r0n: folds
Uncalled bet ($2) returned to BelSv
BelSv collected $2 from pot
BelSv: doesn't show hand
*** SUMMARY ***
Total pot $2 | Rake $0
Seat 5: Ag3r0n (button) (small blind) folded before Flop
Seat 7: BelSv (big blind) collected ($2)


PokerStars Hand #176515280265:  Hold'em Limit ($3/$6 USD) - 2017/10/05 7:15:05 ET
Table 'Mars' 10-max Seat #7 is the button
Seat 5: Ag3r0n ($76 in chips)
Seat 7: BelSv ($79 in chips)
BelSv: posts small blind $1
Ag3r0n: posts big blind $3
*** HOLE CARDS ***
BelSv: raises $3 to $6
Ag3r0n: folds
Uncalled bet ($3) returned to BelSv
BelSv collected $6 from pot
BelSv: doesn't show hand
*** SUMMARY ***
Total pot $6 | Rake $0
Seat 5: Ag3r0n (big blind) folded before Flop
Seat 7: BelSv (button) (small blind) collected ($6)


PokerStars Hand #176515296633:  Hold'em Limit ($3/$6 USD) - 2017/10/05 7:15:46 ET
Table 'Mars' 10-max Seat #5 is the button
Seat 5: Ag3r0n ($91.50 in chips)
Seat 7: BelSv ($78 in chips)
Ag3r0n: posts small blind $1
BelSv: posts big blind $3
*** HOLE CARDS ***
Ag3r0n: raises $3 to $6
ThePlayer_ok leaves the table
BelSv: calls $3
*** FLOP *** [Kd 3s 6h]
BelSv: checks
Ag3r0n: bets $3
BelSv: folds
Uncalled bet ($3) returned to Ag3r0n
Ag3r0n collected $11.76 from pot
Ag3r0n: doesn't show hand
*** SUMMARY ***
Total pot $12 | Rake $0.24
Board [Kd 3s 6h]
Seat 5: Ag3r0n (button) (small blind) collected ($11.76)
Seat 7: BelSv (big blind) folded on the Flop


PokerStars Hand #176515285733:  Hold'em Limit ($3/$6 USD) - 2017/10/05 7:15:19 ET
Table 'Mars' 10-max Seat #5 is the button
Seat 5: Ag3r0n ($73 in chips)
Seat 7: BelSv ($82 in chips)
Ag3r0n: posts small blind $1
BelSv: posts big blind $3
*** HOLE CARDS ***
Ag3r0n: raises $3 to $6
BelSv: raises $3 to $9
Ag3r0n: calls $3
*** FLOP *** [Tc 2d Ac]
BelSv: bets $3
Ag3r0n: calls $3
*** TURN *** [Tc 2d Ac] [6h]
BelSv: bets $6
Ag3r0n: raises $6 to $12
BelSv: folds
Uncalled bet ($6) returned to Ag3r0n
Ag3r0n collected $35.50 from pot
Ag3r0n: doesn't show hand
*** SUMMARY ***
Total pot $36 | Rake $0.50
Board [Tc 2d Ac 6h]
Seat 5: Ag3r0n (button) (small blind) collected ($35.50)
Seat 7: BelSv (big blind) folded on the Turn


PokerStars Hand #176515303998:  Hold'em Limit ($3/$6 USD) - 2017/10/05 7:16:05 ET
Table 'Mars' 10-max Seat #5 is the button
Seat 5: Ag3r0n ($98.26 in chips)
Seat 7: BelSv ($78 in chips)
Ag3r0n: posts small blind $1
BelSv: posts big blind $3
*** HOLE CARDS ***
Ag3r0n: folds
Uncalled bet ($2) returned to BelSv
BelSv collected $2 from pot
BelSv: doesn't show hand
*** SUMMARY ***
Total pot $2 | Rake $0
Seat 5: Ag3r0n (button) (small blind) folded before Flop
Seat 7: BelSv (big blind) collected ($2)


PokerStars Hand #176515302065:  Hold'em Limit ($3/$6 USD) - 2017/10/05 7:16:00 ET
Table 'Mars' 10-max Seat #7 is the button
Seat 5: Ag3r0n ($97.26 in chips)
Seat 7: BelSv ($78 in chips)
BelSv: posts small blind $1
Ag3r0n: posts big blind $3
*** HOLE CARDS ***
BelSv: folds
Uncalled bet ($2) returned to Ag3r0n
Ag3r0n collected $2 from pot
Ag3r0n: doesn't show hand
*** SUMMARY ***
Total pot $2 | Rake $0
Seat 5: Ag3r0n (big blind) collected ($2)
Seat 7: BelSv (button) (small blind) folded before Flop


PokerStars Hand #176515293892:  Hold'em Limit ($3/$6 USD) - 2017/10/05 7:15:39 ET
Table 'Mars' 10-max Seat #7 is the button
Seat 5: Ag3r0n ($90.50 in chips)
Seat 7: BelSv ($78 in chips)
BelSv: posts small blind $1
Ag3r0n: posts big blind $3
*** HOLE CARDS ***
BelSv: folds
Uncalled bet ($2) returned to Ag3r0n
Ag3r0n collected $2 from pot
Ag3r0n: doesn't show hand
*** SUMMARY ***
Total pot $2 | Rake $0
Seat 5: Ag3r0n (big blind) collected ($2)
Seat 7: BelSv (button) (small blind) folded before Flop


