PokerStars Hand #154214571584:  Hold'em Limit ($3/$6 USD) - 2016/06/02 22:46:37 ET
Table 'Mars' 6-max Seat #1 is the button
Seat 1: Velbor107 ($297 in chips)
Seat 4: xKartx ($92 in chips)
Velbor107: posts small blind $1
xKartx: posts big blind $3
*** HOLE CARDS ***
Velbor107: raises $3 to $6
xKartx: folds
Uncalled bet ($3) returned to Velbor107
Velbor107 collected $6 from pot
*** SUMMARY ***
Total pot $6 | Rake $0
Seat 1: Velbor107 (button) (small blind) collected ($6)
Seat 4: xKartx (big blind) folded before Flop


PokerStars Hand #154214569602:  Hold'em Limit ($3/$6 USD) - 2016/06/02 22:46:30 ET
Table 'Mars' 6-max Seat #4 is the button
Seat 1: Velbor107 ($300 in chips)
Seat 4: xKartx ($89 in chips)
xKartx: posts small blind $1
Velbor107: posts big blind $3
*** HOLE CARDS ***
xKartx: raises $3 to $6
Velbor107: folds
Uncalled bet ($3) returned to xKartx
xKartx collected $6 from pot
*** SUMMARY ***
Total pot $6 | Rake $0
Seat 1: Velbor107 (big blind) folded before Flop
Seat 4: xKartx (button) (small blind) collected ($6)


PokerStars Hand #154214573653:  Hold'em Limit ($3/$6 USD) - 2016/06/02 22:46:43 ET
Table 'Mars' 6-max Seat #4 is the button
Seat 1: Velbor107 ($300 in chips)
Seat 4: xKartx ($89 in chips)
xKartx: posts small blind $1
Velbor107: posts big blind $3
*** HOLE CARDS ***
xKartx: raises $3 to $6
Velbor107: raises $3 to $9
xKartx: raises $3 to $12
Betting is capped
Velbor107: calls $3
*** FLOP *** [7d Jh Ad]
Velbor107: checks
xKartx: bets $3
Velbor107: calls $3
*** TURN *** [7d Jh Ad] [4d]
Velbor107: checks
xKartx: bets $6
Velbor107: folds
Uncalled bet ($6) returned to xKartx
xKartx collected $29.50 from pot
*** SUMMARY ***
Total pot $30 | Rake $0.50
Board [7d Jh Ad 4d]
Seat 1: Velbor107 (big blind) folded on the Turn
Seat 4: xKartx (button) (small blind) collected ($29.50)


PokerStars Hand #154214587576:  Hold'em Limit ($3/$6 USD) - 2016/06/02 22:47:26 ET
Table 'Mars' 6-max Seat #1 is the button
Seat 1: Velbor107 ($285 in chips)
Seat 4: xKartx ($103.50 in chips)
Velbor107: posts small blind $1
xKartx: posts big blind $3
*** HOLE CARDS ***
Velbor107: raises $3 to $6
xKartx: raises $3 to $9
HAL9QQQ joins the table at seat #5
Velbor107: calls $3
*** FLOP *** [Js 5s Kh]
xKartx: checks
Velbor107: checks
*** TURN *** [Js 5s Kh] [Kd]
xKartx: bets $6
Velbor107: calls $6
*** RIVER *** [Js 5s Kh Kd] [4s]
xKartx: bets $6
Velbor107: calls $6
*** SHOW DOWN ***
xKartx: shows [Jd Jc] (a full house, Jacks full of Kings)
Velbor107: mucks hand
xKartx collected $41.50 from pot
*** SUMMARY ***
Total pot $42 | Rake $0.50
Board [Js 5s Kh Kd 4s]
Seat 1: Velbor107 (button) (small blind) mucked
Seat 4: xKartx (big blind) showed [Jd Jc] and won ($41.50) with a full house, Jacks full of Kings


PokerStars Hand #154215614986:  Hold'em Limit ($3/$6 USD) - 2016/06/02 23:44:11 ET
Table 'Mars' 6-max Seat #2 is the button
Seat 2: Garuda Black ($59.23 in chips)
Seat 6: pmejia73 ($60 in chips)
Garuda Black: posts small blind $1
HAL9QQQ: is sitting out
pmejia73: posts big blind $3
*** HOLE CARDS ***
Garuda Black: folds
Uncalled bet ($2) returned to pmejia73
pmejia73 collected $2 from pot
*** SUMMARY ***
Total pot $2 | Rake $0
Seat 2: Garuda Black (button) (small blind) folded before Flop
Seat 6: pmejia73 (big blind) collected ($2)


PokerStars Hand #154215617032:  Hold'em Limit ($3/$6 USD) - 2016/06/02 23:44:19 ET
Table 'Mars' 6-max Seat #6 is the button
Seat 2: Garuda Black ($58.23 in chips)
Seat 6: pmejia73 ($61 in chips)
pmejia73: posts small blind $1
Garuda Black: posts big blind $3
*** HOLE CARDS ***
pmejia73: raises $3 to $6
Garuda Black: folds
Uncalled bet ($3) returned to pmejia73
pmejia73 collected $6 from pot
pmejia73: doesn't show hand
*** SUMMARY ***
Total pot $6 | Rake $0
Seat 2: Garuda Black (big blind) folded before Flop
Seat 6: pmejia73 (button) (small blind) collected ($6)


