PokerStars Hand #176808652003:  Hold'em Limit ($3/$6 USD) - 2017/10/12 4:51:17 ET
Table 'Mars' 6-max Seat #4 is the button
Seat 1: 970816 ($113.68 in chips)
Seat 4: Pfuenph ($90.82 in chips)
Pfuenph: posts small blind $1
970816: posts big blind $3
*** HOLE CARDS ***
Pfuenph: folds
Uncalled bet ($2) returned to 970816
970816 collected $2 from pot
970816: doesn't show hand
*** SUMMARY ***
Total pot $2 | Rake $0
Seat 1: 970816 (big blind) collected ($2)
Seat 4: Pfuenph (button) (small blind) folded before Flop


PokerStars Hand #176808645321:  Hold'em Limit ($3/$6 USD) - 2017/10/12 4:50:55 ET
Table 'Mars' 6-max Seat #1 is the button
Seat 1: 970816 ($93.18 in chips)
Seat 4: Pfuenph ($111.82 in chips)
970816: posts small blind $1
Pfuenph: posts big blind $3
*** HOLE CARDS ***
970816: calls $2
Pfuenph: raises $3 to $6
970816: calls $3
*** FLOP *** [Qs 3c 6d]
Pfuenph: bets $3
970816: calls $3
*** TURN *** [Qs 3c 6d] [Kd]
Pfuenph: bets $6
970816: raises $6 to $12
Pfuenph: calls $6
*** RIVER *** [Qs 3c 6d Kd] [Jc]
Pfuenph: checks
970816: bets $6
Pfuenph: folds
Uncalled bet ($6) returned to 970816
970816 collected $41.50 from pot
970816: doesn't show hand
*** SUMMARY ***
Total pot $42 | Rake $0.50
Board [Qs 3c 6d Kd Jc]
Seat 1: 970816 (button) (small blind) collected ($41.50)
Seat 4: Pfuenph (big blind) folded on the River


PokerStars Hand #176808638290:  Hold'em Limit ($3/$6 USD) - 2017/10/12 4:50:32 ET
Table 'Mars' 6-max Seat #1 is the button
Seat 1: 970816 ($85.54 in chips)
Seat 4: Pfuenph ($119.82 in chips)
970816: posts small blind $1
BelSv: is sitting out
Pfuenph: posts big blind $3
*** HOLE CARDS ***
BelSv leaves the table
970816: folds
Uncalled bet ($2) returned to Pfuenph
Pfuenph collected $2 from pot
*** SUMMARY ***
Total pot $2 | Rake $0
Seat 1: 970816 (button) (small blind) folded before Flop
Seat 4: Pfuenph (big blind) collected ($2)


PokerStars Hand #176808653491:  Hold'em Limit ($3/$6 USD) - 2017/10/12 4:51:22 ET
Table 'Mars' 6-max Seat #1 is the button
Seat 1: 970816 ($114.68 in chips)
Seat 4: Pfuenph ($89.82 in chips)
970816: posts small blind $1
Pfuenph: posts big blind $3
*** HOLE CARDS ***
970816: folds
Uncalled bet ($2) returned to Pfuenph
Pfuenph collected $2 from pot
*** SUMMARY ***
Total pot $2 | Rake $0
Seat 1: 970816 (button) (small blind) folded before Flop
Seat 4: Pfuenph (big blind) collected ($2)


PokerStars Hand #176808640081:  Hold'em Limit ($3/$6 USD) - 2017/10/12 4:50:38 ET
Table 'Mars' 6-max Seat #4 is the button
Seat 1: 970816 ($84.54 in chips)
Seat 4: Pfuenph ($120.82 in chips)
Pfuenph: posts small blind $1
970816: posts big blind $3
*** HOLE CARDS ***
Pfuenph: raises $3 to $6
970816: calls $3
*** FLOP *** [As Kh Kd]
970816: checks
Pfuenph: bets $3
970816: calls $3
*** TURN *** [As Kh Kd] [Ts]
970816: checks
Pfuenph: checks
*** RIVER *** [As Kh Kd Ts] [6c]
970816: bets $6
Pfuenph: folds
Uncalled bet ($6) returned to 970816
970816 collected $17.64 from pot
970816: doesn't show hand
*** SUMMARY ***
Total pot $18 | Rake $0.36
Board [As Kh Kd Ts 6c]
Seat 1: 970816 (big blind) collected ($17.64)
Seat 4: Pfuenph (button) (small blind) folded on the River


PokerStars Hand #176808668951:  Hold'em Limit ($3/$6 USD) - 2017/10/12 4:52:11 ET
Table 'Mars' 6-max Seat #4 is the button
Seat 1: 970816 ($122.18 in chips)
Seat 4: Pfuenph ($81.58 in chips)
Pfuenph: posts small blind $1
970816: posts big blind $3
*** HOLE CARDS ***
Pfuenph: raises $3 to $6
970816: calls $3
*** FLOP *** [Ah Ks 5c]
970816: checks
Pfuenph: bets $3
970816: folds
Uncalled bet ($3) returned to Pfuenph
Pfuenph collected $11.76 from pot
*** SUMMARY ***
Total pot $12 | Rake $0.24
Board [Ah Ks 5c]
Seat 1: 970816 (big blind) folded on the Flop
Seat 4: Pfuenph (button) (small blind) collected ($11.76)


PokerStars Hand #176808661444:  Hold'em Limit ($3/$6 USD) - 2017/10/12 4:51:47 ET
Table 'Mars' 6-max Seat #1 is the button
Seat 1: 970816 ($128.18 in chips)
Seat 4: Pfuenph ($75.82 in chips)
970816: posts small blind $1
Pfuenph: posts big blind $3
*** HOLE CARDS ***
970816: calls $2
Pfuenph: checks
*** FLOP *** [7c Jd 2s]
Pfuenph: bets $3
970816: calls $3
*** TURN *** [7c Jd 2s] [8s]
Pfuenph: bets $6
970816: folds
Uncalled bet ($6) returned to Pfuenph
Pfuenph collected $11.76 from pot
*** SUMMARY ***
Total pot $12 | Rake $0.24
Board [7c Jd 2s 8s]
Seat 1: 970816 (button) (small blind) folded on the Turn
Seat 4: Pfuenph (big blind) collected ($11.76)


PokerStars Hand #176808655175:  Hold'em Limit ($3/$6 USD) - 2017/10/12 4:51:27 ET
Table 'Mars' 6-max Seat #4 is the button
Seat 1: 970816 ($113.68 in chips)
Seat 4: Pfuenph ($90.82 in chips)
Pfuenph: posts small blind $1
970816: posts big blind $3
*** HOLE CARDS ***
Pfuenph: raises $3 to $6
970816: calls $3
*** FLOP *** [8h 4d Jd]
970816: checks
Pfuenph: bets $3
970816: calls $3
*** TURN *** [8h 4d Jd] [3c]
970816: checks
Pfuenph: checks
*** RIVER *** [8h 4d Jd 3c] [6h]
970816: bets $6
Pfuenph: calls $6
*** SHOW DOWN ***
970816: shows [7d 8s] (a pair of Eights)
Pfuenph: mucks hand
970816 collected $29.50 from pot
*** SUMMARY ***
Total pot $30 | Rake $0.50
Board [8h 4d Jd 3c 6h]
Seat 1: 970816 (big blind) showed [7d 8s] and won ($29.50) with a pair of Eights
Seat 4: Pfuenph (button) (small blind) mucked


PokerStars Hand #176808673687:  Hold'em Limit ($3/$6 USD) - 2017/10/12 4:52:26 ET
Table 'Mars' 6-max Seat #1 is the button
Seat 1: 970816 ($116.18 in chips)
Seat 4: Pfuenph ($87.34 in chips)
970816: posts small blind $1
Pfuenph: posts big blind $3
*** HOLE CARDS ***
Rus29APX joins the table at seat #2
970816: calls $2
Pfuenph: checks
*** FLOP *** [Qc Kc Qd]
Pfuenph: checks
970816: bets $3
Pfuenph: folds
Uncalled bet ($3) returned to 970816
970816 collected $5.88 from pot
970816: doesn't show hand
*** SUMMARY ***
Total pot $6 | Rake $0.12
Board [Qc Kc Qd]
Seat 1: 970816 (button) (small blind) collected ($5.88)
Seat 4: Pfuenph (big blind) folded on the Flop


PokerStars Hand #176808677541:  Hold'em Limit ($3/$6 USD) - 2017/10/12 4:52:39 ET
Table 'Mars' 6-max Seat #4 is the button
Seat 1: 970816 ($119.06 in chips)
Seat 4: Pfuenph ($84.34 in chips)
Pfuenph: posts small blind $1
970816: posts big blind $3
*** HOLE CARDS ***
Pfuenph: raises $3 to $6
970816: calls $3
*** FLOP *** [4c Ac 2d]
970816: checks
Pfuenph: bets $3
970816: raises $3 to $6
Pfuenph: calls $3
*** TURN *** [4c Ac 2d] [9c]
970816: checks
Pfuenph: bets $6
970816: raises $6 to $12
Pfuenph: raises $6 to $18
970816: raises $6 to $24
Betting is capped
Pfuenph: calls $6
*** RIVER *** [4c Ac 2d 9c] [9h]
970816: bets $6
Pfuenph: calls $6
*** SHOW DOWN ***
970816: shows [Kc 5c] (a flush, Ace high)
Pfuenph: mucks hand
970816 collected $83.50 from pot
*** SUMMARY ***
Total pot $84 | Rake $0.50
Board [4c Ac 2d 9c 9h]
Seat 1: 970816 (big blind) showed [Kc 5c] and won ($83.50) with a flush, Ace high
Seat 4: Pfuenph (button) (small blind) mucked


PokerStars Hand #176808690260:  Hold'em Limit ($3/$6 USD) - 2017/10/12 4:53:19 ET
Table 'Mars' 6-max Seat #2 is the button
Seat 1: 970816 ($154.56 in chips)
Seat 2: Rus29APX ($125.64 in chips)
Rus29APX: posts small blind $1
970816: posts big blind $3
*** HOLE CARDS ***
Rus29APX: raises $3 to $6
970816: calls $3
*** FLOP *** [Jh 3s 8d]
970816: checks
Rus29APX: bets $3
970816: folds
Uncalled bet ($3) returned to Rus29APX
970816 leaves the table
Rus29APX collected $11.76 from pot
Rus29APX: doesn't show hand
*** SUMMARY ***
Total pot $12 | Rake $0.24
Board [Jh 3s 8d]
Seat 1: 970816 (big blind) folded on the Flop
Seat 2: Rus29APX (button) (small blind) collected ($11.76)


