PokerStars Hand #160220453830:  Hold'em Limit ($3/$6 USD) - 2016/10/21 0:30:21 ET
Table 'Mars' 6-max Seat #1 is the button
Seat 1: Auge72 ($84 in chips)
Seat 4: LifeisagameX ($84 in chips)
Auge72: posts small blind $1
LifeisagameX: posts big blind $3
*** HOLE CARDS ***
Auge72: folds
Uncalled bet ($2) returned to LifeisagameX
LifeisagameX collected $2 from pot
LifeisagameX: doesn't show hand
*** SUMMARY ***
Total pot $2 | Rake $0
Seat 1: Auge72 (button) (small blind) folded before Flop
Seat 4: LifeisagameX (big blind) collected ($2)


PokerStars Hand #160220451900:  Hold'em Limit ($3/$6 USD) - 2016/10/21 0:30:13 ET
Table 'Mars' 6-max Seat #4 is the button
Seat 1: Auge72 ($83 in chips)
Seat 4: LifeisagameX ($85 in chips)
LifeisagameX: posts small blind $1
Auge72: posts big blind $3
*** HOLE CARDS ***
LifeisagameX: folds
Uncalled bet ($2) returned to Auge72
Auge72 collected $2 from pot
Auge72: doesn't show hand
*** SUMMARY ***
Total pot $2 | Rake $0
Seat 1: Auge72 (big blind) collected ($2)
Seat 4: LifeisagameX (button) (small blind) folded before Flop


PokerStars Hand #160220448808:  Hold'em Limit ($3/$6 USD) - 2016/10/21 0:30:01 ET
Table 'Mars' 6-max Seat #1 is the button
Seat 1: Auge72 ($84 in chips)
Seat 4: LifeisagameX ($84 in chips)
Auge72: posts small blind $1
LifeisagameX: posts big blind $3
*** HOLE CARDS ***
Auge72: folds
Uncalled bet ($2) returned to LifeisagameX
LifeisagameX collected $2 from pot
*** SUMMARY ***
Total pot $2 | Rake $0
Seat 1: Auge72 (button) (small blind) folded before Flop
Seat 4: LifeisagameX (big blind) collected ($2)


PokerStars Hand #160220454977:  Hold'em Limit ($3/$6 USD) - 2016/10/21 0:30:26 ET
Table 'Mars' 6-max Seat #4 is the button
Seat 1: Auge72 ($83 in chips)
Seat 4: LifeisagameX ($85 in chips)
LifeisagameX: posts small blind $1
Auge72: posts big blind $3
*** HOLE CARDS ***
LifeisagameX has timed out
LifeisagameX: folds
Uncalled bet ($2) returned to Auge72
Auge72 collected $2 from pot
*** SUMMARY ***
Total pot $2 | Rake $0
Seat 1: Auge72 (big blind) collected ($2)
Seat 4: LifeisagameX (button) (small blind) folded before Flop


PokerStars Hand #160249477986:  Hold'em Limit ($3/$6 USD) - 2016/10/21 16:23:29 ET
Table 'Mars' 6-max Seat #3 is the button
Seat 3: _pokergot177 ($106.09 in chips)
Seat 4: assitoni ($72 in chips)
_pokergot177: posts small blind $1
assitoni: posts big blind $3
*** HOLE CARDS ***
_pokergot177: raises $3 to $6
assitoni: raises $3 to $9
_pokergot177: raises $3 to $12
Betting is capped
assitoni: calls $3
*** FLOP *** [Qc 9c Td]
assitoni: checks
_pokergot177: checks
*** TURN *** [Qc 9c Td] [2s]
assitoni: bets $6
_pokergot177: calls $6
*** RIVER *** [Qc 9c Td 2s] [5s]
assitoni: bets $6
_pokergot177: calls $6
*** SHOW DOWN ***
assitoni: shows [Js Qs] (a pair of Queens)
_pokergot177: mucks hand
assitoni collected $47.50 from pot
*** SUMMARY ***
Total pot $48 | Rake $0.50
Board [Qc 9c Td 2s 5s]
Seat 3: _pokergot177 (button) (small blind) mucked
Seat 4: assitoni (big blind) showed [Js Qs] and won ($47.50) with a pair of Queens


PokerStars Hand #160249552637:  Hold'em Limit ($3/$6 USD) - 2016/10/21 16:24:57 ET
Table 'Mars' 6-max Seat #3 is the button
Seat 3: _pokergot177 ($67.85 in chips)
Seat 4: assitoni ($109 in chips)
_pokergot177: posts small blind $1
assitoni: posts big blind $3
*** HOLE CARDS ***
_pokergot177: raises $3 to $6
assitoni: raises $3 to $9
_pokergot177: calls $3
*** FLOP *** [Ts 4c 5d]
assitoni: bets $3
_pokergot177: folds
Uncalled bet ($3) returned to assitoni
assitoni collected $17.64 from pot
assitoni: doesn't show hand
*** SUMMARY ***
Total pot $18 | Rake $0.36
Board [Ts 4c 5d]
Seat 3: _pokergot177 (button) (small blind) folded on the Flop
Seat 4: assitoni (big blind) collected ($17.64)


PokerStars Hand #160249542263:  Hold'em Limit ($3/$6 USD) - 2016/10/21 16:24:45 ET
Table 'Mars' 6-max Seat #4 is the button
Seat 3: _pokergot177 ($66.85 in chips)
Seat 4: assitoni ($110 in chips)
assitoni: posts small blind $1
_pokergot177: posts big blind $3
*** HOLE CARDS ***
assitoni: folds
Uncalled bet ($2) returned to _pokergot177
_pokergot177 collected $2 from pot
_pokergot177: doesn't show hand
Luanto 14 joins the table at seat #5
*** SUMMARY ***
Total pot $2 | Rake $0
Seat 3: _pokergot177 (big blind) collected ($2)
Seat 4: assitoni (button) (small blind) folded before Flop


PokerStars Hand #160249526467:  Hold'em Limit ($3/$6 USD) - 2016/10/21 16:24:26 ET
Table 'Mars' 6-max Seat #3 is the button
Seat 3: _pokergot177 ($61.09 in chips)
Seat 4: assitoni ($116 in chips)
_pokergot177: posts small blind $1
assitoni: posts big blind $3
*** HOLE CARDS ***
_pokergot177: raises $3 to $6
assitoni: calls $3
*** FLOP *** [Th 4h Jh]
assitoni: checks
_pokergot177: checks
*** TURN *** [Th 4h Jh] [Jd]
assitoni: checks
_pokergot177: bets $6
assitoni: folds
Uncalled bet ($6) returned to _pokergot177
_pokergot177 collected $11.76 from pot
*** SUMMARY ***
Total pot $12 | Rake $0.24
Board [Th 4h Jh Jd]
Seat 3: _pokergot177 (button) (small blind) collected ($11.76)
Seat 4: assitoni (big blind) folded on the Turn


PokerStars Hand #160249505617:  Hold'em Limit ($3/$6 USD) - 2016/10/21 16:24:01 ET
Table 'Mars' 6-max Seat #4 is the button
Seat 3: _pokergot177 ($82.09 in chips)
Seat 4: assitoni ($95.50 in chips)
assitoni: posts small blind $1
_pokergot177: posts big blind $3
*** HOLE CARDS ***
assitoni: raises $3 to $6
_pokergot177: raises $3 to $9
assitoni: calls $3
*** FLOP *** [Th 8s Qh]
_pokergot177: checks
assitoni: checks
*** TURN *** [Th 8s Qh] [9d]
_pokergot177: bets $6
assitoni: calls $6
*** RIVER *** [Th 8s Qh 9d] [Jh]
_pokergot177: bets $6
assitoni: calls $6
*** SHOW DOWN ***
_pokergot177: shows [Tc 7s] (a straight, Eight to Queen)
assitoni: shows [Ks 9c] (a straight, Nine to King)
assitoni collected $41.50 from pot
*** SUMMARY ***
Total pot $42 | Rake $0.50
Board [Th 8s Qh 9d Jh]
Seat 3: _pokergot177 (big blind) showed [Tc 7s] and lost with a straight, Eight to Queen
Seat 4: assitoni (button) (small blind) showed [Ks 9c] and won ($41.50) with a straight, Nine to King


PokerStars Hand #160249603029:  Hold'em Limit ($3/$6 USD) - 2016/10/21 16:25:57 ET
Table 'Mars' 6-max Seat #3 is the button
Seat 3: _pokergot177 ($25.85 in chips)
Seat 5: Luanto 14 ($331.99 in chips)
_pokergot177: posts small blind $1
assitoni: is sitting out
Luanto 14: posts big blind $3
*** HOLE CARDS ***
_pokergot177: raises $3 to $6
Luanto 14: calls $3
*** FLOP *** [Kh 2c 9d]
Luanto 14: checks
_pokergot177: checks
*** TURN *** [Kh 2c 9d] [2s]
Luanto 14: checks
_pokergot177: checks
*** RIVER *** [Kh 2c 9d 2s] [As]
Luanto 14: checks
_pokergot177: checks
*** SHOW DOWN ***
Luanto 14: shows [Js 7s] (a pair of Deuces)
_pokergot177: shows [3h 3c] (two pair, Threes and Deuces)
_pokergot177 collected $11.76 from pot
*** SUMMARY ***
Total pot $12 | Rake $0.24
Board [Kh 2c 9d 2s As]
Seat 3: _pokergot177 (button) (small blind) showed [3h 3c] and won ($11.76) with two pair, Threes and Deuces
Seat 5: Luanto 14 (big blind) showed [Js 7s] and lost with a pair of Deuces


PokerStars Hand #160249659014:  Hold'em Limit ($3/$6 USD) - 2016/10/21 16:27:00 ET
Table 'Mars' 6-max Seat #3 is the button
Seat 3: _pokergot177 ($90.11 in chips)
Seat 5: Luanto 14 ($265.99 in chips)
_pokergot177: posts small blind $1
Luanto 14: posts big blind $3
*** HOLE CARDS ***
_pokergot177: raises $3 to $6
Luanto 14: raises $3 to $9
_pokergot177: calls $3
*** FLOP *** [3h 2s 2c]
Luanto 14: bets $3
_pokergot177: calls $3
*** TURN *** [3h 2s 2c] [3c]
Luanto 14: bets $6
_pokergot177: calls $6
*** RIVER *** [3h 2s 2c 3c] [Qc]
Luanto 14: checks
_pokergot177: checks
*** SHOW DOWN ***
Luanto 14: shows [Ks 4s] (two pair, Threes and Deuces)
_pokergot177: shows [As 6s] (two pair, Threes and Deuces - Ace kicker)
_pokergot177 collected $35.50 from pot
*** SUMMARY ***
Total pot $36 | Rake $0.50
Board [3h 2s 2c 3c Qc]
Seat 3: _pokergot177 (button) (small blind) showed [As 6s] and won ($35.50) with two pair, Threes and Deuces
Seat 5: Luanto 14 (big blind) showed [Ks 4s] and lost with two pair, Threes and Deuces


PokerStars Hand #160249647544:  Hold'em Limit ($3/$6 USD) - 2016/10/21 16:26:46 ET
Table 'Mars' 6-max Seat #5 is the button
Seat 3: _pokergot177 ($69.61 in chips)
Seat 5: Luanto 14 ($286.99 in chips)
Luanto 14: posts small blind $1
_pokergot177: posts big blind $3
*** HOLE CARDS ***
Luanto 14: raises $3 to $6
_pokergot177: calls $3
*** FLOP *** [3h 3s 2s]
_pokergot177: bets $3
Luanto 14: calls $3
*** TURN *** [3h 3s 2s] [5d]
_pokergot177: bets $6
Luanto 14: calls $6
*** RIVER *** [3h 3s 2s 5d] [9s]
_pokergot177: bets $6
Luanto 14: calls $6
*** SHOW DOWN ***
_pokergot177: shows [Js 5s] (a flush, Jack high)
Luanto 14: mucks hand
_pokergot177 collected $41.50 from pot
*** SUMMARY ***
Total pot $42 | Rake $0.50
Board [3h 3s 2s 5d 9s]
Seat 3: _pokergot177 (big blind) showed [Js 5s] and won ($41.50) with a flush, Jack high
Seat 5: Luanto 14 (button) (small blind) mucked


PokerStars Hand #160249631666:  Hold'em Limit ($3/$6 USD) - 2016/10/21 16:26:31 ET
Table 'Mars' 6-max Seat #3 is the button
Seat 3: _pokergot177 ($46.11 in chips)
Seat 5: Luanto 14 ($310.99 in chips)
_pokergot177: posts small blind $1
Luanto 14: posts big blind $3
*** HOLE CARDS ***
_pokergot177: raises $3 to $6
Luanto 14: calls $3
*** FLOP *** [6d 5s Td]
Luanto 14: checks
_pokergot177: bets $3
Luanto 14: raises $3 to $6
_pokergot177: calls $3
*** TURN *** [6d 5s Td] [Qs]
Luanto 14: bets $6
_pokergot177: calls $6
*** RIVER *** [6d 5s Td Qs] [8d]
Luanto 14: bets $6
_pokergot177: calls $6
*** SHOW DOWN ***
Luanto 14: shows [Tc 7c] (a pair of Tens)
_pokergot177: shows [Th 8h] (two pair, Tens and Eights)
_pokergot177 collected $47.50 from pot
*** SUMMARY ***
Total pot $48 | Rake $0.50
Board [6d 5s Td Qs 8d]
Seat 3: _pokergot177 (button) (small blind) showed [Th 8h] and won ($47.50) with two pair, Tens and Eights
Seat 5: Luanto 14 (big blind) showed [Tc 7c] and lost with a pair of Tens


PokerStars Hand #160249616846:  Hold'em Limit ($3/$6 USD) - 2016/10/21 16:26:13 ET
Table 'Mars' 6-max Seat #5 is the button
Seat 3: _pokergot177 ($31.61 in chips)
Seat 5: Luanto 14 ($325.99 in chips)
Luanto 14: posts small blind $1
_pokergot177: posts big blind $3
*** HOLE CARDS ***
Luanto 14: raises $3 to $6
_pokergot177: calls $3
*** FLOP *** [4d Ah 3s]
_pokergot177: bets $3
Luanto 14: calls $3
*** TURN *** [4d Ah 3s] [9h]
_pokergot177: checks
Luanto 14: checks
*** RIVER *** [4d Ah 3s 9h] [8d]
_pokergot177: bets $6
Luanto 14: calls $6
*** SHOW DOWN ***
_pokergot177: shows [6d 4c] (a pair of Fours)
Luanto 14: mucks hand
_pokergot177 collected $29.50 from pot
*** SUMMARY ***
Total pot $30 | Rake $0.50
Board [4d Ah 3s 9h 8d]
Seat 3: _pokergot177 (big blind) showed [6d 4c] and won ($29.50) with a pair of Fours
Seat 5: Luanto 14 (button) (small blind) mucked


PokerStars Hand #160249705295:  Hold'em Limit ($3/$6 USD) - 2016/10/21 16:27:55 ET
Table 'Mars' 6-max Seat #3 is the button
Seat 3: _pokergot177 ($136.61 in chips)
Seat 5: Luanto 14 ($217.75 in chips)
_pokergot177: posts small blind $1
Luanto 14: posts big blind $3
*** HOLE CARDS ***
_pokergot177: raises $3 to $6
Luanto 14: calls $3
*** FLOP *** [7d 4h 9d]
Luanto 14: checks
_pokergot177: checks
*** TURN *** [7d 4h 9d] [Qs]
Luanto 14: bets $6
_pokergot177: calls $6
*** RIVER *** [7d 4h 9d Qs] [8s]
Luanto 14: bets $6
_pokergot177: calls $6
*** SHOW DOWN ***
Luanto 14: shows [7s Js] (a pair of Sevens)
_pokergot177: mucks hand
Luanto 14 collected $35.50 from pot
*** SUMMARY ***
Total pot $36 | Rake $0.50
Board [7d 4h 9d Qs 8s]
Seat 3: _pokergot177 (button) (small blind) mucked
Seat 5: Luanto 14 (big blind) showed [7s Js] and won ($35.50) with a pair of Sevens


PokerStars Hand #160249690616:  Hold'em Limit ($3/$6 USD) - 2016/10/21 16:27:38 ET
Table 'Mars' 6-max Seat #5 is the button
Seat 3: _pokergot177 ($119.11 in chips)
Seat 5: Luanto 14 ($235.75 in chips)
Luanto 14: posts small blind $1
_pokergot177: posts big blind $3
*** HOLE CARDS ***
Luanto 14: raises $3 to $6
_pokergot177: raises $3 to $9
Luanto 14: calls $3
*** FLOP *** [6d Tc 2c]
_pokergot177: bets $3
Luanto 14: calls $3
*** TURN *** [6d Tc 2c] [Ad]
_pokergot177: checks
Luanto 14: checks
*** RIVER *** [6d Tc 2c Ad] [7d]
_pokergot177: bets $6
Luanto 14: calls $6
*** SHOW DOWN ***
_pokergot177: shows [As 5h] (a pair of Aces)
Luanto 14: mucks hand
_pokergot177 collected $35.50 from pot
*** SUMMARY ***
Total pot $36 | Rake $0.50
Board [6d Tc 2c Ad 7d]
Seat 3: _pokergot177 (big blind) showed [As 5h] and won ($35.50) with a pair of Aces
Seat 5: Luanto 14 (button) (small blind) mucked


PokerStars Hand #160249679149:  Hold'em Limit ($3/$6 USD) - 2016/10/21 16:27:24 ET
Table 'Mars' 6-max Seat #3 is the button
Seat 3: _pokergot177 ($101.61 in chips)
Seat 5: Luanto 14 ($253.75 in chips)
_pokergot177: posts small blind $1
Luanto 14: posts big blind $3
*** HOLE CARDS ***
_pokergot177: raises $3 to $6
Luanto 14: calls $3
*** FLOP *** [Qc 6c 4s]
Luanto 14: checks
_pokergot177: checks
*** TURN *** [Qc 6c 4s] [6h]
Luanto 14: bets $6
_pokergot177: calls $6
*** RIVER *** [Qc 6c 4s 6h] [3c]
Luanto 14: bets $6
_pokergot177: calls $6
*** SHOW DOWN ***
Luanto 14: shows [5d Ah] (a pair of Sixes)
_pokergot177: shows [5h 4h] (two pair, Sixes and Fours)
_pokergot177 collected $35.50 from pot
*** SUMMARY ***
Total pot $36 | Rake $0.50
Board [Qc 6c 4s 6h 3c]
Seat 3: _pokergot177 (button) (small blind) showed [5h 4h] and won ($35.50) with two pair, Sixes and Fours
Seat 5: Luanto 14 (big blind) showed [5d Ah] and lost with a pair of Sixes


PokerStars Hand #160249670915:  Hold'em Limit ($3/$6 USD) - 2016/10/21 16:27:14 ET
Table 'Mars' 6-max Seat #5 is the button
Seat 3: _pokergot177 ($107.61 in chips)
Seat 5: Luanto 14 ($247.99 in chips)
Luanto 14: posts small blind $1
_pokergot177: posts big blind $3
*** HOLE CARDS ***
Luanto 14: raises $3 to $6
_pokergot177: calls $3
*** FLOP *** [Kc 2d Ac]
_pokergot177: checks
Luanto 14: bets $3
_pokergot177: folds
Uncalled bet ($3) returned to Luanto 14
Luanto 14 collected $11.76 from pot
Luanto 14: doesn't show hand
*** SUMMARY ***
Total pot $12 | Rake $0.24
Board [Kc 2d Ac]
Seat 3: _pokergot177 (big blind) folded on the Flop
Seat 5: Luanto 14 (button) (small blind) collected ($11.76)


PokerStars Hand #160249730588:  Hold'em Limit ($3/$6 USD) - 2016/10/21 16:28:25 ET
Table 'Mars' 6-max Seat #3 is the button
Seat 3: _pokergot177 ($127.25 in chips)
Seat 5: Luanto 14 ($226.25 in chips)
_pokergot177: posts small blind $1
Luanto 14: posts big blind $3
*** HOLE CARDS ***
_pokergot177: raises $3 to $6
Luanto 14: folds
Uncalled bet ($3) returned to _pokergot177
_pokergot177 collected $6 from pot
_pokergot177: doesn't show hand
*** SUMMARY ***
Total pot $6 | Rake $0
Seat 3: _pokergot177 (button) (small blind) collected ($6)
Seat 5: Luanto 14 (big blind) folded before Flop


PokerStars Hand #160249718101:  Hold'em Limit ($3/$6 USD) - 2016/10/21 16:28:10 ET
Table 'Mars' 6-max Seat #5 is the button
Seat 3: _pokergot177 ($118.61 in chips)
Seat 5: Luanto 14 ($235.25 in chips)
Luanto 14: posts small blind $1
_pokergot177: posts big blind $3
*** HOLE CARDS ***
Luanto 14: raises $3 to $6
_pokergot177: calls $3
*** FLOP *** [Kc Qh Kh]
_pokergot177: checks
Luanto 14: bets $3
RaisemyNut$ joins the table at seat #2
_pokergot177: raises $3 to $6
juustmuckit1 joins the table at seat #6
Luanto 14: folds
Uncalled bet ($3) returned to _pokergot177
_pokergot177 collected $17.64 from pot
_pokergot177: doesn't show hand
*** SUMMARY ***
Total pot $18 | Rake $0.36
Board [Kc Qh Kh]
Seat 3: _pokergot177 (big blind) collected ($17.64)
Seat 5: Luanto 14 (button) (small blind) folded on the Flop


PokerStars Hand #160252076636:  Hold'em Limit ($3/$6 USD) - 2016/10/21 17:16:19 ET
Table 'Mars' 6-max Seat #4 is the button
Seat 2: RaisemyNut$ ($255.79 in chips)
Seat 4: ToDaFelt ($127.07 in chips)
ToDaFelt: posts small blind $1
RaisemyNut$: posts big blind $3
*** HOLE CARDS ***
kaypoker619 joins the table at seat #3
ToDaFelt: raises $3 to $6
RaisemyNut$: calls $3
*** FLOP *** [7d 5d 4h]
RaisemyNut$: checks
ToDaFelt: checks
*** TURN *** [7d 5d 4h] [6h]
RaisemyNut$: checks
ToDaFelt: bets $6
RaisemyNut$: calls $6
*** RIVER *** [7d 5d 4h 6h] [9c]
RaisemyNut$: checks
ToDaFelt: bets $6
RaisemyNut$: folds
Uncalled bet ($6) returned to ToDaFelt
ToDaFelt collected $23.52 from pot
ToDaFelt: doesn't show hand
*** SUMMARY ***
Total pot $24 | Rake $0.48
Board [7d 5d 4h 6h 9c]
Seat 2: RaisemyNut$ (big blind) folded on the River
Seat 4: ToDaFelt (button) (small blind) collected ($23.52)


PokerStars Hand #160253820777:  Hold'em Limit ($3/$6 USD) - 2016/10/21 17:50:47 ET
Table 'Mars' 6-max Seat #4 is the button
Seat 2: RaisemyNut$ ($219.09 in chips)
Seat 4: ToDaFelt ($147.80 in chips)
ToDaFelt: posts small blind $1
RaisemyNut$: posts big blind $3
*** HOLE CARDS ***
ToDaFelt: raises $3 to $6
RaisemyNut$: folds
Uncalled bet ($3) returned to ToDaFelt
ToDaFelt collected $6 from pot
ToDaFelt: doesn't show hand
*** SUMMARY ***
Total pot $6 | Rake $0
Seat 2: RaisemyNut$ (big blind) folded before Flop
Seat 4: ToDaFelt (button) (small blind) collected ($6)


