PokerStars Hand #145177987183:  Hold'em Limit ($3/$6 USD) - 2015/12/11 11:30:08 ET
Table 'Martha' 6-max Seat #2 is the button
Seat 1: linkin0909 ($119 in chips)
Seat 2: kolaz03 ($73 in chips)
kolaz03: posts small blind $1
linkin0909: posts big blind $3
*** HOLE CARDS ***
kolaz03: raises $3 to $6
linkin0909: calls $3
*** FLOP *** [Td Ks 5s]
linkin0909: checks
kolaz03: bets $3
linkin0909: calls $3
*** TURN *** [Td Ks 5s] [Qc]
linkin0909: checks
kolaz03: bets $6
linkin0909: calls $6
*** RIVER *** [Td Ks 5s Qc] [5h]
linkin0909: checks
kolaz03: checks
*** SHOW DOWN ***
linkin0909: shows [3h Kh] (two pair, Kings and Fives)
kolaz03: mucks hand
linkin0909 collected $29.50 from pot
*** SUMMARY ***
Total pot $30 | Rake $0.50
Board [Td Ks 5s Qc 5h]
Seat 1: linkin0909 (big blind) showed [3h Kh] and won ($29.50) with two pair, Kings and Fives
Seat 2: kolaz03 (button) (small blind) mucked


PokerStars Hand #145178023821:  Hold'em Limit ($3/$6 USD) - 2015/12/11 11:30:54 ET
Table 'Martha' 6-max Seat #1 is the button
Seat 1: linkin0909 ($133.50 in chips)
Seat 2: kolaz03 ($72 in chips)
linkin0909: posts small blind $1
kolaz03: posts big blind $3
*** HOLE CARDS ***
linkin0909: folds
Uncalled bet ($2) returned to kolaz03
kolaz03 collected $2 from pot
kolaz03: doesn't show hand
*** SUMMARY ***
Total pot $2 | Rake $0
Seat 1: linkin0909 (button) (small blind) folded before Flop
Seat 2: kolaz03 (big blind) collected ($2)


PokerStars Hand #145178029194:  Hold'em Limit ($3/$6 USD) - 2015/12/11 11:31:01 ET
Table 'Martha' 6-max Seat #2 is the button
Seat 1: linkin0909 ($132.50 in chips)
Seat 2: kolaz03 ($73 in chips)
kolaz03: posts small blind $1
linkin0909: posts big blind $3
*** HOLE CARDS ***
kolaz03: raises $3 to $6
linkin0909: calls $3
*** FLOP *** [Qd 3h Ac]
linkin0909: checks
kolaz03: bets $3
linkin0909: calls $3
*** TURN *** [Qd 3h Ac] [8h]
SashaYuvelir joins the table at seat #3
linkin0909: checks
kolaz03: bets $6
linkin0909: folds
Uncalled bet ($6) returned to kolaz03
MellivoraSto joins the table at seat #4
kolaz03 collected $17.64 from pot
kolaz03: doesn't show hand
*** SUMMARY ***
Total pot $18 | Rake $0.36
Board [Qd 3h Ac 8h]
Seat 1: linkin0909 (big blind) folded on the Turn
Seat 2: kolaz03 (button) (small blind) collected ($17.64)


PokerStars Hand #145178051745:  Hold'em Limit ($3/$6 USD) - 2015/12/11 11:31:29 ET
Table 'Martha' 6-max Seat #1 is the button
Seat 1: linkin0909 ($123.50 in chips)
Seat 2: kolaz03 ($81.64 in chips)
linkin0909: posts small blind $1
kolaz03: posts big blind $3
*** HOLE CARDS ***
linkin0909: raises $3 to $6
kolaz03: calls $3
*** FLOP *** [3d Ac 4s]
kolaz03: checks
linkin0909: bets $3
kolaz03: folds
Uncalled bet ($3) returned to linkin0909
linkin0909 collected $11.76 from pot
linkin0909: doesn't show hand
*** SUMMARY ***
Total pot $12 | Rake $0.24
Board [3d Ac 4s]
Seat 1: linkin0909 (button) (small blind) collected ($11.76)
Seat 2: kolaz03 (big blind) folded on the Flop


