PokerStars Hand #147363293550:  Hold'em Limit ($3/$6 USD) - 2016/01/20 9:06:45 ET
Table 'Martir II' 6-max Seat #2 is the button
Seat 2: _fayzulllo_ ($63 in chips)
Seat 3: kolaz03 ($80.64 in chips)
_fayzulllo_: posts small blind $1
kolaz03: posts big blind $3
*** HOLE CARDS ***
_fayzulllo_: calls $2
kolaz03: checks
*** FLOP *** [Tc 7s 2h]
kolaz03: checks
_fayzulllo_: bets $3
kolaz03: folds
Uncalled bet ($3) returned to _fayzulllo_
_fayzulllo_ collected $5.88 from pot
_fayzulllo_: doesn't show hand
*** SUMMARY ***
Total pot $6 | Rake $0.12
Board [Tc 7s 2h]
Seat 2: _fayzulllo_ (button) (small blind) collected ($5.88)
Seat 3: kolaz03 (big blind) folded on the Flop


PokerStars Hand #147363260425:  Hold'em Limit ($3/$6 USD) - 2016/01/20 9:06:00 ET
Table 'Martir II' 6-max Seat #3 is the button
Seat 2: _fayzulllo_ ($72 in chips)
Seat 3: kolaz03 ($72 in chips)
kolaz03: posts small blind $1
TbIP-TbIP 88: is sitting out
TbIP-TbIP 88 leaves the table
_fayzulllo_: posts big blind $3
*** HOLE CARDS ***
kolaz03: raises $3 to $6
_fayzulllo_: calls $3
*** FLOP *** [6s 6h 8h]
_fayzulllo_: checks
kolaz03: bets $3
_fayzulllo_: calls $3
*** TURN *** [6s 6h 8h] [2c]
_fayzulllo_: checks
kolaz03: bets $6
_fayzulllo_: folds
Uncalled bet ($6) returned to kolaz03
kolaz03 collected $17.64 from pot
kolaz03: doesn't show hand
*** SUMMARY ***
Total pot $18 | Rake $0.36
Board [6s 6h 8h 2c]
Seat 2: _fayzulllo_ (big blind) folded on the Turn
Seat 3: kolaz03 (button) (small blind) collected ($17.64)


PokerStars Hand #147363356652:  Hold'em Limit ($3/$6 USD) - 2016/01/20 9:08:11 ET
Table 'Martir II' 6-max Seat #3 is the button
Seat 2: _fayzulllo_ ($103.88 in chips)
Seat 3: kolaz03 ($72 in chips)
kolaz03: posts small blind $1
_fayzulllo_: posts big blind $3
*** HOLE CARDS ***
kolaz03: folds
Uncalled bet ($2) returned to _fayzulllo_
_fayzulllo_ collected $2 from pot
_fayzulllo_: doesn't show hand
*** SUMMARY ***
Total pot $2 | Rake $0
Seat 2: _fayzulllo_ (big blind) collected ($2)
Seat 3: kolaz03 (button) (small blind) folded before Flop


PokerStars Hand #147363331269:  Hold'em Limit ($3/$6 USD) - 2016/01/20 9:07:36 ET
Table 'Martir II' 6-max Seat #2 is the button
Seat 2: _fayzulllo_ ($80.38 in chips)
Seat 3: kolaz03 ($72 in chips)
_fayzulllo_: posts small blind $1
kolaz03: posts big blind $3
*** HOLE CARDS ***
_fayzulllo_: raises $3 to $6
kolaz03: raises $3 to $9
_fayzulllo_: calls $3
*** FLOP *** [8d 9s 5d]
kolaz03: bets $3
_fayzulllo_: calls $3
*** TURN *** [8d 9s 5d] [Qs]
kolaz03: bets $6
_fayzulllo_: calls $6
*** RIVER *** [8d 9s 5d Qs] [Js]
kolaz03: bets $6
_fayzulllo_: calls $6
*** SHOW DOWN ***
kolaz03: shows [Jd Jc] (three of a kind, Jacks)
_fayzulllo_: shows [Td Tc] (a straight, Eight to Queen)
_fayzulllo_ collected $47.50 from pot
*** SUMMARY ***
Total pot $48 | Rake $0.50
Board [8d 9s 5d Qs Js]
Seat 2: _fayzulllo_ (button) (small blind) showed [Td Tc] and won ($47.50) with a straight, Eight to Queen
Seat 3: kolaz03 (big blind) showed [Jd Jc] and lost with three of a kind, Jacks


PokerStars Hand #147363308546:  Hold'em Limit ($3/$6 USD) - 2016/01/20 9:07:05 ET
Table 'Martir II' 6-max Seat #3 is the button
Seat 2: _fayzulllo_ ($65.88 in chips)
Seat 3: kolaz03 ($77.64 in chips)
kolaz03: posts small blind $1
_fayzulllo_: posts big blind $3
*** HOLE CARDS ***
kolaz03: raises $3 to $6
_fayzulllo_: calls $3
*** FLOP *** [Js 6s 5s]
_fayzulllo_: checks
kolaz03: bets $3
_fayzulllo_: calls $3
*** TURN *** [Js 6s 5s] [Qh]
_fayzulllo_: checks
kolaz03: bets $6
_fayzulllo_: calls $6
*** RIVER *** [Js 6s 5s Qh] [As]
_fayzulllo_: checks
kolaz03: checks
*** SHOW DOWN ***
_fayzulllo_: shows [5c 4s] (a flush, Ace high)
kolaz03: mucks hand
_fayzulllo_ collected $29.50 from pot
*** SUMMARY ***
Total pot $30 | Rake $0.50
Board [Js 6s 5s Qh As]
Seat 2: _fayzulllo_ (big blind) showed [5c 4s] and won ($29.50) with a flush, Ace high
Seat 3: kolaz03 (button) (small blind) mucked


PokerStars Hand #147363377714:  Hold'em Limit ($3/$6 USD) - 2016/01/20 9:08:39 ET
Table 'Martir II' 6-max Seat #3 is the button
Seat 2: _fayzulllo_ ($98.88 in chips)
Seat 3: kolaz03 ($77.76 in chips)
kolaz03: posts small blind $1
_fayzulllo_: posts big blind $3
*** HOLE CARDS ***
kolaz03: raises $3 to $6
_fayzulllo_: calls $3
*** FLOP *** [9d Jh 7c]
_fayzulllo_: checks
kolaz03: bets $3
_fayzulllo_: calls $3
*** TURN *** [9d Jh 7c] [4c]
_fayzulllo_: checks
kolaz03: checks
*** RIVER *** [9d Jh 7c 4c] [Kd]
_fayzulllo_: bets $6
kolaz03: folds
Uncalled bet ($6) returned to _fayzulllo_
_fayzulllo_ collected $17.64 from pot
_fayzulllo_: doesn't show hand
*** SUMMARY ***
Total pot $18 | Rake $0.36
Board [9d Jh 7c 4c Kd]
Seat 2: _fayzulllo_ (big blind) collected ($17.64)
Seat 3: kolaz03 (button) (small blind) folded on the River


PokerStars Hand #147363360804:  Hold'em Limit ($3/$6 USD) - 2016/01/20 9:08:16 ET
Table 'Martir II' 6-max Seat #2 is the button
Seat 2: _fayzulllo_ ($104.88 in chips)
Seat 3: kolaz03 ($72 in chips)
_fayzulllo_: posts small blind $1
kolaz03: posts big blind $3
*** HOLE CARDS ***
_fayzulllo_: calls $2
kolaz03: raises $3 to $6
_fayzulllo_: calls $3
*** FLOP *** [9c Ad 5h]
kolaz03: bets $3
_fayzulllo_: folds
Uncalled bet ($3) returned to kolaz03
kolaz03 collected $11.76 from pot
kolaz03: doesn't show hand
*** SUMMARY ***
Total pot $12 | Rake $0.24
Board [9c Ad 5h]
Seat 2: _fayzulllo_ (button) (small blind) folded on the Flop
Seat 3: kolaz03 (big blind) collected ($11.76)


PokerStars Hand #147363411115:  Hold'em Limit ($3/$6 USD) - 2016/01/20 9:09:25 ET
Table 'Martir II' 6-max Seat #3 is the button
Seat 2: _fayzulllo_ ($101.52 in chips)
Seat 3: kolaz03 ($77.76 in chips)
kolaz03: posts small blind $1
_fayzulllo_: posts big blind $3
*** HOLE CARDS ***
kolaz03: raises $3 to $6
_fayzulllo_: calls $3
*** FLOP *** [8h 4d 8s]
_fayzulllo_: checks
kolaz03: bets $3
_fayzulllo_: folds
Uncalled bet ($3) returned to kolaz03
kolaz03 collected $11.76 from pot
kolaz03: doesn't show hand
*** SUMMARY ***
Total pot $12 | Rake $0.24
Board [8h 4d 8s]
Seat 2: _fayzulllo_ (big blind) folded on the Flop
Seat 3: kolaz03 (button) (small blind) collected ($11.76)


PokerStars Hand #147363398655:  Hold'em Limit ($3/$6 USD) - 2016/01/20 9:09:08 ET
Table 'Martir II' 6-max Seat #2 is the button
Seat 2: _fayzulllo_ ($107.52 in chips)
Seat 3: kolaz03 ($72 in chips)
_fayzulllo_: posts small blind $1
kolaz03: posts big blind $3
*** HOLE CARDS ***
_fayzulllo_: calls $2
kolaz03: raises $3 to $6
_fayzulllo_: calls $3
*** FLOP *** [Qh 2s Jh]
kolaz03: bets $3
_fayzulllo_: folds
Uncalled bet ($3) returned to kolaz03
kolaz03 collected $11.76 from pot
kolaz03: doesn't show hand
*** SUMMARY ***
Total pot $12 | Rake $0.24
Board [Qh 2s Jh]
Seat 2: _fayzulllo_ (button) (small blind) folded on the Flop
Seat 3: kolaz03 (big blind) collected ($11.76)


PokerStars Hand #147363458305:  Hold'em Limit ($3/$6 USD) - 2016/01/20 9:10:30 ET
Table 'Martir II' 6-max Seat #2 is the button
Seat 2: _fayzulllo_ ($110.04 in chips)
Seat 3: kolaz03 ($72 in chips)
_fayzulllo_: posts small blind $1
kolaz03: posts big blind $3
*** HOLE CARDS ***
_fayzulllo_: raises $3 to $6
kolaz03: calls $3
*** FLOP *** [Jd 2s 6s]
kolaz03: checks
_fayzulllo_: checks
*** TURN *** [Jd 2s 6s] [7c]
kolaz03: bets $6
_fayzulllo_: calls $6
*** RIVER *** [Jd 2s 6s 7c] [6h]
kolaz03: bets $6
_fayzulllo_: calls $6
*** SHOW DOWN ***
kolaz03: shows [7s Qd] (two pair, Sevens and Sixes)
_fayzulllo_: mucks hand
kolaz03 collected $35.50 from pot
*** SUMMARY ***
Total pot $36 | Rake $0.50
Board [Jd 2s 6s 7c 6h]
Seat 2: _fayzulllo_ (button) (small blind) mucked
Seat 3: kolaz03 (big blind) showed [7s Qd] and won ($35.50) with two pair, Sevens and Sixes


PokerStars Hand #147363428177:  Hold'em Limit ($3/$6 USD) - 2016/01/20 9:09:49 ET
Table 'Martir II' 6-max Seat #3 is the button
Seat 2: _fayzulllo_ ($98.52 in chips)
Seat 3: kolaz03 ($80.52 in chips)
kolaz03: posts small blind $1
_fayzulllo_: posts big blind $3
*** HOLE CARDS ***
kolaz03: raises $3 to $6
_fayzulllo_: calls $3
*** FLOP *** [4c 2c 9s]
_fayzulllo_: checks
kolaz03: bets $3
_fayzulllo_: raises $3 to $6
kolaz03: calls $3
*** TURN *** [4c 2c 9s] [Ac]
_fayzulllo_: checks
kolaz03: checks
*** RIVER *** [4c 2c 9s Ac] [Th]
_fayzulllo_: bets $6
kolaz03: folds
Uncalled bet ($6) returned to _fayzulllo_
_fayzulllo_ collected $23.52 from pot
_fayzulllo_: doesn't show hand
*** SUMMARY ***
Total pot $24 | Rake $0.48
Board [4c 2c 9s Ac Th]
Seat 2: _fayzulllo_ (big blind) collected ($23.52)
Seat 3: kolaz03 (button) (small blind) folded on the River


PokerStars Hand #147363504063:  Hold'em Limit ($3/$6 USD) - 2016/01/20 9:11:33 ET
Table 'Martir II' 6-max Seat #2 is the button
Seat 2: _fayzulllo_ ($71.04 in chips)
Seat 3: kolaz03 ($110 in chips)
_fayzulllo_: posts small blind $1
kolaz03: posts big blind $3
*** HOLE CARDS ***
_fayzulllo_: calls $2
kolaz03: checks
*** FLOP *** [8c 3s Jd]
kolaz03: checks
_fayzulllo_: checks
*** TURN *** [8c 3s Jd] [2d]
kolaz03: checks
_fayzulllo_: checks
*** RIVER *** [8c 3s Jd 2d] [5s]
kolaz03: checks
_fayzulllo_: checks
*** SHOW DOWN ***
kolaz03: shows [4d 9c] (high card Jack)
_fayzulllo_: shows [7d Kh] (high card King)
_fayzulllo_ collected $5.88 from pot
*** SUMMARY ***
Total pot $6 | Rake $0.12
Board [8c 3s Jd 2d 5s]
Seat 2: _fayzulllo_ (button) (small blind) showed [7d Kh] and won ($5.88) with high card King
Seat 3: kolaz03 (big blind) showed [4d 9c] and lost with high card Jack


PokerStars Hand #147363478241:  Hold'em Limit ($3/$6 USD) - 2016/01/20 9:10:58 ET
Table 'Martir II' 6-max Seat #3 is the button
Seat 2: _fayzulllo_ ($92.04 in chips)
Seat 3: kolaz03 ($89.50 in chips)
kolaz03: posts small blind $1
_fayzulllo_: posts big blind $3
*** HOLE CARDS ***
kolaz03: raises $3 to $6
_fayzulllo_: calls $3
*** FLOP *** [4d 5s 6s]
_fayzulllo_: checks
kolaz03: bets $3
_fayzulllo_: calls $3
*** TURN *** [4d 5s 6s] [6d]
_fayzulllo_: checks
kolaz03: bets $6
_fayzulllo_: raises $6 to $12
kolaz03: calls $6
*** RIVER *** [4d 5s 6s 6d] [5c]
_fayzulllo_: checks
kolaz03: checks
*** SHOW DOWN ***
_fayzulllo_: shows [7s 9c] (two pair, Sixes and Fives)
kolaz03: shows [3h Kc] (two pair, Sixes and Fives - King kicker)
kolaz03 collected $41.50 from pot
*** SUMMARY ***
Total pot $42 | Rake $0.50
Board [4d 5s 6s 6d 5c]
Seat 2: _fayzulllo_ (big blind) showed [7s 9c] and lost with two pair, Sixes and Fives
Seat 3: kolaz03 (button) (small blind) showed [3h Kc] and won ($41.50) with two pair, Sixes and Fives


PokerStars Hand #147363550110:  Hold'em Limit ($3/$6 USD) - 2016/01/20 9:12:37 ET
Table 'Martir II' 6-max Seat #2 is the button
Seat 2: _fayzulllo_ ($82.56 in chips)
Seat 3: kolaz03 ($98 in chips)
_fayzulllo_: posts small blind $1
kolaz03: posts big blind $3
*** HOLE CARDS ***
_fayzulllo_: raises $3 to $6
kolaz03: calls $3
*** FLOP *** [7d 5c 3s]
ice0034 joins the table at seat #1
kolaz03: checks
_fayzulllo_: checks
*** TURN *** [7d 5c 3s] [8c]
kolaz03: bets $6
_fayzulllo_: calls $6
*** RIVER *** [7d 5c 3s 8c] [Tc]
kolaz03: bets $6
_fayzulllo_: calls $6
*** SHOW DOWN ***
kolaz03: shows [6h 8s] (a pair of Eights)
_fayzulllo_: mucks hand
kolaz03 collected $35.50 from pot
*** SUMMARY ***
Total pot $36 | Rake $0.50
Board [7d 5c 3s 8c Tc]
Seat 2: _fayzulllo_ (button) (small blind) mucked
Seat 3: kolaz03 (big blind) showed [6h 8s] and won ($35.50) with a pair of Eights


PokerStars Hand #147363516225:  Hold'em Limit ($3/$6 USD) - 2016/01/20 9:11:50 ET
Table 'Martir II' 6-max Seat #3 is the button
Seat 2: _fayzulllo_ ($73.92 in chips)
Seat 3: kolaz03 ($107 in chips)
kolaz03: posts small blind $1
_fayzulllo_: posts big blind $3
*** HOLE CARDS ***
kolaz03: raises $3 to $6
_fayzulllo_: calls $3
*** FLOP *** [Qs 5d 3c]
_fayzulllo_: checks
kolaz03: bets $3
_fayzulllo_: calls $3
*** TURN *** [Qs 5d 3c] [7d]
_fayzulllo_: checks
kolaz03: checks
*** RIVER *** [Qs 5d 3c 7d] [Qh]
_fayzulllo_: checks
Pokali joins the table at seat #4
kolaz03: checks
*** SHOW DOWN ***
_fayzulllo_: shows [8h Kd] (a pair of Queens)
kolaz03: mucks hand
_fayzulllo_ collected $17.64 from pot
*** SUMMARY ***
Total pot $18 | Rake $0.36
Board [Qs 5d 3c 7d Qh]
Seat 2: _fayzulllo_ (big blind) showed [8h Kd] and won ($17.64) with a pair of Queens
Seat 3: kolaz03 (button) (small blind) mucked


PokerStars Hand #147363786968:  Hold'em Limit ($3/$6 USD) - 2016/01/20 9:18:03 ET
Table 'Martir II' 6-max Seat #3 is the button
Seat 3: kolaz03 ($135.71 in chips)
Seat 6: julenchu ($76.27 in chips)
kolaz03: posts small blind $1
julenchu: posts big blind $3
*** HOLE CARDS ***
kolaz03: raises $3 to $6
julenchu: calls $3
*** FLOP *** [8s Ah Ac]
julenchu: checks
pompier40 leaves the table
kolaz03: bets $3
julenchu: folds
Uncalled bet ($3) returned to kolaz03
kolaz03 collected $11.76 from pot
kolaz03: doesn't show hand
*** SUMMARY ***
Total pot $12 | Rake $0.24
Board [8s Ah Ac]
Seat 3: kolaz03 (button) (small blind) collected ($11.76)
Seat 6: julenchu (big blind) folded on the Flop


