PokerStars Hand #157732773991:  Hold'em Limit ($3/$6 USD) - 2016/08/25 15:46:31 ET
Table 'Martha' 6-max Seat #3 is the button
Seat 1: Zubasa07 ($499 in chips)
Seat 3: xcgxcg2005 ($121 in chips)
xcgxcg2005: posts small blind $1
Zubasa07: posts big blind $3
*** HOLE CARDS ***
xcgxcg2005: raises $3 to $6
Zubasa07: raises $3 to $9
xcgxcg2005: calls $3
*** FLOP *** [5d 5h Qh]
Zubasa07: bets $3
xcgxcg2005: raises $3 to $6
Zubasa07: raises $3 to $9
xcgxcg2005: raises $3 to $12
Betting is capped
Zubasa07: calls $3
*** TURN *** [5d 5h Qh] [9s]
Zubasa07: checks
xcgxcg2005: bets $6
Zubasa07: calls $6
*** RIVER *** [5d 5h Qh 9s] [3d]
Zubasa07: checks
xcgxcg2005: checks
*** SHOW DOWN ***
Zubasa07: shows [6h Jh] (a pair of Fives)
xcgxcg2005: shows [Ah 9h] (two pair, Nines and Fives)
xcgxcg2005 collected $53.50 from pot
*** SUMMARY ***
Total pot $54 | Rake $0.50
Board [5d 5h Qh 9s 3d]
Seat 1: Zubasa07 (big blind) showed [6h Jh] and lost with a pair of Fives
Seat 3: xcgxcg2005 (button) (small blind) showed [Ah 9h] and won ($53.50) with two pair, Nines and Fives


PokerStars Hand #157732815273:  Hold'em Limit ($3/$6 USD) - 2016/08/25 15:47:21 ET
Table 'Martha' 6-max Seat #1 is the button
Seat 1: Zubasa07 ($472 in chips)
Seat 3: xcgxcg2005 ($147.50 in chips)
Zubasa07: posts small blind $1
xcgxcg2005: posts big blind $3
*** HOLE CARDS ***
Zubasa07: raises $3 to $6
xcgxcg2005: calls $3
*** FLOP *** [Tc Js 4d]
xcgxcg2005: checks
Zubasa07: bets $3
xcgxcg2005: raises $3 to $6
Zubasa07: calls $3
*** TURN *** [Tc Js 4d] [8c]
xcgxcg2005: bets $6
Zubasa07: folds
Uncalled bet ($6) returned to xcgxcg2005
xcgxcg2005 collected $23.52 from pot
xcgxcg2005: doesn't show hand
*** SUMMARY ***
Total pot $24 | Rake $0.48
Board [Tc Js 4d 8c]
Seat 1: Zubasa07 (button) (small blind) folded on the Turn
Seat 3: xcgxcg2005 (big blind) collected ($23.52)


PokerStars Hand #157732859901:  Hold'em Limit ($3/$6 USD) - 2016/08/25 15:48:16 ET
Table 'Martha' 6-max Seat #3 is the button
Seat 1: Zubasa07 ($460 in chips)
Seat 3: xcgxcg2005 ($159.02 in chips)
xcgxcg2005: posts small blind $1
Zubasa07: posts big blind $3
*** HOLE CARDS ***
xcgxcg2005: raises $3 to $6
Zubasa07: raises $3 to $9
xcgxcg2005: raises $3 to $12
Betting is capped
Zubasa07: calls $3
*** FLOP *** [Th 7h 4s]
Zubasa07: checks
xcgxcg2005: bets $3
Zubasa07: raises $3 to $6
xcgxcg2005: raises $3 to $9
Zubasa07: raises $3 to $12
Betting is capped
xcgxcg2005: calls $3
*** TURN *** [Th 7h 4s] [9h]
Zubasa07: bets $6
xcgxcg2005: calls $6
*** RIVER *** [Th 7h 4s 9h] [Jc]
Zubasa07: checks
xcgxcg2005: checks
*** SHOW DOWN ***
Zubasa07: shows [Tc Qd] (a pair of Tens)
xcgxcg2005: shows [Kd Ts] (a pair of Tens - King kicker)
xcgxcg2005 collected $59.50 from pot
*** SUMMARY ***
Total pot $60 | Rake $0.50
Board [Th 7h 4s 9h Jc]
Seat 1: Zubasa07 (big blind) showed [Tc Qd] and lost with a pair of Tens
Seat 3: xcgxcg2005 (button) (small blind) showed [Kd Ts] and won ($59.50) with a pair of Tens


PokerStars Hand #157732933456:  Hold'em Limit ($3/$6 USD) - 2016/08/25 15:49:47 ET
Table 'Martha' 6-max Seat #1 is the button
Seat 1: Zubasa07 ($430 in chips)
Seat 3: xcgxcg2005 ($188.52 in chips)
Zubasa07: posts small blind $1
xcgxcg2005: posts big blind $3
*** HOLE CARDS ***
Zubasa07: raises $3 to $6
xcgxcg2005: raises $3 to $9
Zubasa07: calls $3
*** FLOP *** [As Jd Ac]
xcgxcg2005: bets $3
Zubasa07: calls $3
*** TURN *** [As Jd Ac] [7s]
xcgxcg2005: bets $6
Zubasa07: calls $6
*** RIVER *** [As Jd Ac 7s] [Ad]
xcgxcg2005: bets $6
Zubasa07: folds
Uncalled bet ($6) returned to xcgxcg2005
xcgxcg2005 collected $35.50 from pot
xcgxcg2005: doesn't show hand
*** SUMMARY ***
Total pot $36 | Rake $0.50
Board [As Jd Ac 7s Ad]
Seat 1: Zubasa07 (button) (small blind) folded on the River
Seat 3: xcgxcg2005 (big blind) collected ($35.50)


PokerStars Hand #157732982963:  Hold'em Limit ($3/$6 USD) - 2016/08/25 15:50:49 ET
Table 'Martha' 6-max Seat #3 is the button
Seat 1: Zubasa07 ($412 in chips)
Seat 3: xcgxcg2005 ($206.02 in chips)
xcgxcg2005: posts small blind $1
Zubasa07: posts big blind $3
*** HOLE CARDS ***
xcgxcg2005: raises $3 to $6
Zubasa07: raises $3 to $9
xcgxcg2005: raises $3 to $12
Betting is capped
Zubasa07: calls $3
*** FLOP *** [2c 5d 8h]
Zubasa07: checks
xcgxcg2005: bets $3
Zubasa07: calls $3
*** TURN *** [2c 5d 8h] [2h]
Zubasa07: checks
xcgxcg2005: bets $6
Zubasa07: folds
Uncalled bet ($6) returned to xcgxcg2005
xcgxcg2005 collected $29.50 from pot
xcgxcg2005: doesn't show hand
*** SUMMARY ***
Total pot $30 | Rake $0.50
Board [2c 5d 8h 2h]
Seat 1: Zubasa07 (big blind) folded on the Turn
Seat 3: xcgxcg2005 (button) (small blind) collected ($29.50)


PokerStars Hand #157733058442:  Hold'em Limit ($3/$6 USD) - 2016/08/25 15:52:23 ET
Table 'Martha' 6-max Seat #1 is the button
Seat 1: Zubasa07 ($397 in chips)
Seat 3: xcgxcg2005 ($220.52 in chips)
Zubasa07: posts small blind $1
xcgxcg2005: posts big blind $3
*** HOLE CARDS ***
Zubasa07: raises $3 to $6
xcgxcg2005: folds
Uncalled bet ($3) returned to Zubasa07
Zubasa07 collected $6 from pot
Zubasa07: doesn't show hand
*** SUMMARY ***
Total pot $6 | Rake $0
Seat 1: Zubasa07 (button) (small blind) collected ($6)
Seat 3: xcgxcg2005 (big blind) folded before Flop


PokerStars Hand #157733049618:  Hold'em Limit ($3/$6 USD) - 2016/08/25 15:52:12 ET
Table 'Martha' 6-max Seat #1 is the button
Seat 1: Zubasa07 ($401 in chips)
Seat 3: xcgxcg2005 ($216.52 in chips)
Zubasa07: posts small blind $1
xcgxcg2005: posts big blind $3
*** HOLE CARDS ***
Zubasa07: folds
Uncalled bet ($2) returned to xcgxcg2005
xcgxcg2005 collected $2 from pot
xcgxcg2005: doesn't show hand
*** SUMMARY ***
Total pot $2 | Rake $0
Seat 1: Zubasa07 (button) (small blind) folded before Flop
Seat 3: xcgxcg2005 (big blind) collected ($2)


PokerStars Hand #157733045894:  Hold'em Limit ($3/$6 USD) - 2016/08/25 15:52:07 ET
Table 'Martha' 6-max Seat #3 is the button
Seat 1: Zubasa07 ($400 in chips)
Seat 3: xcgxcg2005 ($217.52 in chips)
xcgxcg2005: posts small blind $1
Zubasa07: posts big blind $3
*** HOLE CARDS ***
xcgxcg2005: folds
Uncalled bet ($2) returned to Zubasa07
Zubasa07 collected $2 from pot
Zubasa07: doesn't show hand
*** SUMMARY ***
Total pot $2 | Rake $0
Seat 1: Zubasa07 (big blind) collected ($2)
Seat 3: xcgxcg2005 (button) (small blind) folded before Flop


PokerStars Hand #157733065291:  Hold'em Limit ($3/$6 USD) - 2016/08/25 15:52:32 ET
Table 'Martha' 6-max Seat #3 is the button
Seat 1: Zubasa07 ($400 in chips)
Seat 3: xcgxcg2005 ($217.52 in chips)
xcgxcg2005: posts small blind $1
Zubasa07: posts big blind $3
*** HOLE CARDS ***
xcgxcg2005: raises $3 to $6
Zubasa07: calls $3
*** FLOP *** [5d 2s 6s]
Zubasa07: checks
xcgxcg2005: bets $3
Zubasa07: raises $3 to $6
xcgxcg2005: calls $3
*** TURN *** [5d 2s 6s] [Kd]
Zubasa07: bets $6
xcgxcg2005: calls $6
*** RIVER *** [5d 2s 6s Kd] [8s]
Zubasa07: checks
xcgxcg2005: checks
*** SHOW DOWN ***
Zubasa07: shows [5c Tc] (a pair of Fives)
xcgxcg2005: mucks hand
Zubasa07 collected $35.50 from pot
*** SUMMARY ***
Total pot $36 | Rake $0.50
Board [5d 2s 6s Kd 8s]
Seat 1: Zubasa07 (big blind) showed [5c Tc] and won ($35.50) with a pair of Fives
Seat 3: xcgxcg2005 (button) (small blind) mucked


PokerStars Hand #157733328784:  Hold'em Limit ($3/$6 USD) - 2016/08/25 15:58:54 ET
Table 'Martha' 6-max Seat #3 is the button
Seat 3: Siwy56 ($111.52 in chips)
Seat 4: Zubasa07 ($488 in chips)
Siwy56: posts small blind $1
Zubasa07: posts big blind $3
*** HOLE CARDS ***
Siwy56: folds
Uncalled bet ($2) returned to Zubasa07
Zubasa07 collected $2 from pot
Zubasa07: doesn't show hand
*** SUMMARY ***
Total pot $2 | Rake $0
Seat 3: Siwy56 (button) (small blind) folded before Flop
Seat 4: Zubasa07 (big blind) collected ($2)


PokerStars Hand #157733309740:  Hold'em Limit ($3/$6 USD) - 2016/08/25 15:58:24 ET
Table 'Martha' 6-max Seat #4 is the button
Seat 3: Siwy56 ($100 in chips)
Seat 4: Zubasa07 ($500 in chips)
Zubasa07: posts small blind $1
Siwy56: posts big blind $3
*** HOLE CARDS ***
Zubasa07: raises $3 to $6
Siwy56: calls $3
*** FLOP *** [7s Kc 6c]
Siwy56: checks
Zubasa07: bets $3
Siwy56: raises $3 to $6
Zubasa07: calls $3
*** TURN *** [7s Kc 6c] [8c]
Siwy56: bets $6
Zubasa07: folds
Uncalled bet ($6) returned to Siwy56
dmonr joins the table at seat #1
Siwy56 collected $23.52 from pot
Siwy56: doesn't show hand
*** SUMMARY ***
Total pot $24 | Rake $0.48
Board [7s Kc 6c 8c]
Seat 3: Siwy56 (big blind) collected ($23.52)
Seat 4: Zubasa07 (button) (small blind) folded on the Turn


PokerStars Hand #157734955111:  Hold'em Limit ($3/$6 USD) - 2016/08/25 16:33:34 ET
Table 'Martha' 6-max Seat #4 is the button
Seat 1: DENKON ($212.54 in chips)
Seat 4: Zubasa07 ($374 in chips)
Siwy56 will be allowed to play after the button
Zubasa07: posts small blind $1
TbIP-TbIP 88: is sitting out
DENKON: posts big blind $3
*** HOLE CARDS ***
Zubasa07: raises $3 to $6
DENKON: folds
Uncalled bet ($3) returned to Zubasa07
Zubasa07 collected $6 from pot
Zubasa07: doesn't show hand
*** SUMMARY ***
Total pot $6 | Rake $0
Seat 1: DENKON (big blind) folded before Flop
Seat 4: Zubasa07 (button) (small blind) collected ($6)


PokerStars Hand #157735034816:  Hold'em Limit ($3/$6 USD) - 2016/08/25 16:35:18 ET
Table 'Martha' 6-max Seat #4 is the button
Seat 3: Siwy56 ($132.16 in chips)
Seat 4: Zubasa07 ($362 in chips)
Zubasa07: posts small blind $1
Siwy56: posts big blind $3
*** HOLE CARDS ***
Zubasa07: raises $3 to $6
Hi Im Alexey joins the table at seat #6
Siwy56: calls $3
*** FLOP *** [5d Ac 6s]
Siwy56: bets $3
Zubasa07: calls $3
*** TURN *** [5d Ac 6s] [Ts]
Siwy56: bets $6
snuddercub joins the table at seat #2
Zubasa07: folds
Uncalled bet ($6) returned to Siwy56
Siwy56 collected $17.64 from pot
Siwy56: doesn't show hand
*** SUMMARY ***
Total pot $18 | Rake $0.36
Board [5d Ac 6s Ts]
Seat 3: Siwy56 (big blind) collected ($17.64)
Seat 4: Zubasa07 (button) (small blind) folded on the Turn


PokerStars Hand #157735056054:  Hold'em Limit ($3/$6 USD) - 2016/08/25 16:35:46 ET
Table 'Martha' 6-max Seat #3 is the button
Seat 3: Siwy56 ($140.80 in chips)
Seat 4: Zubasa07 ($353 in chips)
Siwy56: posts small blind $1
Zubasa07: posts big blind $3
*** HOLE CARDS ***
Siwy56: calls $2
Belledejour1 joins the table at seat #1
Zubasa07: checks
*** FLOP *** [Ad 5s 4s]
Zubasa07: bets $3
Siwy56: calls $3
*** TURN *** [Ad 5s 4s] [4h]
Zubasa07: bets $6
Siwy56: folds
Uncalled bet ($6) returned to Zubasa07
Zubasa07 collected $11.76 from pot
Zubasa07: doesn't show hand
*** SUMMARY ***
Total pot $12 | Rake $0.24
Board [Ad 5s 4s 4h]
Seat 3: Siwy56 (button) (small blind) folded on the Turn
Seat 4: Zubasa07 (big blind) collected ($11.76)


PokerStars Hand #157736416248:  Hold'em Limit ($3/$6 USD) - 2016/08/25 17:04:50 ET
Table 'Martha' 6-max Seat #1 is the button
Seat 1: Belledejour1 ($30.32 in chips)
Seat 6: RaisemyNut$ ($112.04 in chips)
Belledejour1: posts small blind $1
elise66: is sitting out
RaisemyNut$: posts big blind $3
*** HOLE CARDS ***
Belledejour1: raises $3 to $6
elise66 leaves the table
RaisemyNut$: calls $3
*** FLOP *** [7h Qs Ad]
RaisemyNut$: checks
Belledejour1: bets $3
RaisemyNut$: calls $3
*** TURN *** [7h Qs Ad] [3s]
RaisemyNut$: checks
Belledejour1: bets $6
RaisemyNut$: calls $6
*** RIVER *** [7h Qs Ad 3s] [As]
RaisemyNut$: checks
Belledejour1: checks
*** SHOW DOWN ***
RaisemyNut$: shows [7s 5s] (a flush, Ace high)
Belledejour1: mucks hand
RaisemyNut$ collected $29.50 from pot
*** SUMMARY ***
Total pot $30 | Rake $0.50
Board [7h Qs Ad 3s As]
Seat 1: Belledejour1 (button) (small blind) mucked
Seat 6: RaisemyNut$ (big blind) showed [7s 5s] and won ($29.50) with a flush, Ace high


