PokerStars Hand #159247726526:  Hold'em Limit ($3/$6 USD) - 2016/09/29 12:22:10 ET
Table 'Martir' 6-max Seat #6 is the button
Seat 1: LifeisagameX ($84 in chips)
Seat 6: AnVan ($56.29 in chips)
AnVan: posts small blind $1
LifeisagameX: posts big blind $3
*** HOLE CARDS ***
AnVan: raises $3 to $6
LifeisagameX: calls $3
*** FLOP *** [8h As 6c]
LifeisagameX: checks
AnVan: bets $3
LifeisagameX: calls $3
*** TURN *** [8h As 6c] [8d]
LifeisagameX: checks
AnVan: bets $6
LifeisagameX: folds
Uncalled bet ($6) returned to AnVan
AnVan collected $17.64 from pot
*** SUMMARY ***
Total pot $18 | Rake $0.36
Board [8h As 6c 8d]
Seat 1: LifeisagameX (big blind) folded on the Turn
Seat 6: AnVan (button) (small blind) collected ($17.64)


PokerStars Hand #159247774778:  Hold'em Limit ($3/$6 USD) - 2016/09/29 12:23:23 ET
Table 'Martir' 6-max Seat #6 is the button
Seat 1: LifeisagameX ($84 in chips)
Seat 6: AnVan ($76.45 in chips)
AnVan: posts small blind $1
LifeisagameX: posts big blind $3
*** HOLE CARDS ***
AnVan: raises $3 to $6
LifeisagameX: calls $3
*** FLOP *** [2c 6s 8s]
LifeisagameX: checks
AnVan: checks
*** TURN *** [2c 6s 8s] [7h]
LifeisagameX: bets $6
AnVan: calls $6
*** RIVER *** [2c 6s 8s 7h] [Ad]
LifeisagameX: bets $6
AnVan: raises $6 to $12
LifeisagameX: folds
Uncalled bet ($6) returned to AnVan
AnVan collected $35.50 from pot
*** SUMMARY ***
Total pot $36 | Rake $0.50
Board [2c 6s 8s 7h Ad]
Seat 1: LifeisagameX (big blind) folded on the River
Seat 6: AnVan (button) (small blind) collected ($35.50)


PokerStars Hand #159247763566:  Hold'em Limit ($3/$6 USD) - 2016/09/29 12:23:06 ET
Table 'Martir' 6-max Seat #1 is the button
Seat 1: LifeisagameX ($84 in chips)
Seat 6: AnVan ($64.93 in chips)
LifeisagameX: posts small blind $1
AnVan: posts big blind $3
*** HOLE CARDS ***
LifeisagameX: raises $3 to $6
AnVan: raises $3 to $9
LifeisagameX: calls $3
*** FLOP *** [9d 4h Qc]
AnVan: bets $3
LifeisagameX: calls $3
*** TURN *** [9d 4h Qc] [As]
AnVan: bets $6
LifeisagameX: folds
Uncalled bet ($6) returned to AnVan
AnVan collected $23.52 from pot
*** SUMMARY ***
Total pot $24 | Rake $0.48
Board [9d 4h Qc As]
Seat 1: LifeisagameX (button) (small blind) folded on the Turn
Seat 6: AnVan (big blind) collected ($23.52)


PokerStars Hand #159247798906:  Hold'em Limit ($3/$6 USD) - 2016/09/29 12:23:59 ET
Table 'Martir' 6-max Seat #1 is the button
Seat 1: LifeisagameX ($84 in chips)
Seat 6: AnVan ($93.95 in chips)
LifeisagameX: posts small blind $1
AnVan: posts big blind $3
*** HOLE CARDS ***
LifeisagameX: raises $3 to $6
AnVan: calls $3
*** FLOP *** [Kh Js Ah]
AnVan: checks
LifeisagameX: bets $3
AnVan: calls $3
*** TURN *** [Kh Js Ah] [7d]
AnVan: bets $6
LifeisagameX: calls $6
*** RIVER *** [Kh Js Ah 7d] [2d]
AnVan: bets $6
LifeisagameX: calls $6
*** SHOW DOWN ***
AnVan: shows [7c Jh] (two pair, Jacks and Sevens)
LifeisagameX: mucks hand
AnVan collected $41.50 from pot
*** SUMMARY ***
Total pot $42 | Rake $0.50
Board [Kh Js Ah 7d 2d]
Seat 1: LifeisagameX (button) (small blind) mucked
Seat 6: AnVan (big blind) showed [7c Jh] and won ($41.50) with two pair, Jacks and Sevens


PokerStars Hand #159247818428:  Hold'em Limit ($3/$6 USD) - 2016/09/29 12:24:29 ET
Table 'Martir' 6-max Seat #6 is the button
Seat 1: LifeisagameX ($84 in chips)
Seat 6: AnVan ($114.45 in chips)
AnVan: posts small blind $1
LifeisagameX: posts big blind $3
*** HOLE CARDS ***
AnVan: calls $2
LifeisagameX: raises $3 to $6
AnVan: calls $3
*** FLOP *** [Th 4d Kh]
LifeisagameX: bets $3
AnVan: calls $3
*** TURN *** [Th 4d Kh] [8h]
LifeisagameX: checks
AnVan: bets $6
LifeisagameX: calls $6
*** RIVER *** [Th 4d Kh 8h] [Qc]
LifeisagameX: bets $6
AnVan: raises $6 to $12
LifeisagameX: folds
Uncalled bet ($6) returned to AnVan
AnVan collected $41.50 from pot
*** SUMMARY ***
Total pot $42 | Rake $0.50
Board [Th 4d Kh 8h Qc]
Seat 1: LifeisagameX (big blind) folded on the River
Seat 6: AnVan (button) (small blind) collected ($41.50)


PokerStars Hand #159247848602:  Hold'em Limit ($3/$6 USD) - 2016/09/29 12:25:14 ET
Table 'Martir' 6-max Seat #1 is the button
Seat 1: LifeisagameX ($84 in chips)
Seat 6: AnVan ($134.95 in chips)
LifeisagameX: posts small blind $1
AnVan: posts big blind $3
*** HOLE CARDS ***
LifeisagameX: raises $3 to $6
AnVan: calls $3
*** FLOP *** [6d Qc 2c]
AnVan: checks
LifeisagameX: bets $3
AnVan: calls $3
*** TURN *** [6d Qc 2c] [Js]
AnVan: checks
LifeisagameX: checks
*** RIVER *** [6d Qc 2c Js] [3h]
AnVan: bets $6
LifeisagameX: folds
Uncalled bet ($6) returned to AnVan
AnVan collected $17.64 from pot
*** SUMMARY ***
Total pot $18 | Rake $0.36
Board [6d Qc 2c Js 3h]
Seat 1: LifeisagameX (button) (small blind) folded on the River
Seat 6: AnVan (big blind) collected ($17.64)


PokerStars Hand #159247902891:  Hold'em Limit ($3/$6 USD) - 2016/09/29 12:26:35 ET
Table 'Martir' 6-max Seat #6 is the button
Seat 2: pukuotukxx89 ($38.92 in chips)
Seat 6: AnVan ($149.35 in chips)
kolaz03 will be allowed to play after the button
RockKillerTY will be allowed to play after the button
AnVan: posts small blind $1
pukuotukxx89: posts big blind $3
*** HOLE CARDS ***
AnVan: raises $3 to $6
pukuotukxx89: calls $3
*** FLOP *** [Jc Jh 7s]
pukuotukxx89: checks
AnVan: bets $3
pukuotukxx89: raises $3 to $6
AnVan: calls $3
*** TURN *** [Jc Jh 7s] [4h]
pukuotukxx89: bets $6
AnVan: calls $6
*** RIVER *** [Jc Jh 7s 4h] [Jd]
pukuotukxx89: bets $6
AnVan: raises $6 to $12
pukuotukxx89: folds
Uncalled bet ($6) returned to AnVan
AnVan collected $47.50 from pot
*** SUMMARY ***
Total pot $48 | Rake $0.50
Board [Jc Jh 7s 4h Jd]
Seat 2: pukuotukxx89 (big blind) folded on the River
Seat 6: AnVan (button) (small blind) collected ($47.50)


PokerStars Hand #159247871911:  Hold'em Limit ($3/$6 USD) - 2016/09/29 12:25:49 ET
Table 'Martir' 6-max Seat #6 is the button
Seat 1: LifeisagameX ($84 in chips)
Seat 6: AnVan ($143.59 in chips)
AnVan: posts small blind $1
LifeisagameX: posts big blind $3
*** HOLE CARDS ***
AnVan: raises $3 to $6
LifeisagameX: calls $3
*** FLOP *** [8c 3c 5s]
LifeisagameX: checks
AnVan: checks
*** TURN *** [8c 3c 5s] [2c]
pukuotukxx89 joins the table at seat #2
LifeisagameX: checks
AnVan: checks
*** RIVER *** [8c 3c 5s 2c] [5c]
kolaz03 joins the table at seat #3
RockKillerTY joins the table at seat #4
LifeisagameX: checks
AnVan: checks
*** SHOW DOWN ***
LifeisagameX: shows [Ks 9h] (a pair of Fives)
AnVan: shows [Kd Qh] (a pair of Fives - King+Queen kicker)
AnVan collected $11.76 from pot
*** SUMMARY ***
Total pot $12 | Rake $0.24
Board [8c 3c 5s 2c 5c]
Seat 1: LifeisagameX (big blind) showed [Ks 9h] and lost with a pair of Fives
Seat 6: AnVan (button) (small blind) showed [Kd Qh] and won ($11.76) with a pair of Fives


PokerStars Hand #159250514503:  Hold'em Limit ($3/$6 USD) - 2016/09/29 13:29:37 ET
Table 'Martir' 6-max Seat #3 is the button
Seat 3: arina201317 ($94.20 in chips)
Seat 5: Great_Kang ($120 in chips)
arina201317: posts small blind $1
ABATAPP: is sitting out
Great_Kang: posts big blind $3
*** HOLE CARDS ***
arina201317: folds
Uncalled bet ($2) returned to Great_Kang
Great_Kang collected $2 from pot
Great_Kang: doesn't show hand
*** SUMMARY ***
Total pot $2 | Rake $0
Seat 3: arina201317 (button) (small blind) folded before Flop
Seat 5: Great_Kang (big blind) collected ($2)


