PokerStars Hand #160100099457:  Hold'em Limit ($3/$6 USD) - 2016/10/18 9:30:03 ET
Table 'Martir' 6-max Seat #4 is the button
Seat 1: michi99999 ($90.88 in chips)
Seat 4: AzureCaper ($72 in chips)
AzureCaper: posts small blind $1
michi99999: posts big blind $3
*** HOLE CARDS ***
AzureCaper: folds
Uncalled bet ($2) returned to michi99999
michi99999 collected $2 from pot
michi99999: doesn't show hand
*** SUMMARY ***
Total pot $2 | Rake $0
Seat 1: michi99999 (big blind) collected ($2)
Seat 4: AzureCaper (button) (small blind) folded before Flop


PokerStars Hand #160100082147:  Hold'em Limit ($3/$6 USD) - 2016/10/18 9:29:32 ET
Table 'Martir' 6-max Seat #1 is the button
Seat 1: michi99999 ($73.38 in chips)
Seat 4: AzureCaper ($72 in chips)
michi99999: posts small blind $1
AzureCaper: posts big blind $3
*** HOLE CARDS ***
michi99999: calls $2
AzureCaper: checks
*** FLOP *** [3c 5d Jh]
andru1983 joins the table at seat #2
AzureCaper: bets $3
michi99999: calls $3
*** TURN *** [3c 5d Jh] [9h]
AzureCaper: bets $6
michi99999: calls $6
*** RIVER *** [3c 5d Jh 9h] [Kh]
AzureCaper: bets $6
michi99999: raises $6 to $12
AzureCaper: folds
Uncalled bet ($6) returned to michi99999
michi99999 collected $35.50 from pot
michi99999: doesn't show hand
*** SUMMARY ***
Total pot $36 | Rake $0.50
Board [3c 5d Jh 9h Kh]
Seat 1: michi99999 (button) (small blind) collected ($35.50)
Seat 4: AzureCaper (big blind) folded on the River


PokerStars Hand #160100918900:  Hold'em Limit ($3/$6 USD) - 2016/10/18 9:53:34 ET
Table 'Martir' 6-max Seat #3 is the button
Seat 2: fsreibnitz ($137.06 in chips)
Seat 3: ABATAPP ($70 in chips)
ABATAPP: posts small blind $1
fsreibnitz: posts big blind $3
*** HOLE CARDS ***
ABATAPP: raises $3 to $6
fsreibnitz: folds
Uncalled bet ($3) returned to ABATAPP
ABATAPP collected $6 from pot
ABATAPP: doesn't show hand
*** SUMMARY ***
Total pot $6 | Rake $0
Seat 2: fsreibnitz (big blind) folded before Flop
Seat 3: ABATAPP (button) (small blind) collected ($6)


PokerStars Hand #160103123958:  Hold'em Limit ($3/$6 USD) - 2016/10/18 10:55:32 ET
Table 'Martir' 6-max Seat #1 is the button
Seat 1: Great_Kang ($186.42 in chips)
Seat 6: 19woody58 ($154.14 in chips)
Great_Kang: posts small blind $1
19woody58: posts big blind $3
*** HOLE CARDS ***
Great_Kang: raises $3 to $6
19woody58: calls $3
*** FLOP *** [2s 8h 6h]
19woody58: checks
Great_Kang: bets $3
19woody58: calls $3
*** TURN *** [2s 8h 6h] [Qs]
19woody58: checks
Great_Kang: bets $6
19woody58: raises $6 to $12
Great_Kang: folds
Uncalled bet ($6) returned to 19woody58
19woody58 collected $29.50 from pot
*** SUMMARY ***
Total pot $30 | Rake $0.50
Board [2s 8h 6h Qs]
Seat 1: Great_Kang (button) (small blind) folded on the Turn
Seat 6: 19woody58 (big blind) collected ($29.50)


PokerStars Hand #160103178701:  Hold'em Limit ($3/$6 USD) - 2016/10/18 10:57:13 ET
Table 'Martir' 6-max Seat #6 is the button
Seat 1: Great_Kang ($153.42 in chips)
Seat 6: 19woody58 ($186.14 in chips)
19woody58: posts small blind $1
Great_Kang: posts big blind $3
*** HOLE CARDS ***
19woody58: folds
Uncalled bet ($2) returned to Great_Kang
Great_Kang collected $2 from pot
Great_Kang: doesn't show hand
*** SUMMARY ***
Total pot $2 | Rake $0
Seat 1: Great_Kang (big blind) collected ($2)
Seat 6: 19woody58 (button) (small blind) folded before Flop


PokerStars Hand #160103153756:  Hold'em Limit ($3/$6 USD) - 2016/10/18 10:56:27 ET
Table 'Martir' 6-max Seat #1 is the button
Seat 1: Great_Kang ($168.42 in chips)
Seat 6: 19woody58 ($171.64 in chips)
Great_Kang: posts small blind $1
19woody58: posts big blind $3
*** HOLE CARDS ***
Great_Kang: raises $3 to $6
19woody58: calls $3
*** FLOP *** [9s Qc 6s]
19woody58: checks
Great_Kang: bets $3
19woody58: calls $3
*** TURN *** [9s Qc 6s] [Ac]
19woody58: checks
Great_Kang: bets $6
19woody58: calls $6
*** RIVER *** [9s Qc 6s Ac] [Qh]
19woody58: checks
Great_Kang: checks
*** SHOW DOWN ***
19woody58: shows [Js Jh] (two pair, Queens and Jacks)
Great_Kang: mucks hand
19woody58 collected $29.50 from pot
*** SUMMARY ***
Total pot $30 | Rake $0.50
Board [9s Qc 6s Ac Qh]
Seat 1: Great_Kang (button) (small blind) mucked
Seat 6: 19woody58 (big blind) showed [Js Jh] and won ($29.50) with two pair, Queens and Jacks


PokerStars Hand #160103211349:  Hold'em Limit ($3/$6 USD) - 2016/10/18 10:58:13 ET
Table 'Martir' 6-max Seat #1 is the button
Seat 1: Great_Kang ($146.42 in chips)
Seat 6: 19woody58 ($192.78 in chips)
Great_Kang: posts small blind $1
19woody58: posts big blind $3
*** HOLE CARDS ***
Great_Kang: raises $3 to $6
19woody58: folds
Uncalled bet ($3) returned to Great_Kang
Great_Kang collected $6 from pot
Great_Kang: doesn't show hand
*** SUMMARY ***
Total pot $6 | Rake $0
Seat 1: Great_Kang (button) (small blind) collected ($6)
Seat 6: 19woody58 (big blind) folded before Flop


PokerStars Hand #160103208182:  Hold'em Limit ($3/$6 USD) - 2016/10/18 10:58:08 ET
Table 'Martir' 6-max Seat #6 is the button
Seat 1: Great_Kang ($145.42 in chips)
Seat 6: 19woody58 ($193.78 in chips)
19woody58: posts small blind $1
Great_Kang: posts big blind $3
*** HOLE CARDS ***
19woody58: folds
Uncalled bet ($2) returned to Great_Kang
Great_Kang collected $2 from pot
Great_Kang: doesn't show hand
*** SUMMARY ***
Total pot $2 | Rake $0
Seat 1: Great_Kang (big blind) collected ($2)
Seat 6: 19woody58 (button) (small blind) folded before Flop


PokerStars Hand #160103204817:  Hold'em Limit ($3/$6 USD) - 2016/10/18 10:58:02 ET
Table 'Martir' 6-max Seat #1 is the button
Seat 1: Great_Kang ($146.42 in chips)
Seat 6: 19woody58 ($192.78 in chips)
Great_Kang: posts small blind $1
19woody58: posts big blind $3
*** HOLE CARDS ***
Great_Kang: folds
Uncalled bet ($2) returned to 19woody58
19woody58 collected $2 from pot
*** SUMMARY ***
Total pot $2 | Rake $0
Seat 1: Great_Kang (button) (small blind) folded before Flop
Seat 6: 19woody58 (big blind) collected ($2)


PokerStars Hand #160103201493:  Hold'em Limit ($3/$6 USD) - 2016/10/18 10:57:55 ET
Table 'Martir' 6-max Seat #6 is the button
Seat 1: Great_Kang ($145.42 in chips)
Seat 6: 19woody58 ($193.78 in chips)
19woody58: posts small blind $1
Great_Kang: posts big blind $3
*** HOLE CARDS ***
19woody58: folds
Uncalled bet ($2) returned to Great_Kang
Great_Kang collected $2 from pot
Great_Kang: doesn't show hand
*** SUMMARY ***
Total pot $2 | Rake $0
Seat 1: Great_Kang (big blind) collected ($2)
Seat 6: 19woody58 (button) (small blind) folded before Flop


PokerStars Hand #160103181477:  Hold'em Limit ($3/$6 USD) - 2016/10/18 10:57:18 ET
Table 'Martir' 6-max Seat #1 is the button
Seat 1: Great_Kang ($154.42 in chips)
Seat 6: 19woody58 ($185.14 in chips)
Great_Kang: posts small blind $1
19woody58: posts big blind $3
*** HOLE CARDS ***
Great_Kang: raises $3 to $6
19woody58: calls $3
*** FLOP *** [2c 7c 5c]
19woody58: checks
Great_Kang: bets $3
19woody58: calls $3
*** TURN *** [2c 7c 5c] [7d]
19woody58: checks
Great_Kang: checks
*** RIVER *** [2c 7c 5c 7d] [Th]
19woody58: bets $6
Great_Kang: folds
Uncalled bet ($6) returned to 19woody58
19woody58 collected $17.64 from pot
*** SUMMARY ***
Total pot $18 | Rake $0.36
Board [2c 7c 5c 7d Th]
Seat 1: Great_Kang (button) (small blind) folded on the River
Seat 6: 19woody58 (big blind) collected ($17.64)


PokerStars Hand #160103243329:  Hold'em Limit ($3/$6 USD) - 2016/10/18 10:59:12 ET
Table 'Martir' 6-max Seat #1 is the button
Seat 1: Great_Kang ($134.42 in chips)
Seat 6: 19woody58 ($204.28 in chips)
Great_Kang: posts small blind $1
19woody58: posts big blind $3
*** HOLE CARDS ***
Great_Kang: raises $3 to $6
19woody58: folds
Uncalled bet ($3) returned to Great_Kang
Great_Kang collected $6 from pot
Great_Kang: doesn't show hand
*** SUMMARY ***
Total pot $6 | Rake $0
Seat 1: Great_Kang (button) (small blind) collected ($6)
Seat 6: 19woody58 (big blind) folded before Flop


PokerStars Hand #160103216484:  Hold'em Limit ($3/$6 USD) - 2016/10/18 10:58:23 ET
Table 'Martir' 6-max Seat #6 is the button
Seat 1: Great_Kang ($149.42 in chips)
Seat 6: 19woody58 ($189.78 in chips)
19woody58: posts small blind $1
Great_Kang: posts big blind $3
*** HOLE CARDS ***
19woody58: raises $3 to $6
Great_Kang: calls $3
*** FLOP *** [Kc 8h 2h]
Great_Kang: checks
19woody58: bets $3
Great_Kang: calls $3
*** TURN *** [Kc 8h 2h] [2s]
Great_Kang: checks
19woody58: bets $6
Great_Kang: calls $6
*** RIVER *** [Kc 8h 2h 2s] [Ac]
Great_Kang: checks
19woody58: checks
*** SHOW DOWN ***
Great_Kang: shows [6h 8d] (two pair, Eights and Deuces)
19woody58: shows [4d Kd] (two pair, Kings and Deuces)
19woody58 collected $29.50 from pot
*** SUMMARY ***
Total pot $30 | Rake $0.50
Board [Kc 8h 2h 2s Ac]
Seat 1: Great_Kang (big blind) showed [6h 8d] and lost with two pair, Eights and Deuces
Seat 6: 19woody58 (button) (small blind) showed [4d Kd] and won ($29.50) with two pair, Kings and Deuces


PokerStars Hand #160103249453:  Hold'em Limit ($3/$6 USD) - 2016/10/18 10:59:23 ET
Table 'Martir' 6-max Seat #6 is the button
Seat 1: Great_Kang ($137.42 in chips)
Seat 6: 19woody58 ($201.28 in chips)
19woody58: posts small blind $1
Great_Kang: posts big blind $3
*** HOLE CARDS ***
19woody58: raises $3 to $6
Great_Kang: calls $3
*** FLOP *** [4d 9h Ks]
Great_Kang: checks
19woody58: bets $3
Great_Kang: folds
Uncalled bet ($3) returned to 19woody58
19woody58 collected $11.76 from pot
*** SUMMARY ***
Total pot $12 | Rake $0.24
Board [4d 9h Ks]
Seat 1: Great_Kang (big blind) folded on the Flop
Seat 6: 19woody58 (button) (small blind) collected ($11.76)


PokerStars Hand #160103303215:  Hold'em Limit ($3/$6 USD) - 2016/10/18 11:01:01 ET
Table 'Martir' 6-max Seat #6 is the button
Seat 1: Great_Kang ($126.42 in chips)
Seat 6: 19woody58 ($211.68 in chips)
19woody58: posts small blind $1
Great_Kang: posts big blind $3
*** HOLE CARDS ***
19woody58: folds
Uncalled bet ($2) returned to Great_Kang
Great_Kang collected $2 from pot
Great_Kang: doesn't show hand
*** SUMMARY ***
Total pot $2 | Rake $0
Seat 1: Great_Kang (big blind) collected ($2)
Seat 6: 19woody58 (button) (small blind) folded before Flop


PokerStars Hand #160103299376:  Hold'em Limit ($3/$6 USD) - 2016/10/18 11:00:55 ET
Table 'Martir' 6-max Seat #1 is the button
Seat 1: Great_Kang ($123.42 in chips)
Seat 6: 19woody58 ($214.68 in chips)
Great_Kang: posts small blind $1
19woody58: posts big blind $3
*** HOLE CARDS ***
Great_Kang: raises $3 to $6
19woody58: folds
Uncalled bet ($3) returned to Great_Kang
Great_Kang collected $6 from pot
Great_Kang: doesn't show hand
*** SUMMARY ***
Total pot $6 | Rake $0
Seat 1: Great_Kang (button) (small blind) collected ($6)
Seat 6: 19woody58 (big blind) folded before Flop


PokerStars Hand #160103295996:  Hold'em Limit ($3/$6 USD) - 2016/10/18 11:00:49 ET
Table 'Martir' 6-max Seat #6 is the button
Seat 1: Great_Kang ($122.42 in chips)
Seat 6: 19woody58 ($215.68 in chips)
19woody58: posts small blind $1
Great_Kang: posts big blind $3
*** HOLE CARDS ***
19woody58: folds
Uncalled bet ($2) returned to Great_Kang
Great_Kang collected $2 from pot
Great_Kang: doesn't show hand
*** SUMMARY ***
Total pot $2 | Rake $0
Seat 1: Great_Kang (big blind) collected ($2)
Seat 6: 19woody58 (button) (small blind) folded before Flop


PokerStars Hand #160103275811:  Hold'em Limit ($3/$6 USD) - 2016/10/18 11:00:11 ET
Table 'Martir' 6-max Seat #1 is the button
Seat 1: Great_Kang ($131.42 in chips)
Seat 6: 19woody58 ($207.04 in chips)
Great_Kang: posts small blind $1
19woody58: posts big blind $3
*** HOLE CARDS ***
Great_Kang: raises $3 to $6
19woody58: calls $3
*** FLOP *** [5h 2s Jh]
19woody58: checks
Great_Kang: bets $3
19woody58: calls $3
*** TURN *** [5h 2s Jh] [4h]
19woody58: checks
Great_Kang: checks
*** RIVER *** [5h 2s Jh 4h] [4s]
19woody58: bets $6
Great_Kang: folds
Uncalled bet ($6) returned to 19woody58
19woody58 collected $17.64 from pot
*** SUMMARY ***
Total pot $18 | Rake $0.36
Board [5h 2s Jh 4h 4s]
Seat 1: Great_Kang (button) (small blind) folded on the River
Seat 6: 19woody58 (big blind) collected ($17.64)


PokerStars Hand #160103341164:  Hold'em Limit ($3/$6 USD) - 2016/10/18 11:02:04 ET
Table 'Martir' 6-max Seat #6 is the button
Seat 1: Great_Kang ($147.92 in chips)
Seat 6: 19woody58 ($189.68 in chips)
19woody58: posts small blind $1
Great_Kang: posts big blind $3
*** HOLE CARDS ***
19woody58: folds
Uncalled bet ($2) returned to Great_Kang
Great_Kang collected $2 from pot
Great_Kang: doesn't show hand
*** SUMMARY ***
Total pot $2 | Rake $0
Seat 1: Great_Kang (big blind) collected ($2)
Seat 6: 19woody58 (button) (small blind) folded before Flop


PokerStars Hand #160103308441:  Hold'em Limit ($3/$6 USD) - 2016/10/18 11:01:10 ET
Table 'Martir' 6-max Seat #1 is the button
Seat 1: Great_Kang ($127.42 in chips)
Seat 6: 19woody58 ($210.68 in chips)
Great_Kang: posts small blind $1
19woody58: posts big blind $3
*** HOLE CARDS ***
Great_Kang: raises $3 to $6
19woody58: calls $3
*** FLOP *** [7s Kd 7d]
19woody58: checks
Great_Kang: bets $3
19woody58: calls $3
*** TURN *** [7s Kd 7d] [2h]
19woody58: checks
Great_Kang: bets $6
19woody58: calls $6
*** RIVER *** [7s Kd 7d 2h] [5s]
19woody58: checks
Great_Kang: bets $6
19woody58: calls $6
*** SHOW DOWN ***
Great_Kang: shows [7h 6h] (three of a kind, Sevens)
19woody58: mucks hand
Great_Kang collected $41.50 from pot
*** SUMMARY ***
Total pot $42 | Rake $0.50
Board [7s Kd 7d 2h 5s]
Seat 1: Great_Kang (button) (small blind) showed [7h 6h] and won ($41.50) with three of a kind, Sevens
Seat 6: 19woody58 (big blind) mucked


PokerStars Hand #160103360957:  Hold'em Limit ($3/$6 USD) - 2016/10/18 11:02:35 ET
Table 'Martir' 6-max Seat #6 is the button
Seat 1: Great_Kang ($139.92 in chips)
Seat 6: 19woody58 ($197.32 in chips)
19woody58: posts small blind $1
Great_Kang: posts big blind $3
*** HOLE CARDS ***
19woody58: raises $3 to $6
Great_Kang: calls $3
*** FLOP *** [5d 4d 9s]
Great_Kang: checks
19woody58: bets $3
Great_Kang: raises $3 to $6
19woody58: calls $3
*** TURN *** [5d 4d 9s] [7c]
Great_Kang: bets $6
19woody58: folds
Uncalled bet ($6) returned to Great_Kang
Great_Kang collected $23.52 from pot
Great_Kang: doesn't show hand
*** SUMMARY ***
Total pot $24 | Rake $0.48
Board [5d 4d 9s 7c]
Seat 1: Great_Kang (big blind) collected ($23.52)
Seat 6: 19woody58 (button) (small blind) folded on the Turn


PokerStars Hand #160103344683:  Hold'em Limit ($3/$6 USD) - 2016/10/18 11:02:10 ET
Table 'Martir' 6-max Seat #1 is the button
Seat 1: Great_Kang ($148.92 in chips)
Seat 6: 19woody58 ($188.68 in chips)
Great_Kang: posts small blind $1
19woody58: posts big blind $3
*** HOLE CARDS ***
Great_Kang: raises $3 to $6
19woody58: calls $3
*** FLOP *** [5h 2s As]
19woody58: checks
Great_Kang: bets $3
19woody58: calls $3
*** TURN *** [5h 2s As] [Kh]
19woody58: checks
Great_Kang: checks
*** RIVER *** [5h 2s As Kh] [Kd]
19woody58: bets $6
Great_Kang: folds
Uncalled bet ($6) returned to 19woody58
19woody58 collected $17.64 from pot
*** SUMMARY ***
Total pot $18 | Rake $0.36
Board [5h 2s As Kh Kd]
Seat 1: Great_Kang (button) (small blind) folded on the River
Seat 6: 19woody58 (big blind) collected ($17.64)


PokerStars Hand #160103395287:  Hold'em Limit ($3/$6 USD) - 2016/10/18 11:03:30 ET
Table 'Martir' 6-max Seat #6 is the button
Seat 1: Great_Kang ($136.44 in chips)
Seat 6: 19woody58 ($199.82 in chips)
19woody58: posts small blind $1
Great_Kang: posts big blind $3
*** HOLE CARDS ***
19woody58: raises $3 to $6
Great_Kang: raises $3 to $9
19woody58: calls $3
*** FLOP *** [Th 9c As]
Great_Kang: bets $3
19woody58: calls $3
*** TURN *** [Th 9c As] [Qd]
Great_Kang: bets $6
19woody58: calls $6
*** RIVER *** [Th 9c As Qd] [4s]
Great_Kang: bets $6
19woody58: calls $6
*** SHOW DOWN ***
Great_Kang: shows [Qs Ac] (two pair, Aces and Queens)
19woody58: mucks hand
Great_Kang collected $47.50 from pot
*** SUMMARY ***
Total pot $48 | Rake $0.50
Board [Th 9c As Qd 4s]
Seat 1: Great_Kang (big blind) showed [Qs Ac] and won ($47.50) with two pair, Aces and Queens
Seat 6: 19woody58 (button) (small blind) mucked


PokerStars Hand #160103373949:  Hold'em Limit ($3/$6 USD) - 2016/10/18 11:02:56 ET
Table 'Martir' 6-max Seat #1 is the button
Seat 1: Great_Kang ($151.44 in chips)
Seat 6: 19woody58 ($185.32 in chips)
Great_Kang: posts small blind $1
19woody58: posts big blind $3
*** HOLE CARDS ***
Great_Kang: raises $3 to $6
19woody58: calls $3
*** FLOP *** [9d 6h 7d]
19woody58: checks
Great_Kang: bets $3
19woody58: calls $3
*** TURN *** [9d 6h 7d] [Ts]
19woody58: checks
Great_Kang: bets $6
19woody58: calls $6
*** RIVER *** [9d 6h 7d Ts] [Qd]
19woody58: checks
Great_Kang: checks
*** SHOW DOWN ***
19woody58: shows [Qc 9h] (two pair, Queens and Nines)
Great_Kang: mucks hand
19woody58 collected $29.50 from pot
*** SUMMARY ***
Total pot $30 | Rake $0.50
Board [9d 6h 7d Ts Qd]
Seat 1: Great_Kang (button) (small blind) mucked
Seat 6: 19woody58 (big blind) showed [Qc 9h] and won ($29.50) with two pair, Queens and Nines


PokerStars Hand #160103439680:  Hold'em Limit ($3/$6 USD) - 2016/10/18 11:04:40 ET
Table 'Martir' 6-max Seat #1 is the button
Seat 1: Great_Kang ($151.94 in chips)
Seat 6: 19woody58 ($183.46 in chips)
Great_Kang: posts small blind $1
19woody58: posts big blind $3
*** HOLE CARDS ***
Great_Kang: raises $3 to $6
19woody58: calls $3
*** FLOP *** [5h Ks 2d]
19woody58: checks
Great_Kang: bets $3
19woody58: calls $3
*** TURN *** [5h Ks 2d] [As]
19woody58: checks
Great_Kang: bets $6
19woody58: folds
Uncalled bet ($6) returned to Great_Kang
Great_Kang collected $17.64 from pot
Great_Kang: doesn't show hand
*** SUMMARY ***
Total pot $18 | Rake $0.36
Board [5h Ks 2d As]
Seat 1: Great_Kang (button) (small blind) collected ($17.64)
Seat 6: 19woody58 (big blind) folded on the Turn


PokerStars Hand #160103436078:  Hold'em Limit ($3/$6 USD) - 2016/10/18 11:04:34 ET
Table 'Martir' 6-max Seat #6 is the button
Seat 1: Great_Kang ($150.94 in chips)
Seat 6: 19woody58 ($184.46 in chips)
19woody58: posts small blind $1
Great_Kang: posts big blind $3
*** HOLE CARDS ***
19woody58: folds
Uncalled bet ($2) returned to Great_Kang
Great_Kang collected $2 from pot
Great_Kang: doesn't show hand
*** SUMMARY ***
Total pot $2 | Rake $0
Seat 1: Great_Kang (big blind) collected ($2)
Seat 6: 19woody58 (button) (small blind) folded before Flop


PokerStars Hand #160103419353:  Hold'em Limit ($3/$6 USD) - 2016/10/18 11:04:08 ET
Table 'Martir' 6-max Seat #1 is the button
Seat 1: Great_Kang ($159.94 in chips)
Seat 6: 19woody58 ($175.82 in chips)
Great_Kang: posts small blind $1
19woody58: posts big blind $3
*** HOLE CARDS ***
Great_Kang: raises $3 to $6
19woody58: calls $3
*** FLOP *** [9h Th Qs]
19woody58: checks
Great_Kang: bets $3
19woody58: calls $3
*** TURN *** [9h Th Qs] [Ks]
19woody58: checks
Great_Kang: checks
*** RIVER *** [9h Th Qs Ks] [4s]
19woody58: bets $6
Great_Kang: folds
Uncalled bet ($6) returned to 19woody58
19woody58 collected $17.64 from pot
*** SUMMARY ***
Total pot $18 | Rake $0.36
Board [9h Th Qs Ks 4s]
Seat 1: Great_Kang (button) (small blind) folded on the River
Seat 6: 19woody58 (big blind) collected ($17.64)


PokerStars Hand #160103488324:  Hold'em Limit ($3/$6 USD) - 2016/10/18 11:05:56 ET
Table 'Martir' 6-max Seat #1 is the button
Seat 1: Great_Kang ($142.58 in chips)
Seat 6: 19woody58 ($191.96 in chips)
Great_Kang: posts small blind $1
19woody58: posts big blind $3
*** HOLE CARDS ***
Great_Kang: raises $3 to $6
19woody58: folds
Uncalled bet ($3) returned to Great_Kang
Great_Kang collected $6 from pot
Great_Kang: doesn't show hand
*** SUMMARY ***
Total pot $6 | Rake $0
Seat 1: Great_Kang (button) (small blind) collected ($6)
Seat 6: 19woody58 (big blind) folded before Flop


PokerStars Hand #160103456664:  Hold'em Limit ($3/$6 USD) - 2016/10/18 11:05:07 ET
Table 'Martir' 6-max Seat #6 is the button
Seat 1: Great_Kang ($160.58 in chips)
Seat 6: 19woody58 ($174.46 in chips)
19woody58: posts small blind $1
Great_Kang: posts big blind $3
*** HOLE CARDS ***
19woody58: raises $3 to $6
Great_Kang: raises $3 to $9
19woody58: calls $3
*** FLOP *** [Qs 8h Qh]
Great_Kang: bets $3
19woody58: calls $3
*** TURN *** [Qs 8h Qh] [9s]
Great_Kang: checks
19woody58: bets $6
Great_Kang: calls $6
*** RIVER *** [Qs 8h Qh 9s] [5h]
Great_Kang: checks
19woody58: bets $6
Great_Kang: folds
Uncalled bet ($6) returned to 19woody58
19woody58 collected $35.50 from pot
*** SUMMARY ***
Total pot $36 | Rake $0.50
Board [Qs 8h Qh 9s 5h]
Seat 1: Great_Kang (big blind) folded on the River
Seat 6: 19woody58 (button) (small blind) collected ($35.50)


PokerStars Hand #160103517528:  Hold'em Limit ($3/$6 USD) - 2016/10/18 11:06:43 ET
Table 'Martir' 6-max Seat #1 is the button
Seat 1: Great_Kang ($121.58 in chips)
Seat 6: 19woody58 ($212.46 in chips)
Great_Kang: posts small blind $1
19woody58: posts big blind $3
*** HOLE CARDS ***
Great_Kang: raises $3 to $6
19woody58: calls $3
*** FLOP *** [6c Jh 6s]
19woody58: checks
Great_Kang: bets $3
19woody58: calls $3
*** TURN *** [6c Jh 6s] [8d]
19woody58: checks
Great_Kang: bets $6
19woody58: calls $6
*** RIVER *** [6c Jh 6s 8d] [2c]
19woody58: checks
Great_Kang: bets $6
19woody58: calls $6
*** SHOW DOWN ***
Great_Kang: shows [7d 5d] (a pair of Sixes)
19woody58: shows [Kd 8c] (two pair, Eights and Sixes)
19woody58 collected $41.50 from pot
*** SUMMARY ***
Total pot $42 | Rake $0.50
Board [6c Jh 6s 8d 2c]
Seat 1: Great_Kang (button) (small blind) showed [7d 5d] and lost with a pair of Sixes
Seat 6: 19woody58 (big blind) showed [Kd 8c] and won ($41.50) with two pair, Eights and Sixes


PokerStars Hand #160103496490:  Hold'em Limit ($3/$6 USD) - 2016/10/18 11:06:09 ET
Table 'Martir' 6-max Seat #6 is the button
Seat 1: Great_Kang ($145.58 in chips)
Seat 6: 19woody58 ($188.96 in chips)
19woody58: posts small blind $1
Great_Kang: posts big blind $3
*** HOLE CARDS ***
19woody58: raises $3 to $6
Great_Kang: calls $3
*** FLOP *** [2s 7s Kh]
Great_Kang: checks
19woody58: bets $3
Great_Kang: raises $3 to $6
19woody58: calls $3
*** TURN *** [2s 7s Kh] [9h]
Great_Kang: bets $6
19woody58: calls $6
*** RIVER *** [2s 7s Kh 9h] [Qc]
Great_Kang: bets $6
19woody58: calls $6
*** SHOW DOWN ***
Great_Kang: shows [6s Js] (high card King)
19woody58: shows [2d Kc] (two pair, Kings and Deuces)
19woody58 collected $47.50 from pot
*** SUMMARY ***
Total pot $48 | Rake $0.50
Board [2s 7s Kh 9h Qc]
Seat 1: Great_Kang (big blind) showed [6s Js] and lost with high card King
Seat 6: 19woody58 (button) (small blind) showed [2d Kc] and won ($47.50) with two pair, Kings and Deuces


PokerStars Hand #160103554247:  Hold'em Limit ($3/$6 USD) - 2016/10/18 11:07:41 ET
Table 'Martir' 6-max Seat #1 is the button
Seat 1: Great_Kang ($120 in chips)
Seat 6: 19woody58 ($235.84 in chips)
Great_Kang: posts small blind $1
19woody58: posts big blind $3
*** HOLE CARDS ***
Great_Kang: raises $3 to $6
19woody58: folds
Uncalled bet ($3) returned to Great_Kang
Great_Kang collected $6 from pot
Great_Kang: doesn't show hand
*** SUMMARY ***
Total pot $6 | Rake $0
Seat 1: Great_Kang (button) (small blind) collected ($6)
Seat 6: 19woody58 (big blind) folded before Flop


PokerStars Hand #160103542415:  Hold'em Limit ($3/$6 USD) - 2016/10/18 11:07:23 ET
Table 'Martir' 6-max Seat #6 is the button
Seat 1: Great_Kang ($120 in chips)
Seat 6: 19woody58 ($232.96 in chips)
19woody58: posts small blind $1
Great_Kang: posts big blind $3
*** HOLE CARDS ***
19woody58: calls $2
Great_Kang: checks
*** FLOP *** [Qs Qd Js]
Great_Kang: checks
19woody58: bets $3
Great_Kang: folds
Uncalled bet ($3) returned to 19woody58
19woody58 collected $5.88 from pot
*** SUMMARY ***
Total pot $6 | Rake $0.12
Board [Qs Qd Js]
Seat 1: Great_Kang (big blind) folded on the Flop
Seat 6: 19woody58 (button) (small blind) collected ($5.88)


PokerStars Hand #160103559202:  Hold'em Limit ($3/$6 USD) - 2016/10/18 11:07:49 ET
Table 'Martir' 6-max Seat #6 is the button
Seat 1: Great_Kang ($123 in chips)
Seat 6: 19woody58 ($232.84 in chips)
19woody58: posts small blind $1
Great_Kang: posts big blind $3
*** HOLE CARDS ***
19woody58: raises $3 to $6
Great_Kang: folds
Uncalled bet ($3) returned to 19woody58
19woody58 collected $6 from pot
*** SUMMARY ***
Total pot $6 | Rake $0
Seat 1: Great_Kang (big blind) folded before Flop
Seat 6: 19woody58 (button) (small blind) collected ($6)


PokerStars Hand #160103598929:  Hold'em Limit ($3/$6 USD) - 2016/10/18 11:08:51 ET
Table 'Martir' 6-max Seat #6 is the button
Seat 1: Great_Kang ($134.50 in chips)
Seat 6: 19woody58 ($220.84 in chips)
19woody58: posts small blind $1
Great_Kang: posts big blind $3
*** HOLE CARDS ***
19woody58: folds
Uncalled bet ($2) returned to Great_Kang
Great_Kang collected $2 from pot
Great_Kang: doesn't show hand
*** SUMMARY ***
Total pot $2 | Rake $0
Seat 1: Great_Kang (big blind) collected ($2)
Seat 6: 19woody58 (button) (small blind) folded before Flop


PokerStars Hand #160103566878:  Hold'em Limit ($3/$6 USD) - 2016/10/18 11:08:01 ET
Table 'Martir' 6-max Seat #1 is the button
Seat 1: Great_Kang ($120 in chips)
Seat 6: 19woody58 ($235.84 in chips)
Great_Kang: posts small blind $1
19woody58: posts big blind $3
*** HOLE CARDS ***
Great_Kang: raises $3 to $6
19woody58: calls $3
*** FLOP *** [Tc As 3s]
19woody58: checks
Great_Kang: bets $3
19woody58: calls $3
*** TURN *** [Tc As 3s] [3d]
19woody58: checks
Great_Kang: checks
*** RIVER *** [Tc As 3s 3d] [Qd]
19woody58: bets $6
Great_Kang: calls $6
*** SHOW DOWN ***
19woody58: shows [4h 8h] (a pair of Threes)
Great_Kang: shows [Qc 9c] (two pair, Queens and Threes)
Great_Kang collected $29.50 from pot
*** SUMMARY ***
Total pot $30 | Rake $0.50
Board [Tc As 3s 3d Qd]
Seat 1: Great_Kang (button) (small blind) showed [Qc 9c] and won ($29.50) with two pair, Queens and Threes
Seat 6: 19woody58 (big blind) showed [4h 8h] and lost with a pair of Threes


PokerStars Hand #160103603450:  Hold'em Limit ($3/$6 USD) - 2016/10/18 11:08:59 ET
Table 'Martir' 6-max Seat #1 is the button
Seat 1: Great_Kang ($135.50 in chips)
Seat 6: 19woody58 ($219.84 in chips)
Great_Kang: posts small blind $1
19woody58: posts big blind $3
*** HOLE CARDS ***
Great_Kang: raises $3 to $6
19woody58: calls $3
*** FLOP *** [7s 2d 5s]
19woody58: checks
Great_Kang: bets $3
19woody58: calls $3
*** TURN *** [7s 2d 5s] [6c]
19woody58: checks
Great_Kang: bets $6
19woody58: calls $6
*** RIVER *** [7s 2d 5s 6c] [8h]
19woody58: checks
Great_Kang: checks
*** SHOW DOWN ***
19woody58: shows [4h 4s] (a straight, Four to Eight)
Great_Kang: mucks hand
19woody58 collected $29.50 from pot
*** SUMMARY ***
Total pot $30 | Rake $0.50
Board [7s 2d 5s 6c 8h]
Seat 1: Great_Kang (button) (small blind) mucked
Seat 6: 19woody58 (big blind) showed [4h 4s] and won ($29.50) with a straight, Four to Eight


PokerStars Hand #160103622126:  Hold'em Limit ($3/$6 USD) - 2016/10/18 11:09:28 ET
Table 'Martir' 6-max Seat #6 is the button
Seat 1: Great_Kang ($120.50 in chips)
Seat 6: 19woody58 ($234.34 in chips)
19woody58: posts small blind $1
Great_Kang: posts big blind $3
*** HOLE CARDS ***
19woody58: folds
Uncalled bet ($2) returned to Great_Kang
Great_Kang collected $2 from pot
Great_Kang: doesn't show hand
*** SUMMARY ***
Total pot $2 | Rake $0
Seat 1: Great_Kang (big blind) collected ($2)
Seat 6: 19woody58 (button) (small blind) folded before Flop


PokerStars Hand #160103625488:  Hold'em Limit ($3/$6 USD) - 2016/10/18 11:09:33 ET
Table 'Martir' 6-max Seat #1 is the button
Seat 1: Great_Kang ($121.50 in chips)
Seat 6: 19woody58 ($233.34 in chips)
Great_Kang: posts small blind $1
19woody58: posts big blind $3
*** HOLE CARDS ***
Great_Kang: raises $3 to $6
19woody58: calls $3
*** FLOP *** [2h Kc 2c]
19woody58: checks
Great_Kang: bets $3
19woody58: folds
Uncalled bet ($3) returned to Great_Kang
Great_Kang collected $11.76 from pot
Great_Kang: doesn't show hand
*** SUMMARY ***
Total pot $12 | Rake $0.24
Board [2h Kc 2c]
Seat 1: Great_Kang (button) (small blind) collected ($11.76)
Seat 6: 19woody58 (big blind) folded on the Flop


PokerStars Hand #160103634786:  Hold'em Limit ($3/$6 USD) - 2016/10/18 11:09:47 ET
Table 'Martir' 6-max Seat #6 is the button
Seat 1: Great_Kang ($127.26 in chips)
Seat 6: 19woody58 ($227.34 in chips)
19woody58: posts small blind $1
Great_Kang: posts big blind $3
*** HOLE CARDS ***
19woody58: raises $3 to $6
Great_Kang: calls $3
*** FLOP *** [5d 2c Ah]
Great_Kang: checks
19woody58: bets $3
Great_Kang: raises $3 to $6
19woody58: folds
Uncalled bet ($3) returned to Great_Kang
Great_Kang collected $17.64 from pot
Great_Kang: doesn't show hand
*** SUMMARY ***
Total pot $18 | Rake $0.36
Board [5d 2c Ah]
Seat 1: Great_Kang (big blind) collected ($17.64)
Seat 6: 19woody58 (button) (small blind) folded on the Flop


PokerStars Hand #160103648409:  Hold'em Limit ($3/$6 USD) - 2016/10/18 11:10:09 ET
Table 'Martir' 6-max Seat #1 is the button
Seat 1: Great_Kang ($135.90 in chips)
Seat 6: 19woody58 ($218.34 in chips)
Great_Kang: posts small blind $1
19woody58: posts big blind $3
*** HOLE CARDS ***
Great_Kang: raises $3 to $6
19woody58: calls $3
*** FLOP *** [Qh 6c Jd]
19woody58: checks
Great_Kang: bets $3
19woody58: calls $3
*** TURN *** [Qh 6c Jd] [3h]
19woody58: checks
Great_Kang: bets $6
19woody58: raises $6 to $12
Great_Kang: raises $6 to $18
19woody58: raises $6 to $24
Betting is capped
Great_Kang: calls $6
*** RIVER *** [Qh 6c Jd 3h] [2s]
19woody58: bets $6
Great_Kang: folds
Uncalled bet ($6) returned to 19woody58
19woody58 collected $65.50 from pot
*** SUMMARY ***
Total pot $66 | Rake $0.50
Board [Qh 6c Jd 3h 2s]
Seat 1: Great_Kang (button) (small blind) folded on the River
Seat 6: 19woody58 (big blind) collected ($65.50)


PokerStars Hand #160103680135:  Hold'em Limit ($3/$6 USD) - 2016/10/18 11:10:58 ET
Table 'Martir' 6-max Seat #6 is the button
Seat 1: Great_Kang ($120 in chips)
Seat 6: 19woody58 ($250.84 in chips)
19woody58: posts small blind $1
Great_Kang: posts big blind $3
*** HOLE CARDS ***
19woody58: calls $2
Great_Kang: raises $3 to $6
19woody58: calls $3
*** FLOP *** [9d 5s Ad]
Great_Kang: bets $3
19woody58: folds
Uncalled bet ($3) returned to Great_Kang
Great_Kang collected $11.76 from pot
Great_Kang: doesn't show hand
*** SUMMARY ***
Total pot $12 | Rake $0.24
Board [9d 5s Ad]
Seat 1: Great_Kang (big blind) collected ($11.76)
Seat 6: 19woody58 (button) (small blind) folded on the Flop


PokerStars Hand #160103694253:  Hold'em Limit ($3/$6 USD) - 2016/10/18 11:11:20 ET
Table 'Martir' 6-max Seat #1 is the button
Seat 1: Great_Kang ($125.76 in chips)
Seat 6: 19woody58 ($244.84 in chips)
Great_Kang: posts small blind $1
19woody58: posts big blind $3
*** HOLE CARDS ***
Great_Kang: raises $3 to $6
19woody58: calls $3
*** FLOP *** [6s 9h 8c]
19woody58: checks
Great_Kang: bets $3
19woody58: calls $3
*** TURN *** [6s 9h 8c] [6d]
19woody58: checks
Great_Kang: bets $6
19woody58: calls $6
*** RIVER *** [6s 9h 8c 6d] [6h]
19woody58: checks
Great_Kang: checks
*** SHOW DOWN ***
19woody58: shows [Td Jd] (three of a kind, Sixes)
Great_Kang: shows [Qc Ad] (three of a kind, Sixes - Ace kicker)
Great_Kang collected $29.50 from pot
*** SUMMARY ***
Total pot $30 | Rake $0.50
Board [6s 9h 8c 6d 6h]
Seat 1: Great_Kang (button) (small blind) showed [Qc Ad] and won ($29.50) with three of a kind, Sixes
Seat 6: 19woody58 (big blind) showed [Td Jd] and lost with three of a kind, Sixes


PokerStars Hand #160103716543:  Hold'em Limit ($3/$6 USD) - 2016/10/18 11:11:55 ET
Table 'Martir' 6-max Seat #6 is the button
Seat 1: Great_Kang ($140.26 in chips)
Seat 6: 19woody58 ($229.84 in chips)
19woody58: posts small blind $1
Great_Kang: posts big blind $3
*** HOLE CARDS ***
19woody58: raises $3 to $6
Great_Kang: calls $3
*** FLOP *** [Td 2c Qh]
Great_Kang: checks
19woody58: bets $3
Great_Kang: folds
Uncalled bet ($3) returned to 19woody58
19woody58 collected $11.76 from pot
*** SUMMARY ***
Total pot $12 | Rake $0.24
Board [Td 2c Qh]
Seat 1: Great_Kang (big blind) folded on the Flop
Seat 6: 19woody58 (button) (small blind) collected ($11.76)


PokerStars Hand #160103726242:  Hold'em Limit ($3/$6 USD) - 2016/10/18 11:12:10 ET
Table 'Martir' 6-max Seat #1 is the button
Seat 1: Great_Kang ($134.26 in chips)
Seat 6: 19woody58 ($235.60 in chips)
Great_Kang: posts small blind $1
19woody58: posts big blind $3
*** HOLE CARDS ***
Great_Kang: raises $3 to $6
19woody58: folds
Uncalled bet ($3) returned to Great_Kang
Great_Kang collected $6 from pot
Great_Kang: doesn't show hand
*** SUMMARY ***
Total pot $6 | Rake $0
Seat 1: Great_Kang (button) (small blind) collected ($6)
Seat 6: 19woody58 (big blind) folded before Flop


PokerStars Hand #160103730179:  Hold'em Limit ($3/$6 USD) - 2016/10/18 11:12:16 ET
Table 'Martir' 6-max Seat #6 is the button
Seat 1: Great_Kang ($137.26 in chips)
Seat 6: 19woody58 ($232.60 in chips)
19woody58: posts small blind $1
Great_Kang: posts big blind $3
*** HOLE CARDS ***
19woody58: raises $3 to $6
Great_Kang: folds
Uncalled bet ($3) returned to 19woody58
19woody58 collected $6 from pot
*** SUMMARY ***
Total pot $6 | Rake $0
Seat 1: Great_Kang (big blind) folded before Flop
Seat 6: 19woody58 (button) (small blind) collected ($6)


PokerStars Hand #160103747749:  Hold'em Limit ($3/$6 USD) - 2016/10/18 11:12:44 ET
Table 'Martir' 6-max Seat #6 is the button
Seat 1: Great_Kang ($142.90 in chips)
Seat 6: 19woody58 ($226.60 in chips)
19woody58: posts small blind $1
Great_Kang: posts big blind $3
*** HOLE CARDS ***
19woody58: folds
Uncalled bet ($2) returned to Great_Kang
Great_Kang collected $2 from pot
Great_Kang: doesn't show hand
*** SUMMARY ***
Total pot $2 | Rake $0
Seat 1: Great_Kang (big blind) collected ($2)
Seat 6: 19woody58 (button) (small blind) folded before Flop


PokerStars Hand #160103734112:  Hold'em Limit ($3/$6 USD) - 2016/10/18 11:12:23 ET
Table 'Martir' 6-max Seat #1 is the button
Seat 1: Great_Kang ($134.26 in chips)
Seat 6: 19woody58 ($235.60 in chips)
Great_Kang: posts small blind $1
19woody58: posts big blind $3
*** HOLE CARDS ***
Great_Kang: raises $3 to $6
19woody58: calls $3
*** FLOP *** [4s Ks 3d]
19woody58: checks
Great_Kang: bets $3
19woody58: calls $3
*** TURN *** [4s Ks 3d] [5h]
19woody58: checks
Great_Kang: bets $6
19woody58: folds
Uncalled bet ($6) returned to Great_Kang
Great_Kang collected $17.64 from pot
Great_Kang: doesn't show hand
*** SUMMARY ***
Total pot $18 | Rake $0.36
Board [4s Ks 3d 5h]
Seat 1: Great_Kang (button) (small blind) collected ($17.64)
Seat 6: 19woody58 (big blind) folded on the Turn


PokerStars Hand #160103751001:  Hold'em Limit ($3/$6 USD) - 2016/10/18 11:12:49 ET
Table 'Martir' 6-max Seat #1 is the button
Seat 1: Great_Kang ($143.90 in chips)
Seat 6: 19woody58 ($225.60 in chips)
Great_Kang: posts small blind $1
19woody58: posts big blind $3
*** HOLE CARDS ***
Great_Kang: folds
Uncalled bet ($2) returned to 19woody58
19woody58 collected $2 from pot
*** SUMMARY ***
Total pot $2 | Rake $0
Seat 1: Great_Kang (button) (small blind) folded before Flop
Seat 6: 19woody58 (big blind) collected ($2)


PokerStars Hand #160103754820:  Hold'em Limit ($3/$6 USD) - 2016/10/18 11:12:55 ET
Table 'Martir' 6-max Seat #6 is the button
Seat 1: Great_Kang ($142.90 in chips)
Seat 6: 19woody58 ($226.60 in chips)
19woody58: posts small blind $1
Great_Kang: posts big blind $3
*** HOLE CARDS ***
19woody58: calls $2
Great_Kang: raises $3 to $6
19woody58: calls $3
*** FLOP *** [9h 8h 5s]
Great_Kang: bets $3
19woody58: calls $3
*** TURN *** [9h 8h 5s] [7s]
Great_Kang: checks
19woody58: checks
*** RIVER *** [9h 8h 5s 7s] [As]
Great_Kang: bets $6
19woody58: calls $6
*** SHOW DOWN ***
Great_Kang: shows [Ah Jd] (a pair of Aces)
19woody58: mucks hand
Great_Kang collected $29.50 from pot
*** SUMMARY ***
Total pot $30 | Rake $0.50
Board [9h 8h 5s 7s As]
Seat 1: Great_Kang (big blind) showed [Ah Jd] and won ($29.50) with a pair of Aces
Seat 6: 19woody58 (button) (small blind) mucked


PokerStars Hand #160103784772:  Hold'em Limit ($3/$6 USD) - 2016/10/18 11:13:42 ET
Table 'Martir' 6-max Seat #6 is the button
Seat 1: Great_Kang ($142.40 in chips)
Seat 6: 19woody58 ($226.10 in chips)
19woody58: posts small blind $1
Great_Kang: posts big blind $3
*** HOLE CARDS ***
19woody58: raises $3 to $6
Great_Kang: folds
Uncalled bet ($3) returned to 19woody58
19woody58 collected $6 from pot
*** SUMMARY ***
Total pot $6 | Rake $0
Seat 1: Great_Kang (big blind) folded before Flop
Seat 6: 19woody58 (button) (small blind) collected ($6)


PokerStars Hand #160103770067:  Hold'em Limit ($3/$6 USD) - 2016/10/18 11:13:19 ET
Table 'Martir' 6-max Seat #1 is the button
Seat 1: Great_Kang ($157.40 in chips)
Seat 6: 19woody58 ($211.60 in chips)
Great_Kang: posts small blind $1
19woody58: posts big blind $3
*** HOLE CARDS ***
Great_Kang: raises $3 to $6
19woody58: calls $3
*** FLOP *** [2d 8d 2c]
19woody58: checks
Great_Kang: bets $3
19woody58: calls $3
*** TURN *** [2d 8d 2c] [Jh]
19woody58: checks
Great_Kang: checks
*** RIVER *** [2d 8d 2c Jh] [8c]
19woody58: bets $6
Great_Kang: calls $6
*** SHOW DOWN ***
19woody58: shows [As 9s] (two pair, Eights and Deuces)
Great_Kang: mucks hand
19woody58 collected $29.50 from pot
*** SUMMARY ***
Total pot $30 | Rake $0.50
Board [2d 8d 2c Jh 8c]
Seat 1: Great_Kang (button) (small blind) mucked
Seat 6: 19woody58 (big blind) showed [As 9s] and won ($29.50) with two pair, Eights and Deuces


PokerStars Hand #160103793020:  Hold'em Limit ($3/$6 USD) - 2016/10/18 11:13:55 ET
Table 'Martir' 6-max Seat #6 is the button
Seat 1: Great_Kang ($142.40 in chips)
Seat 6: 19woody58 ($226.10 in chips)
19woody58: posts small blind $1
Great_Kang: posts big blind $3
*** HOLE CARDS ***
19woody58: folds
Uncalled bet ($2) returned to Great_Kang
Great_Kang collected $2 from pot
Great_Kang: doesn't show hand
*** SUMMARY ***
Total pot $2 | Rake $0
Seat 1: Great_Kang (big blind) collected ($2)
Seat 6: 19woody58 (button) (small blind) folded before Flop


PokerStars Hand #160103788838:  Hold'em Limit ($3/$6 USD) - 2016/10/18 11:13:48 ET
Table 'Martir' 6-max Seat #1 is the button
Seat 1: Great_Kang ($139.40 in chips)
Seat 6: 19woody58 ($229.10 in chips)
Great_Kang: posts small blind $1
19woody58: posts big blind $3
*** HOLE CARDS ***
Great_Kang: raises $3 to $6
19woody58: folds
Uncalled bet ($3) returned to Great_Kang
Great_Kang collected $6 from pot
Great_Kang: doesn't show hand
*** SUMMARY ***
Total pot $6 | Rake $0
Seat 1: Great_Kang (button) (small blind) collected ($6)
Seat 6: 19woody58 (big blind) folded before Flop


PokerStars Hand #160103796988:  Hold'em Limit ($3/$6 USD) - 2016/10/18 11:14:01 ET
Table 'Martir' 6-max Seat #1 is the button
Seat 1: Great_Kang ($143.40 in chips)
Seat 6: 19woody58 ($225.10 in chips)
Great_Kang: posts small blind $1
19woody58: posts big blind $3
*** HOLE CARDS ***
Great_Kang: raises $3 to $6
19woody58: folds
Uncalled bet ($3) returned to Great_Kang
Great_Kang collected $6 from pot
Great_Kang: doesn't show hand
*** SUMMARY ***
Total pot $6 | Rake $0
Seat 1: Great_Kang (button) (small blind) collected ($6)
Seat 6: 19woody58 (big blind) folded before Flop


PokerStars Hand #160103808693:  Hold'em Limit ($3/$6 USD) - 2016/10/18 11:14:20 ET
Table 'Martir' 6-max Seat #6 is the button
Seat 1: Great_Kang ($146.40 in chips)
Seat 6: 19woody58 ($222.10 in chips)
19woody58: posts small blind $1
Great_Kang: posts big blind $3
*** HOLE CARDS ***
19woody58: folds
Uncalled bet ($2) returned to Great_Kang
Great_Kang collected $2 from pot
Great_Kang: doesn't show hand
*** SUMMARY ***
Total pot $2 | Rake $0
Seat 1: Great_Kang (big blind) collected ($2)
Seat 6: 19woody58 (button) (small blind) folded before Flop


PokerStars Hand #160103836312:  Hold'em Limit ($3/$6 USD) - 2016/10/18 11:15:03 ET
Table 'Martir' 6-max Seat #6 is the button
Seat 1: Great_Kang ($167.90 in chips)
Seat 6: 19woody58 ($200.10 in chips)
19woody58: posts small blind $1
Great_Kang: posts big blind $3
*** HOLE CARDS ***
19woody58: folds
Uncalled bet ($2) returned to Great_Kang
Great_Kang collected $2 from pot
Great_Kang: doesn't show hand
*** SUMMARY ***
Total pot $2 | Rake $0
Seat 1: Great_Kang (big blind) collected ($2)
Seat 6: 19woody58 (button) (small blind) folded before Flop


PokerStars Hand #160103811994:  Hold'em Limit ($3/$6 USD) - 2016/10/18 11:14:25 ET
Table 'Martir' 6-max Seat #1 is the button
Seat 1: Great_Kang ($147.40 in chips)
Seat 6: 19woody58 ($221.10 in chips)
Great_Kang: posts small blind $1
19woody58: posts big blind $3
*** HOLE CARDS ***
Great_Kang: raises $3 to $6
19woody58: calls $3
*** FLOP *** [9c 8h Ks]
19woody58: checks
Great_Kang: bets $3
19woody58: calls $3
*** TURN *** [9c 8h Ks] [4d]
19woody58: checks
Great_Kang: bets $6
19woody58: calls $6
*** RIVER *** [9c 8h Ks 4d] [2c]
19woody58: checks
Great_Kang: bets $6
19woody58: calls $6
*** SHOW DOWN ***
Great_Kang: shows [Kd Kh] (three of a kind, Kings)
19woody58: mucks hand
Great_Kang collected $41.50 from pot
*** SUMMARY ***
Total pot $42 | Rake $0.50
Board [9c 8h Ks 4d 2c]
Seat 1: Great_Kang (button) (small blind) showed [Kd Kh] and won ($41.50) with three of a kind, Kings
Seat 6: 19woody58 (big blind) mucked


PokerStars Hand #160103839703:  Hold'em Limit ($3/$6 USD) - 2016/10/18 11:15:08 ET
Table 'Martir' 6-max Seat #1 is the button
Seat 1: Great_Kang ($168.90 in chips)
Seat 6: 19woody58 ($199.10 in chips)
Great_Kang: posts small blind $1
19woody58: posts big blind $3
*** HOLE CARDS ***
Great_Kang: raises $3 to $6
19woody58: calls $3
*** FLOP *** [Jd 8d Ac]
19woody58: checks
Great_Kang: bets $3
19woody58: folds
Uncalled bet ($3) returned to Great_Kang
Great_Kang collected $11.76 from pot
Great_Kang: doesn't show hand
*** SUMMARY ***
Total pot $12 | Rake $0.24
Board [Jd 8d Ac]
Seat 1: Great_Kang (button) (small blind) collected ($11.76)
Seat 6: 19woody58 (big blind) folded on the Flop


PokerStars Hand #160103848475:  Hold'em Limit ($3/$6 USD) - 2016/10/18 11:15:22 ET
Table 'Martir' 6-max Seat #6 is the button
Seat 1: Great_Kang ($174.66 in chips)
Seat 6: 19woody58 ($193.10 in chips)
19woody58: posts small blind $1
Great_Kang: posts big blind $3
*** HOLE CARDS ***
19woody58: calls $2
Great_Kang: checks
*** FLOP *** [6d 4h 7h]
Great_Kang: bets $3
19woody58: calls $3
*** TURN *** [6d 4h 7h] [Ts]
Great_Kang: bets $6
19woody58: calls $6
*** RIVER *** [6d 4h 7h Ts] [9h]
Great_Kang: checks
19woody58: checks
*** SHOW DOWN ***
Great_Kang: shows [3c 7s] (a pair of Sevens)
19woody58: mucks hand
Great_Kang collected $23.52 from pot
*** SUMMARY ***
Total pot $24 | Rake $0.48
Board [6d 4h 7h Ts 9h]
Seat 1: Great_Kang (big blind) showed [3c 7s] and won ($23.52) with a pair of Sevens
Seat 6: 19woody58 (button) (small blind) mucked


PokerStars Hand #160103866902:  Hold'em Limit ($3/$6 USD) - 2016/10/18 11:15:51 ET
Table 'Martir' 6-max Seat #1 is the button
Seat 1: Great_Kang ($186.18 in chips)
Seat 6: 19woody58 ($181.10 in chips)
Great_Kang: posts small blind $1
19woody58: posts big blind $3
*** HOLE CARDS ***
Great_Kang: raises $3 to $6
19woody58: calls $3
*** FLOP *** [Th Jd 7s]
19woody58: checks
Great_Kang: bets $3
19woody58: calls $3
*** TURN *** [Th Jd 7s] [5d]
19woody58: checks
Great_Kang: checks
*** RIVER *** [Th Jd 7s 5d] [9c]
19woody58: bets $6
Great_Kang: folds
Uncalled bet ($6) returned to 19woody58
19woody58 collected $17.64 from pot
*** SUMMARY ***
Total pot $18 | Rake $0.36
Board [Th Jd 7s 5d 9c]
Seat 1: Great_Kang (button) (small blind) folded on the River
Seat 6: 19woody58 (big blind) collected ($17.64)


PokerStars Hand #160103886288:  Hold'em Limit ($3/$6 USD) - 2016/10/18 11:16:21 ET
Table 'Martir' 6-max Seat #6 is the button
Seat 1: Great_Kang ($177.18 in chips)
Seat 6: 19woody58 ($189.74 in chips)
19woody58: posts small blind $1
Great_Kang: posts big blind $3
*** HOLE CARDS ***
19woody58: raises $3 to $6
Great_Kang: folds
Uncalled bet ($3) returned to 19woody58
19woody58 collected $6 from pot
*** SUMMARY ***
Total pot $6 | Rake $0
Seat 1: Great_Kang (big blind) folded before Flop
Seat 6: 19woody58 (button) (small blind) collected ($6)


PokerStars Hand #160103907151:  Hold'em Limit ($3/$6 USD) - 2016/10/18 11:16:54 ET
Table 'Martir' 6-max Seat #1 is the button
Seat 1: Great_Kang ($169.18 in chips)
Seat 6: 19woody58 ($197.50 in chips)
Great_Kang: posts small blind $1
19woody58: posts big blind $3
*** HOLE CARDS ***
Great_Kang: raises $3 to $6
19woody58: folds
Uncalled bet ($3) returned to Great_Kang
Great_Kang collected $6 from pot
Great_Kang: doesn't show hand
*** SUMMARY ***
Total pot $6 | Rake $0
Seat 1: Great_Kang (button) (small blind) collected ($6)
Seat 6: 19woody58 (big blind) folded before Flop


PokerStars Hand #160103903460:  Hold'em Limit ($3/$6 USD) - 2016/10/18 11:16:48 ET
Table 'Martir' 6-max Seat #6 is the button
Seat 1: Great_Kang ($168.18 in chips)
Seat 6: 19woody58 ($198.50 in chips)
19woody58: posts small blind $1
Great_Kang: posts big blind $3
*** HOLE CARDS ***
19woody58: folds
Uncalled bet ($2) returned to Great_Kang
Great_Kang collected $2 from pot
Great_Kang: doesn't show hand
*** SUMMARY ***
Total pot $2 | Rake $0
Seat 1: Great_Kang (big blind) collected ($2)
Seat 6: 19woody58 (button) (small blind) folded before Flop


PokerStars Hand #160103891780:  Hold'em Limit ($3/$6 USD) - 2016/10/18 11:16:30 ET
Table 'Martir' 6-max Seat #1 is the button
Seat 1: Great_Kang ($174.18 in chips)
Seat 6: 19woody58 ($192.74 in chips)
Great_Kang: posts small blind $1
19woody58: posts big blind $3
*** HOLE CARDS ***
Great_Kang: raises $3 to $6
19woody58: calls $3
*** FLOP *** [2d 8c Qh]
19woody58: checks
Great_Kang: checks
*** TURN *** [2d 8c Qh] [Kh]
19woody58: bets $6
Great_Kang: folds
Uncalled bet ($6) returned to 19woody58
19woody58 collected $11.76 from pot
*** SUMMARY ***
Total pot $12 | Rake $0.24
Board [2d 8c Qh Kh]
Seat 1: Great_Kang (button) (small blind) folded on the Turn
Seat 6: 19woody58 (big blind) collected ($11.76)


PokerStars Hand #160103911181:  Hold'em Limit ($3/$6 USD) - 2016/10/18 11:17:00 ET
Table 'Martir' 6-max Seat #6 is the button
Seat 1: Great_Kang ($172.18 in chips)
Seat 6: 19woody58 ($194.50 in chips)
19woody58: posts small blind $1
Great_Kang: posts big blind $3
*** HOLE CARDS ***
19woody58: folds
Uncalled bet ($2) returned to Great_Kang
Great_Kang collected $2 from pot
Great_Kang: doesn't show hand
*** SUMMARY ***
Total pot $2 | Rake $0
Seat 1: Great_Kang (big blind) collected ($2)
Seat 6: 19woody58 (button) (small blind) folded before Flop


PokerStars Hand #160103915416:  Hold'em Limit ($3/$6 USD) - 2016/10/18 11:17:06 ET
Table 'Martir' 6-max Seat #1 is the button
Seat 1: Great_Kang ($173.18 in chips)
Seat 6: 19woody58 ($193.50 in chips)
Great_Kang: posts small blind $1
19woody58: posts big blind $3
*** HOLE CARDS ***
Great_Kang: raises $3 to $6
19woody58: calls $3
*** FLOP *** [8h 7s Jh]
19woody58: checks
Great_Kang: bets $3
19woody58: calls $3
*** TURN *** [8h 7s Jh] [4c]
19woody58: checks
Great_Kang: bets $6
19woody58: raises $6 to $12
Great_Kang: calls $6
*** RIVER *** [8h 7s Jh 4c] [Qs]
19woody58: bets $6
Great_Kang: folds
Uncalled bet ($6) returned to 19woody58
19woody58 collected $41.50 from pot
*** SUMMARY ***
Total pot $42 | Rake $0.50
Board [8h 7s Jh 4c Qs]
Seat 1: Great_Kang (button) (small blind) folded on the River
Seat 6: 19woody58 (big blind) collected ($41.50)


PokerStars Hand #160104034729:  Hold'em Limit ($3/$6 USD) - 2016/10/18 11:20:10 ET
Table 'Martir' 6-max Seat #2 is the button
Seat 1: Great_Kang ($152.18 in chips)
Seat 2: Rooman7 ($120 in chips)
Rooman7: posts small blind $1
Great_Kang: posts big blind $3
*** HOLE CARDS ***
Rooman7: calls $2
Great_Kang: raises $3 to $6
Rooman7: calls $3
*** FLOP *** [5d 3h Qh]
Great_Kang: checks
Rooman7: checks
*** TURN *** [5d 3h Qh] [Jh]
Great_Kang: checks
Rooman7: checks
*** RIVER *** [5d 3h Qh Jh] [Kc]
Great_Kang: bets $6
Rooman7: calls $6
*** SHOW DOWN ***
Great_Kang: shows [Ks 9d] (a pair of Kings)
Rooman7: mucks hand
Great_Kang collected $23.52 from pot
*** SUMMARY ***
Total pot $24 | Rake $0.48
Board [5d 3h Qh Jh Kc]
Seat 1: Great_Kang (big blind) showed [Ks 9d] and won ($23.52) with a pair of Kings
Seat 2: Rooman7 (button) (small blind) mucked


PokerStars Hand #160104056718:  Hold'em Limit ($3/$6 USD) - 2016/10/18 11:20:44 ET
Table 'Martir' 6-max Seat #1 is the button
Seat 1: Great_Kang ($163.70 in chips)
Seat 2: Rooman7 ($108 in chips)
Great_Kang: posts small blind $1
Rooman7: posts big blind $3
*** HOLE CARDS ***
Great_Kang: raises $3 to $6
Rooman7: raises $3 to $9
Great_Kang: calls $3
*** FLOP *** [5h 5d 4d]
Rooman7: bets $3
Great_Kang: calls $3
*** TURN *** [5h 5d 4d] [Ks]
Rooman7: bets $6
Great_Kang: raises $6 to $12
Rooman7: calls $6
*** RIVER *** [5h 5d 4d Ks] [6d]
Rooman7: checks
Great_Kang: bets $6
Rooman7: calls $6
*** SHOW DOWN ***
Great_Kang: shows [7s 5c] (three of a kind, Fives)
Rooman7: mucks hand
Great_Kang collected $59.50 from pot
*** SUMMARY ***
Total pot $60 | Rake $0.50
Board [5h 5d 4d Ks 6d]
Seat 1: Great_Kang (button) (small blind) showed [7s 5c] and won ($59.50) with three of a kind, Fives
Seat 2: Rooman7 (big blind) mucked


PokerStars Hand #160104070016:  Hold'em Limit ($3/$6 USD) - 2016/10/18 11:21:05 ET
Table 'Martir' 6-max Seat #2 is the button
Seat 1: Great_Kang ($193.20 in chips)
Seat 2: Rooman7 ($78 in chips)
Rooman7: posts small blind $1
Great_Kang: posts big blind $3
*** HOLE CARDS ***
Rooman7: calls $2
Great_Kang: raises $3 to $6
Rooman7: calls $3
*** FLOP *** [Jd Kh Ah]
Great_Kang: bets $3
Rooman7: calls $3
*** TURN *** [Jd Kh Ah] [Qh]
Great_Kang: checks
Rooman7: bets $6
Great_Kang: folds
Uncalled bet ($6) returned to Rooman7
Rooman7 collected $17.64 from pot
Rooman7: doesn't show hand
*** SUMMARY ***
Total pot $18 | Rake $0.36
Board [Jd Kh Ah Qh]
Seat 1: Great_Kang (big blind) folded on the Turn
Seat 2: Rooman7 (button) (small blind) collected ($17.64)


PokerStars Hand #160104116041:  Hold'em Limit ($3/$6 USD) - 2016/10/18 11:22:15 ET
Table 'Martir' 6-max Seat #2 is the button
Seat 1: Great_Kang ($183.95 in chips)
Seat 2: Rooman7 ($86.39 in chips)
Rooman7: posts small blind $1
Great_Kang: posts big blind $3
*** HOLE CARDS ***
Rooman7: calls $2
Great_Kang: raises $3 to $6
Rooman7: calls $3
*** FLOP *** [7d 2s Ah]
Great_Kang: bets $3
Rooman7: folds
Uncalled bet ($3) returned to Great_Kang
Great_Kang collected $11.76 from pot
Great_Kang: doesn't show hand
*** SUMMARY ***
Total pot $12 | Rake $0.24
Board [7d 2s Ah]
Seat 1: Great_Kang (big blind) collected ($11.76)
Seat 2: Rooman7 (button) (small blind) folded on the Flop


PokerStars Hand #160104090724:  Hold'em Limit ($3/$6 USD) - 2016/10/18 11:21:36 ET
Table 'Martir' 6-max Seat #1 is the button
Seat 1: Great_Kang ($184.20 in chips)
Seat 2: Rooman7 ($86.64 in chips)
Great_Kang: posts small blind $1
Rooman7: posts big blind $3
*** HOLE CARDS ***
Great_Kang: raises $3 to $6
Rooman7: calls $3
*** FLOP *** [6d Ad 9h]
Rooman7: checks
Great_Kang: bets $3
Rooman7: calls $3
*** TURN *** [6d Ad 9h] [Qh]
Rooman7: checks
Great_Kang: bets $6
Rooman7: calls $6
*** RIVER *** [6d Ad 9h Qh] [Jd]
Rooman7: checks
Great_Kang: bets $6
Rooman7: raises $6 to $12
Great_Kang: calls $6
*** SHOW DOWN ***
Rooman7: shows [8d Tc] (a straight, Eight to Queen)
Great_Kang: shows [8s Td] (a straight, Eight to Queen)
Rooman7 collected $26.75 from pot
Great_Kang collected $26.75 from pot
*** SUMMARY ***
Total pot $54 | Rake $0.50
Board [6d Ad 9h Qh Jd]
Seat 1: Great_Kang (button) (small blind) showed [8s Td] and won ($26.75) with a straight, Eight to Queen
Seat 2: Rooman7 (big blind) showed [8d Tc] and won ($26.75) with a straight, Eight to Queen


PokerStars Hand #160104152240:  Hold'em Limit ($3/$6 USD) - 2016/10/18 11:23:11 ET
Table 'Martir' 6-max Seat #1 is the button
Seat 1: Great_Kang ($192.47 in chips)
Seat 2: Rooman7 ($77.27 in chips)
Great_Kang: posts small blind $1
Rooman7: posts big blind $3
*** HOLE CARDS ***
Great_Kang: raises $3 to $6
Rooman7: raises $3 to $9
Great_Kang: calls $3
*** FLOP *** [Jh 7c 2d]
Rooman7: bets $3
Great_Kang: folds
Uncalled bet ($3) returned to Rooman7
vestimokrec joins the table at seat #3
Rooman7 collected $17.64 from pot
Rooman7: doesn't show hand
*** SUMMARY ***
Total pot $18 | Rake $0.36
Board [Jh 7c 2d]
Seat 1: Great_Kang (button) (small blind) folded on the Flop
Seat 2: Rooman7 (big blind) collected ($17.64)


PokerStars Hand #160104140819:  Hold'em Limit ($3/$6 USD) - 2016/10/18 11:22:53 ET
Table 'Martir' 6-max Seat #2 is the button
Seat 1: Great_Kang ($195.47 in chips)
Seat 2: Rooman7 ($74.39 in chips)
Rooman7: posts small blind $1
Great_Kang: posts big blind $3
*** HOLE CARDS ***
Rooman7: calls $2
Great_Kang: checks
*** FLOP *** [7s 4d 4h]
Great_Kang: checks
Rooman7: bets $3
Great_Kang: folds
Uncalled bet ($3) returned to Rooman7
Rooman7 collected $5.88 from pot
Rooman7: doesn't show hand
*** SUMMARY ***
Total pot $6 | Rake $0.12
Board [7s 4d 4h]
Seat 1: Great_Kang (big blind) folded on the Flop
Seat 2: Rooman7 (button) (small blind) collected ($5.88)


PokerStars Hand #160104123998:  Hold'em Limit ($3/$6 USD) - 2016/10/18 11:22:27 ET
Table 'Martir' 6-max Seat #1 is the button
Seat 1: Great_Kang ($189.71 in chips)
Seat 2: Rooman7 ($80.39 in chips)
Great_Kang: posts small blind $1
Rooman7: posts big blind $3
*** HOLE CARDS ***
Great_Kang: raises $3 to $6
Rooman7: calls $3
*** FLOP *** [Kc 7h 7d]
Rooman7: checks
Great_Kang: checks
*** TURN *** [Kc 7h 7d] [4h]
Rooman7: checks
Great_Kang: checks
*** RIVER *** [Kc 7h 7d 4h] [2h]
Rooman7: checks
Great_Kang: checks
*** SHOW DOWN ***
Rooman7: shows [8d 9d] (a pair of Sevens)
Great_Kang: shows [3d Qc] (a pair of Sevens - King+Queen kicker)
Great_Kang collected $11.76 from pot
*** SUMMARY ***
Total pot $12 | Rake $0.24
Board [Kc 7h 7d 4h 2h]
Seat 1: Great_Kang (button) (small blind) showed [3d Qc] and won ($11.76) with a pair of Sevens
Seat 2: Rooman7 (big blind) showed [8d 9d] and lost with a pair of Sevens


PokerStars Hand #160104178235:  Hold'em Limit ($3/$6 USD) - 2016/10/18 11:23:51 ET
Table 'Martir' 6-max Seat #1 is the button
Seat 1: Great_Kang ($180.47 in chips)
Seat 2: Rooman7 ($88.79 in chips)
Great_Kang: posts small blind $1
Rooman7: posts big blind $3
*** HOLE CARDS ***
Great_Kang: raises $3 to $6
Rooman7: calls $3
*** FLOP *** [8c 9h 8d]
Rooman7: checks
Great_Kang: bets $3
Rooman7: calls $3
*** TURN *** [8c 9h 8d] [5s]
Rooman7: checks
Great_Kang: checks
*** RIVER *** [8c 9h 8d 5s] [Th]
Rooman7: checks
Great_Kang: checks
*** SHOW DOWN ***
Rooman7: shows [7d Qh] (a pair of Eights)
Great_Kang: mucks hand
Rooman7 collected $17.64 from pot
*** SUMMARY ***
Total pot $18 | Rake $0.36
Board [8c 9h 8d 5s Th]
Seat 1: Great_Kang (button) (small blind) mucked
Seat 2: Rooman7 (big blind) showed [7d Qh] and won ($17.64) with a pair of Eights


PokerStars Hand #160104161749:  Hold'em Limit ($3/$6 USD) - 2016/10/18 11:23:25 ET
Table 'Martir' 6-max Seat #2 is the button
Seat 1: Great_Kang ($183.47 in chips)
Seat 2: Rooman7 ($85.91 in chips)
Rooman7: posts small blind $1
Great_Kang: posts big blind $3
*** HOLE CARDS ***
Rooman7: calls $2
Great_Kang: checks
*** FLOP *** [6d 7h Ah]
Great_Kang: checks
Rooman7: bets $3
Great_Kang: folds
Uncalled bet ($3) returned to Rooman7
Rooman7 collected $5.88 from pot
Rooman7: doesn't show hand
*** SUMMARY ***
Total pot $6 | Rake $0.12
Board [6d 7h Ah]
Seat 1: Great_Kang (big blind) folded on the Flop
Seat 2: Rooman7 (button) (small blind) collected ($5.88)


PokerStars Hand #160104427053:  Hold'em Limit ($3/$6 USD) - 2016/10/18 11:30:11 ET
Table 'Martir' 6-max Seat #3 is the button
Seat 2: Rooman7 ($30.14 in chips)
Seat 3: vestimokrec ($186.01 in chips)
vestimokrec: posts small blind $1
Great_Kang: is sitting out
Rooman7: posts big blind $3
*** HOLE CARDS ***
vestimokrec: raises $3 to $6
Rooman7: calls $3
*** FLOP *** [Td 5c 9h]
Rooman7: checks
vestimokrec: bets $3
Rooman7: folds
Uncalled bet ($3) returned to vestimokrec
vestimokrec collected $11.76 from pot
vestimokrec: doesn't show hand
*** SUMMARY ***
Total pot $12 | Rake $0.24
Board [Td 5c 9h]
Seat 2: Rooman7 (big blind) folded on the Flop
Seat 3: vestimokrec (button) (small blind) collected ($11.76)


PokerStars Hand #160104454971:  Hold'em Limit ($3/$6 USD) - 2016/10/18 11:30:54 ET
Table 'Martir' 6-max Seat #3 is the button
Seat 2: Rooman7 ($15.14 in chips)
Seat 3: vestimokrec ($200.41 in chips)
vestimokrec: posts small blind $1
Rooman7: posts big blind $3
*** HOLE CARDS ***
vestimokrec: raises $3 to $6
Rooman7: calls $3
*** FLOP *** [8h 9s Ad]
Rooman7: folds
vestimokrec collected $11.76 from pot
vestimokrec: doesn't show hand
*** SUMMARY ***
Total pot $12 | Rake $0.24
Board [8h 9s Ad]
Seat 2: Rooman7 (big blind) folded on the Flop
Seat 3: vestimokrec (button) (small blind) collected ($11.76)


PokerStars Hand #160104438892:  Hold'em Limit ($3/$6 USD) - 2016/10/18 11:30:29 ET
Table 'Martir' 6-max Seat #2 is the button
Seat 2: Rooman7 ($24.14 in chips)
Seat 3: vestimokrec ($191.77 in chips)
Rooman7: posts small blind $1
vestimokrec: posts big blind $3
*** HOLE CARDS ***
Rooman7: raises $3 to $6
vestimokrec: calls $3
*** FLOP *** [7c As Ah]
vestimokrec: checks
Rooman7: bets $3
vestimokrec: raises $3 to $6
Rooman7: folds
Uncalled bet ($3) returned to vestimokrec
vestimokrec collected $17.64 from pot
vestimokrec: doesn't show hand
*** SUMMARY ***
Total pot $18 | Rake $0.36
Board [7c As Ah]
Seat 2: Rooman7 (button) (small blind) folded on the Flop
Seat 3: vestimokrec (big blind) collected ($17.64)


PokerStars Hand #160106153860:  Hold'em Limit ($3/$6 USD) - 2016/10/18 12:13:11 ET
Table 'Martir' 6-max Seat #4 is the button
Seat 1: TinaTurner72 ($91.46 in chips)
Seat 4: Great_Kang ($219.21 in chips)
Great_Kang: posts small blind $1
pogi74: is sitting out
TinaTurner72: posts big blind $3
*** HOLE CARDS ***
Great_Kang: raises $3 to $6
TinaTurner72: calls $3
*** FLOP *** [4d 6d 6s]
TinaTurner72: checks
Great_Kang: bets $3
TinaTurner72: raises $3 to $6
Great_Kang: folds
Uncalled bet ($3) returned to TinaTurner72
TinaTurner72 collected $17.64 from pot
TinaTurner72: doesn't show hand
*** SUMMARY ***
Total pot $18 | Rake $0.36
Board [4d 6d 6s]
Seat 1: TinaTurner72 (big blind) collected ($17.64)
Seat 4: Great_Kang (button) (small blind) folded on the Flop


