PokerStars Hand #147520627654:  Hold'em Limit ($3/$6 USD) - 2016/01/23 2:38:17 ET
Table 'Masaryk' 6-max Seat #6 is the button
Seat 4: Agrotait ($72 in chips)
Seat 6: 100%ludoman ($120 in chips)
100%ludoman: posts small blind $1
Agrotait: posts big blind $3
*** HOLE CARDS ***
100%ludoman: raises $3 to $6
Agrotait: calls $3
*** FLOP *** [5s 3d 2d]
Agrotait: checks
100%ludoman: bets $3
Agrotait: raises $3 to $6
100%ludoman: calls $3
*** TURN *** [5s 3d 2d] [4c]
Agrotait: bets $6
100%ludoman: raises $6 to $12
Agrotait: raises $6 to $18
100%ludoman: folds
Uncalled bet ($6) returned to Agrotait
Agrotait collected $47.50 from pot
Agrotait: doesn't show hand
*** SUMMARY ***
Total pot $48 | Rake $0.50
Board [5s 3d 2d 4c]
Seat 4: Agrotait (big blind) collected ($47.50)
Seat 6: 100%ludoman (button) (small blind) folded on the Turn


PokerStars Hand #147520654542:  Hold'em Limit ($3/$6 USD) - 2016/01/23 2:39:40 ET
Table 'Masaryk' 6-max Seat #6 is the button
Seat 4: Agrotait ($98.50 in chips)
Seat 6: 100%ludoman ($93 in chips)
100%ludoman: posts small blind $1
Agrotait: posts big blind $3
*** HOLE CARDS ***
100%ludoman: raises $3 to $6
Agrotait: calls $3
*** FLOP *** [9s Ad Kh]
Agrotait: checks
100%ludoman: bets $3
Agrotait: calls $3
*** TURN *** [9s Ad Kh] [Jd]
Agrotait: checks
100%ludoman: checks
*** RIVER *** [9s Ad Kh Jd] [4s]
Agrotait: bets $6
100%ludoman: folds
Uncalled bet ($6) returned to Agrotait
Agrotait collected $17.64 from pot
Agrotait: doesn't show hand
*** SUMMARY ***
Total pot $18 | Rake $0.36
Board [9s Ad Kh Jd 4s]
Seat 4: Agrotait (big blind) collected ($17.64)
Seat 6: 100%ludoman (button) (small blind) folded on the River


PokerStars Hand #147520649425:  Hold'em Limit ($3/$6 USD) - 2016/01/23 2:39:25 ET
Table 'Masaryk' 6-max Seat #4 is the button
Seat 4: Agrotait ($95.50 in chips)
Seat 6: 100%ludoman ($96 in chips)
Agrotait: posts small blind $1
100%ludoman: posts big blind $3
*** HOLE CARDS ***
Agrotait: raises $3 to $6
100%ludoman: folds
Uncalled bet ($3) returned to Agrotait
Agrotait collected $6 from pot
Agrotait: doesn't show hand
*** SUMMARY ***
Total pot $6 | Rake $0
Seat 4: Agrotait (button) (small blind) collected ($6)
Seat 6: 100%ludoman (big blind) folded before Flop


PokerStars Hand #147520678628:  Hold'em Limit ($3/$6 USD) - 2016/01/23 2:40:54 ET
Table 'Masaryk' 6-max Seat #6 is the button
Seat 4: Agrotait ($112.90 in chips)
Seat 6: 100%ludoman ($78 in chips)
100%ludoman: posts small blind $1
Agrotait: posts big blind $3
*** HOLE CARDS ***
100%ludoman: folds
Uncalled bet ($2) returned to Agrotait
Agrotait collected $2 from pot
Agrotait: doesn't show hand
*** SUMMARY ***
Total pot $2 | Rake $0
Seat 4: Agrotait (big blind) collected ($2)
Seat 6: 100%ludoman (button) (small blind) folded before Flop


PokerStars Hand #147520664964:  Hold'em Limit ($3/$6 USD) - 2016/01/23 2:40:12 ET
Table 'Masaryk' 6-max Seat #4 is the button
Seat 4: Agrotait ($107.14 in chips)
Seat 6: 100%ludoman ($84 in chips)
Agrotait: posts small blind $1
100%ludoman: posts big blind $3
*** HOLE CARDS ***
Agrotait: raises $3 to $6
100%ludoman: calls $3
*** FLOP *** [Tc 9s Jc]
100%ludoman: checks
Agrotait: checks
*** TURN *** [Tc 9s Jc] [9c]
100%ludoman: checks
Agrotait: bets $6
100%ludoman: folds
Uncalled bet ($6) returned to Agrotait
Agrotait collected $11.76 from pot
Agrotait: doesn't show hand
*** SUMMARY ***
Total pot $12 | Rake $0.24
Board [Tc 9s Jc 9c]
Seat 4: Agrotait (button) (small blind) collected ($11.76)
Seat 6: 100%ludoman (big blind) folded on the Turn


PokerStars Hand #147520683840:  Hold'em Limit ($3/$6 USD) - 2016/01/23 2:41:10 ET
Table 'Masaryk' 6-max Seat #4 is the button
Seat 4: Agrotait ($113.90 in chips)
Seat 6: 100%ludoman ($77 in chips)
Agrotait: posts small blind $1
100%ludoman: posts big blind $3
*** HOLE CARDS ***
Agrotait: raises $3 to $6
100%ludoman: raises $3 to $9
Agrotait: calls $3
*** FLOP *** [Td Kc 3d]
100%ludoman: bets $3
Agrotait: calls $3
*** TURN *** [Td Kc 3d] [3h]
100%ludoman: checks
Agrotait: bets $6
100%ludoman: calls $6
*** RIVER *** [Td Kc 3d 3h] [4c]
100%ludoman: checks
Agrotait: bets $6
100%ludoman: calls $6
*** SHOW DOWN ***
Agrotait: shows [4d Kh] (two pair, Kings and Fours)
100%ludoman: mucks hand
Agrotait collected $47.50 from pot
*** SUMMARY ***
Total pot $48 | Rake $0.50
Board [Td Kc 3d 3h 4c]
Seat 4: Agrotait (button) (small blind) showed [4d Kh] and won ($47.50) with two pair, Kings and Fours
Seat 6: 100%ludoman (big blind) mucked


PokerStars Hand #147520715776:  Hold'em Limit ($3/$6 USD) - 2016/01/23 2:42:46 ET
Table 'Masaryk' 6-max Seat #4 is the button
Seat 4: Agrotait ($116.40 in chips)
Seat 6: 100%ludoman ($73.50 in chips)
Agrotait: posts small blind $1
100%ludoman: posts big blind $3
*** HOLE CARDS ***
Agrotait: raises $3 to $6
100%ludoman: calls $3
*** FLOP *** [5s 6s Qc]
100%ludoman: checks
Agrotait: bets $3
100%ludoman: folds
Uncalled bet ($3) returned to Agrotait
Agrotait collected $11.76 from pot
Agrotait: doesn't show hand
*** SUMMARY ***
Total pot $12 | Rake $0.24
Board [5s 6s Qc]
Seat 4: Agrotait (button) (small blind) collected ($11.76)
Seat 6: 100%ludoman (big blind) folded on the Flop


PokerStars Hand #147520697851:  Hold'em Limit ($3/$6 USD) - 2016/01/23 2:41:53 ET
Table 'Masaryk' 6-max Seat #6 is the button
Seat 4: Agrotait ($137.40 in chips)
Seat 6: 100%ludoman ($53 in chips)
100%ludoman: posts small blind $1
Agrotait: posts big blind $3
*** HOLE CARDS ***
100%ludoman: raises $3 to $6
Agrotait: calls $3
*** FLOP *** [2c Tc Jc]
Agrotait: checks
100%ludoman: bets $3
Agrotait: calls $3
*** TURN *** [2c Tc Jc] [4h]
Agrotait: checks
100%ludoman: bets $6
Agrotait: calls $6
*** RIVER *** [2c Tc Jc 4h] [5c]
Agrotait: bets $6
100%ludoman: calls $6
*** SHOW DOWN ***
Agrotait: shows [As 4c] (a flush, Jack high)
100%ludoman: shows [8c 6c] (a flush, Jack high - Eight higher)
100%ludoman collected $41.50 from pot
*** SUMMARY ***
Total pot $42 | Rake $0.50
Board [2c Tc Jc 4h 5c]
Seat 4: Agrotait (big blind) showed [As 4c] and lost with a flush, Jack high
Seat 6: 100%ludoman (button) (small blind) showed [8c 6c] and won ($41.50) with a flush, Jack high


PokerStars Hand #147520746220:  Hold'em Limit ($3/$6 USD) - 2016/01/23 2:44:15 ET
Table 'Masaryk' 6-max Seat #6 is the button
Seat 4: Agrotait ($145.42 in chips)
Seat 6: 100%ludoman ($43.50 in chips)
100%ludoman: posts small blind $1
Agrotait: posts big blind $3
*** HOLE CARDS ***
100%ludoman: folds
Uncalled bet ($2) returned to Agrotait
Agrotait collected $2 from pot
Agrotait: doesn't show hand
*** SUMMARY ***
Total pot $2 | Rake $0
Seat 4: Agrotait (big blind) collected ($2)
Seat 6: 100%ludoman (button) (small blind) folded before Flop


PokerStars Hand #147520739207:  Hold'em Limit ($3/$6 USD) - 2016/01/23 2:43:55 ET
Table 'Masaryk' 6-max Seat #4 is the button
Seat 4: Agrotait ($139.66 in chips)
Seat 6: 100%ludoman ($49.50 in chips)
Agrotait: posts small blind $1
100%ludoman: posts big blind $3
*** HOLE CARDS ***
Agrotait: raises $3 to $6
100%ludoman: calls $3
*** FLOP *** [Kh 7s Jc]
100%ludoman: checks
Agrotait: bets $3
100%ludoman: folds
Uncalled bet ($3) returned to Agrotait
Agrotait collected $11.76 from pot
Agrotait: doesn't show hand
*** SUMMARY ***
Total pot $12 | Rake $0.24
Board [Kh 7s Jc]
Seat 4: Agrotait (button) (small blind) collected ($11.76)
Seat 6: 100%ludoman (big blind) folded on the Flop


PokerStars Hand #147520727404:  Hold'em Limit ($3/$6 USD) - 2016/01/23 2:43:20 ET
Table 'Masaryk' 6-max Seat #6 is the button
Seat 4: Agrotait ($122.16 in chips)
Seat 6: 100%ludoman ($67.50 in chips)
100%ludoman: posts small blind $1
Agrotait: posts big blind $3
*** HOLE CARDS ***
100%ludoman: raises $3 to $6
Agrotait: calls $3
*** FLOP *** [Tc 2d 8d]
Agrotait: checks
100%ludoman: checks
*** TURN *** [Tc 2d 8d] [Qh]
Agrotait: bets $6
100%ludoman: calls $6
*** RIVER *** [Tc 2d 8d Qh] [9h]
Agrotait: bets $6
100%ludoman: calls $6
*** SHOW DOWN ***
Agrotait: shows [4d Jd] (a straight, Eight to Queen)
100%ludoman: mucks hand
Agrotait collected $35.50 from pot
*** SUMMARY ***
Total pot $36 | Rake $0.50
Board [Tc 2d 8d Qh 9h]
Seat 4: Agrotait (big blind) showed [4d Jd] and won ($35.50) with a straight, Eight to Queen
Seat 6: 100%ludoman (button) (small blind) mucked


PokerStars Hand #147520758606:  Hold'em Limit ($3/$6 USD) - 2016/01/23 2:44:52 ET
Table 'Masaryk' 6-max Seat #4 is the button
Seat 4: Agrotait ($149.18 in chips)
Seat 6: 100%ludoman ($39.50 in chips)
Agrotait: posts small blind $1
100%ludoman: posts big blind $3
*** HOLE CARDS ***
Agrotait: raises $3 to $6
100%ludoman: calls $3
*** FLOP *** [Qc Qd 7s]
ChOfW joins the table at seat #1
100%ludoman: checks
Agrotait: bets $3
100%ludoman: folds
Uncalled bet ($3) returned to Agrotait
Agrotait collected $11.76 from pot
Agrotait: doesn't show hand
*** SUMMARY ***
Total pot $12 | Rake $0.24
Board [Qc Qd 7s]
Seat 4: Agrotait (button) (small blind) collected ($11.76)
Seat 6: 100%ludoman (big blind) folded on the Flop


PokerStars Hand #147520755177:  Hold'em Limit ($3/$6 USD) - 2016/01/23 2:44:41 ET
Table 'Masaryk' 6-max Seat #6 is the button
Seat 4: Agrotait ($152.18 in chips)
Seat 6: 100%ludoman ($36.50 in chips)
100%ludoman: posts small blind $1
Agrotait: posts big blind $3
*** HOLE CARDS ***
100%ludoman: raises $3 to $6
Agrotait: folds
Uncalled bet ($3) returned to 100%ludoman
100%ludoman collected $6 from pot
*** SUMMARY ***
Total pot $6 | Rake $0
Seat 4: Agrotait (big blind) folded before Flop
Seat 6: 100%ludoman (button) (small blind) collected ($6)


PokerStars Hand #147520748028:  Hold'em Limit ($3/$6 USD) - 2016/01/23 2:44:21 ET
Table 'Masaryk' 6-max Seat #4 is the button
Seat 4: Agrotait ($146.42 in chips)
Seat 6: 100%ludoman ($42.50 in chips)
Agrotait: posts small blind $1
100%ludoman: posts big blind $3
*** HOLE CARDS ***
Agrotait: raises $3 to $6
100%ludoman: calls $3
*** FLOP *** [Ts 3h Jd]
100%ludoman: checks
Agrotait: bets $3
100%ludoman: folds
Uncalled bet ($3) returned to Agrotait
Agrotait collected $11.76 from pot
Agrotait: doesn't show hand
*** SUMMARY ***
Total pot $12 | Rake $0.24
Board [Ts 3h Jd]
Seat 4: Agrotait (button) (small blind) collected ($11.76)
Seat 6: 100%ludoman (big blind) folded on the Flop


PokerStars Hand #147520810339:  Hold'em Limit ($3/$6 USD) - 2016/01/23 2:47:23 ET
Table 'Masaryk' 6-max Seat #4 is the button
Seat 1: ChOfW ($66 in chips)
Seat 4: Agrotait ($220.81 in chips)
Agrotait: posts small blind $1
ChOfW: posts big blind $3
*** HOLE CARDS ***
Agrotait: raises $3 to $6
ChOfW: calls $3
*** FLOP *** [3c 7h 5c]
ChOfW: checks
Agrotait: bets $3
ChOfW: folds
Uncalled bet ($3) returned to Agrotait
Agrotait collected $11.76 from pot
Agrotait: doesn't show hand
*** SUMMARY ***
Total pot $12 | Rake $0.24
Board [3c 7h 5c]
Seat 1: ChOfW (big blind) folded on the Flop
Seat 4: Agrotait (button) (small blind) collected ($11.76)


PokerStars Hand #147520822940:  Hold'em Limit ($3/$6 USD) - 2016/01/23 2:47:59 ET
Table 'Masaryk' 6-max Seat #1 is the button
Seat 1: ChOfW ($66 in chips)
Seat 6: 100%ludoman ($120 in chips)
ChOfW: posts small blind $1
100%ludoman: posts big blind $3
*** HOLE CARDS ***
ChOfW: raises $3 to $6
100%ludoman: calls $3
*** FLOP *** [Jh 2d 5d]
100%ludoman: checks
ChOfW: bets $3
100%ludoman: calls $3
*** TURN *** [Jh 2d 5d] [Qs]
100%ludoman: checks
ChOfW: bets $6
100%ludoman: folds
Uncalled bet ($6) returned to ChOfW
ChOfW collected $17.64 from pot
ChOfW: doesn't show hand
*** SUMMARY ***
Total pot $18 | Rake $0.36
Board [Jh 2d 5d Qs]
Seat 1: ChOfW (button) (small blind) collected ($17.64)
Seat 6: 100%ludoman (big blind) folded on the Turn


PokerStars Hand #147520833306:  Hold'em Limit ($3/$6 USD) - 2016/01/23 2:48:29 ET
Table 'Masaryk' 6-max Seat #6 is the button
Seat 1: ChOfW ($74.64 in chips)
Seat 6: 100%ludoman ($111 in chips)
100%ludoman: posts small blind $1
ChOfW: posts big blind $3
*** HOLE CARDS ***
100%ludoman: raises $3 to $6
ChOfW: raises $3 to $9
100%ludoman: calls $3
*** FLOP *** [8c 6s 9c]
ChOfW: bets $3
100%ludoman: calls $3
*** TURN *** [8c 6s 9c] [Kd]
ChOfW: bets $6
100%ludoman: raises $6 to $12
ChOfW: calls $6
*** RIVER *** [8c 6s 9c Kd] [Ad]
ChOfW: bets $6
100%ludoman: raises $6 to $12
ChOfW: calls $6
*** SHOW DOWN ***
100%ludoman: shows [5s 7c] (a straight, Five to Nine)
ChOfW: mucks hand
100%ludoman collected $71.50 from pot
*** SUMMARY ***
Total pot $72 | Rake $0.50
Board [8c 6s 9c Kd Ad]
Seat 1: ChOfW (big blind) mucked
Seat 6: 100%ludoman (button) (small blind) showed [5s 7c] and won ($71.50) with a straight, Five to Nine


