PokerStars Hand #168878541188:  Hold'em Limit ($3/$6 USD) - 2017/04/11 4:47:53 ET
Table 'Masaryk' 6-max Seat #4 is the button
Seat 2: pogi74 ($242.81 in chips)
Seat 4: shampBTgogo ($78.76 in chips)
shampBTgogo: posts small blind $1
DismasX: is sitting out
pogi74: posts big blind $3
*** HOLE CARDS ***
shampBTgogo: raises $3 to $6
pogi74: calls $3
*** FLOP *** [Qh 4h 7c]
pogi74: checks
shampBTgogo: bets $3
pogi74: raises $3 to $6
shampBTgogo: raises $3 to $9
pogi74: calls $3
*** TURN *** [Qh 4h 7c] [9c]
pogi74: checks
shampBTgogo: checks
*** RIVER *** [Qh 4h 7c 9c] [Jh]
pogi74: bets $6
shampBTgogo: folds
Uncalled bet ($6) returned to pogi74
pogi74 collected $29.50 from pot
pogi74: doesn't show hand
*** SUMMARY ***
Total pot $30 | Rake $0.50
Board [Qh 4h 7c 9c Jh]
Seat 2: pogi74 (big blind) collected ($29.50)
Seat 4: shampBTgogo (button) (small blind) folded on the River


PokerStars Hand #168878552088:  Hold'em Limit ($3/$6 USD) - 2017/04/11 4:48:23 ET
Table 'Masaryk' 6-max Seat #2 is the button
Seat 2: pogi74 ($257.31 in chips)
Seat 4: shampBTgogo ($63.76 in chips)
pogi74: posts small blind $1
shampBTgogo: posts big blind $3
*** HOLE CARDS ***
pogi74: raises $3 to $6
shampBTgogo: raises $3 to $9
pogi74: raises $3 to $12
Betting is capped
shampBTgogo: calls $3
*** FLOP *** [As 7s 7h]
shampBTgogo: checks
pogi74: bets $3
shampBTgogo: calls $3
*** TURN *** [As 7s 7h] [Tc]
shampBTgogo: checks
pogi74: bets $6
shampBTgogo: raises $6 to $12
pogi74: calls $6
*** RIVER *** [As 7s 7h Tc] [5h]
shampBTgogo: bets $6
pogi74: folds
Uncalled bet ($6) returned to shampBTgogo
shampBTgogo collected $53.50 from pot
shampBTgogo: doesn't show hand
*** SUMMARY ***
Total pot $54 | Rake $0.50
Board [As 7s 7h Tc 5h]
Seat 2: pogi74 (button) (small blind) folded on the River
Seat 4: shampBTgogo (big blind) collected ($53.50)


PokerStars Hand #168878611056:  Hold'em Limit ($3/$6 USD) - 2017/04/11 4:51:09 ET
Table 'Masaryk' 6-max Seat #4 is the button
Seat 4: shampBTgogo ($28.26 in chips)
Seat 6: ixstill ($44.50 in chips)
shampBTgogo: posts small blind $1
ixstill: posts big blind $3
*** HOLE CARDS ***
shampBTgogo: folds
Uncalled bet ($2) returned to ixstill
ixstill collected $2 from pot
*** SUMMARY ***
Total pot $2 | Rake $0
Seat 4: shampBTgogo (button) (small blind) folded before Flop
Seat 6: ixstill (big blind) collected ($2)


PokerStars Hand #168878598751:  Hold'em Limit ($3/$6 USD) - 2017/04/11 4:50:35 ET
Table 'Masaryk' 6-max Seat #6 is the button
Seat 4: shampBTgogo ($49.26 in chips)
Seat 6: ixstill ($24 in chips)
ixstill: posts small blind $1
DismasX: is sitting out
shampBTgogo: posts big blind $3
*** HOLE CARDS ***
ixstill: calls $2
shampBTgogo: raises $3 to $6
ixstill: calls $3
*** FLOP *** [5c 4c 2d]
shampBTgogo: bets $3
ixstill: calls $3
*** TURN *** [5c 4c 2d] [Td]
shampBTgogo: bets $6
ixstill: calls $6
*** RIVER *** [5c 4c 2d Td] [3s]
shampBTgogo: bets $6
ixstill: calls $6
*** SHOW DOWN ***
shampBTgogo: shows [9c Jc] (high card Jack)
ixstill: shows [4s Js] (a pair of Fours)
ixstill collected $41.50 from pot
*** SUMMARY ***
Total pot $42 | Rake $0.50
Board [5c 4c 2d Td 3s]
Seat 4: shampBTgogo (big blind) showed [9c Jc] and lost with high card Jack
Seat 6: ixstill (button) (small blind) showed [4s Js] and won ($41.50) with a pair of Fours


PokerStars Hand #168878616204:  Hold'em Limit ($3/$6 USD) - 2017/04/11 4:51:24 ET
Table 'Masaryk' 6-max Seat #6 is the button
Seat 4: shampBTgogo ($27.26 in chips)
Seat 6: ixstill ($45.50 in chips)
ixstill: posts small blind $1
shampBTgogo: posts big blind $3
*** HOLE CARDS ***
ixstill: calls $2
shampBTgogo: raises $3 to $6
ixstill: calls $3
*** FLOP *** [Ah 6c Jh]
shampBTgogo: bets $3
ixstill: folds
Uncalled bet ($3) returned to shampBTgogo
ixstill leaves the table
shampBTgogo collected $11.76 from pot
shampBTgogo: doesn't show hand
*** SUMMARY ***
Total pot $12 | Rake $0.24
Board [Ah 6c Jh]
Seat 4: shampBTgogo (big blind) collected ($11.76)
Seat 6: ixstill (button) (small blind) folded on the Flop


