PokerStars Hand #144721034683:  Hold'em Limit ($3/$6 USD) - 2015/12/02 14:06:46 ET
Table 'Mashona' 6-max Seat #6 is the button
Seat 5: SashaYuvelir ($84.05 in chips)
Seat 6: IllGiveUBdBt ($104.80 in chips)
IllGiveUBdBt: posts small blind $1
craaa was removed from the table for failing to post
SashaYuvelir: posts big blind $3
*** HOLE CARDS ***
IllGiveUBdBt: raises $3 to $6
SashaYuvelir: calls $3
*** FLOP *** [6c Kh Th]
SashaYuvelir: checks
IllGiveUBdBt: bets $3
SashaYuvelir: calls $3
*** TURN *** [6c Kh Th] [9d]
RockKillerTY leaves the table
SashaYuvelir: checks
IllGiveUBdBt: checks
*** RIVER *** [6c Kh Th 9d] [3h]
krytalex joins the table at seat #1
SashaYuvelir: bets $6
kolaz03 leaves the table
IllGiveUBdBt: folds
Uncalled bet ($6) returned to SashaYuvelir
SashaYuvelir collected $17.64 from pot
*** SUMMARY ***
Total pot $18 | Rake $0.36
Board [6c Kh Th 9d 3h]
Seat 5: SashaYuvelir (big blind) collected ($17.64)
Seat 6: IllGiveUBdBt (button) (small blind) folded on the River


PokerStars Hand #144721056380:  Hold'em Limit ($3/$6 USD) - 2015/12/02 14:07:08 ET
Table 'Mashona' 6-max Seat #5 is the button
Seat 5: SashaYuvelir ($92.69 in chips)
Seat 6: IllGiveUBdBt ($95.80 in chips)
SashaYuvelir: posts small blind $1
IllGiveUBdBt: posts big blind $3
*** HOLE CARDS ***
SashaYuvelir: raises $3 to $6
IllGiveUBdBt: raises $3 to $9
SashaYuvelir: calls $3
*** FLOP *** [Js Qc 7s]
IllGiveUBdBt: bets $3
SashaYuvelir: calls $3
*** TURN *** [Js Qc 7s] [8c]
IllGiveUBdBt: bets $6
ValeryRon joins the table at seat #3
SashaYuvelir: raises $6 to $12
IllGiveUBdBt: folds
Uncalled bet ($6) returned to SashaYuvelir
SashaYuvelir collected $35.50 from pot
SashaYuvelir: doesn't show hand
*** SUMMARY ***
Total pot $36 | Rake $0.50
Board [Js Qc 7s 8c]
Seat 5: SashaYuvelir (button) (small blind) collected ($35.50)
Seat 6: IllGiveUBdBt (big blind) folded on the Turn


PokerStars Hand #144721011374:  Hold'em Limit ($3/$6 USD) - 2015/12/02 14:06:22 ET
Table 'Mashona' 6-max Seat #6 is the button
Seat 5: SashaYuvelir ($92.05 in chips)
Seat 6: IllGiveUBdBt ($97.16 in chips)
IllGiveUBdBt: posts small blind $1
SashaYuvelir: posts big blind $3
*** HOLE CARDS ***
IllGiveUBdBt: folds
Uncalled bet ($2) returned to SashaYuvelir
SashaYuvelir collected $2 from pot
SashaYuvelir: doesn't show hand
*** SUMMARY ***
Total pot $2 | Rake $0
Seat 5: SashaYuvelir (big blind) collected ($2)
Seat 6: IllGiveUBdBt (button) (small blind) folded before Flop


PokerStars Hand #144721030892:  Hold'em Limit ($3/$6 USD) - 2015/12/02 14:06:42 ET
Table 'Mashona' 6-max Seat #5 is the button
Seat 5: SashaYuvelir ($85.05 in chips)
Seat 6: IllGiveUBdBt ($103.80 in chips)
SashaYuvelir: posts small blind $1
IllGiveUBdBt: posts big blind $3
*** HOLE CARDS ***
SashaYuvelir: folds
Uncalled bet ($2) returned to IllGiveUBdBt
IllGiveUBdBt collected $2 from pot
IllGiveUBdBt: doesn't show hand
*** SUMMARY ***
Total pot $2 | Rake $0
Seat 5: SashaYuvelir (button) (small blind) folded before Flop
Seat 6: IllGiveUBdBt (big blind) collected ($2)


PokerStars Hand #144721026851:  Hold'em Limit ($3/$6 USD) - 2015/12/02 14:06:38 ET
Table 'Mashona' 6-max Seat #6 is the button
Seat 5: SashaYuvelir ($84.05 in chips)
Seat 6: IllGiveUBdBt ($104.80 in chips)
IllGiveUBdBt: posts small blind $1
SashaYuvelir: posts big blind $3
*** HOLE CARDS ***
IllGiveUBdBt: folds
Uncalled bet ($2) returned to SashaYuvelir
SashaYuvelir collected $2 from pot
SashaYuvelir: doesn't show hand
*** SUMMARY ***
Total pot $2 | Rake $0
Seat 5: SashaYuvelir (big blind) collected ($2)
Seat 6: IllGiveUBdBt (button) (small blind) folded before Flop


PokerStars Hand #144721016851:  Hold'em Limit ($3/$6 USD) - 2015/12/02 14:06:28 ET
Table 'Mashona' 6-max Seat #5 is the button
Seat 5: SashaYuvelir ($93.05 in chips)
Seat 6: IllGiveUBdBt ($96.16 in chips)
SashaYuvelir: posts small blind $1
IllGiveUBdBt: posts big blind $3
*** HOLE CARDS ***
SashaYuvelir: raises $3 to $6
IllGiveUBdBt: calls $3
*** FLOP *** [5h 8c Ah]
IllGiveUBdBt: checks
SashaYuvelir: bets $3
IllGiveUBdBt: raises $3 to $6
SashaYuvelir: folds
Uncalled bet ($3) returned to IllGiveUBdBt
IllGiveUBdBt collected $17.64 from pot
IllGiveUBdBt: doesn't show hand
*** SUMMARY ***
Total pot $18 | Rake $0.36
Board [5h 8c Ah]
Seat 5: SashaYuvelir (button) (small blind) folded on the Flop
Seat 6: IllGiveUBdBt (big blind) collected ($17.64)


