PokerStars Hand #147785644834:  Hold'em Limit ($3/$6 USD) - 2016/01/27 16:19:12 ET
Table 'Mashona II' 2-max Seat #1 is the button
Seat 1: RaisemyNut$ ($112.32 in chips)
Seat 2: nedo1414 ($125.96 in chips)
RaisemyNut$: posts small blind $1
nedo1414: posts big blind $3
*** HOLE CARDS ***
RaisemyNut$: raises $3 to $6
nedo1414: raises $3 to $9
RaisemyNut$: calls $3
*** FLOP *** [2s 6d 4s]
nedo1414: bets $3
RaisemyNut$: raises $3 to $6
nedo1414: calls $3
*** TURN *** [2s 6d 4s] [Ks]
nedo1414: checks
RaisemyNut$: bets $6
nedo1414: raises $6 to $12
RaisemyNut$: calls $6
*** RIVER *** [2s 6d 4s Ks] [Qh]
nedo1414: bets $6
RaisemyNut$: calls $6
*** SHOW DOWN ***
nedo1414: shows [5h Kh] (a pair of Kings)
RaisemyNut$: mucks hand
nedo1414 collected $65.50 from pot
*** SUMMARY ***
Total pot $66 | Rake $0.50
Board [2s 6d 4s Ks Qh]
Seat 1: RaisemyNut$ (button) (small blind) mucked
Seat 2: nedo1414 (big blind) showed [5h Kh] and won ($65.50) with a pair of Kings


PokerStars Hand #147785606077:  Hold'em Limit ($3/$6 USD) - 2016/01/27 16:18:35 ET
Table 'Mashona II' 2-max Seat #1 is the button
Seat 1: RaisemyNut$ ($95 in chips)
Seat 2: nedo1414 ($144.14 in chips)
RaisemyNut$: posts small blind $1
nedo1414: posts big blind $3
*** HOLE CARDS ***
RaisemyNut$: raises $3 to $6
nedo1414: raises $3 to $9
RaisemyNut$: calls $3
*** FLOP *** [Tc Js Qc]
nedo1414: bets $3
RaisemyNut$: calls $3
*** TURN *** [Tc Js Qc] [2d]
nedo1414: checks
RaisemyNut$: bets $6
nedo1414: calls $6
*** RIVER *** [Tc Js Qc 2d] [Ad]
nedo1414: checks
RaisemyNut$: bets $6
nedo1414: folds
Uncalled bet ($6) returned to RaisemyNut$
RaisemyNut$ collected $35.50 from pot
RaisemyNut$: doesn't show hand
*** SUMMARY ***
Total pot $36 | Rake $0.50
Board [Tc Js Qc 2d Ad]
Seat 1: RaisemyNut$ (button) (small blind) collected ($35.50)
Seat 2: nedo1414 (big blind) folded on the River


PokerStars Hand #147785629155:  Hold'em Limit ($3/$6 USD) - 2016/01/27 16:18:57 ET
Table 'Mashona II' 2-max Seat #2 is the button
Seat 1: RaisemyNut$ ($112.50 in chips)
Seat 2: nedo1414 ($126.14 in chips)
nedo1414: posts small blind $1
RaisemyNut$: posts big blind $3
*** HOLE CARDS ***
nedo1414: raises $3 to $6
RaisemyNut$: calls $3
*** FLOP *** [Kh Qs 8c]
RaisemyNut$: checks
nedo1414: bets $3
RaisemyNut$: calls $3
*** TURN *** [Kh Qs 8c] [6h]
RaisemyNut$: checks
nedo1414: checks
*** RIVER *** [Kh Qs 8c 6h] [8d]
RaisemyNut$: checks
nedo1414: checks
*** SHOW DOWN ***
RaisemyNut$: shows [3c Ad] (a pair of Eights)
nedo1414: shows [3h Ac] (a pair of Eights)
RaisemyNut$ collected $8.82 from pot
nedo1414 collected $8.82 from pot
*** SUMMARY ***
Total pot $18 | Rake $0.36
Board [Kh Qs 8c 6h 8d]
Seat 1: RaisemyNut$ (big blind) showed [3c Ad] and won ($8.82) with a pair of Eights
Seat 2: nedo1414 (button) (small blind) showed [3h Ac] and won ($8.82) with a pair of Eights


PokerStars Hand #147785689280:  Hold'em Limit ($3/$6 USD) - 2016/01/27 16:19:54 ET
Table 'Mashona II' 2-max Seat #1 is the button
Seat 1: RaisemyNut$ ($60 in chips)
Seat 2: nedo1414 ($190.96 in chips)
RaisemyNut$: posts small blind $1
nedo1414: posts big blind $3
*** HOLE CARDS ***
RaisemyNut$: raises $3 to $6
nedo1414: folds
Uncalled bet ($3) returned to RaisemyNut$
RaisemyNut$ collected $6 from pot
RaisemyNut$: doesn't show hand
*** SUMMARY ***
Total pot $6 | Rake $0
Seat 1: RaisemyNut$ (button) (small blind) collected ($6)
Seat 2: nedo1414 (big blind) folded before Flop


PokerStars Hand #147785665882:  Hold'em Limit ($3/$6 USD) - 2016/01/27 16:19:32 ET
Table 'Mashona II' 2-max Seat #2 is the button
Seat 1: RaisemyNut$ ($79.32 in chips)
Seat 2: nedo1414 ($158.46 in chips)
nedo1414: posts small blind $1
RaisemyNut$: posts big blind $3
*** HOLE CARDS ***
nedo1414: raises $3 to $6
RaisemyNut$: raises $3 to $9
nedo1414: raises $3 to $12
Betting is capped
RaisemyNut$: calls $3
*** FLOP *** [Tc As 7h]
RaisemyNut$: checks
nedo1414: bets $3
RaisemyNut$: calls $3
*** TURN *** [Tc As 7h] [Qh]
RaisemyNut$: checks
nedo1414: bets $6
RaisemyNut$: raises $6 to $12
nedo1414: calls $6
*** RIVER *** [Tc As 7h Qh] [8c]
RaisemyNut$: bets $6
nedo1414: calls $6
*** SHOW DOWN ***
RaisemyNut$: shows [5s Ac] (a pair of Aces)
nedo1414: shows [8s Ad] (two pair, Aces and Eights)
nedo1414 collected $65.50 from pot
*** SUMMARY ***
Total pot $66 | Rake $0.50
Board [Tc As 7h Qh 8c]
Seat 1: RaisemyNut$ (big blind) showed [5s Ac] and lost with a pair of Aces
Seat 2: nedo1414 (button) (small blind) showed [8s Ad] and won ($65.50) with two pair, Aces and Eights


PokerStars Hand #147785694782:  Hold'em Limit ($3/$6 USD) - 2016/01/27 16:19:59 ET
Table 'Mashona II' 2-max Seat #2 is the button
Seat 1: RaisemyNut$ ($63 in chips)
Seat 2: nedo1414 ($187.96 in chips)
nedo1414: posts small blind $1
RaisemyNut$: posts big blind $3
*** HOLE CARDS ***
nedo1414: folds
Uncalled bet ($2) returned to RaisemyNut$
RaisemyNut$ collected $2 from pot
RaisemyNut$: doesn't show hand
*** SUMMARY ***
Total pot $2 | Rake $0
Seat 1: RaisemyNut$ (big blind) collected ($2)
Seat 2: nedo1414 (button) (small blind) folded before Flop


PokerStars Hand #147785700000:  Hold'em Limit ($3/$6 USD) - 2016/01/27 16:20:04 ET
Table 'Mashona II' 2-max Seat #1 is the button
Seat 1: RaisemyNut$ ($64 in chips)
Seat 2: nedo1414 ($186.96 in chips)
RaisemyNut$: posts small blind $1
nedo1414: posts big blind $3
*** HOLE CARDS ***
RaisemyNut$: raises $3 to $6
nedo1414: raises $3 to $9
RaisemyNut$: calls $3
*** FLOP *** [5c 8c 2s]
nedo1414: bets $3
RaisemyNut$: calls $3
*** TURN *** [5c 8c 2s] [Qc]
nedo1414: bets $6
RaisemyNut$: folds
Uncalled bet ($6) returned to nedo1414
nedo1414 collected $23.52 from pot
nedo1414: doesn't show hand
*** SUMMARY ***
Total pot $24 | Rake $0.48
Board [5c 8c 2s Qc]
Seat 1: RaisemyNut$ (button) (small blind) folded on the Turn
Seat 2: nedo1414 (big blind) collected ($23.52)


PokerStars Hand #147785714131:  Hold'em Limit ($3/$6 USD) - 2016/01/27 16:20:18 ET
Table 'Mashona II' 2-max Seat #2 is the button
Seat 1: RaisemyNut$ ($60 in chips)
Seat 2: nedo1414 ($198.48 in chips)
nedo1414: posts small blind $1
RaisemyNut$: posts big blind $3
*** HOLE CARDS ***
nedo1414: raises $3 to $6
RaisemyNut$: raises $3 to $9
nedo1414: raises $3 to $12
Betting is capped
RaisemyNut$: calls $3
*** FLOP *** [9c 5s 2c]
RaisemyNut$: checks
nedo1414: bets $3
RaisemyNut$: calls $3
*** TURN *** [9c 5s 2c] [7c]
RaisemyNut$: checks
nedo1414: bets $6
RaisemyNut$: calls $6
*** RIVER *** [9c 5s 2c 7c] [7d]
RaisemyNut$: checks
nedo1414: bets $6
RaisemyNut$: calls $6
*** SHOW DOWN ***
nedo1414: shows [9s 9h] (a full house, Nines full of Sevens)
RaisemyNut$: mucks hand
nedo1414 collected $53.50 from pot
*** SUMMARY ***
Total pot $54 | Rake $0.50
Board [9c 5s 2c 7c 7d]
Seat 1: RaisemyNut$ (big blind) mucked
Seat 2: nedo1414 (button) (small blind) showed [9s 9h] and won ($53.50) with a full house, Nines full of Sevens


PokerStars Hand #147785737691:  Hold'em Limit ($3/$6 USD) - 2016/01/27 16:20:40 ET
Table 'Mashona II' 2-max Seat #1 is the button
Seat 1: RaisemyNut$ ($60 in chips)
Seat 2: nedo1414 ($224.98 in chips)
RaisemyNut$: posts small blind $1
nedo1414: posts big blind $3
*** HOLE CARDS ***
RaisemyNut$: raises $3 to $6
nedo1414: calls $3
*** FLOP *** [9s 7s Ac]
nedo1414: checks
RaisemyNut$: bets $3
nedo1414: calls $3
*** TURN *** [9s 7s Ac] [6h]
nedo1414: checks
RaisemyNut$: bets $6
nedo1414: calls $6
*** RIVER *** [9s 7s Ac 6h] [9c]
nedo1414: checks
RaisemyNut$: bets $6
nedo1414: raises $6 to $12
RaisemyNut$: raises $6 to $18
nedo1414: calls $6
*** SHOW DOWN ***
RaisemyNut$: shows [7h 9d] (a full house, Nines full of Sevens)
nedo1414: mucks hand
RaisemyNut$ collected $65.50 from pot
*** SUMMARY ***
Total pot $66 | Rake $0.50
Board [9s 7s Ac 6h 9c]
Seat 1: RaisemyNut$ (button) (small blind) showed [7h 9d] and won ($65.50) with a full house, Nines full of Sevens
Seat 2: nedo1414 (big blind) mucked


PokerStars Hand #147785763322:  Hold'em Limit ($3/$6 USD) - 2016/01/27 16:21:04 ET
Table 'Mashona II' 2-max Seat #2 is the button
Seat 1: RaisemyNut$ ($92.50 in chips)
Seat 2: nedo1414 ($191.98 in chips)
nedo1414: posts small blind $1
RaisemyNut$: posts big blind $3
*** HOLE CARDS ***
nedo1414: raises $3 to $6
RaisemyNut$: calls $3
*** FLOP *** [3c 3s Qh]
RaisemyNut$: checks
nedo1414: bets $3
RaisemyNut$: raises $3 to $6
nedo1414: calls $3
*** TURN *** [3c 3s Qh] [Js]
RaisemyNut$: bets $6
nedo1414: calls $6
*** RIVER *** [3c 3s Qh Js] [4s]
RaisemyNut$: bets $6
nedo1414: calls $6
*** SHOW DOWN ***
RaisemyNut$: shows [5h 3h] (three of a kind, Threes)
nedo1414: mucks hand
RaisemyNut$ collected $47.50 from pot
*** SUMMARY ***
Total pot $48 | Rake $0.50
Board [3c 3s Qh Js 4s]
Seat 1: RaisemyNut$ (big blind) showed [5h 3h] and won ($47.50) with three of a kind, Threes
Seat 2: nedo1414 (button) (small blind) mucked


PokerStars Hand #147785783270:  Hold'em Limit ($3/$6 USD) - 2016/01/27 16:21:24 ET
Table 'Mashona II' 2-max Seat #1 is the button
Seat 1: RaisemyNut$ ($116 in chips)
Seat 2: nedo1414 ($167.98 in chips)
RaisemyNut$: posts small blind $1
nedo1414: posts big blind $3
*** HOLE CARDS ***
RaisemyNut$: raises $3 to $6
nedo1414: raises $3 to $9
RaisemyNut$: calls $3
*** FLOP *** [Ad Th Ac]
nedo1414: bets $3
RaisemyNut$: raises $3 to $6
nedo1414: raises $3 to $9
RaisemyNut$: raises $3 to $12
Betting is capped
nedo1414: calls $3
*** TURN *** [Ad Th Ac] [Jd]
nedo1414: checks
RaisemyNut$: bets $6
nedo1414: calls $6
*** RIVER *** [Ad Th Ac Jd] [8c]
nedo1414: checks
RaisemyNut$: bets $6
nedo1414: calls $6
*** SHOW DOWN ***
RaisemyNut$: shows [6d 9s] (a pair of Aces)
nedo1414: shows [As 9d] (three of a kind, Aces)
nedo1414 collected $65.50 from pot
*** SUMMARY ***
Total pot $66 | Rake $0.50
Board [Ad Th Ac Jd 8c]
Seat 1: RaisemyNut$ (button) (small blind) showed [6d 9s] and lost with a pair of Aces
Seat 2: nedo1414 (big blind) showed [As 9d] and won ($65.50) with three of a kind, Aces


PokerStars Hand #147785809656:  Hold'em Limit ($3/$6 USD) - 2016/01/27 16:21:49 ET
Table 'Mashona II' 2-max Seat #2 is the button
Seat 1: RaisemyNut$ ($83 in chips)
Seat 2: nedo1414 ($200.48 in chips)
nedo1414: posts small blind $1
RaisemyNut$: posts big blind $3
*** HOLE CARDS ***
nedo1414: raises $3 to $6
RaisemyNut$: raises $3 to $9
nedo1414: calls $3
*** FLOP *** [7h 2h 3c]
RaisemyNut$: bets $3
nedo1414: calls $3
*** TURN *** [7h 2h 3c] [Ah]
RaisemyNut$: bets $6
nedo1414: calls $6
*** RIVER *** [7h 2h 3c Ah] [4d]
RaisemyNut$: checks
nedo1414: bets $6
RaisemyNut$: calls $6
*** SHOW DOWN ***
nedo1414: shows [5c 2c] (a straight, Ace to Five)
RaisemyNut$: mucks hand
nedo1414 collected $47.50 from pot
*** SUMMARY ***
Total pot $48 | Rake $0.50
Board [7h 2h 3c Ah 4d]
Seat 1: RaisemyNut$ (big blind) mucked
Seat 2: nedo1414 (button) (small blind) showed [5c 2c] and won ($47.50) with a straight, Ace to Five


PokerStars Hand #147785831413:  Hold'em Limit ($3/$6 USD) - 2016/01/27 16:22:09 ET
Table 'Mashona II' 2-max Seat #1 is the button
Seat 1: RaisemyNut$ ($60 in chips)
Seat 2: nedo1414 ($223.98 in chips)
RaisemyNut$: posts small blind $1
nedo1414: posts big blind $3
*** HOLE CARDS ***
RaisemyNut$: raises $3 to $6
nedo1414: calls $3
*** FLOP *** [Ks Qh Jh]
nedo1414: checks
RaisemyNut$: bets $3
nedo1414: calls $3
*** TURN *** [Ks Qh Jh] [Kd]
nedo1414: checks
RaisemyNut$: bets $6
nedo1414: folds
Uncalled bet ($6) returned to RaisemyNut$
RaisemyNut$ collected $17.64 from pot
RaisemyNut$: doesn't show hand
*** SUMMARY ***
Total pot $18 | Rake $0.36
Board [Ks Qh Jh Kd]
Seat 1: RaisemyNut$ (button) (small blind) collected ($17.64)
Seat 2: nedo1414 (big blind) folded on the Turn


PokerStars Hand #147785843471:  Hold'em Limit ($3/$6 USD) - 2016/01/27 16:22:20 ET
Table 'Mashona II' 2-max Seat #2 is the button
Seat 1: RaisemyNut$ ($68.64 in chips)
Seat 2: nedo1414 ($214.98 in chips)
nedo1414: posts small blind $1
RaisemyNut$: posts big blind $3
*** HOLE CARDS ***
nedo1414: raises $3 to $6
RaisemyNut$: raises $3 to $9
nedo1414: calls $3
*** FLOP *** [5c 3s Ad]
RaisemyNut$: bets $3
nedo1414: calls $3
*** TURN *** [5c 3s Ad] [6s]
RaisemyNut$: bets $6
nedo1414: folds
Uncalled bet ($6) returned to RaisemyNut$
RaisemyNut$ collected $23.52 from pot
RaisemyNut$: doesn't show hand
*** SUMMARY ***
Total pot $24 | Rake $0.48
Board [5c 3s Ad 6s]
Seat 1: RaisemyNut$ (big blind) collected ($23.52)
Seat 2: nedo1414 (button) (small blind) folded on the Turn


PokerStars Hand #147785856680:  Hold'em Limit ($3/$6 USD) - 2016/01/27 16:22:33 ET
Table 'Mashona II' 2-max Seat #1 is the button
Seat 1: RaisemyNut$ ($80.16 in chips)
Seat 2: nedo1414 ($202.98 in chips)
RaisemyNut$: posts small blind $1
nedo1414: posts big blind $3
*** HOLE CARDS ***
RaisemyNut$: raises $3 to $6
nedo1414: calls $3
*** FLOP *** [Jc Ac Qc]
nedo1414: checks
RaisemyNut$: bets $3
nedo1414: calls $3
*** TURN *** [Jc Ac Qc] [9c]
nedo1414: checks
RaisemyNut$: checks
*** RIVER *** [Jc Ac Qc 9c] [Jd]
nedo1414: checks
RaisemyNut$: checks
*** SHOW DOWN ***
nedo1414: shows [Kd 8h] (a pair of Jacks)
RaisemyNut$: mucks hand
nedo1414 collected $17.64 from pot
*** SUMMARY ***
Total pot $18 | Rake $0.36
Board [Jc Ac Qc 9c Jd]
Seat 1: RaisemyNut$ (button) (small blind) mucked
Seat 2: nedo1414 (big blind) showed [Kd 8h] and won ($17.64) with a pair of Jacks


PokerStars Hand #147785873478:  Hold'em Limit ($3/$6 USD) - 2016/01/27 16:22:49 ET
Table 'Mashona II' 2-max Seat #2 is the button
Seat 1: RaisemyNut$ ($71.16 in chips)
Seat 2: nedo1414 ($211.62 in chips)
nedo1414: posts small blind $1
RaisemyNut$: posts big blind $3
*** HOLE CARDS ***
nedo1414: raises $3 to $6
RaisemyNut$: raises $3 to $9
nedo1414: calls $3
*** FLOP *** [8h Td 5c]
RaisemyNut$: bets $3
nedo1414: calls $3
*** TURN *** [8h Td 5c] [4d]
RaisemyNut$: bets $6
nedo1414: calls $6
*** RIVER *** [8h Td 5c 4d] [Jc]
RaisemyNut$: bets $6
nedo1414: calls $6
*** SHOW DOWN ***
RaisemyNut$: shows [8c Ac] (a pair of Eights)
nedo1414: mucks hand
RaisemyNut$ collected $47.50 from pot
*** SUMMARY ***
Total pot $48 | Rake $0.50
Board [8h Td 5c 4d Jc]
Seat 1: RaisemyNut$ (big blind) showed [8c Ac] and won ($47.50) with a pair of Eights
Seat 2: nedo1414 (button) (small blind) mucked


PokerStars Hand #147785893997:  Hold'em Limit ($3/$6 USD) - 2016/01/27 16:23:08 ET
Table 'Mashona II' 2-max Seat #1 is the button
Seat 1: RaisemyNut$ ($94.66 in chips)
Seat 2: nedo1414 ($187.62 in chips)
RaisemyNut$: posts small blind $1
nedo1414: posts big blind $3
*** HOLE CARDS ***
RaisemyNut$: raises $3 to $6
nedo1414: calls $3
*** FLOP *** [4c 3h Jd]
nedo1414: checks
RaisemyNut$: bets $3
nedo1414: folds
Uncalled bet ($3) returned to RaisemyNut$
RaisemyNut$ collected $11.76 from pot
RaisemyNut$: doesn't show hand
*** SUMMARY ***
Total pot $12 | Rake $0.24
Board [4c 3h Jd]
Seat 1: RaisemyNut$ (button) (small blind) collected ($11.76)
Seat 2: nedo1414 (big blind) folded on the Flop


PokerStars Hand #147785902487:  Hold'em Limit ($3/$6 USD) - 2016/01/27 16:23:16 ET
Table 'Mashona II' 2-max Seat #2 is the button
Seat 1: RaisemyNut$ ($100.42 in chips)
Seat 2: nedo1414 ($181.62 in chips)
nedo1414: posts small blind $1
RaisemyNut$: posts big blind $3
*** HOLE CARDS ***
nedo1414: raises $3 to $6
RaisemyNut$: raises $3 to $9
nedo1414: calls $3
*** FLOP *** [6d 9d 3h]
RaisemyNut$: bets $3
nedo1414: calls $3
*** TURN *** [6d 9d 3h] [8d]
RaisemyNut$: bets $6
nedo1414: raises $6 to $12
RaisemyNut$: raises $6 to $18
nedo1414: raises $6 to $24
Betting is capped
RaisemyNut$: calls $6
*** RIVER *** [6d 9d 3h 8d] [4c]
RaisemyNut$: checks
nedo1414: bets $6
RaisemyNut$: calls $6
*** SHOW DOWN ***
nedo1414: shows [2d Jd] (a flush, Jack high)
RaisemyNut$: mucks hand
nedo1414 collected $83.50 from pot
*** SUMMARY ***
Total pot $84 | Rake $0.50
Board [6d 9d 3h 8d 4c]
Seat 1: RaisemyNut$ (big blind) mucked
Seat 2: nedo1414 (button) (small blind) showed [2d Jd] and won ($83.50) with a flush, Jack high


PokerStars Hand #147785926263:  Hold'em Limit ($3/$6 USD) - 2016/01/27 16:23:39 ET
Table 'Mashona II' 2-max Seat #1 is the button
Seat 1: RaisemyNut$ ($60 in chips)
Seat 2: nedo1414 ($223.12 in chips)
RaisemyNut$: posts small blind $1
nedo1414: posts big blind $3
*** HOLE CARDS ***
RaisemyNut$: raises $3 to $6
nedo1414: raises $3 to $9
RaisemyNut$: raises $3 to $12
Betting is capped
nedo1414: calls $3
*** FLOP *** [Jc 5d 8d]
nedo1414: bets $3
RaisemyNut$: calls $3
*** TURN *** [Jc 5d 8d] [5c]
nedo1414: bets $6
RaisemyNut$: raises $6 to $12
nedo1414: raises $6 to $18
RaisemyNut$: raises $6 to $24
Betting is capped
nedo1414: calls $6
*** RIVER *** [Jc 5d 8d 5c] [3c]
nedo1414: checks
RaisemyNut$: bets $6
nedo1414: calls $6
*** SHOW DOWN ***
RaisemyNut$: shows [Ah As] (two pair, Aces and Fives)
nedo1414: mucks hand
RaisemyNut$ collected $89.50 from pot
*** SUMMARY ***
Total pot $90 | Rake $0.50
Board [Jc 5d 8d 5c 3c]
Seat 1: RaisemyNut$ (button) (small blind) showed [Ah As] and won ($89.50) with two pair, Aces and Fives
Seat 2: nedo1414 (big blind) mucked


PokerStars Hand #147785947630:  Hold'em Limit ($3/$6 USD) - 2016/01/27 16:23:59 ET
Table 'Mashona II' 2-max Seat #2 is the button
Seat 1: RaisemyNut$ ($104.50 in chips)
Seat 2: nedo1414 ($178.12 in chips)
nedo1414: posts small blind $1
RaisemyNut$: posts big blind $3
*** HOLE CARDS ***
nedo1414: raises $3 to $6
RaisemyNut$: calls $3
*** FLOP *** [4d Td 6h]
RaisemyNut$: checks
nedo1414: bets $3
RaisemyNut$: calls $3
*** TURN *** [4d Td 6h] [3s]
RaisemyNut$: checks
nedo1414: bets $6
RaisemyNut$: calls $6
*** RIVER *** [4d Td 6h 3s] [5s]
RaisemyNut$: checks
nedo1414: checks
*** SHOW DOWN ***
RaisemyNut$: shows [4s 9s] (a pair of Fours)
nedo1414: shows [Qc 4c] (a pair of Fours - Queen kicker)
nedo1414 collected $29.50 from pot
*** SUMMARY ***
Total pot $30 | Rake $0.50
Board [4d Td 6h 3s 5s]
Seat 1: RaisemyNut$ (big blind) showed [4s 9s] and lost with a pair of Fours
Seat 2: nedo1414 (button) (small blind) showed [Qc 4c] and won ($29.50) with a pair of Fours


PokerStars Hand #147785964442:  Hold'em Limit ($3/$6 USD) - 2016/01/27 16:24:15 ET
Table 'Mashona II' 2-max Seat #1 is the button
Seat 1: RaisemyNut$ ($89.50 in chips)
Seat 2: nedo1414 ($192.62 in chips)
RaisemyNut$: posts small blind $1
nedo1414: posts big blind $3
*** HOLE CARDS ***
RaisemyNut$: raises $3 to $6
nedo1414: raises $3 to $9
RaisemyNut$: calls $3
*** FLOP *** [4h 6h Js]
nedo1414: bets $3
RaisemyNut$: raises $3 to $6
nedo1414: calls $3
*** TURN *** [4h 6h Js] [9c]
nedo1414: checks
RaisemyNut$: bets $6
nedo1414: calls $6
*** RIVER *** [4h 6h Js 9c] [4c]
nedo1414: checks
RaisemyNut$: bets $6
nedo1414: calls $6
*** SHOW DOWN ***
RaisemyNut$: shows [Tc 6d] (two pair, Sixes and Fours)
nedo1414: mucks hand
RaisemyNut$ collected $53.50 from pot
*** SUMMARY ***
Total pot $54 | Rake $0.50
Board [4h 6h Js 9c 4c]
Seat 1: RaisemyNut$ (button) (small blind) showed [Tc 6d] and won ($53.50) with two pair, Sixes and Fours
Seat 2: nedo1414 (big blind) mucked


PokerStars Hand #147785982513:  Hold'em Limit ($3/$6 USD) - 2016/01/27 16:24:32 ET
Table 'Mashona II' 2-max Seat #2 is the button
Seat 1: RaisemyNut$ ($116 in chips)
Seat 2: nedo1414 ($165.62 in chips)
nedo1414: posts small blind $1
RaisemyNut$: posts big blind $3
*** HOLE CARDS ***
nedo1414: calls $2
RaisemyNut$: checks
*** FLOP *** [8c 6s Qh]
RaisemyNut$: bets $3
nedo1414: calls $3
*** TURN *** [8c 6s Qh] [9s]
RaisemyNut$: bets $6
nedo1414: raises $6 to $12
RaisemyNut$: calls $6
*** RIVER *** [8c 6s Qh 9s] [6h]
RaisemyNut$: checks
nedo1414: bets $6
RaisemyNut$: folds
Uncalled bet ($6) returned to nedo1414
nedo1414 collected $35.50 from pot
nedo1414: doesn't show hand
*** SUMMARY ***
Total pot $36 | Rake $0.50
Board [8c 6s Qh 9s 6h]
Seat 1: RaisemyNut$ (big blind) folded on the River
Seat 2: nedo1414 (button) (small blind) collected ($35.50)


PokerStars Hand #147786021238:  Hold'em Limit ($3/$6 USD) - 2016/01/27 16:25:08 ET
Table 'Mashona II' 2-max Seat #2 is the button
Seat 1: RaisemyNut$ ($115.50 in chips)
Seat 2: nedo1414 ($165.12 in chips)
nedo1414: posts small blind $1
RaisemyNut$: posts big blind $3
*** HOLE CARDS ***
nedo1414: folds
Uncalled bet ($2) returned to RaisemyNut$
RaisemyNut$ collected $2 from pot
RaisemyNut$: doesn't show hand
*** SUMMARY ***
Total pot $2 | Rake $0
Seat 1: RaisemyNut$ (big blind) collected ($2)
Seat 2: nedo1414 (button) (small blind) folded before Flop


PokerStars Hand #147786000913:  Hold'em Limit ($3/$6 USD) - 2016/01/27 16:24:49 ET
Table 'Mashona II' 2-max Seat #1 is the button
Seat 1: RaisemyNut$ ($98 in chips)
Seat 2: nedo1414 ($183.12 in chips)
RaisemyNut$: posts small blind $1
nedo1414: posts big blind $3
*** HOLE CARDS ***
RaisemyNut$: raises $3 to $6
nedo1414: calls $3
*** FLOP *** [Td 7h 3c]
nedo1414: checks
RaisemyNut$: bets $3
nedo1414: raises $3 to $6
RaisemyNut$: calls $3
*** TURN *** [Td 7h 3c] [5h]
nedo1414: checks
RaisemyNut$: bets $6
nedo1414: calls $6
*** RIVER *** [Td 7h 3c 5h] [Jc]
nedo1414: checks
RaisemyNut$: checks
*** SHOW DOWN ***
nedo1414: shows [Kd 3h] (a pair of Threes)
RaisemyNut$: shows [6h 6s] (a pair of Sixes)
RaisemyNut$ collected $35.50 from pot
*** SUMMARY ***
Total pot $36 | Rake $0.50
Board [Td 7h 3c 5h Jc]
Seat 1: RaisemyNut$ (button) (small blind) showed [6h 6s] and won ($35.50) with a pair of Sixes
Seat 2: nedo1414 (big blind) showed [Kd 3h] and lost with a pair of Threes


PokerStars Hand #147786026598:  Hold'em Limit ($3/$6 USD) - 2016/01/27 16:25:13 ET
Table 'Mashona II' 2-max Seat #1 is the button
Seat 1: RaisemyNut$ ($116.50 in chips)
Seat 2: nedo1414 ($164.12 in chips)
RaisemyNut$: posts small blind $1
nedo1414: posts big blind $3
*** HOLE CARDS ***
RaisemyNut$: raises $3 to $6
nedo1414: calls $3
*** FLOP *** [8s 3d 2c]
nedo1414: checks
RaisemyNut$: checks
*** TURN *** [8s 3d 2c] [8d]
nedo1414: bets $6
RaisemyNut$: folds
Uncalled bet ($6) returned to nedo1414
nedo1414 collected $11.76 from pot
nedo1414: doesn't show hand
*** SUMMARY ***
Total pot $12 | Rake $0.24
Board [8s 3d 2c 8d]
Seat 1: RaisemyNut$ (button) (small blind) folded on the Turn
Seat 2: nedo1414 (big blind) collected ($11.76)


PokerStars Hand #147786038300:  Hold'em Limit ($3/$6 USD) - 2016/01/27 16:25:24 ET
Table 'Mashona II' 2-max Seat #2 is the button
Seat 1: RaisemyNut$ ($110.50 in chips)
Seat 2: nedo1414 ($169.88 in chips)
nedo1414: posts small blind $1
RaisemyNut$: posts big blind $3
*** HOLE CARDS ***
nedo1414: raises $3 to $6
RaisemyNut$: raises $3 to $9
nedo1414: raises $3 to $12
Betting is capped
RaisemyNut$: calls $3
*** FLOP *** [2c 2d 3s]
RaisemyNut$: checks
nedo1414: bets $3
RaisemyNut$: calls $3
*** TURN *** [2c 2d 3s] [6c]
RaisemyNut$: checks
nedo1414: bets $6
RaisemyNut$: calls $6
*** RIVER *** [2c 2d 3s 6c] [3c]
RaisemyNut$: checks
nedo1414: checks
*** SHOW DOWN ***
RaisemyNut$: shows [7c 8c] (a flush, Eight high)
nedo1414: mucks hand
RaisemyNut$ collected $41.50 from pot
*** SUMMARY ***
Total pot $42 | Rake $0.50
Board [2c 2d 3s 6c 3c]
Seat 1: RaisemyNut$ (big blind) showed [7c 8c] and won ($41.50) with a flush, Eight high
Seat 2: nedo1414 (button) (small blind) mucked


PokerStars Hand #147786058871:  Hold'em Limit ($3/$6 USD) - 2016/01/27 16:25:44 ET
Table 'Mashona II' 2-max Seat #1 is the button
Seat 1: RaisemyNut$ ($131 in chips)
Seat 2: nedo1414 ($148.88 in chips)
RaisemyNut$: posts small blind $1
nedo1414: posts big blind $3
*** HOLE CARDS ***
RaisemyNut$: raises $3 to $6
nedo1414: folds
Uncalled bet ($3) returned to RaisemyNut$
RaisemyNut$ collected $6 from pot
RaisemyNut$: doesn't show hand
*** SUMMARY ***
Total pot $6 | Rake $0
Seat 1: RaisemyNut$ (button) (small blind) collected ($6)
Seat 2: nedo1414 (big blind) folded before Flop


PokerStars Hand #147786064600:  Hold'em Limit ($3/$6 USD) - 2016/01/27 16:25:49 ET
Table 'Mashona II' 2-max Seat #2 is the button
Seat 1: RaisemyNut$ ($134 in chips)
Seat 2: nedo1414 ($145.88 in chips)
nedo1414: posts small blind $1
RaisemyNut$: posts big blind $3
*** HOLE CARDS ***
nedo1414: raises $3 to $6
RaisemyNut$: calls $3
*** FLOP *** [Qc Qh 7c]
RaisemyNut$: checks
nedo1414: bets $3
RaisemyNut$: calls $3
*** TURN *** [Qc Qh 7c] [4d]
RaisemyNut$: checks
nedo1414: checks
*** RIVER *** [Qc Qh 7c 4d] [2h]
RaisemyNut$: bets $6
nedo1414: calls $6
*** SHOW DOWN ***
RaisemyNut$: shows [3c As] (a pair of Queens)
nedo1414: shows [Jd Ah] (a pair of Queens - Ace+Jack kicker)
nedo1414 collected $29.50 from pot
*** SUMMARY ***
Total pot $30 | Rake $0.50
Board [Qc Qh 7c 4d 2h]
Seat 1: RaisemyNut$ (big blind) showed [3c As] and lost with a pair of Queens
Seat 2: nedo1414 (button) (small blind) showed [Jd Ah] and won ($29.50) with a pair of Queens


