PokerStars Hand #169065959282:  Hold'em Limit ($3/$6 USD) - 2017/04/15 6:41:00 ET
Table 'Massalia II' 6-max Seat #4 is the button
Seat 4: otbori_1 ($124.50 in chips)
Seat 6: Krazy90 ($120 in chips)
otbori_1: posts small blind $1
Krazy90: posts big blind $3
*** HOLE CARDS ***
otbori_1: folds
Uncalled bet ($2) returned to Krazy90
Krazy90 collected $2 from pot
Krazy90: doesn't show hand
*** SUMMARY ***
Total pot $2 | Rake $0
Seat 4: otbori_1 (button) (small blind) folded before Flop
Seat 6: Krazy90 (big blind) collected ($2)


PokerStars Hand #169065975182:  Hold'em Limit ($3/$6 USD) - 2017/04/15 6:41:35 ET
Table 'Massalia II' 6-max Seat #4 is the button
Seat 4: otbori_1 ($144 in chips)
Seat 6: Krazy90 ($120 in chips)
otbori_1: posts small blind $1
Krazy90: posts big blind $3
*** HOLE CARDS ***
otbori_1: calls $2
Krazy90: checks
*** FLOP *** [3s Js 9s]
Krazy90: checks
otbori_1: bets $3
Krazy90: folds
Uncalled bet ($3) returned to otbori_1
otbori_1 collected $5.88 from pot
otbori_1: doesn't show hand
*** SUMMARY ***
Total pot $6 | Rake $0.12
Board [3s Js 9s]
Seat 4: otbori_1 (button) (small blind) collected ($5.88)
Seat 6: Krazy90 (big blind) folded on the Flop


