PokerStars Hand #158321957026:  Hold'em Limit ($3/$6 USD) - 2016/09/08 7:51:08 ET
Table 'Massalia' 10-max Seat #9 is the button
Seat 7: Agrotait ($86.50 in chips)
Seat 9: Profitables ($204.41 in chips)
Profitables: posts small blind $1
Agrotait: posts big blind $3
*** HOLE CARDS ***
Profitables: raises $3 to $6
Agrotait: raises $3 to $9
Profitables: calls $3
*** FLOP *** [6c Jc 8c]
Agrotait: checks
Profitables: checks
*** TURN *** [6c Jc 8c] [6d]
Agrotait: bets $6
Profitables: calls $6
*** RIVER *** [6c Jc 8c 6d] [3c]
Agrotait: checks
Profitables: checks
*** SHOW DOWN ***
Agrotait: shows [Qd Ah] (a pair of Sixes)
Profitables: shows [As 4c] (a flush, Jack high)
Profitables collected $29.50 from pot
*** SUMMARY ***
Total pot $30 | Rake $0.50
Board [6c Jc 8c 6d 3c]
Seat 7: Agrotait (big blind) showed [Qd Ah] and lost with a pair of Sixes
Seat 9: Profitables (button) (small blind) showed [As 4c] and won ($29.50) with a flush, Jack high


PokerStars Hand #158321946686:  Hold'em Limit ($3/$6 USD) - 2016/09/08 7:50:45 ET
Table 'Massalia' 10-max Seat #7 is the button
Seat 7: Agrotait ($72 in chips)
Seat 9: Profitables ($219.41 in chips)
Agrotait: posts small blind $1
GRAILKO: is sitting out
Profitables: posts big blind $3
*** HOLE CARDS ***
GRAILKO leaves the table
Agrotait: raises $3 to $6
Profitables: calls $3
*** FLOP *** [6h Kc 8c]
Profitables: checks
Agrotait: bets $3
Profitables: calls $3
*** TURN *** [6h Kc 8c] [5c]
Profitables: checks
Agrotait: checks
*** RIVER *** [6h Kc 8c 5c] [4c]
Profitables: bets $6
Agrotait: calls $6
*** SHOW DOWN ***
Profitables: shows [3d Ah] (high card Ace)
Agrotait: shows [2c Jd] (a flush, King high)
Agrotait collected $29.50 from pot
*** SUMMARY ***
Total pot $30 | Rake $0.50
Board [6h Kc 8c 5c 4c]
Seat 7: Agrotait (button) (small blind) showed [2c Jd] and won ($29.50) with a flush, King high
Seat 9: Profitables (big blind) showed [3d Ah] and lost with high card Ace


PokerStars Hand #158321976034:  Hold'em Limit ($3/$6 USD) - 2016/09/08 7:51:50 ET
Table 'Massalia' 10-max Seat #9 is the button
Seat 7: Agrotait ($80.14 in chips)
Seat 9: Profitables ($209.91 in chips)
Profitables: posts small blind $1
Agrotait: posts big blind $3
*** HOLE CARDS ***
Profitables: raises $3 to $6
Agrotait: calls $3
*** FLOP *** [9s 4h Qd]
Agrotait: checks
Profitables: bets $3
Agrotait: calls $3
*** TURN *** [9s 4h Qd] [3c]
Agrotait: checks
Profitables: bets $6
Agrotait: calls $6
*** RIVER *** [9s 4h Qd 3c] [Ts]
Agrotait: checks
Profitables: bets $6
Agrotait: calls $6
*** SHOW DOWN ***
Profitables: shows [6d 8d] (high card Queen)
Agrotait: shows [7d Ah] (high card Ace)
Agrotait collected $41.50 from pot
*** SUMMARY ***
Total pot $42 | Rake $0.50
Board [9s 4h Qd 3c Ts]
Seat 7: Agrotait (big blind) showed [7d Ah] and won ($41.50) with high card Ace
Seat 9: Profitables (button) (small blind) showed [6d 8d] and lost with high card Queen


PokerStars Hand #158321967028:  Hold'em Limit ($3/$6 USD) - 2016/09/08 7:51:30 ET
Table 'Massalia' 10-max Seat #7 is the button
Seat 7: Agrotait ($71.50 in chips)
Seat 9: Profitables ($218.91 in chips)
Agrotait: posts small blind $1
Profitables: posts big blind $3
*** HOLE CARDS ***
Agrotait: raises $3 to $6
Profitables: calls $3
*** FLOP *** [Td 5d 6c]
Profitables: checks
Agrotait: bets $3
Profitables: calls $3
*** TURN *** [Td 5d 6c] [Kd]
Profitables: checks
Agrotait: bets $6
Profitables: folds
Uncalled bet ($6) returned to Agrotait
Agrotait collected $17.64 from pot
Agrotait: doesn't show hand
*** SUMMARY ***
Total pot $18 | Rake $0.36
Board [Td 5d 6c Kd]
Seat 7: Agrotait (button) (small blind) collected ($17.64)
Seat 9: Profitables (big blind) folded on the Turn


PokerStars Hand #158321992188:  Hold'em Limit ($3/$6 USD) - 2016/09/08 7:52:25 ET
Table 'Massalia' 10-max Seat #7 is the button
Seat 7: Agrotait ($100.64 in chips)
Seat 9: Profitables ($188.91 in chips)
Agrotait: posts small blind $1
Profitables: posts big blind $3
*** HOLE CARDS ***
Agrotait: raises $3 to $6
Profitables: calls $3
*** FLOP *** [9c Qd Ah]
Profitables: checks
Agrotait: bets $3
Profitables: raises $3 to $6
GRAILKO joins the table at seat #10
Agrotait: calls $3
*** TURN *** [9c Qd Ah] [Kh]
Profitables: bets $6
Agrotait: folds
Uncalled bet ($6) returned to Profitables
Profitables collected $23.52 from pot
Profitables: doesn't show hand
*** SUMMARY ***
Total pot $24 | Rake $0.48
Board [9c Qd Ah Kh]
Seat 7: Agrotait (button) (small blind) folded on the Turn
Seat 9: Profitables (big blind) collected ($23.52)


PokerStars Hand #158322032106:  Hold'em Limit ($3/$6 USD) - 2016/09/08 7:53:53 ET
Table 'Massalia' 10-max Seat #10 is the button
Seat 9: Profitables ($223.35 in chips)
Seat 10: GRAILKO ($188 in chips)
GRAILKO: posts small blind $1
Agrotait: is sitting out
Profitables: posts big blind $3
*** HOLE CARDS ***
Agrotait leaves the table
GRAILKO: folds
Uncalled bet ($2) returned to Profitables
Profitables collected $2 from pot
Profitables: doesn't show hand
*** SUMMARY ***
Total pot $2 | Rake $0
Seat 9: Profitables (big blind) collected ($2)
Seat 10: GRAILKO (button) (small blind) folded before Flop


PokerStars Hand #158322035065:  Hold'em Limit ($3/$6 USD) - 2016/09/08 7:54:00 ET
Table 'Massalia' 10-max Seat #9 is the button
Seat 9: Profitables ($224.35 in chips)
Seat 10: GRAILKO ($187 in chips)
Profitables: posts small blind $1
GRAILKO: posts big blind $3
*** HOLE CARDS ***
Profitables: raises $3 to $6
GRAILKO: calls $3
*** FLOP *** [8s Ts Jd]
GRAILKO: checks
Profitables: bets $3
GRAILKO: folds
Uncalled bet ($3) returned to Profitables
Profitables collected $11.76 from pot
Profitables: doesn't show hand
*** SUMMARY ***
Total pot $12 | Rake $0.24
Board [8s Ts Jd]
Seat 9: Profitables (button) (small blind) collected ($11.76)
Seat 10: GRAILKO (big blind) folded on the Flop


PokerStars Hand #158322039433:  Hold'em Limit ($3/$6 USD) - 2016/09/08 7:54:10 ET
Table 'Massalia' 10-max Seat #10 is the button
Seat 9: Profitables ($230.11 in chips)
Seat 10: GRAILKO ($181 in chips)
GRAILKO: posts small blind $1
Profitables: posts big blind $3
*** HOLE CARDS ***
GRAILKO: raises $3 to $6
Profitables: raises $3 to $9
GRAILKO: calls $3
*** FLOP *** [Qd 4s 9d]
Profitables: bets $3
GRAILKO: folds
Uncalled bet ($3) returned to Profitables
Profitables collected $17.64 from pot
Profitables: doesn't show hand
*** SUMMARY ***
Total pot $18 | Rake $0.36
Board [Qd 4s 9d]
Seat 9: Profitables (big blind) collected ($17.64)
Seat 10: GRAILKO (button) (small blind) folded on the Flop


PokerStars Hand #158322072387:  Hold'em Limit ($3/$6 USD) - 2016/09/08 7:55:24 ET
Table 'Massalia' 10-max Seat #9 is the button
Seat 9: Profitables ($246.41 in chips)
Seat 10: GRAILKO ($162.50 in chips)
Profitables: posts small blind $1
GRAILKO: posts big blind $3
*** HOLE CARDS ***
Profitables: raises $3 to $6
GRAILKO: calls $3
*** FLOP *** [Kd Td 4s]
GRAILKO: checks
Profitables: bets $3
GRAILKO: folds
Uncalled bet ($3) returned to Profitables
Profitables collected $11.76 from pot
Profitables: doesn't show hand
*** SUMMARY ***
Total pot $12 | Rake $0.24
Board [Kd Td 4s]
Seat 9: Profitables (button) (small blind) collected ($11.76)
Seat 10: GRAILKO (big blind) folded on the Flop


PokerStars Hand #158322053765:  Hold'em Limit ($3/$6 USD) - 2016/09/08 7:54:41 ET
Table 'Massalia' 10-max Seat #10 is the button
Seat 9: Profitables ($253.25 in chips)
Seat 10: GRAILKO ($157 in chips)
GRAILKO: posts small blind $1
Profitables: posts big blind $3
*** HOLE CARDS ***
GRAILKO: raises $3 to $6
Profitables: calls $3
*** FLOP *** [Kh 6c Qc]
Profitables: checks
GRAILKO: bets $3
Profitables: raises $3 to $6
GRAILKO: folds
Uncalled bet ($3) returned to Profitables
Profitables collected $17.64 from pot
Profitables: doesn't show hand
*** SUMMARY ***
Total pot $18 | Rake $0.36
Board [Kh 6c Qc]
Seat 9: Profitables (big blind) collected ($17.64)
Seat 10: GRAILKO (button) (small blind) folded on the Flop


PokerStars Hand #158322043078:  Hold'em Limit ($3/$6 USD) - 2016/09/08 7:54:18 ET
Table 'Massalia' 10-max Seat #9 is the button
Seat 9: Profitables ($238.75 in chips)
Seat 10: GRAILKO ($172 in chips)
Profitables: posts small blind $1
GRAILKO: posts big blind $3
*** HOLE CARDS ***
Profitables: raises $3 to $6
GRAILKO: calls $3
*** FLOP *** [2d Jd Ah]
GRAILKO: checks
Profitables: bets $3
GRAILKO: calls $3
*** TURN *** [2d Jd Ah] [5h]
GRAILKO: checks
Profitables: bets $6
GRAILKO: calls $6
*** RIVER *** [2d Jd Ah 5h] [3c]
GRAILKO: checks
Profitables: checks
*** SHOW DOWN ***
GRAILKO: shows [2c 7c] (a pair of Deuces)
Profitables: shows [8h Jc] (a pair of Jacks)
Profitables collected $29.50 from pot
*** SUMMARY ***
Total pot $30 | Rake $0.50
Board [2d Jd Ah 5h 3c]
Seat 9: Profitables (button) (small blind) showed [8h Jc] and won ($29.50) with a pair of Jacks
Seat 10: GRAILKO (big blind) showed [2c 7c] and lost with a pair of Deuces


PokerStars Hand #158322059246:  Hold'em Limit ($3/$6 USD) - 2016/09/08 7:54:53 ET
Table 'Massalia' 10-max Seat #9 is the button
Seat 9: Profitables ($261.89 in chips)
Seat 10: GRAILKO ($148 in chips)
Profitables: posts small blind $1
GRAILKO: posts big blind $3
*** HOLE CARDS ***
Profitables: raises $3 to $6
GRAILKO: calls $3
*** FLOP *** [Jh 2c 3d]
GRAILKO: checks
Profitables: bets $3
GRAILKO: raises $3 to $6
Profitables: raises $3 to $9
GRAILKO: calls $3
*** TURN *** [Jh 2c 3d] [9c]
GRAILKO: checks
Profitables: bets $6
GRAILKO: calls $6
*** RIVER *** [Jh 2c 3d 9c] [2s]
GRAILKO: checks
Profitables: bets $6
GRAILKO: calls $6
*** SHOW DOWN ***
Profitables: shows [4h 5c] (a pair of Deuces)
GRAILKO: shows [Jd 6d] (two pair, Jacks and Deuces)
GRAILKO collected $53.50 from pot
*** SUMMARY ***
Total pot $54 | Rake $0.50
Board [Jh 2c 3d 9c 2s]
Seat 9: Profitables (button) (small blind) showed [4h 5c] and lost with a pair of Deuces
Seat 10: GRAILKO (big blind) showed [Jd 6d] and won ($53.50) with two pair, Jacks and Deuces


PokerStars Hand #158322067096:  Hold'em Limit ($3/$6 USD) - 2016/09/08 7:55:11 ET
Table 'Massalia' 10-max Seat #10 is the button
Seat 9: Profitables ($234.89 in chips)
Seat 10: GRAILKO ($174.50 in chips)
GRAILKO: posts small blind $1
Profitables: posts big blind $3
*** HOLE CARDS ***
GRAILKO: raises $3 to $6
Profitables: calls $3
*** FLOP *** [7d 8d Ac]
Profitables: checks
GRAILKO: bets $3
Profitables: raises $3 to $6
GRAILKO: calls $3
*** TURN *** [7d 8d Ac] [8h]
Profitables: checks
GRAILKO: checks
*** RIVER *** [7d 8d Ac 8h] [Qc]
Profitables: checks
GRAILKO: checks
*** SHOW DOWN ***
Profitables: shows [7h 4c] (two pair, Eights and Sevens)
GRAILKO: mucks hand
Profitables collected $23.52 from pot
*** SUMMARY ***
Total pot $24 | Rake $0.48
Board [7d 8d Ac 8h Qc]
Seat 9: Profitables (big blind) showed [7h 4c] and won ($23.52) with two pair, Eights and Sevens
Seat 10: GRAILKO (button) (small blind) mucked


PokerStars Hand #158322094283:  Hold'em Limit ($3/$6 USD) - 2016/09/08 7:56:18 ET
Table 'Massalia' 10-max Seat #9 is the button
Seat 9: Profitables ($204.17 in chips)
Seat 10: GRAILKO ($203.26 in chips)
Profitables: posts small blind $1
GRAILKO: posts big blind $3
*** HOLE CARDS ***
Profitables: raises $3 to $6
GRAILKO: raises $3 to $9
Profitables: calls $3
*** FLOP *** [5s 5d 7c]
GRAILKO: bets $3
Profitables: calls $3
*** TURN *** [5s 5d 7c] [9s]
GRAILKO: bets $6
Profitables: calls $6
*** RIVER *** [5s 5d 7c 9s] [2h]
GRAILKO: bets $6
Profitables: calls $6
*** SHOW DOWN ***
GRAILKO: shows [6h 6d] (two pair, Sixes and Fives)
Profitables: mucks hand
GRAILKO collected $47.50 from pot
*** SUMMARY ***
Total pot $48 | Rake $0.50
Board [5s 5d 7c 9s 2h]
Seat 9: Profitables (button) (small blind) mucked
Seat 10: GRAILKO (big blind) showed [6h 6d] and won ($47.50) with two pair, Sixes and Fives


PokerStars Hand #158322088834:  Hold'em Limit ($3/$6 USD) - 2016/09/08 7:56:04 ET
Table 'Massalia' 10-max Seat #10 is the button
Seat 9: Profitables ($222.17 in chips)
Seat 10: GRAILKO ($185.76 in chips)
GRAILKO: posts small blind $1
Profitables: posts big blind $3
*** HOLE CARDS ***
GRAILKO: raises $3 to $6
Profitables: calls $3
*** FLOP *** [7c 4c 3h]
Profitables: checks
GRAILKO: checks
*** TURN *** [7c 4c 3h] [Qh]
Profitables: bets $6
GRAILKO: calls $6
*** RIVER *** [7c 4c 3h Qh] [2s]
Profitables: bets $6
GRAILKO: raises $6 to $12
Profitables: folds
Uncalled bet ($6) returned to GRAILKO
GRAILKO collected $35.50 from pot
GRAILKO: doesn't show hand
*** SUMMARY ***
Total pot $36 | Rake $0.50
Board [7c 4c 3h Qh 2s]
Seat 9: Profitables (big blind) folded on the River
Seat 10: GRAILKO (button) (small blind) collected ($35.50)


PokerStars Hand #158322076407:  Hold'em Limit ($3/$6 USD) - 2016/09/08 7:55:34 ET
Table 'Massalia' 10-max Seat #10 is the button
Seat 9: Profitables ($252.17 in chips)
Seat 10: GRAILKO ($156.50 in chips)
GRAILKO: posts small blind $1
Profitables: posts big blind $3
*** HOLE CARDS ***
GRAILKO: raises $3 to $6
Profitables: calls $3
*** FLOP *** [4c Kd Jc]
Profitables: checks
GRAILKO: bets $3
Profitables: folds
Uncalled bet ($3) returned to GRAILKO
GRAILKO collected $11.76 from pot
GRAILKO: doesn't show hand
*** SUMMARY ***
Total pot $12 | Rake $0.24
Board [4c Kd Jc]
Seat 9: Profitables (big blind) folded on the Flop
Seat 10: GRAILKO (button) (small blind) collected ($11.76)


PokerStars Hand #158322081460:  Hold'em Limit ($3/$6 USD) - 2016/09/08 7:55:46 ET
Table 'Massalia' 10-max Seat #9 is the button
Seat 9: Profitables ($246.17 in chips)
Seat 10: GRAILKO ($162.26 in chips)
Profitables: posts small blind $1
GRAILKO: posts big blind $3
*** HOLE CARDS ***
Profitables: raises $3 to $6
GRAILKO: calls $3
*** FLOP *** [4h 3h Kh]
GRAILKO: checks
Profitables: bets $3
GRAILKO: raises $3 to $6
Profitables: calls $3
*** TURN *** [4h 3h Kh] [5s]
GRAILKO: bets $6
Profitables: calls $6
*** RIVER *** [4h 3h Kh 5s] [5d]
GRAILKO: bets $6
Profitables: calls $6
*** SHOW DOWN ***
GRAILKO: shows [Kc 7c] (two pair, Kings and Fives)
Profitables: mucks hand
GRAILKO collected $47.50 from pot
*** SUMMARY ***
Total pot $48 | Rake $0.50
Board [4h 3h Kh 5s 5d]
Seat 9: Profitables (button) (small blind) mucked
Seat 10: GRAILKO (big blind) showed [Kc 7c] and won ($47.50) with two pair, Kings and Fives


PokerStars Hand #158322100524:  Hold'em Limit ($3/$6 USD) - 2016/09/08 7:56:33 ET
Table 'Massalia' 10-max Seat #10 is the button
Seat 9: Profitables ($180.17 in chips)
Seat 10: GRAILKO ($226.76 in chips)
GRAILKO: posts small blind $1
Profitables: posts big blind $3
*** HOLE CARDS ***
GRAILKO: raises $3 to $6
Profitables: calls $3
*** FLOP *** [4c Js 8c]
Profitables: checks
GRAILKO: bets $3
Profitables: folds
Uncalled bet ($3) returned to GRAILKO
GRAILKO collected $11.76 from pot
GRAILKO: doesn't show hand
*** SUMMARY ***
Total pot $12 | Rake $0.24
Board [4c Js 8c]
Seat 9: Profitables (big blind) folded on the Flop
Seat 10: GRAILKO (button) (small blind) collected ($11.76)


PokerStars Hand #158330958796:  Hold'em Limit ($3/$6 USD) - 2016/09/08 12:19:43 ET
Table 'Massalia' 10-max Seat #5 is the button
Seat 3: TinaTurner72 ($149.50 in chips)
Seat 5: PeteSvensson ($59.95 in chips)
PeteSvensson: posts small blind $1
TinaTurner72: posts big blind $3
*** HOLE CARDS ***
PeteSvensson: raises $3 to $6
TinaTurner72: raises $3 to $9
PeteSvensson: calls $3
*** FLOP *** [5s 2d Qd]
Psynto joins the table at seat #6
TinaTurner72: bets $3
PeteSvensson: calls $3
*** TURN *** [5s 2d Qd] [9c]
TinaTurner72: bets $6
PeteSvensson: folds
Uncalled bet ($6) returned to TinaTurner72
TinaTurner72 collected $23.52 from pot
TinaTurner72: doesn't show hand
*** SUMMARY ***
Total pot $24 | Rake $0.48
Board [5s 2d Qd 9c]
Seat 3: TinaTurner72 (big blind) collected ($23.52)
Seat 5: PeteSvensson (button) (small blind) folded on the Turn


PokerStars Hand #158330969530:  Hold'em Limit ($3/$6 USD) - 2016/09/08 12:19:59 ET
Table 'Massalia' 10-max Seat #3 is the button
Seat 3: TinaTurner72 ($161.02 in chips)
Seat 5: PeteSvensson ($47.95 in chips)
TinaTurner72: posts small blind $1
PeteSvensson: posts big blind $3
*** HOLE CARDS ***
TinaTurner72: raises $3 to $6
PeteSvensson: calls $3
*** FLOP *** [2d 2c Jd]
PeteSvensson: checks
TinaTurner72: bets $3
PeteSvensson: folds
Uncalled bet ($3) returned to TinaTurner72
TinaTurner72 collected $11.76 from pot
TinaTurner72: doesn't show hand
*** SUMMARY ***
Total pot $12 | Rake $0.24
Board [2d 2c Jd]
Seat 3: TinaTurner72 (button) (small blind) collected ($11.76)
Seat 5: PeteSvensson (big blind) folded on the Flop


PokerStars Hand #158330987225:  Hold'em Limit ($3/$6 USD) - 2016/09/08 12:20:25 ET
Table 'Massalia' 10-max Seat #6 is the button
Seat 5: PeteSvensson ($50.41 in chips)
Seat 6: Psynto ($72 in chips)
Psynto: posts small blind $1
TinaTurner72: is sitting out
PeteSvensson: posts big blind $3
*** HOLE CARDS ***
Psynto: raises $3 to $6
PeteSvensson: folds
Uncalled bet ($3) returned to Psynto
TinaTurner72 leaves the table
Psynto collected $6 from pot
Psynto: doesn't show hand
*** SUMMARY ***
Total pot $6 | Rake $0
Seat 5: PeteSvensson (big blind) folded before Flop
Seat 6: Psynto (button) (small blind) collected ($6)


PokerStars Hand #158330992663:  Hold'em Limit ($3/$6 USD) - 2016/09/08 12:20:33 ET
Table 'Massalia' 10-max Seat #5 is the button
Seat 5: PeteSvensson ($47.41 in chips)
Seat 6: Psynto ($75 in chips)
PeteSvensson: posts small blind $1
Psynto: posts big blind $3
*** HOLE CARDS ***
PeteSvensson: raises $3 to $6
Psynto: raises $3 to $9
PeteSvensson: calls $3
*** FLOP *** [3d Ts 8d]
Psynto: bets $3
PeteSvensson: folds
Uncalled bet ($3) returned to Psynto
Psynto collected $17.64 from pot
Psynto: doesn't show hand
*** SUMMARY ***
Total pot $18 | Rake $0.36
Board [3d Ts 8d]
Seat 5: PeteSvensson (button) (small blind) folded on the Flop
Seat 6: Psynto (big blind) collected ($17.64)


PokerStars Hand #158331005932:  Hold'em Limit ($3/$6 USD) - 2016/09/08 12:20:53 ET
Table 'Massalia' 10-max Seat #6 is the button
Seat 5: PeteSvensson ($38.41 in chips)
Seat 6: Psynto ($83.64 in chips)
Psynto: posts small blind $1
PeteSvensson: posts big blind $3
*** HOLE CARDS ***
Psynto: folds
Uncalled bet ($2) returned to PeteSvensson
PeteSvensson collected $2 from pot
*** SUMMARY ***
Total pot $2 | Rake $0
Seat 5: PeteSvensson (big blind) collected ($2)
Seat 6: Psynto (button) (small blind) folded before Flop


PokerStars Hand #158331021595:  Hold'em Limit ($3/$6 USD) - 2016/09/08 12:21:17 ET
Table 'Massalia' 10-max Seat #6 is the button
Seat 5: PeteSvensson ($59.91 in chips)
Seat 6: Psynto ($72 in chips)
Psynto: posts small blind $1
PeteSvensson: posts big blind $3
*** HOLE CARDS ***
Psynto: folds
Uncalled bet ($2) returned to PeteSvensson
PeteSvensson collected $2 from pot
*** SUMMARY ***
Total pot $2 | Rake $0
Seat 5: PeteSvensson (big blind) collected ($2)
Seat 6: Psynto (button) (small blind) folded before Flop


PokerStars Hand #158331008661:  Hold'em Limit ($3/$6 USD) - 2016/09/08 12:20:57 ET
Table 'Massalia' 10-max Seat #5 is the button
Seat 5: PeteSvensson ($39.41 in chips)
Seat 6: Psynto ($82.64 in chips)
PeteSvensson: posts small blind $1
Psynto: posts big blind $3
*** HOLE CARDS ***
PeteSvensson: raises $3 to $6
Psynto: raises $3 to $9
PeteSvensson: calls $3
*** FLOP *** [7c 2c 7d]
Psynto: bets $3
PeteSvensson: raises $3 to $6
Psynto: calls $3
*** TURN *** [7c 2c 7d] [Kd]
Psynto: checks
PeteSvensson: bets $6
Psynto: calls $6
*** RIVER *** [7c 2c 7d Kd] [Tc]
Psynto: checks
PeteSvensson: bets $6
Psynto: folds
Uncalled bet ($6) returned to PeteSvensson
PeteSvensson collected $41.50 from pot
*** SUMMARY ***
Total pot $42 | Rake $0.50
Board [7c 2c 7d Kd Tc]
Seat 5: PeteSvensson (button) (small blind) collected ($41.50)
Seat 6: Psynto (big blind) folded on the River


PokerStars Hand #158331024373:  Hold'em Limit ($3/$6 USD) - 2016/09/08 12:21:21 ET
Table 'Massalia' 10-max Seat #5 is the button
Seat 5: PeteSvensson ($60.91 in chips)
Seat 6: Psynto ($72 in chips)
PeteSvensson: posts small blind $1
Psynto: posts big blind $3
*** HOLE CARDS ***
PeteSvensson: folds
Uncalled bet ($2) returned to Psynto
Psynto collected $2 from pot
Psynto: doesn't show hand
*** SUMMARY ***
Total pot $2 | Rake $0
Seat 5: PeteSvensson (button) (small blind) folded before Flop
Seat 6: Psynto (big blind) collected ($2)


PokerStars Hand #158331028256:  Hold'em Limit ($3/$6 USD) - 2016/09/08 12:21:26 ET
Table 'Massalia' 10-max Seat #6 is the button
Seat 5: PeteSvensson ($59.91 in chips)
Seat 6: Psynto ($73 in chips)
Psynto: posts small blind $1
PeteSvensson: posts big blind $3
*** HOLE CARDS ***
Psynto: raises $3 to $6
PeteSvensson: calls $3
*** FLOP *** [9c 3s Ks]
PeteSvensson: checks
Psynto: bets $3
PeteSvensson: raises $3 to $6
Psynto: calls $3
*** TURN *** [9c 3s Ks] [6s]
PeteSvensson: bets $6
Psynto: calls $6
*** RIVER *** [9c 3s Ks 6s] [5h]
PeteSvensson: checks
Psynto: bets $6
PeteSvensson: calls $6
*** SHOW DOWN ***
Psynto: shows [Kc 2c] (a pair of Kings)
PeteSvensson: mucks hand
Psynto collected $47.50 from pot
*** SUMMARY ***
Total pot $48 | Rake $0.50
Board [9c 3s Ks 6s 5h]
Seat 5: PeteSvensson (big blind) mucked
Seat 6: Psynto (button) (small blind) showed [Kc 2c] and won ($47.50) with a pair of Kings


PokerStars Hand #158331041794:  Hold'em Limit ($3/$6 USD) - 2016/09/08 12:21:47 ET
Table 'Massalia' 10-max Seat #5 is the button
Seat 5: PeteSvensson ($35.91 in chips)
Seat 6: Psynto ($96.50 in chips)
PeteSvensson: posts small blind $1
Psynto: posts big blind $3
*** HOLE CARDS ***
PeteSvensson: raises $3 to $6
Psynto: calls $3
*** FLOP *** [7s Kd 4h]
Psynto: checks
PeteSvensson: bets $3
Psynto: raises $3 to $6
PeteSvensson: folds
Uncalled bet ($3) returned to Psynto
Psynto collected $17.64 from pot
Psynto: doesn't show hand
*** SUMMARY ***
Total pot $18 | Rake $0.36
Board [7s Kd 4h]
Seat 5: PeteSvensson (button) (small blind) folded on the Flop
Seat 6: Psynto (big blind) collected ($17.64)


PokerStars Hand #158331052360:  Hold'em Limit ($3/$6 USD) - 2016/09/08 12:22:02 ET
Table 'Massalia' 10-max Seat #6 is the button
Seat 5: PeteSvensson ($26.91 in chips)
Seat 6: Psynto ($105.14 in chips)
Psynto: posts small blind $1
PeteSvensson: posts big blind $3
*** HOLE CARDS ***
Psynto: raises $3 to $6
PeteSvensson: calls $3
*** FLOP *** [6h 6d 9d]
PeteSvensson: checks
Psynto: bets $3
PeteSvensson: calls $3
*** TURN *** [6h 6d 9d] [2d]
PeteSvensson: checks
Psynto: checks
*** RIVER *** [6h 6d 9d 2d] [2h]
PeteSvensson: checks
Psynto: bets $6
PeteSvensson: folds
Uncalled bet ($6) returned to Psynto
Psynto collected $17.64 from pot
Psynto: doesn't show hand
*** SUMMARY ***
Total pot $18 | Rake $0.36
Board [6h 6d 9d 2d 2h]
Seat 5: PeteSvensson (big blind) folded on the River
Seat 6: Psynto (button) (small blind) collected ($17.64)


PokerStars Hand #158331073681:  Hold'em Limit ($3/$6 USD) - 2016/09/08 12:22:34 ET
Table 'Massalia' 10-max Seat #6 is the button
Seat 5: PeteSvensson ($35.32 in chips)
Seat 6: Psynto ($95.87 in chips)
Psynto: posts small blind $1
PeteSvensson: posts big blind $3
*** HOLE CARDS ***
Psynto: raises $3 to $6
PeteSvensson: calls $3
*** FLOP *** [6s 8d 7h]
PeteSvensson: checks
Psynto: checks
*** TURN *** [6s 8d 7h] [7c]
PeteSvensson: bets $6
Psynto: calls $6
*** RIVER *** [6s 8d 7h 7c] [8h]
PeteSvensson: checks
Psynto: checks
*** SHOW DOWN ***
PeteSvensson: shows [Js Ts] (two pair, Eights and Sevens)
Psynto: shows [Ks As] (two pair, Eights and Sevens - Ace kicker)
Psynto collected $23.52 from pot
*** SUMMARY ***
Total pot $24 | Rake $0.48
Board [6s 8d 7h 7c 8h]
Seat 5: PeteSvensson (big blind) showed [Js Ts] and lost with two pair, Eights and Sevens
Seat 6: Psynto (button) (small blind) showed [Ks As] and won ($23.52) with two pair, Eights and Sevens


PokerStars Hand #158331063065:  Hold'em Limit ($3/$6 USD) - 2016/09/08 12:22:18 ET
Table 'Massalia' 10-max Seat #5 is the button
Seat 5: PeteSvensson ($17.91 in chips)
Seat 6: Psynto ($113.78 in chips)
PeteSvensson: posts small blind $1
Psynto: posts big blind $3
*** HOLE CARDS ***
PeteSvensson: raises $3 to $6
Psynto: calls $3
*** FLOP *** [5c 8s 8h]
Psynto: checks
PeteSvensson: bets $3
Psynto: raises $3 to $6
PeteSvensson: calls $3
*** TURN *** [5c 8s 8h] [Kh]
Psynto: bets $6
PeteSvensson: calls $5.91 and is all-in
Uncalled bet ($0.09) returned to Psynto
*** RIVER *** [5c 8s 8h Kh] [3s]
*** SHOW DOWN ***
Psynto: shows [Ac 5h] (two pair, Eights and Fives)
PeteSvensson: shows [7d 8c] (three of a kind, Eights)
PeteSvensson collected $35.32 from pot
*** SUMMARY ***
Total pot $35.82 | Rake $0.50
Board [5c 8s 8h Kh 3s]
Seat 5: PeteSvensson (button) (small blind) showed [7d 8c] and won ($35.32) with three of a kind, Eights
Seat 6: Psynto (big blind) showed [Ac 5h] and lost with two pair, Eights and Fives


PokerStars Hand #158331109475:  Hold'em Limit ($3/$6 USD) - 2016/09/08 12:23:27 ET
Table 'Massalia' 10-max Seat #5 is the button
Seat 5: PeteSvensson ($16.31 in chips)
Seat 6: Psynto ($113.57 in chips)
PeteSvensson: posts small blind $1
Psynto: posts big blind $3
*** HOLE CARDS ***
PeteSvensson: raises $3 to $6
Psynto: raises $3 to $9
PeteSvensson: calls $3
*** FLOP *** [5d Ks Th]
Psynto: bets $3
PeteSvensson: folds
Uncalled bet ($3) returned to Psynto
Psynto collected $17.64 from pot
Psynto: doesn't show hand
*** SUMMARY ***
Total pot $18 | Rake $0.36
Board [5d Ks Th]
Seat 5: PeteSvensson (button) (small blind) folded on the Flop
Seat 6: Psynto (big blind) collected ($17.64)


PokerStars Hand #158331106898:  Hold'em Limit ($3/$6 USD) - 2016/09/08 12:23:23 ET
Table 'Massalia' 10-max Seat #6 is the button
Seat 5: PeteSvensson ($15.31 in chips)
Seat 6: Psynto ($114.57 in chips)
Psynto: posts small blind $1
PeteSvensson: posts big blind $3
*** HOLE CARDS ***
Psynto: folds
Uncalled bet ($2) returned to PeteSvensson
PeteSvensson collected $2 from pot
*** SUMMARY ***
Total pot $2 | Rake $0
Seat 5: PeteSvensson (big blind) collected ($2)
Seat 6: Psynto (button) (small blind) folded before Flop


PokerStars Hand #158331103105:  Hold'em Limit ($3/$6 USD) - 2016/09/08 12:23:17 ET
Table 'Massalia' 10-max Seat #5 is the button
Seat 5: PeteSvensson ($16.31 in chips)
Seat 6: Psynto ($113.57 in chips)
PeteSvensson: posts small blind $1
Psynto: posts big blind $3
*** HOLE CARDS ***
PeteSvensson: folds
Uncalled bet ($2) returned to Psynto
Psynto collected $2 from pot
Psynto: doesn't show hand
*** SUMMARY ***
Total pot $2 | Rake $0
Seat 5: PeteSvensson (button) (small blind) folded before Flop
Seat 6: Psynto (big blind) collected ($2)


PokerStars Hand #158331094399:  Hold'em Limit ($3/$6 USD) - 2016/09/08 12:23:04 ET
Table 'Massalia' 10-max Seat #6 is the button
Seat 5: PeteSvensson ($8.32 in chips)
Seat 6: Psynto ($121.89 in chips)
Psynto: posts small blind $1
PeteSvensson: posts big blind $3
*** HOLE CARDS ***
Psynto: raises $3 to $6
PeteSvensson: raises $2.32 to $8.32 and is all-in
Psynto: calls $2.32
*** FLOP *** [5s Jc Kc]
*** TURN *** [5s Jc Kc] [9h]
*** RIVER *** [5s Jc Kc 9h] [Jh]
*** SHOW DOWN ***
PeteSvensson: shows [8d 6h] (a pair of Jacks)
Psynto: shows [6s 4s] (a pair of Jacks - lower kicker)
PeteSvensson collected $16.31 from pot
*** SUMMARY ***
Total pot $16.64 | Rake $0.33
Board [5s Jc Kc 9h Jh]
Seat 5: PeteSvensson (big blind) showed [8d 6h] and won ($16.31) with a pair of Jacks
Seat 6: Psynto (button) (small blind) showed [6s 4s] and lost with a pair of Jacks


PokerStars Hand #158331081982:  Hold'em Limit ($3/$6 USD) - 2016/09/08 12:22:46 ET
Table 'Massalia' 10-max Seat #5 is the button
Seat 5: PeteSvensson ($23.32 in chips)
Seat 6: Psynto ($107.39 in chips)
PeteSvensson: posts small blind $1
Psynto: posts big blind $3
*** HOLE CARDS ***
PeteSvensson: raises $3 to $6
Psynto: calls $3
*** FLOP *** [Kh 2h 5d]
Psynto: checks
PeteSvensson: bets $3
Psynto: calls $3
*** TURN *** [Kh 2h 5d] [Qc]
Psynto: checks
PeteSvensson: checks
*** RIVER *** [Kh 2h 5d Qc] [Tc]
Psynto: bets $6
PeteSvensson: calls $6
*** SHOW DOWN ***
Psynto: shows [8s Kc] (a pair of Kings)
PeteSvensson: mucks hand
Psynto collected $29.50 from pot
*** SUMMARY ***
Total pot $30 | Rake $0.50
Board [Kh 2h 5d Qc Tc]
Seat 5: PeteSvensson (button) (small blind) mucked
Seat 6: Psynto (big blind) showed [8s Kc] and won ($29.50) with a pair of Kings


PokerStars Hand #158331115564:  Hold'em Limit ($3/$6 USD) - 2016/09/08 12:23:36 ET
Table 'Massalia' 10-max Seat #6 is the button
Seat 5: PeteSvensson ($7.31 in chips)
Seat 6: Psynto ($122.21 in chips)
Psynto: posts small blind $1
PeteSvensson: posts big blind $3
*** HOLE CARDS ***
Psynto: raises $3 to $6
PeteSvensson: raises $1.31 to $7.31 and is all-in
Psynto: calls $1.31
*** FLOP *** [Kd Jh 7c]
*** TURN *** [Kd Jh 7c] [8d]
*** RIVER *** [Kd Jh 7c 8d] [8h]
*** SHOW DOWN ***
PeteSvensson: shows [3s 6h] (a pair of Eights)
Psynto: shows [4s Jd] (two pair, Jacks and Eights)
Psynto collected $14.33 from pot
*** SUMMARY ***
Total pot $14.62 | Rake $0.29
Board [Kd Jh 7c 8d 8h]
Seat 5: PeteSvensson (big blind) showed [3s 6h] and lost with a pair of Eights
Seat 6: Psynto (button) (small blind) showed [4s Jd] and won ($14.33) with two pair, Jacks and Eights


