PokerStars Hand #148645762527:  Hold'em Limit ($3/$6 USD) - 2016/02/11 18:41:57 ET
Table 'Massalia III' 2-max Seat #2 is the button
Seat 1: RaisemyNut$ ($132.66 in chips)
Seat 2: knysi ($20.68 in chips)
knysi: posts small blind $1
RaisemyNut$: posts big blind $3
*** HOLE CARDS ***
knysi: raises $3 to $6
RaisemyNut$: folds
Uncalled bet ($3) returned to knysi
knysi collected $6 from pot
knysi: doesn't show hand
*** SUMMARY ***
Total pot $6 | Rake $0
Seat 1: RaisemyNut$ (big blind) folded before Flop
Seat 2: knysi (button) (small blind) collected ($6)


PokerStars Hand #148645752815:  Hold'em Limit ($3/$6 USD) - 2016/02/11 18:41:45 ET
Table 'Massalia III' 2-max Seat #1 is the button
Seat 1: RaisemyNut$ ($126.90 in chips)
Seat 2: knysi ($26.68 in chips)
RaisemyNut$: posts small blind $1
knysi: posts big blind $3
*** HOLE CARDS ***
RaisemyNut$: raises $3 to $6
knysi: calls $3
*** FLOP *** [6c 2d 2h]
knysi: checks
RaisemyNut$: bets $3
knysi: folds
Uncalled bet ($3) returned to RaisemyNut$
RaisemyNut$ collected $11.76 from pot
RaisemyNut$: doesn't show hand
*** SUMMARY ***
Total pot $12 | Rake $0.24
Board [6c 2d 2h]
Seat 1: RaisemyNut$ (button) (small blind) collected ($11.76)
Seat 2: knysi (big blind) folded on the Flop


PokerStars Hand #148645748956:  Hold'em Limit ($3/$6 USD) - 2016/02/11 18:41:40 ET
Table 'Massalia III' 2-max Seat #2 is the button
Seat 1: RaisemyNut$ ($129.90 in chips)
Seat 2: knysi ($23.68 in chips)
knysi: posts small blind $1
RaisemyNut$: posts big blind $3
*** HOLE CARDS ***
knysi: raises $3 to $6
RaisemyNut$: folds
Uncalled bet ($3) returned to knysi
knysi collected $6 from pot
knysi: doesn't show hand
*** SUMMARY ***
Total pot $6 | Rake $0
Seat 1: RaisemyNut$ (big blind) folded before Flop
Seat 2: knysi (button) (small blind) collected ($6)


PokerStars Hand #148645743845:  Hold'em Limit ($3/$6 USD) - 2016/02/11 18:41:34 ET
Table 'Massalia III' 2-max Seat #1 is the button
Seat 1: RaisemyNut$ ($126.90 in chips)
Seat 2: knysi ($26.68 in chips)
RaisemyNut$: posts small blind $1
knysi: posts big blind $3
*** HOLE CARDS ***
RaisemyNut$: raises $3 to $6
knysi: folds
Uncalled bet ($3) returned to RaisemyNut$
RaisemyNut$ collected $6 from pot
RaisemyNut$: doesn't show hand
*** SUMMARY ***
Total pot $6 | Rake $0
Seat 1: RaisemyNut$ (button) (small blind) collected ($6)
Seat 2: knysi (big blind) folded before Flop


PokerStars Hand #148645732089:  Hold'em Limit ($3/$6 USD) - 2016/02/11 18:41:19 ET
Table 'Massalia III' 2-max Seat #2 is the button
Seat 1: RaisemyNut$ ($132.90 in chips)
Seat 2: knysi ($20.92 in chips)
knysi: posts small blind $1
RaisemyNut$: posts big blind $3
*** HOLE CARDS ***
knysi: raises $3 to $6
RaisemyNut$: calls $3
*** FLOP *** [2c Td Jh]
RaisemyNut$: checks
knysi: checks
*** TURN *** [2c Td Jh] [7h]
RaisemyNut$: checks
knysi: checks
*** RIVER *** [2c Td Jh 7h] [3s]
RaisemyNut$: checks
knysi: checks
*** SHOW DOWN ***
RaisemyNut$: shows [8c 6s] (high card Jack)
knysi: shows [Kc Qs] (high card King)
knysi collected $11.76 from pot
*** SUMMARY ***
Total pot $12 | Rake $0.24
Board [2c Td Jh 7h 3s]
Seat 1: RaisemyNut$ (big blind) showed [8c 6s] and lost with high card Jack
Seat 2: knysi (button) (small blind) showed [Kc Qs] and won ($11.76) with high card King


PokerStars Hand #148645721757:  Hold'em Limit ($3/$6 USD) - 2016/02/11 18:41:06 ET
Table 'Massalia III' 2-max Seat #1 is the button
Seat 1: RaisemyNut$ ($127.14 in chips)
Seat 2: knysi ($26.92 in chips)
RaisemyNut$: posts small blind $1
knysi: posts big blind $3
*** HOLE CARDS ***
RaisemyNut$: raises $3 to $6
knysi: calls $3
*** FLOP *** [Kd 5s 3h]
knysi: checks
RaisemyNut$: bets $3
knysi: folds
Uncalled bet ($3) returned to RaisemyNut$
RaisemyNut$ collected $11.76 from pot
RaisemyNut$: doesn't show hand
*** SUMMARY ***
Total pot $12 | Rake $0.24
Board [Kd 5s 3h]
Seat 1: RaisemyNut$ (button) (small blind) collected ($11.76)
Seat 2: knysi (big blind) folded on the Flop


PokerStars Hand #148645798929:  Hold'em Limit ($3/$6 USD) - 2016/02/11 18:42:43 ET
Table 'Massalia III' 2-max Seat #1 is the button
Seat 1: RaisemyNut$ ($99.98 in chips)
Seat 2: knysi ($52.62 in chips)
RaisemyNut$: posts small blind $1
knysi: posts big blind $3
*** HOLE CARDS ***
RaisemyNut$: raises $3 to $6
knysi: calls $3
*** FLOP *** [3s Qs 9h]
knysi: checks
RaisemyNut$: bets $3
knysi: calls $3
*** TURN *** [3s Qs 9h] [8s]
knysi: checks
RaisemyNut$: checks
*** RIVER *** [3s Qs 9h 8s] [5d]
knysi: bets $6
RaisemyNut$: calls $6
*** SHOW DOWN ***
knysi: shows [Ks Ad] (high card Ace)
RaisemyNut$: shows [5h 7d] (a pair of Fives)
RaisemyNut$ collected $29.50 from pot
*** SUMMARY ***
Total pot $30 | Rake $0.50
Board [3s Qs 9h 8s 5d]
Seat 1: RaisemyNut$ (button) (small blind) showed [5h 7d] and won ($29.50) with a pair of Fives
Seat 2: knysi (big blind) showed [Ks Ad] and lost with high card Ace


PokerStars Hand #148645781873:  Hold'em Limit ($3/$6 USD) - 2016/02/11 18:42:22 ET
Table 'Massalia III' 2-max Seat #2 is the button
Seat 1: RaisemyNut$ ($105.98 in chips)
Seat 2: knysi ($46.86 in chips)
knysi: posts small blind $1
RaisemyNut$: posts big blind $3
*** HOLE CARDS ***
knysi: raises $3 to $6
RaisemyNut$: calls $3
*** FLOP *** [3c Qd 8s]
RaisemyNut$: checks
knysi: checks
*** TURN *** [3c Qd 8s] [Jc]
RaisemyNut$: checks
knysi: checks
*** RIVER *** [3c Qd 8s Jc] [8c]
RaisemyNut$: checks
knysi: checks
*** SHOW DOWN ***
RaisemyNut$: shows [Td 6d] (a pair of Eights)
knysi: shows [Ks 7h] (a pair of Eights - King kicker)
knysi collected $11.76 from pot
*** SUMMARY ***
Total pot $12 | Rake $0.24
Board [3c Qd 8s Jc 8c]
Seat 1: RaisemyNut$ (big blind) showed [Td 6d] and lost with a pair of Eights
Seat 2: knysi (button) (small blind) showed [Ks 7h] and won ($11.76) with a pair of Eights


PokerStars Hand #148645767093:  Hold'em Limit ($3/$6 USD) - 2016/02/11 18:42:03 ET
Table 'Massalia III' 2-max Seat #1 is the button
Seat 1: RaisemyNut$ ($129.66 in chips)
Seat 2: knysi ($23.68 in chips)
RaisemyNut$: posts small blind $1
knysi: posts big blind $3
*** HOLE CARDS ***
RaisemyNut$: raises $3 to $6
knysi: calls $3
*** FLOP *** [8d 9c 5c]
knysi: checks
RaisemyNut$: bets $3
knysi: calls $3
*** TURN *** [8d 9c 5c] [Ad]
knysi: checks
RaisemyNut$: bets $6
knysi: calls $6
*** RIVER *** [8d 9c 5c Ad] [Qc]
knysi: checks
RaisemyNut$: bets $6
knysi: raises $2.68 to $8.68 and is all-in
RaisemyNut$: calls $2.68
*** SHOW DOWN ***
knysi: shows [Tc Jc] (a flush, Queen high)
RaisemyNut$: shows [2c 6c] (a flush, Queen high - lower cards)
knysi collected $46.86 from pot
*** SUMMARY ***
Total pot $47.36 | Rake $0.50
Board [8d 9c 5c Ad Qc]
Seat 1: RaisemyNut$ (button) (small blind) showed [2c 6c] and lost with a flush, Queen high
Seat 2: knysi (big blind) showed [Tc Jc] and won ($46.86) with a flush, Queen high


PokerStars Hand #148645849542:  Hold'em Limit ($3/$6 USD) - 2016/02/11 18:43:45 ET
Table 'Massalia III' 2-max Seat #2 is the button
Seat 1: RaisemyNut$ ($81.48 in chips)
Seat 2: knysi ($69.64 in chips)
knysi: posts small blind $1
RaisemyNut$: posts big blind $3
*** HOLE CARDS ***
knysi: raises $3 to $6
RaisemyNut$: raises $3 to $9
knysi: calls $3
*** FLOP *** [9c Tc Jc]
RaisemyNut$: bets $3
knysi: calls $3
*** TURN *** [9c Tc Jc] [Kc]
RaisemyNut$: bets $6
knysi: calls $6
*** RIVER *** [9c Tc Jc Kc] [5c]
RaisemyNut$: checks
knysi: checks
*** SHOW DOWN ***
RaisemyNut$: shows [As Qh] (a flush, King high)
knysi: shows [2d Qs] (a flush, King high)
RaisemyNut$ collected $17.75 from pot
knysi collected $17.75 from pot
*** SUMMARY ***
Total pot $36 | Rake $0.50
Board [9c Tc Jc Kc 5c]
Seat 1: RaisemyNut$ (big blind) showed [As Qh] and won ($17.75) with a flush, King high
Seat 2: knysi (button) (small blind) showed [2d Qs] and won ($17.75) with a flush, King high


PokerStars Hand #148645837761:  Hold'em Limit ($3/$6 USD) - 2016/02/11 18:43:31 ET
Table 'Massalia III' 2-max Seat #1 is the button
Seat 1: RaisemyNut$ ($102.48 in chips)
Seat 2: knysi ($49.14 in chips)
RaisemyNut$: posts small blind $1
knysi: posts big blind $3
*** HOLE CARDS ***
RaisemyNut$: raises $3 to $6
knysi: calls $3
*** FLOP *** [9c 8c Jd]
knysi: checks
RaisemyNut$: bets $3
knysi: calls $3
*** TURN *** [9c 8c Jd] [Ac]
knysi: checks
RaisemyNut$: bets $6
knysi: calls $6
*** RIVER *** [9c 8c Jd Ac] [Ad]
knysi: checks
RaisemyNut$: bets $6
knysi: calls $6
*** SHOW DOWN ***
RaisemyNut$: shows [Jc 4d] (two pair, Aces and Jacks)
knysi: shows [9d 9s] (a full house, Nines full of Aces)
knysi collected $41.50 from pot
*** SUMMARY ***
Total pot $42 | Rake $0.50
Board [9c 8c Jd Ac Ad]
Seat 1: RaisemyNut$ (button) (small blind) showed [Jc 4d] and lost with two pair, Aces and Jacks
Seat 2: knysi (big blind) showed [9d 9s] and won ($41.50) with a full house, Nines full of Aces


PokerStars Hand #148645834278:  Hold'em Limit ($3/$6 USD) - 2016/02/11 18:43:26 ET
Table 'Massalia III' 2-max Seat #2 is the button
Seat 1: RaisemyNut$ ($101.48 in chips)
Seat 2: knysi ($50.14 in chips)
knysi: posts small blind $1
RaisemyNut$: posts big blind $3
*** HOLE CARDS ***
knysi: folds
Uncalled bet ($2) returned to RaisemyNut$
RaisemyNut$ collected $2 from pot
RaisemyNut$: doesn't show hand
*** SUMMARY ***
Total pot $2 | Rake $0
Seat 1: RaisemyNut$ (big blind) collected ($2)
Seat 2: knysi (button) (small blind) folded before Flop


PokerStars Hand #148645830650:  Hold'em Limit ($3/$6 USD) - 2016/02/11 18:43:22 ET
Table 'Massalia III' 2-max Seat #1 is the button
Seat 1: RaisemyNut$ ($102.48 in chips)
Seat 2: knysi ($49.14 in chips)
RaisemyNut$: posts small blind $1
knysi: posts big blind $3
*** HOLE CARDS ***
RaisemyNut$: folds
Uncalled bet ($2) returned to knysi
knysi collected $2 from pot
knysi: doesn't show hand
*** SUMMARY ***
Total pot $2 | Rake $0
Seat 1: RaisemyNut$ (button) (small blind) folded before Flop
Seat 2: knysi (big blind) collected ($2)


PokerStars Hand #148645817962:  Hold'em Limit ($3/$6 USD) - 2016/02/11 18:43:06 ET
Table 'Massalia III' 2-max Seat #2 is the button
Seat 1: RaisemyNut$ ($114.48 in chips)
Seat 2: knysi ($37.62 in chips)
knysi: posts small blind $1
RaisemyNut$: posts big blind $3
*** HOLE CARDS ***
knysi: raises $3 to $6
RaisemyNut$: calls $3
*** FLOP *** [Ks 9c 8s]
RaisemyNut$: checks
knysi: checks
*** TURN *** [Ks 9c 8s] [Th]
RaisemyNut$: bets $6
knysi: calls $6
*** RIVER *** [Ks 9c 8s Th] [5h]
RaisemyNut$: checks
knysi: checks
*** SHOW DOWN ***
RaisemyNut$: shows [Ah 7d] (high card Ace)
knysi: shows [As 5s] (a pair of Fives)
knysi collected $23.52 from pot
*** SUMMARY ***
Total pot $24 | Rake $0.48
Board [Ks 9c 8s Th 5h]
Seat 1: RaisemyNut$ (big blind) showed [Ah 7d] and lost with high card Ace
Seat 2: knysi (button) (small blind) showed [As 5s] and won ($23.52) with a pair of Fives


PokerStars Hand #148645900192:  Hold'em Limit ($3/$6 USD) - 2016/02/11 18:44:48 ET
Table 'Massalia III' 2-max Seat #1 is the button
Seat 1: RaisemyNut$ ($92.23 in chips)
Seat 2: knysi ($56.89 in chips)
RaisemyNut$: posts small blind $1
knysi: posts big blind $3
*** HOLE CARDS ***
RaisemyNut$: raises $3 to $6
knysi: calls $3
*** FLOP *** [Ad 8s Ah]
knysi: checks
RaisemyNut$: bets $3
knysi: calls $3
*** TURN *** [Ad 8s Ah] [2h]
knysi: checks
RaisemyNut$: bets $6
knysi: folds
Uncalled bet ($6) returned to RaisemyNut$
RaisemyNut$ collected $17.64 from pot
RaisemyNut$: doesn't show hand
*** SUMMARY ***
Total pot $18 | Rake $0.36
Board [Ad 8s Ah 2h]
Seat 1: RaisemyNut$ (button) (small blind) collected ($17.64)
Seat 2: knysi (big blind) folded on the Turn


PokerStars Hand #148645889862:  Hold'em Limit ($3/$6 USD) - 2016/02/11 18:44:35 ET
Table 'Massalia III' 2-max Seat #2 is the button
Seat 1: RaisemyNut$ ($110.23 in chips)
Seat 2: knysi ($39.39 in chips)
knysi: posts small blind $1
RaisemyNut$: posts big blind $3
*** HOLE CARDS ***
knysi: raises $3 to $6
RaisemyNut$: calls $3
*** FLOP *** [Qs Tc 2s]
RaisemyNut$: checks
knysi: checks
*** TURN *** [Qs Tc 2s] [Ah]
RaisemyNut$: bets $6
knysi: calls $6
*** RIVER *** [Qs Tc 2s Ah] [4s]
RaisemyNut$: bets $6
knysi: calls $6
*** SHOW DOWN ***
RaisemyNut$: shows [Ad 6d] (a pair of Aces)
knysi: shows [As 7h] (a pair of Aces - Queen+Ten+Seven kicker)
knysi collected $35.50 from pot
*** SUMMARY ***
Total pot $36 | Rake $0.50
Board [Qs Tc 2s Ah 4s]
Seat 1: RaisemyNut$ (big blind) showed [Ad 6d] and lost with a pair of Aces
Seat 2: knysi (button) (small blind) showed [As 7h] and won ($35.50) with a pair of Aces


PokerStars Hand #148645878349:  Hold'em Limit ($3/$6 USD) - 2016/02/11 18:44:21 ET
Table 'Massalia III' 2-max Seat #1 is the button
Seat 1: RaisemyNut$ ($95.73 in chips)
Seat 2: knysi ($54.39 in chips)
RaisemyNut$: posts small blind $1
knysi: posts big blind $3
*** HOLE CARDS ***
RaisemyNut$: raises $3 to $6
knysi: calls $3
*** FLOP *** [Th 7c Ts]
knysi: checks
RaisemyNut$: bets $3
knysi: calls $3
*** TURN *** [Th 7c Ts] [3d]
knysi: checks
RaisemyNut$: bets $6
knysi: calls $6
*** RIVER *** [Th 7c Ts 3d] [2d]
knysi: checks
RaisemyNut$: checks
*** SHOW DOWN ***
knysi: shows [Kc Jc] (a pair of Tens)
RaisemyNut$: shows [2c Ah] (two pair, Tens and Deuces)
RaisemyNut$ collected $29.50 from pot
*** SUMMARY ***
Total pot $30 | Rake $0.50
Board [Th 7c Ts 3d 2d]
Seat 1: RaisemyNut$ (button) (small blind) showed [2c Ah] and won ($29.50) with two pair, Tens and Deuces
Seat 2: knysi (big blind) showed [Kc Jc] and lost with a pair of Tens


PokerStars Hand #148645874117:  Hold'em Limit ($3/$6 USD) - 2016/02/11 18:44:15 ET
Table 'Massalia III' 2-max Seat #2 is the button
Seat 1: RaisemyNut$ ($98.73 in chips)
Seat 2: knysi ($51.39 in chips)
knysi: posts small blind $1
RaisemyNut$: posts big blind $3
*** HOLE CARDS ***
knysi: raises $3 to $6
RaisemyNut$: folds
Uncalled bet ($3) returned to knysi
knysi collected $6 from pot
knysi: doesn't show hand
*** SUMMARY ***
Total pot $6 | Rake $0
Seat 1: RaisemyNut$ (big blind) folded before Flop
Seat 2: knysi (button) (small blind) collected ($6)


PokerStars Hand #148645861815:  Hold'em Limit ($3/$6 USD) - 2016/02/11 18:44:00 ET
Table 'Massalia III' 2-max Seat #1 is the button
Seat 1: RaisemyNut$ ($81.23 in chips)
Seat 2: knysi ($69.39 in chips)
RaisemyNut$: posts small blind $1
knysi: posts big blind $3
*** HOLE CARDS ***
RaisemyNut$: raises $3 to $6
knysi: calls $3
*** FLOP *** [6h 7s 3h]
knysi: checks
RaisemyNut$: checks
*** TURN *** [6h 7s 3h] [4s]
knysi: checks
RaisemyNut$: bets $6
knysi: calls $6
*** RIVER *** [6h 7s 3h 4s] [2h]
knysi: checks
RaisemyNut$: bets $6
knysi: calls $6
*** SHOW DOWN ***
RaisemyNut$: shows [5h Ts] (a straight, Three to Seven)
knysi: mucks hand
RaisemyNut$ collected $35.50 from pot
*** SUMMARY ***
Total pot $36 | Rake $0.50
Board [6h 7s 3h 4s 2h]
Seat 1: RaisemyNut$ (button) (small blind) showed [5h Ts] and won ($35.50) with a straight, Three to Seven
Seat 2: knysi (big blind) mucked


PokerStars Hand #148645957305:  Hold'em Limit ($3/$6 USD) - 2016/02/11 18:45:57 ET
Table 'Massalia III' 2-max Seat #2 is the button
Seat 1: RaisemyNut$ ($126.67 in chips)
Seat 2: knysi ($20.89 in chips)
knysi: posts small blind $1
RaisemyNut$: posts big blind $3
*** HOLE CARDS ***
knysi: raises $3 to $6
RaisemyNut$: folds
Uncalled bet ($3) returned to knysi
knysi collected $6 from pot
knysi: doesn't show hand
*** SUMMARY ***
Total pot $6 | Rake $0
Seat 1: RaisemyNut$ (big blind) folded before Flop
Seat 2: knysi (button) (small blind) collected ($6)


PokerStars Hand #148645947594:  Hold'em Limit ($3/$6 USD) - 2016/02/11 18:45:45 ET
Table 'Massalia III' 2-max Seat #1 is the button
Seat 1: RaisemyNut$ ($118.03 in chips)
Seat 2: knysi ($29.89 in chips)
RaisemyNut$: posts small blind $1
knysi: posts big blind $3
*** HOLE CARDS ***
RaisemyNut$: raises $3 to $6
knysi: calls $3
*** FLOP *** [Qd Jh 2d]
knysi: checks
RaisemyNut$: bets $3
knysi: calls $3
*** TURN *** [Qd Jh 2d] [Qh]
knysi: checks
RaisemyNut$: bets $6
knysi: folds
Uncalled bet ($6) returned to RaisemyNut$
RaisemyNut$ collected $17.64 from pot
RaisemyNut$: doesn't show hand
*** SUMMARY ***
Total pot $18 | Rake $0.36
Board [Qd Jh 2d Qh]
Seat 1: RaisemyNut$ (button) (small blind) collected ($17.64)
Seat 2: knysi (big blind) folded on the Turn


PokerStars Hand #148645944123:  Hold'em Limit ($3/$6 USD) - 2016/02/11 18:45:41 ET
Table 'Massalia III' 2-max Seat #2 is the button
Seat 1: RaisemyNut$ ($117.03 in chips)
Seat 2: knysi ($30.89 in chips)
knysi: posts small blind $1
RaisemyNut$: posts big blind $3
*** HOLE CARDS ***
knysi: folds
Uncalled bet ($2) returned to RaisemyNut$
RaisemyNut$ collected $2 from pot
RaisemyNut$: doesn't show hand
*** SUMMARY ***
Total pot $2 | Rake $0
Seat 1: RaisemyNut$ (big blind) collected ($2)
Seat 2: knysi (button) (small blind) folded before Flop


PokerStars Hand #148645931226:  Hold'em Limit ($3/$6 USD) - 2016/02/11 18:45:25 ET
Table 'Massalia III' 2-max Seat #1 is the button
Seat 1: RaisemyNut$ ($108.39 in chips)
Seat 2: knysi ($39.89 in chips)
RaisemyNut$: posts small blind $1
knysi: posts big blind $3
*** HOLE CARDS ***
RaisemyNut$: raises $3 to $6
knysi: calls $3
*** FLOP *** [8c 5s Jc]
knysi: checks
RaisemyNut$: bets $3
knysi: calls $3
*** TURN *** [8c 5s Jc] [9h]
knysi: checks
RaisemyNut$: bets $6
knysi: folds
Uncalled bet ($6) returned to RaisemyNut$
RaisemyNut$ collected $17.64 from pot
RaisemyNut$: doesn't show hand
*** SUMMARY ***
Total pot $18 | Rake $0.36
Board [8c 5s Jc 9h]
Seat 1: RaisemyNut$ (button) (small blind) collected ($17.64)
Seat 2: knysi (big blind) folded on the Turn


PokerStars Hand #148645926631:  Hold'em Limit ($3/$6 USD) - 2016/02/11 18:45:20 ET
Table 'Massalia III' 2-max Seat #2 is the button
Seat 1: RaisemyNut$ ($111.39 in chips)
Seat 2: knysi ($36.89 in chips)
knysi: posts small blind $1
RaisemyNut$: posts big blind $3
*** HOLE CARDS ***
knysi: raises $3 to $6
RaisemyNut$: folds
Uncalled bet ($3) returned to knysi
knysi collected $6 from pot
knysi: doesn't show hand
*** SUMMARY ***
Total pot $6 | Rake $0
Seat 1: RaisemyNut$ (big blind) folded before Flop
Seat 2: knysi (button) (small blind) collected ($6)


PokerStars Hand #148645921940:  Hold'em Limit ($3/$6 USD) - 2016/02/11 18:45:14 ET
Table 'Massalia III' 2-max Seat #1 is the button
Seat 1: RaisemyNut$ ($112.39 in chips)
Seat 2: knysi ($35.89 in chips)
RaisemyNut$: posts small blind $1
knysi: posts big blind $3
*** HOLE CARDS ***
RaisemyNut$: folds
Uncalled bet ($2) returned to knysi
knysi collected $2 from pot
knysi: doesn't show hand
*** SUMMARY ***
Total pot $2 | Rake $0
Seat 1: RaisemyNut$ (button) (small blind) folded before Flop
Seat 2: knysi (big blind) collected ($2)


PokerStars Hand #148645912222:  Hold'em Limit ($3/$6 USD) - 2016/02/11 18:45:02 ET
Table 'Massalia III' 2-max Seat #2 is the button
Seat 1: RaisemyNut$ ($100.87 in chips)
Seat 2: knysi ($47.89 in chips)
knysi: posts small blind $1
RaisemyNut$: posts big blind $3
*** HOLE CARDS ***
knysi: raises $3 to $6
RaisemyNut$: raises $3 to $9
knysi: calls $3
*** FLOP *** [5d 2c Kd]
RaisemyNut$: bets $3
knysi: calls $3
*** TURN *** [5d 2c Kd] [8c]
RaisemyNut$: bets $6
knysi: folds
Uncalled bet ($6) returned to RaisemyNut$
RaisemyNut$ collected $23.52 from pot
RaisemyNut$: doesn't show hand
*** SUMMARY ***
Total pot $24 | Rake $0.48
Board [5d 2c Kd 8c]
Seat 1: RaisemyNut$ (big blind) collected ($23.52)
Seat 2: knysi (button) (small blind) folded on the Turn


PokerStars Hand #148646003910:  Hold'em Limit ($3/$6 USD) - 2016/02/11 18:46:54 ET
Table 'Massalia III' 2-max Seat #1 is the button
Seat 1: RaisemyNut$ ($105.31 in chips)
Seat 2: knysi ($40.93 in chips)
RaisemyNut$: posts small blind $1
knysi: posts big blind $3
*** HOLE CARDS ***
RaisemyNut$: raises $3 to $6
knysi: calls $3
*** FLOP *** [8h 5d 8s]
knysi: checks
RaisemyNut$: bets $3
knysi: calls $3
*** TURN *** [8h 5d 8s] [7s]
knysi: checks
RaisemyNut$: bets $6
knysi: folds
Uncalled bet ($6) returned to RaisemyNut$
RaisemyNut$ collected $17.64 from pot
RaisemyNut$: doesn't show hand
*** SUMMARY ***
Total pot $18 | Rake $0.36
Board [8h 5d 8s 7s]
Seat 1: RaisemyNut$ (button) (small blind) collected ($17.64)
Seat 2: knysi (big blind) folded on the Turn


PokerStars Hand #148645998321:  Hold'em Limit ($3/$6 USD) - 2016/02/11 18:46:47 ET
Table 'Massalia III' 2-max Seat #2 is the button
Seat 1: RaisemyNut$ ($108.31 in chips)
Seat 2: knysi ($37.93 in chips)
knysi: posts small blind $1
RaisemyNut$: posts big blind $3
*** HOLE CARDS ***
knysi: raises $3 to $6
RaisemyNut$: folds
Uncalled bet ($3) returned to knysi
knysi collected $6 from pot
knysi: doesn't show hand
*** SUMMARY ***
Total pot $6 | Rake $0
Seat 1: RaisemyNut$ (big blind) folded before Flop
Seat 2: knysi (button) (small blind) collected ($6)


PokerStars Hand #148645982816:  Hold'em Limit ($3/$6 USD) - 2016/02/11 18:46:28 ET
Table 'Massalia III' 2-max Seat #1 is the button
Seat 1: RaisemyNut$ ($99.67 in chips)
Seat 2: knysi ($46.93 in chips)
RaisemyNut$: posts small blind $1
knysi: posts big blind $3
*** HOLE CARDS ***
RaisemyNut$: raises $3 to $6
knysi: calls $3
*** FLOP *** [6c 2s Th]
knysi: checks
RaisemyNut$: bets $3
knysi: calls $3
*** TURN *** [6c 2s Th] [8h]
knysi: checks
RaisemyNut$: bets $6
knysi: folds
Uncalled bet ($6) returned to RaisemyNut$
RaisemyNut$ collected $17.64 from pot
RaisemyNut$: doesn't show hand
*** SUMMARY ***
Total pot $18 | Rake $0.36
Board [6c 2s Th 8h]
Seat 1: RaisemyNut$ (button) (small blind) collected ($17.64)
Seat 2: knysi (big blind) folded on the Turn


PokerStars Hand #148645971693:  Hold'em Limit ($3/$6 USD) - 2016/02/11 18:46:15 ET
Table 'Massalia III' 2-max Seat #2 is the button
Seat 1: RaisemyNut$ ($111.67 in chips)
Seat 2: knysi ($35.41 in chips)
knysi: posts small blind $1
RaisemyNut$: posts big blind $3
*** HOLE CARDS ***
knysi: raises $3 to $6
RaisemyNut$: calls $3
*** FLOP *** [2d Jd Qs]
RaisemyNut$: checks
knysi: checks
*** TURN *** [2d Jd Qs] [Kh]
RaisemyNut$: bets $6
knysi: calls $6
*** RIVER *** [2d Jd Qs Kh] [Ah]
RaisemyNut$: checks
knysi: bets $6
RaisemyNut$: folds
Uncalled bet ($6) returned to knysi
knysi collected $23.52 from pot
knysi: doesn't show hand
*** SUMMARY ***
Total pot $24 | Rake $0.48
Board [2d Jd Qs Kh Ah]
Seat 1: RaisemyNut$ (big blind) folded on the River
Seat 2: knysi (button) (small blind) collected ($23.52)


PokerStars Hand #148645961604:  Hold'em Limit ($3/$6 USD) - 2016/02/11 18:46:02 ET
Table 'Massalia III' 2-max Seat #1 is the button
Seat 1: RaisemyNut$ ($123.67 in chips)
Seat 2: knysi ($23.89 in chips)
RaisemyNut$: posts small blind $1
knysi: posts big blind $3
*** HOLE CARDS ***
RaisemyNut$: raises $3 to $6
knysi: calls $3
*** FLOP *** [5s 9s 9h]
knysi: checks
RaisemyNut$: bets $3
knysi: raises $3 to $6
RaisemyNut$: calls $3
*** TURN *** [5s 9s 9h] [6c]
knysi: bets $6
RaisemyNut$: folds
Uncalled bet ($6) returned to knysi
knysi collected $23.52 from pot
knysi: doesn't show hand
*** SUMMARY ***
Total pot $24 | Rake $0.48
Board [5s 9s 9h 6c]
Seat 1: RaisemyNut$ (button) (small blind) folded on the Turn
Seat 2: knysi (big blind) collected ($23.52)


PokerStars Hand #148646027654:  Hold'em Limit ($3/$6 USD) - 2016/02/11 18:47:23 ET
Table 'Massalia III' 2-max Seat #2 is the button
Seat 1: RaisemyNut$ ($128.47 in chips)
Seat 2: knysi ($16.93 in chips)
knysi: posts small blind $1
RaisemyNut$: posts big blind $3
*** HOLE CARDS ***
knysi: raises $3 to $6
RaisemyNut$: raises $3 to $9
knysi: calls $3
*** FLOP *** [Kh 6c Th]
RaisemyNut$: bets $3
knysi: raises $3 to $6
RaisemyNut$: raises $3 to $9
knysi: calls $1.93 and is all-in
Uncalled bet ($1.07) returned to RaisemyNut$
*** TURN *** [Kh 6c Th] [4c]
*** RIVER *** [Kh 6c Th 4c] [6d]
*** SHOW DOWN ***
RaisemyNut$: shows [Td Tc] (a full house, Tens full of Sixes)
knysi: shows [3h Ks] (two pair, Kings and Sixes)
RaisemyNut$ collected $33.36 from pot
*** SUMMARY ***
Total pot $33.86 | Rake $0.50
Board [Kh 6c Th 4c 6d]
Seat 1: RaisemyNut$ (big blind) showed [Td Tc] and won ($33.36) with a full house, Tens full of Sixes
Seat 2: knysi (button) (small blind) showed [3h Ks] and lost with two pair, Kings and Sixes


PokerStars Hand #148646024126:  Hold'em Limit ($3/$6 USD) - 2016/02/11 18:47:19 ET
Table 'Massalia III' 2-max Seat #1 is the button
Seat 1: RaisemyNut$ ($125.47 in chips)
Seat 2: knysi ($19.93 in chips)
RaisemyNut$: posts small blind $1
knysi: posts big blind $3
*** HOLE CARDS ***
RaisemyNut$: raises $3 to $6
knysi: folds
Uncalled bet ($3) returned to RaisemyNut$
RaisemyNut$ collected $6 from pot
RaisemyNut$: doesn't show hand
*** SUMMARY ***
Total pot $6 | Rake $0
Seat 1: RaisemyNut$ (button) (small blind) collected ($6)
Seat 2: knysi (big blind) folded before Flop


PokerStars Hand #148646014328:  Hold'em Limit ($3/$6 USD) - 2016/02/11 18:47:07 ET
Table 'Massalia III' 2-max Seat #2 is the button
Seat 1: RaisemyNut$ ($113.95 in chips)
Seat 2: knysi ($31.93 in chips)
knysi: posts small blind $1
RaisemyNut$: posts big blind $3
*** HOLE CARDS ***
knysi: raises $3 to $6
RaisemyNut$: raises $3 to $9
knysi: calls $3
*** FLOP *** [4c 3h 6d]
RaisemyNut$: bets $3
knysi: calls $3
*** TURN *** [4c 3h 6d] [2d]
RaisemyNut$: bets $6
knysi: folds
Uncalled bet ($6) returned to RaisemyNut$
RaisemyNut$ collected $23.52 from pot
RaisemyNut$: doesn't show hand
*** SUMMARY ***
Total pot $24 | Rake $0.48
Board [4c 3h 6d 2d]
Seat 1: RaisemyNut$ (big blind) collected ($23.52)
Seat 2: knysi (button) (small blind) folded on the Turn


