PokerStars Hand #166760759240:  Hold'em Limit ($3/$6 USD) - 2017/02/25 14:04:32 ET
Table 'Matar' 6-max Seat #4 is the button
Seat 3: japachess ($81.76 in chips)
Seat 4: AzureCaper ($79.52 in chips)
AzureCaper: posts small blind $1
japachess: posts big blind $3
*** HOLE CARDS ***
AzureCaper: raises $3 to $6
japachess: calls $3
*** FLOP *** [Qc 2s 9d]
japachess: checks
AzureCaper: checks
*** TURN *** [Qc 2s 9d] [Qs]
japachess: bets $6
AzureCaper: folds
Uncalled bet ($6) returned to japachess
japachess collected $11.76 from pot
japachess: doesn't show hand
*** SUMMARY ***
Total pot $12 | Rake $0.24
Board [Qc 2s 9d Qs]
Seat 3: japachess (big blind) collected ($11.76)
Seat 4: AzureCaper (button) (small blind) folded on the Turn


PokerStars Hand #166760754670:  Hold'em Limit ($3/$6 USD) - 2017/02/25 14:04:27 ET
Table 'Matar' 6-max Seat #3 is the button
Seat 3: japachess ($82.76 in chips)
Seat 4: AzureCaper ($78.52 in chips)
japachess: posts small blind $1
AzureCaper: posts big blind $3
*** HOLE CARDS ***
japachess: folds
Uncalled bet ($2) returned to AzureCaper
AzureCaper collected $2 from pot
AzureCaper: doesn't show hand
*** SUMMARY ***
Total pot $2 | Rake $0
Seat 3: japachess (button) (small blind) folded before Flop
Seat 4: AzureCaper (big blind) collected ($2)


PokerStars Hand #166760736460:  Hold'em Limit ($3/$6 USD) - 2017/02/25 14:04:07 ET
Table 'Matar' 6-max Seat #4 is the button
Seat 3: japachess ($88.76 in chips)
Seat 4: AzureCaper ($72.76 in chips)
AzureCaper: posts small blind $1
japachess: posts big blind $3
*** HOLE CARDS ***
AzureCaper: raises $3 to $6
japachess: calls $3
*** FLOP *** [Kc 3d Tc]
japachess: checks
AzureCaper: checks
*** TURN *** [Kc 3d Tc] [3c]
japachess: checks
AzureCaper: checks
*** RIVER *** [Kc 3d Tc 3c] [7s]
japachess: checks
AzureCaper: checks
*** SHOW DOWN ***
japachess: shows [9h Qd] (a pair of Threes)
AzureCaper: shows [As 6s] (a pair of Threes - Ace kicker)
AzureCaper collected $11.76 from pot
*** SUMMARY ***
Total pot $12 | Rake $0.24
Board [Kc 3d Tc 3c 7s]
Seat 3: japachess (big blind) showed [9h Qd] and lost with a pair of Threes
Seat 4: AzureCaper (button) (small blind) showed [As 6s] and won ($11.76) with a pair of Threes


PokerStars Hand #166760721735:  Hold'em Limit ($3/$6 USD) - 2017/02/25 14:03:51 ET
Table 'Matar' 6-max Seat #3 is the button
Seat 3: japachess ($83 in chips)
Seat 4: AzureCaper ($78.76 in chips)
japachess: posts small blind $1
AzureCaper: posts big blind $3
*** HOLE CARDS ***
japachess: raises $3 to $6
AzureCaper: calls $3
*** FLOP *** [3d Kc 7s]
AzureCaper: checks
japachess: bets $3
AzureCaper: folds
Uncalled bet ($3) returned to japachess
japachess collected $11.76 from pot
japachess: doesn't show hand
*** SUMMARY ***
Total pot $12 | Rake $0.24
Board [3d Kc 7s]
Seat 3: japachess (button) (small blind) collected ($11.76)
Seat 4: AzureCaper (big blind) folded on the Flop


PokerStars Hand #166760711614:  Hold'em Limit ($3/$6 USD) - 2017/02/25 14:03:40 ET
Table 'Matar' 6-max Seat #4 is the button
Seat 3: japachess ($89 in chips)
Seat 4: AzureCaper ($73 in chips)
AzureCaper: posts small blind $1
japachess: posts big blind $3
*** HOLE CARDS ***
AzureCaper: raises $3 to $6
japachess: calls $3
*** FLOP *** [Qd Ts 8c]
japachess: checks
AzureCaper: bets $3
japachess: folds
Uncalled bet ($3) returned to AzureCaper
AzureCaper collected $11.76 from pot
AzureCaper: doesn't show hand
*** SUMMARY ***
Total pot $12 | Rake $0.24
Board [Qd Ts 8c]
Seat 3: japachess (big blind) folded on the Flop
Seat 4: AzureCaper (button) (small blind) collected ($11.76)


PokerStars Hand #166760813375:  Hold'em Limit ($3/$6 USD) - 2017/02/25 14:05:30 ET
Table 'Matar' 6-max Seat #4 is the button
Seat 3: japachess ($113.78 in chips)
Seat 4: AzureCaper ($72 in chips)
AzureCaper: posts small blind $1
japachess: posts big blind $3
*** HOLE CARDS ***
AzureCaper: raises $3 to $6
japachess: raises $3 to $9
AzureCaper: calls $3
*** FLOP *** [4d Kd 7c]
japachess: bets $3
AzureCaper: folds
Uncalled bet ($3) returned to japachess
japachess collected $17.64 from pot
japachess: doesn't show hand
*** SUMMARY ***
Total pot $18 | Rake $0.36
Board [4d Kd 7c]
Seat 3: japachess (big blind) collected ($17.64)
Seat 4: AzureCaper (button) (small blind) folded on the Flop


PokerStars Hand #166760793050:  Hold'em Limit ($3/$6 USD) - 2017/02/25 14:05:08 ET
Table 'Matar' 6-max Seat #3 is the button
Seat 3: japachess ($96.28 in chips)
Seat 4: AzureCaper ($72 in chips)
japachess: posts small blind $1
AzureCaper: posts big blind $3
*** HOLE CARDS ***
japachess: raises $3 to $6
AzureCaper: calls $3
*** FLOP *** [4d 6s Ac]
AzureCaper: checks
japachess: checks
*** TURN *** [4d 6s Ac] [2d]
AzureCaper: checks
japachess: bets $6
AzureCaper: calls $6
*** RIVER *** [4d 6s Ac 2d] [Kc]
AzureCaper: checks
japachess: bets $6
AzureCaper: calls $6
*** SHOW DOWN ***
japachess: shows [Kh Ad] (two pair, Aces and Kings)
AzureCaper: mucks hand
japachess collected $35.50 from pot
*** SUMMARY ***
Total pot $36 | Rake $0.50
Board [4d 6s Ac 2d Kc]
Seat 3: japachess (button) (small blind) showed [Kh Ad] and won ($35.50) with two pair, Aces and Kings
Seat 4: AzureCaper (big blind) mucked


PokerStars Hand #166760777212:  Hold'em Limit ($3/$6 USD) - 2017/02/25 14:04:52 ET
Table 'Matar' 6-max Seat #4 is the button
Seat 3: japachess ($90.52 in chips)
Seat 4: AzureCaper ($72 in chips)
AzureCaper: posts small blind $1
japachess: posts big blind $3
*** HOLE CARDS ***
AzureCaper: raises $3 to $6
japachess: calls $3
*** FLOP *** [4c Ts 9d]
japachess: checks
AzureCaper: checks
*** TURN *** [4c Ts 9d] [2s]
japachess: checks
AzureCaper: checks
*** RIVER *** [4c Ts 9d 2s] [Jc]
japachess: checks
AzureCaper: checks
*** SHOW DOWN ***
japachess: shows [2c Ah] (a pair of Deuces)
AzureCaper: mucks hand
japachess collected $11.76 from pot
*** SUMMARY ***
Total pot $12 | Rake $0.24
Board [4c Ts 9d 2s Jc]
Seat 3: japachess (big blind) showed [2c Ah] and won ($11.76) with a pair of Deuces
Seat 4: AzureCaper (button) (small blind) mucked


PokerStars Hand #166760771371:  Hold'em Limit ($3/$6 USD) - 2017/02/25 14:04:45 ET
Table 'Matar' 6-max Seat #3 is the button
Seat 3: japachess ($87.52 in chips)
Seat 4: AzureCaper ($73.52 in chips)
japachess: posts small blind $1
AzureCaper: posts big blind $3
*** HOLE CARDS ***
japachess: raises $3 to $6
AzureCaper: folds
Uncalled bet ($3) returned to japachess
japachess collected $6 from pot
japachess: doesn't show hand
*** SUMMARY ***
Total pot $6 | Rake $0
Seat 3: japachess (button) (small blind) collected ($6)
Seat 4: AzureCaper (big blind) folded before Flop


PokerStars Hand #166760859852:  Hold'em Limit ($3/$6 USD) - 2017/02/25 14:06:20 ET
Table 'Matar' 6-max Seat #4 is the button
Seat 3: japachess ($121.06 in chips)
Seat 4: AzureCaper ($80.64 in chips)
AzureCaper: posts small blind $1
japachess: posts big blind $3
*** HOLE CARDS ***
AzureCaper: raises $3 to $6
japachess: calls $3
*** FLOP *** [9d 9h 7s]
japachess: checks
AzureCaper: checks
*** TURN *** [9d 9h 7s] [Jh]
japachess: bets $6
AzureCaper: folds
Uncalled bet ($6) returned to japachess
japachess collected $11.76 from pot
japachess: doesn't show hand
*** SUMMARY ***
Total pot $12 | Rake $0.24
Board [9d 9h 7s Jh]
Seat 3: japachess (big blind) collected ($11.76)
Seat 4: AzureCaper (button) (small blind) folded on the Turn


PokerStars Hand #166760848151:  Hold'em Limit ($3/$6 USD) - 2017/02/25 14:06:08 ET
Table 'Matar' 6-max Seat #3 is the button
Seat 3: japachess ($130.06 in chips)
Seat 4: AzureCaper ($72 in chips)
japachess: posts small blind $1
AzureCaper: posts big blind $3
*** HOLE CARDS ***
japachess: raises $3 to $6
AzureCaper: raises $3 to $9
japachess: calls $3
*** FLOP *** [3h Ts Kd]
AzureCaper: bets $3
japachess: folds
Uncalled bet ($3) returned to AzureCaper
AzureCaper collected $17.64 from pot
AzureCaper: doesn't show hand
*** SUMMARY ***
Total pot $18 | Rake $0.36
Board [3h Ts Kd]
Seat 3: japachess (button) (small blind) folded on the Flop
Seat 4: AzureCaper (big blind) collected ($17.64)


PokerStars Hand #166760829051:  Hold'em Limit ($3/$6 USD) - 2017/02/25 14:05:47 ET
Table 'Matar' 6-max Seat #4 is the button
Seat 3: japachess ($121.42 in chips)
Seat 4: AzureCaper ($73 in chips)
AzureCaper: posts small blind $1
japachess: posts big blind $3
*** HOLE CARDS ***
AzureCaper: raises $3 to $6
japachess: calls $3
*** FLOP *** [4c 2c Ks]
japachess: checks
AzureCaper: bets $3
japachess: calls $3
*** TURN *** [4c 2c Ks] [6h]
japachess: checks
AzureCaper: checks
*** RIVER *** [4c 2c Ks 6h] [Ad]
japachess: bets $6
AzureCaper: folds
Uncalled bet ($6) returned to japachess
japachess collected $17.64 from pot
japachess: doesn't show hand
*** SUMMARY ***
Total pot $18 | Rake $0.36
Board [4c 2c Ks 6h Ad]
Seat 3: japachess (big blind) collected ($17.64)
Seat 4: AzureCaper (button) (small blind) folded on the River


PokerStars Hand #166760823925:  Hold'em Limit ($3/$6 USD) - 2017/02/25 14:05:42 ET
Table 'Matar' 6-max Seat #3 is the button
Seat 3: japachess ($122.42 in chips)
Seat 4: AzureCaper ($72 in chips)
japachess: posts small blind $1
AzureCaper: posts big blind $3
*** HOLE CARDS ***
japachess: folds
Uncalled bet ($2) returned to AzureCaper
AzureCaper collected $2 from pot
AzureCaper: doesn't show hand
*** SUMMARY ***
Total pot $2 | Rake $0
Seat 3: japachess (button) (small blind) folded before Flop
Seat 4: AzureCaper (big blind) collected ($2)


PokerStars Hand #166760874708:  Hold'em Limit ($3/$6 USD) - 2017/02/25 14:06:36 ET
Table 'Matar' 6-max Seat #3 is the button
Seat 3: japachess ($126.82 in chips)
Seat 4: AzureCaper ($74.64 in chips)
japachess: posts small blind $1
AzureCaper: posts big blind $3
*** HOLE CARDS ***
japachess: raises $3 to $6
AzureCaper: calls $3
*** FLOP *** [8h Ah 3s]
AzureCaper: checks
japachess: bets $3
laubes04 joins the table at seat #2
AzureCaper: folds
Uncalled bet ($3) returned to japachess
japachess collected $11.76 from pot
japachess: doesn't show hand
*** SUMMARY ***
Total pot $12 | Rake $0.24
Board [8h Ah 3s]
Seat 3: japachess (button) (small blind) collected ($11.76)
Seat 4: AzureCaper (big blind) folded on the Flop


PokerStars Hand #166762308784:  Hold'em Limit ($3/$6 USD) - 2017/02/25 14:32:32 ET
Table 'Matar' 6-max Seat #2 is the button
Seat 2: laubes04 ($152.05 in chips)
Seat 6: FONBET_RULIT ($297.13 in chips)
laubes04: posts small blind $1
Chessnok: is sitting out
FONBET_RULIT: posts big blind $3
*** HOLE CARDS ***
laubes04: raises $3 to $6
FONBET_RULIT: calls $3
*** FLOP *** [4c 2h Tc]
FONBET_RULIT: checks
laubes04: bets $3
FONBET_RULIT: calls $3
*** TURN *** [4c 2h Tc] [Ad]
FONBET_RULIT: checks
laubes04: bets $6
FONBET_RULIT: raises $6 to $12
laubes04: calls $6
*** RIVER *** [4c 2h Tc Ad] [6c]
FONBET_RULIT: bets $6
laubes04: folds
Uncalled bet ($6) returned to FONBET_RULIT
FONBET_RULIT collected $41.50 from pot
FONBET_RULIT: doesn't show hand
*** SUMMARY ***
Total pot $42 | Rake $0.50
Board [4c 2h Tc Ad 6c]
Seat 2: laubes04 (button) (small blind) folded on the River
Seat 6: FONBET_RULIT (big blind) collected ($41.50)


PokerStars Hand #166762331048:  Hold'em Limit ($3/$6 USD) - 2017/02/25 14:32:56 ET
Table 'Matar' 6-max Seat #6 is the button
Seat 2: laubes04 ($131.05 in chips)
Seat 6: FONBET_RULIT ($317.63 in chips)
FONBET_RULIT: posts small blind $1
laubes04: posts big blind $3
*** HOLE CARDS ***
FONBET_RULIT: raises $3 to $6
laubes04: calls $3
*** FLOP *** [Ah 3d 2c]
laubes04: checks
FONBET_RULIT: bets $3
laubes04: calls $3
*** TURN *** [Ah 3d 2c] [5c]
laubes04: checks
FONBET_RULIT: bets $6
laubes04: calls $6
*** RIVER *** [Ah 3d 2c 5c] [2s]
laubes04: checks
FONBET_RULIT: bets $6
laubes04: calls $6
*** SHOW DOWN ***
FONBET_RULIT: shows [3h Ad] (two pair, Aces and Threes)
laubes04: mucks hand
FONBET_RULIT collected $41.50 from pot
*** SUMMARY ***
Total pot $42 | Rake $0.50
Board [Ah 3d 2c 5c 2s]
Seat 2: laubes04 (big blind) mucked
Seat 6: FONBET_RULIT (button) (small blind) showed [3h Ad] and won ($41.50) with two pair, Aces and Threes


PokerStars Hand #166762351529:  Hold'em Limit ($3/$6 USD) - 2017/02/25 14:33:19 ET
Table 'Matar' 6-max Seat #2 is the button
Seat 2: laubes04 ($110.05 in chips)
Seat 6: FONBET_RULIT ($338.13 in chips)
laubes04: posts small blind $1
FONBET_RULIT: posts big blind $3
*** HOLE CARDS ***
laubes04: folds
Uncalled bet ($2) returned to FONBET_RULIT
FONBET_RULIT collected $2 from pot
FONBET_RULIT: doesn't show hand
*** SUMMARY ***
Total pot $2 | Rake $0
Seat 2: laubes04 (button) (small blind) folded before Flop
Seat 6: FONBET_RULIT (big blind) collected ($2)


PokerStars Hand #166762389188:  Hold'em Limit ($3/$6 USD) - 2017/02/25 14:34:00 ET
Table 'Matar' 6-max Seat #6 is the button
Seat 2: laubes04 ($93.05 in chips)
Seat 6: FONBET_RULIT ($354.63 in chips)
FONBET_RULIT: posts small blind $1
laubes04: posts big blind $3
*** HOLE CARDS ***
FONBET_RULIT: raises $3 to $6
laubes04: calls $3
*** FLOP *** [2d 2s Jh]
nimzon joins the table at seat #3
laubes04: checks
FONBET_RULIT: bets $3
laubes04: calls $3
*** TURN *** [2d 2s Jh] [Kd]
laubes04: checks
FONBET_RULIT: bets $6
laubes04: raises $6 to $12
FONBET_RULIT: raises $6 to $18
laubes04: calls $6
*** RIVER *** [2d 2s Jh Kd] [Ah]
laubes04: checks
FONBET_RULIT: bets $6
laubes04: calls $6
*** SHOW DOWN ***
FONBET_RULIT: shows [5h 2h] (three of a kind, Deuces)
laubes04: mucks hand
FONBET_RULIT collected $65.50 from pot
*** SUMMARY ***
Total pot $66 | Rake $0.50
Board [2d 2s Jh Kd Ah]
Seat 2: laubes04 (big blind) mucked
Seat 6: FONBET_RULIT (button) (small blind) showed [5h 2h] and won ($65.50) with three of a kind, Deuces


PokerStars Hand #166762382684:  Hold'em Limit ($3/$6 USD) - 2017/02/25 14:33:53 ET
Table 'Matar' 6-max Seat #2 is the button
Seat 2: laubes04 ($94.05 in chips)
Seat 6: FONBET_RULIT ($353.63 in chips)
laubes04: posts small blind $1
FONBET_RULIT: posts big blind $3
*** HOLE CARDS ***
laubes04: folds
Uncalled bet ($2) returned to FONBET_RULIT
FONBET_RULIT collected $2 from pot
FONBET_RULIT: doesn't show hand
*** SUMMARY ***
Total pot $2 | Rake $0
Seat 2: laubes04 (button) (small blind) folded before Flop
Seat 6: FONBET_RULIT (big blind) collected ($2)


PokerStars Hand #166762357977:  Hold'em Limit ($3/$6 USD) - 2017/02/25 14:33:26 ET
Table 'Matar' 6-max Seat #6 is the button
Seat 2: laubes04 ($109.05 in chips)
Seat 6: FONBET_RULIT ($339.13 in chips)
FONBET_RULIT: posts small blind $1
laubes04: posts big blind $3
*** HOLE CARDS ***
FONBET_RULIT: raises $3 to $6
laubes04: raises $3 to $9
FONBET_RULIT: raises $3 to $12
Betting is capped
laubes04: calls $3
*** FLOP *** [9d 7s 4h]
laubes04: checks
FONBET_RULIT: bets $3
laubes04: calls $3
*** TURN *** [9d 7s 4h] [Jd]
laubes04: checks
FONBET_RULIT: checks
*** RIVER *** [9d 7s 4h Jd] [2h]
laubes04: checks
FONBET_RULIT: checks
*** SHOW DOWN ***
laubes04: shows [8s Ks] (high card King)
FONBET_RULIT: shows [As Kc] (high card Ace)
FONBET_RULIT collected $29.50 from pot
*** SUMMARY ***
Total pot $30 | Rake $0.50
Board [9d 7s 4h Jd 2h]
Seat 2: laubes04 (big blind) showed [8s Ks] and lost with high card King
Seat 6: FONBET_RULIT (button) (small blind) showed [As Kc] and won ($29.50) with high card Ace


PokerStars Hand #166762473658:  Hold'em Limit ($3/$6 USD) - 2017/02/25 14:35:32 ET
Table 'Matar' 6-max Seat #2 is the button
Seat 2: laubes04 ($32.05 in chips)
Seat 6: FONBET_RULIT ($414.63 in chips)
laubes04: posts small blind $1
FONBET_RULIT: posts big blind $3
*** HOLE CARDS ***
laubes04: raises $3 to $6
FONBET_RULIT: folds
Uncalled bet ($3) returned to laubes04
laubes04 collected $6 from pot
laubes04: doesn't show hand
*** SUMMARY ***
Total pot $6 | Rake $0
Seat 2: laubes04 (button) (small blind) collected ($6)
Seat 6: FONBET_RULIT (big blind) folded before Flop


PokerStars Hand #166762437977:  Hold'em Limit ($3/$6 USD) - 2017/02/25 14:34:53 ET
Table 'Matar' 6-max Seat #6 is the button
Seat 2: laubes04 ($59.05 in chips)
Seat 6: FONBET_RULIT ($388.13 in chips)
FONBET_RULIT: posts small blind $1
laubes04: posts big blind $3
*** HOLE CARDS ***
FONBET_RULIT: raises $3 to $6
laubes04: raises $3 to $9
FONBET_RULIT: calls $3
*** FLOP *** [7d 7s 8c]
Chessnok leaves the table
laubes04: bets $3
FONBET_RULIT: raises $3 to $6
laubes04: calls $3
*** TURN *** [7d 7s 8c] [Ts]
laubes04: checks
FONBET_RULIT: bets $6
laubes04: calls $6
*** RIVER *** [7d 7s 8c Ts] [8d]
laubes04: checks
FONBET_RULIT: bets $6
laubes04: calls $6
*** SHOW DOWN ***
FONBET_RULIT: shows [7c 5c] (a full house, Sevens full of Eights)
laubes04: mucks hand
FONBET_RULIT collected $53.50 from pot
*** SUMMARY ***
Total pot $54 | Rake $0.50
Board [7d 7s 8c Ts 8d]
Seat 2: laubes04 (big blind) mucked
Seat 6: FONBET_RULIT (button) (small blind) showed [7c 5c] and won ($53.50) with a full house, Sevens full of Eights


PokerStars Hand #166762433195:  Hold'em Limit ($3/$6 USD) - 2017/02/25 14:34:48 ET
Table 'Matar' 6-max Seat #2 is the button
Seat 2: laubes04 ($60.05 in chips)
Seat 6: FONBET_RULIT ($387.13 in chips)
laubes04: posts small blind $1
FONBET_RULIT: posts big blind $3
*** HOLE CARDS ***
laubes04: folds
Uncalled bet ($2) returned to FONBET_RULIT
FONBET_RULIT collected $2 from pot
FONBET_RULIT: doesn't show hand
*** SUMMARY ***
Total pot $2 | Rake $0
Seat 2: laubes04 (button) (small blind) folded before Flop
Seat 6: FONBET_RULIT (big blind) collected ($2)


PokerStars Hand #166762518368:  Hold'em Limit ($3/$6 USD) - 2017/02/25 14:36:21 ET
Table 'Matar' 6-max Seat #6 is the button
Seat 2: laubes04 ($61.19 in chips)
Seat 6: FONBET_RULIT ($384.63 in chips)
FONBET_RULIT: posts small blind $1
laubes04: posts big blind $3
*** HOLE CARDS ***
bolbess joins the table at seat #4
FONBET_RULIT: raises $3 to $6
laubes04: calls $3
*** FLOP *** [8c Js Ad]
laubes04: checks
FONBET_RULIT: bets $3
laubes04: calls $3
*** TURN *** [8c Js Ad] [2h]
laubes04: checks
FONBET_RULIT: checks
*** RIVER *** [8c Js Ad 2h] [6d]
laubes04: checks
FONBET_RULIT: bets $6
laubes04: folds
Uncalled bet ($6) returned to FONBET_RULIT
FONBET_RULIT collected $17.64 from pot
FONBET_RULIT: doesn't show hand
*** SUMMARY ***
Total pot $18 | Rake $0.36
Board [8c Js Ad 2h 6d]
Seat 2: laubes04 (big blind) folded on the River
Seat 6: FONBET_RULIT (button) (small blind) collected ($17.64)


PokerStars Hand #166762495976:  Hold'em Limit ($3/$6 USD) - 2017/02/25 14:35:57 ET
Table 'Matar' 6-max Seat #2 is the button
Seat 2: laubes04 ($43.69 in chips)
Seat 6: FONBET_RULIT ($402.63 in chips)
laubes04: posts small blind $1
FONBET_RULIT: posts big blind $3
*** HOLE CARDS ***
laubes04: raises $3 to $6
FONBET_RULIT: raises $3 to $9
laubes04: calls $3
*** FLOP *** [Th 7c Jc]
FONBET_RULIT: bets $3
laubes04: calls $3
*** TURN *** [Th 7c Jc] [6c]
FONBET_RULIT: checks
laubes04: bets $6
FONBET_RULIT: calls $6
*** RIVER *** [Th 7c Jc 6c] [Kc]
FONBET_RULIT: checks
laubes04: bets $6
FONBET_RULIT: folds
Uncalled bet ($6) returned to laubes04
laubes04 collected $35.50 from pot
laubes04: doesn't show hand
*** SUMMARY ***
Total pot $36 | Rake $0.50
Board [Th 7c Jc 6c Kc]
Seat 2: laubes04 (button) (small blind) collected ($35.50)
Seat 6: FONBET_RULIT (big blind) folded on the River


PokerStars Hand #166762481323:  Hold'em Limit ($3/$6 USD) - 2017/02/25 14:35:40 ET
Table 'Matar' 6-max Seat #6 is the button
Seat 2: laubes04 ($35.05 in chips)
Seat 6: FONBET_RULIT ($411.63 in chips)
FONBET_RULIT: posts small blind $1
laubes04: posts big blind $3
*** HOLE CARDS ***
FONBET_RULIT: raises $3 to $6
laubes04: calls $3
*** FLOP *** [6s 3h Ac]
laubes04: checks
FONBET_RULIT: bets $3
laubes04: calls $3
*** TURN *** [6s 3h Ac] [5h]
laubes04: checks
FONBET_RULIT: checks
*** RIVER *** [6s 3h Ac 5h] [Js]
laubes04: bets $6
FONBET_RULIT: folds
Uncalled bet ($6) returned to laubes04
laubes04 collected $17.64 from pot
laubes04: doesn't show hand
*** SUMMARY ***
Total pot $18 | Rake $0.36
Board [6s 3h Ac 5h Js]
Seat 2: laubes04 (big blind) collected ($17.64)
Seat 6: FONBET_RULIT (button) (small blind) folded on the River


PokerStars Hand #166763739105:  Hold'em Limit ($3/$6 USD) - 2017/02/25 14:59:45 ET
Table 'Matar' 6-max Seat #6 is the button
Seat 2: laubes04 ($81.84 in chips)
Seat 6: FONBET_RULIT ($337.79 in chips)
FONBET_RULIT: posts small blind $1
laubes04: posts big blind $3
*** HOLE CARDS ***
FONBET_RULIT: folds
Uncalled bet ($2) returned to laubes04
laubes04 collected $2 from pot
laubes04: doesn't show hand
*** SUMMARY ***
Total pot $2 | Rake $0
Seat 2: laubes04 (big blind) collected ($2)
Seat 6: FONBET_RULIT (button) (small blind) folded before Flop


PokerStars Hand #166763732782:  Hold'em Limit ($3/$6 USD) - 2017/02/25 14:59:36 ET
Table 'Matar' 6-max Seat #2 is the button
Seat 2: laubes04 ($78.84 in chips)
Seat 6: FONBET_RULIT ($340.79 in chips)
laubes04: posts small blind $1
FONBET_RULIT: posts big blind $3
*** HOLE CARDS ***
makimaki leaves the table
laubes04: raises $3 to $6
FONBET_RULIT: folds
Uncalled bet ($3) returned to laubes04
laubes04 collected $6 from pot
laubes04: doesn't show hand
*** SUMMARY ***
Total pot $6 | Rake $0
Seat 2: laubes04 (button) (small blind) collected ($6)
Seat 6: FONBET_RULIT (big blind) folded before Flop


PokerStars Hand #166763729259:  Hold'em Limit ($3/$6 USD) - 2017/02/25 14:59:31 ET
Table 'Matar' 6-max Seat #6 is the button
Seat 2: laubes04 ($77.84 in chips)
Seat 6: FONBET_RULIT ($341.79 in chips)
FONBET_RULIT: posts small blind $1
makimaki: is sitting out
laubes04: posts big blind $3
*** HOLE CARDS ***
FONBET_RULIT: folds
Uncalled bet ($2) returned to laubes04
laubes04 collected $2 from pot
laubes04: doesn't show hand
*** SUMMARY ***
Total pot $2 | Rake $0
Seat 2: laubes04 (big blind) collected ($2)
Seat 6: FONBET_RULIT (button) (small blind) folded before Flop


PokerStars Hand #166763743646:  Hold'em Limit ($3/$6 USD) - 2017/02/25 14:59:52 ET
Table 'Matar' 6-max Seat #2 is the button
Seat 2: laubes04 ($82.84 in chips)
Seat 6: FONBET_RULIT ($336.79 in chips)
laubes04: posts small blind $1
FONBET_RULIT: posts big blind $3
*** HOLE CARDS ***
laubes04: raises $3 to $6
FONBET_RULIT: calls $3
*** FLOP *** [As 4c 5h]
FONBET_RULIT: checks
laubes04: bets $3
FONBET_RULIT: calls $3
*** TURN *** [As 4c 5h] [Td]
FONBET_RULIT: checks
laubes04: bets $6
FONBET_RULIT: raises $6 to $12
laubes04: calls $6
*** RIVER *** [As 4c 5h Td] [5d]
FONBET_RULIT: checks
laubes04: bets $6
FONBET_RULIT: folds
Uncalled bet ($6) returned to laubes04
laubes04 collected $41.50 from pot
laubes04: doesn't show hand
*** SUMMARY ***
Total pot $42 | Rake $0.50
Board [As 4c 5h Td 5d]
Seat 2: laubes04 (button) (small blind) collected ($41.50)
Seat 6: FONBET_RULIT (big blind) folded on the River


PokerStars Hand #166763783282:  Hold'em Limit ($3/$6 USD) - 2017/02/25 15:00:45 ET
Table 'Matar' 6-max Seat #2 is the button
Seat 2: laubes04 ($123.84 in chips)
Seat 6: FONBET_RULIT ($294.79 in chips)
laubes04: posts small blind $1
FONBET_RULIT: posts big blind $3
*** HOLE CARDS ***
laubes04: raises $3 to $6
FONBET_RULIT: calls $3
*** FLOP *** [Tc 4h Js]
FONBET_RULIT: checks
laubes04: bets $3
FONBET_RULIT: folds
Uncalled bet ($3) returned to laubes04
laubes04 collected $11.76 from pot
laubes04: doesn't show hand
*** SUMMARY ***
Total pot $12 | Rake $0.24
Board [Tc 4h Js]
Seat 2: laubes04 (button) (small blind) collected ($11.76)
Seat 6: FONBET_RULIT (big blind) folded on the Flop


PokerStars Hand #166763762258:  Hold'em Limit ($3/$6 USD) - 2017/02/25 15:00:18 ET
Table 'Matar' 6-max Seat #6 is the button
Seat 2: laubes04 ($103.34 in chips)
Seat 6: FONBET_RULIT ($315.79 in chips)
FONBET_RULIT: posts small blind $1
laubes04: posts big blind $3
*** HOLE CARDS ***
FONBET_RULIT: raises $3 to $6
laubes04: raises $3 to $9
FONBET_RULIT: raises $3 to $12
Betting is capped
laubes04: calls $3
*** FLOP *** [Th Qd Kc]
laubes04: checks
FONBET_RULIT: bets $3
laubes04: calls $3
*** TURN *** [Th Qd Kc] [2d]
laubes04: checks
FONBET_RULIT: bets $6
laubes04: calls $6
*** RIVER *** [Th Qd Kc 2d] [2c]
laubes04: checks
FONBET_RULIT: checks
*** SHOW DOWN ***
laubes04: shows [As Ts] (two pair, Tens and Deuces)
FONBET_RULIT: mucks hand
laubes04 collected $41.50 from pot
*** SUMMARY ***
Total pot $42 | Rake $0.50
Board [Th Qd Kc 2d 2c]
Seat 2: laubes04 (big blind) showed [As Ts] and won ($41.50) with two pair, Tens and Deuces
Seat 6: FONBET_RULIT (button) (small blind) mucked


PokerStars Hand #166763844271:  Hold'em Limit ($3/$6 USD) - 2017/02/25 15:02:00 ET
Table 'Matar' 6-max Seat #6 is the button
Seat 2: laubes04 ($107.60 in chips)
Seat 6: FONBET_RULIT ($326.21 in chips)
FONBET_RULIT: posts small blind $1
laubes04: posts big blind $3
*** HOLE CARDS ***
FONBET_RULIT: folds
Uncalled bet ($2) returned to laubes04
laubes04 collected $2 from pot
laubes04: doesn't show hand
*** SUMMARY ***
Total pot $2 | Rake $0
Seat 2: laubes04 (big blind) collected ($2)
Seat 6: FONBET_RULIT (button) (small blind) folded before Flop


PokerStars Hand #166763797590:  Hold'em Limit ($3/$6 USD) - 2017/02/25 15:01:03 ET
Table 'Matar' 6-max Seat #6 is the button
Seat 2: laubes04 ($129.60 in chips)
Seat 6: FONBET_RULIT ($288.79 in chips)
FONBET_RULIT: posts small blind $1
laubes04: posts big blind $3
*** HOLE CARDS ***
MATZZZZZ joins the table at seat #3
FONBET_RULIT: raises $3 to $6
laubes04: calls $3
*** FLOP *** [4c 4d Ah]
laubes04: checks
FONBET_RULIT: bets $3
laubes04: calls $3
*** TURN *** [4c 4d Ah] [7h]
laubes04: checks
FONBET_RULIT: bets $6
laubes04: calls $6
*** RIVER *** [4c 4d Ah 7h] [Kd]
laubes04: checks
FONBET_RULIT: bets $6
laubes04: calls $6
*** SHOW DOWN ***
FONBET_RULIT: shows [Ad 4h] (a full house, Fours full of Aces)
laubes04: mucks hand
FONBET_RULIT collected $41.50 from pot
*** SUMMARY ***
Total pot $42 | Rake $0.50
Board [4c 4d Ah 7h Kd]
Seat 2: laubes04 (big blind) mucked
Seat 6: FONBET_RULIT (button) (small blind) showed [Ad 4h] and won ($41.50) with a full house, Fours full of Aces


PokerStars Hand #166763848895:  Hold'em Limit ($3/$6 USD) - 2017/02/25 15:02:05 ET
Table 'Matar' 6-max Seat #2 is the button
Seat 2: laubes04 ($108.60 in chips)
Seat 6: FONBET_RULIT ($325.21 in chips)
laubes04: posts small blind $1
FONBET_RULIT: posts big blind $3
*** HOLE CARDS ***
laubes04: raises $3 to $6
FONBET_RULIT: raises $3 to $9
laubes04: raises $3 to $12
Betting is capped
FONBET_RULIT: calls $3
*** FLOP *** [Qd 2h Ac]
FONBET_RULIT: checks
laubes04: bets $3
FONBET_RULIT: calls $3
*** TURN *** [Qd 2h Ac] [Td]
FONBET_RULIT: checks
laubes04: bets $6
FONBET_RULIT: folds
Uncalled bet ($6) returned to laubes04
laubes04 collected $29.50 from pot
*** SUMMARY ***
Total pot $30 | Rake $0.50
Board [Qd 2h Ac Td]
Seat 2: laubes04 (button) (small blind) collected ($29.50)
Seat 6: FONBET_RULIT (big blind) folded on the Turn


PokerStars Hand #166763863057:  Hold'em Limit ($3/$6 USD) - 2017/02/25 15:02:20 ET
Table 'Matar' 6-max Seat #6 is the button
Seat 2: laubes04 ($123.10 in chips)
Seat 6: FONBET_RULIT ($310.21 in chips)
FONBET_RULIT: posts small blind $1
laubes04: posts big blind $3
*** HOLE CARDS ***
FONBET_RULIT: raises $3 to $6
laubes04: calls $3
*** FLOP *** [Td 3c 6c]
laubes04: checks
FONBET_RULIT: bets $3
laubes04: folds
Uncalled bet ($3) returned to FONBET_RULIT
FONBET_RULIT collected $11.76 from pot
FONBET_RULIT: doesn't show hand
*** SUMMARY ***
Total pot $12 | Rake $0.24
Board [Td 3c 6c]
Seat 2: laubes04 (big blind) folded on the Flop
Seat 6: FONBET_RULIT (button) (small blind) collected ($11.76)


PokerStars Hand #166763875459:  Hold'em Limit ($3/$6 USD) - 2017/02/25 15:02:33 ET
Table 'Matar' 6-max Seat #2 is the button
Seat 2: laubes04 ($117.10 in chips)
Seat 6: FONBET_RULIT ($315.97 in chips)
laubes04: posts small blind $1
FONBET_RULIT: posts big blind $3
*** HOLE CARDS ***
laubes04: raises $3 to $6
FONBET_RULIT: calls $3
*** FLOP *** [9h Js 7s]
FONBET_RULIT: checks
laubes04: bets $3
FONBET_RULIT: calls $3
*** TURN *** [9h Js 7s] [6c]
FONBET_RULIT: checks
laubes04: checks
*** RIVER *** [9h Js 7s 6c] [6h]
FONBET_RULIT: bets $6
laubes04: folds
Uncalled bet ($6) returned to FONBET_RULIT
FONBET_RULIT collected $17.64 from pot
FONBET_RULIT: doesn't show hand
*** SUMMARY ***
Total pot $18 | Rake $0.36
Board [9h Js 7s 6c 6h]
Seat 2: laubes04 (button) (small blind) folded on the River
Seat 6: FONBET_RULIT (big blind) collected ($17.64)


PokerStars Hand #166763952473:  Hold'em Limit ($3/$6 USD) - 2017/02/25 15:03:57 ET
Table 'Matar' 6-max Seat #6 is the button
Seat 2: laubes04 ($134.36 in chips)
Seat 6: FONBET_RULIT ($297.61 in chips)
FONBET_RULIT: posts small blind $1
laubes04: posts big blind $3
*** HOLE CARDS ***
FONBET_RULIT: raises $3 to $6
laubes04: folds
Uncalled bet ($3) returned to FONBET_RULIT
FONBET_RULIT collected $6 from pot
FONBET_RULIT: doesn't show hand
*** SUMMARY ***
Total pot $6 | Rake $0
Seat 2: laubes04 (big blind) folded before Flop
Seat 6: FONBET_RULIT (button) (small blind) collected ($6)


PokerStars Hand #166763920167:  Hold'em Limit ($3/$6 USD) - 2017/02/25 15:03:22 ET
Table 'Matar' 6-max Seat #2 is the button
Seat 2: laubes04 ($128.60 in chips)
Seat 6: FONBET_RULIT ($303.61 in chips)
laubes04: posts small blind $1
FONBET_RULIT: posts big blind $3
*** HOLE CARDS ***
laubes04: raises $3 to $6
FONBET_RULIT: calls $3
*** FLOP *** [Ac As Kd]
FONBET_RULIT: checks
laubes04: bets $3
FONBET_RULIT: folds
Uncalled bet ($3) returned to laubes04
laubes04 collected $11.76 from pot
laubes04: doesn't show hand
*** SUMMARY ***
Total pot $12 | Rake $0.24
Board [Ac As Kd]
Seat 2: laubes04 (button) (small blind) collected ($11.76)
Seat 6: FONBET_RULIT (big blind) folded on the Flop


PokerStars Hand #166763894164:  Hold'em Limit ($3/$6 USD) - 2017/02/25 15:02:55 ET
Table 'Matar' 6-max Seat #6 is the button
Seat 2: laubes04 ($108.10 in chips)
Seat 6: FONBET_RULIT ($324.61 in chips)
FONBET_RULIT: posts small blind $1
laubes04: posts big blind $3
*** HOLE CARDS ***
FONBET_RULIT: raises $3 to $6
laubes04: calls $3
*** FLOP *** [5d 6d Jc]
laubes04: checks
FONBET_RULIT: bets $3
laubes04: calls $3
*** TURN *** [5d 6d Jc] [7d]
laubes04: checks
FONBET_RULIT: bets $6
laubes04: raises $6 to $12
FONBET_RULIT: calls $6
*** RIVER *** [5d 6d Jc 7d] [As]
laubes04: bets $6
FONBET_RULIT: folds
Uncalled bet ($6) returned to laubes04
laubes04 collected $41.50 from pot
laubes04: doesn't show hand
*** SUMMARY ***
Total pot $42 | Rake $0.50
Board [5d 6d Jc 7d As]
Seat 2: laubes04 (big blind) collected ($41.50)
Seat 6: FONBET_RULIT (button) (small blind) folded on the River


PokerStars Hand #166764002140:  Hold'em Limit ($3/$6 USD) - 2017/02/25 15:04:51 ET
Table 'Matar' 6-max Seat #6 is the button
Seat 2: laubes04 ($137.12 in chips)
Seat 6: FONBET_RULIT ($294.61 in chips)
FONBET_RULIT: posts small blind $1
laubes04: posts big blind $3
*** HOLE CARDS ***
FONBET_RULIT: raises $3 to $6
laubes04: calls $3
*** FLOP *** [4d 4h 6c]
laubes04: checks
FONBET_RULIT: bets $3
laubes04: calls $3
*** TURN *** [4d 4h 6c] [Th]
laubes04: checks
FONBET_RULIT: bets $6
Willijabo joins the table at seat #1
laubes04: folds
Uncalled bet ($6) returned to FONBET_RULIT
FONBET_RULIT collected $17.64 from pot
FONBET_RULIT: doesn't show hand
*** SUMMARY ***
Total pot $18 | Rake $0.36
Board [4d 4h 6c Th]
Seat 2: laubes04 (big blind) folded on the Turn
Seat 6: FONBET_RULIT (button) (small blind) collected ($17.64)


PokerStars Hand #166763959800:  Hold'em Limit ($3/$6 USD) - 2017/02/25 15:04:05 ET
Table 'Matar' 6-max Seat #2 is the button
Seat 2: laubes04 ($131.36 in chips)
Seat 6: FONBET_RULIT ($300.61 in chips)
laubes04: posts small blind $1
FONBET_RULIT: posts big blind $3
*** HOLE CARDS ***
laubes04: raises $3 to $6
FONBET_RULIT: calls $3
*** FLOP *** [4h 2c 8h]
FONBET_RULIT: checks
laubes04: bets $3
FONBET_RULIT: folds
Uncalled bet ($3) returned to laubes04
laubes04 collected $11.76 from pot
laubes04: doesn't show hand
*** SUMMARY ***
Total pot $12 | Rake $0.24
Board [4h 2c 8h]
Seat 2: laubes04 (button) (small blind) collected ($11.76)
Seat 6: FONBET_RULIT (big blind) folded on the Flop


PokerStars Hand #166764018478:  Hold'em Limit ($3/$6 USD) - 2017/02/25 15:05:08 ET
Table 'Matar' 6-max Seat #2 is the button
Seat 2: laubes04 ($128.12 in chips)
Seat 6: FONBET_RULIT ($303.25 in chips)
laubes04: posts small blind $1
FONBET_RULIT: posts big blind $3
*** HOLE CARDS ***
laubes04: raises $3 to $6
FONBET_RULIT: calls $3
*** FLOP *** [Qh 8c Qd]
FONBET_RULIT: checks
laubes04: bets $3
FONBET_RULIT: folds
Uncalled bet ($3) returned to laubes04
laubes04 collected $11.76 from pot
laubes04: doesn't show hand
*** SUMMARY ***
Total pot $12 | Rake $0.24
Board [Qh 8c Qd]
Seat 2: laubes04 (button) (small blind) collected ($11.76)
Seat 6: FONBET_RULIT (big blind) folded on the Flop


PokerStars Hand #166766615410:  Hold'em Limit ($3/$6 USD) - 2017/02/25 15:51:51 ET
Table 'Matar' 6-max Seat #1 is the button
Seat 1: Willijabo ($123.21 in chips)
Seat 2: laubes04 ($140.85 in chips)
Willijabo: posts small blind $1
laubes04: posts big blind $3
*** HOLE CARDS ***
Willijabo: folds
Uncalled bet ($2) returned to laubes04
laubes04 collected $2 from pot
laubes04: doesn't show hand
*** SUMMARY ***
Total pot $2 | Rake $0
Seat 1: Willijabo (button) (small blind) folded before Flop
Seat 2: laubes04 (big blind) collected ($2)


PokerStars Hand #166766604925:  Hold'em Limit ($3/$6 USD) - 2017/02/25 15:51:39 ET
Table 'Matar' 6-max Seat #2 is the button
Seat 1: Willijabo ($126.21 in chips)
Seat 2: laubes04 ($137.85 in chips)
laubes04: posts small blind $1
iluvtacobell: is sitting out
Willijabo: posts big blind $3
*** HOLE CARDS ***
iluvtacobell leaves the table
laubes04: raises $3 to $6
Willijabo: folds
Uncalled bet ($3) returned to laubes04
laubes04 collected $6 from pot
laubes04: doesn't show hand
*** SUMMARY ***
Total pot $6 | Rake $0
Seat 1: Willijabo (big blind) folded before Flop
Seat 2: laubes04 (button) (small blind) collected ($6)


