PokerStars Hand #153763460832:  Hold'em Limit ($3/$6 USD) - 2016/05/24 2:50:57 ET
Table 'Matar' 6-max Seat #4 is the button
Seat 3: igmade ($145.50 in chips)
Seat 4: Agrotait ($69 in chips)
Agrotait: posts small blind $1
igmade: posts big blind $3
*** HOLE CARDS ***
Agrotait: raises $3 to $6
igmade: calls $3
*** FLOP *** [Ad 8d 8s]
igmade: checks
Agrotait: bets $3
igmade: calls $3
*** TURN *** [Ad 8d 8s] [9d]
igmade: checks
Agrotait: checks
*** RIVER *** [Ad 8d 8s 9d] [2h]
igmade: bets $6
Agrotait: folds
Uncalled bet ($6) returned to igmade
igmade collected $17.64 from pot
igmade: doesn't show hand
*** SUMMARY ***
Total pot $18 | Rake $0.36
Board [Ad 8d 8s 9d 2h]
Seat 3: igmade (big blind) collected ($17.64)
Seat 4: Agrotait (button) (small blind) folded on the River


PokerStars Hand #153763458813:  Hold'em Limit ($3/$6 USD) - 2016/05/24 2:50:49 ET
Table 'Matar' 6-max Seat #3 is the button
Seat 3: igmade ($142.50 in chips)
Seat 4: Agrotait ($72 in chips)
igmade: posts small blind $1
Agrotait: posts big blind $3
*** HOLE CARDS ***
igmade: raises $3 to $6
Agrotait: folds
Uncalled bet ($3) returned to igmade
igmade collected $6 from pot
igmade: doesn't show hand
*** SUMMARY ***
Total pot $6 | Rake $0
Seat 3: igmade (button) (small blind) collected ($6)
Seat 4: Agrotait (big blind) folded before Flop


PokerStars Hand #153763452570:  Hold'em Limit ($3/$6 USD) - 2016/05/24 2:50:24 ET
Table 'Matar' 6-max Seat #3 is the button
Seat 3: igmade ($120 in chips)
Seat 4: Agrotait ($72 in chips)
igmade: posts small blind $1
Agrotait: posts big blind $3
*** HOLE CARDS ***
igmade: folds
Uncalled bet ($2) returned to Agrotait
Agrotait collected $2 from pot
Agrotait: doesn't show hand
*** SUMMARY ***
Total pot $2 | Rake $0
Seat 3: igmade (button) (small blind) folded before Flop
Seat 4: Agrotait (big blind) collected ($2)


PokerStars Hand #153763454167:  Hold'em Limit ($3/$6 USD) - 2016/05/24 2:50:30 ET
Table 'Matar' 6-max Seat #4 is the button
Seat 3: igmade ($119 in chips)
Seat 4: Agrotait ($73 in chips)
Agrotait: posts small blind $1
igmade: posts big blind $3
*** HOLE CARDS ***
Agrotait: raises $3 to $6
igmade: raises $3 to $9
Agrotait: calls $3
*** FLOP *** [9c 8c 9h]
igmade: bets $3
Agrotait: calls $3
*** TURN *** [9c 8c 9h] [6c]
igmade: bets $6
Agrotait: calls $6
*** RIVER *** [9c 8c 9h 6c] [Qc]
igmade: bets $6
Agrotait: calls $6
*** SHOW DOWN ***
igmade: shows [Ac 6h] (a flush, Ace high)
Agrotait: mucks hand
igmade collected $47.50 from pot
*** SUMMARY ***
Total pot $48 | Rake $0.50
Board [9c 8c 9h 6c Qc]
Seat 3: igmade (big blind) showed [Ac 6h] and won ($47.50) with a flush, Ace high
Seat 4: Agrotait (button) (small blind) mucked


PokerStars Hand #153763466260:  Hold'em Limit ($3/$6 USD) - 2016/05/24 2:51:19 ET
Table 'Matar' 6-max Seat #4 is the button
Seat 3: igmade ($153.14 in chips)
Seat 4: Agrotait ($61 in chips)
Agrotait: posts small blind $1
igmade: posts big blind $3
*** HOLE CARDS ***
Agrotait: folds
Uncalled bet ($2) returned to igmade
igmade collected $2 from pot
*** SUMMARY ***
Total pot $2 | Rake $0
Seat 3: igmade (big blind) collected ($2)
Seat 4: Agrotait (button) (small blind) folded before Flop


PokerStars Hand #153763465223:  Hold'em Limit ($3/$6 USD) - 2016/05/24 2:51:14 ET
Table 'Matar' 6-max Seat #3 is the button
Seat 3: igmade ($154.14 in chips)
Seat 4: Agrotait ($60 in chips)
igmade: posts small blind $1
Agrotait: posts big blind $3
*** HOLE CARDS ***
igmade: folds
Uncalled bet ($2) returned to Agrotait
Agrotait collected $2 from pot
Agrotait: doesn't show hand
*** SUMMARY ***
Total pot $2 | Rake $0
Seat 3: igmade (button) (small blind) folded before Flop
Seat 4: Agrotait (big blind) collected ($2)


PokerStars Hand #153763469376:  Hold'em Limit ($3/$6 USD) - 2016/05/24 2:51:31 ET
Table 'Matar' 6-max Seat #4 is the button
Seat 3: igmade ($157.14 in chips)
Seat 4: Agrotait ($72 in chips)
Agrotait: posts small blind $1
igmade: posts big blind $3
*** HOLE CARDS ***
Agrotait: raises $3 to $6
igmade: calls $3
*** FLOP *** [4d Qc Ah]
igmade: checks
Agrotait: bets $3
igmade: calls $3
*** TURN *** [4d Qc Ah] [6d]
igmade: checks
Agrotait: checks
*** RIVER *** [4d Qc Ah 6d] [9c]
igmade: bets $6
Agrotait: calls $6
*** SHOW DOWN ***
igmade: shows [Ks 8h] (high card Ace)
Agrotait: shows [5s 9h] (a pair of Nines)
Agrotait collected $29.50 from pot
*** SUMMARY ***
Total pot $30 | Rake $0.50
Board [4d Qc Ah 6d 9c]
Seat 3: igmade (big blind) showed [Ks 8h] and lost with high card Ace
Seat 4: Agrotait (button) (small blind) showed [5s 9h] and won ($29.50) with a pair of Nines


PokerStars Hand #153763489676:  Hold'em Limit ($3/$6 USD) - 2016/05/24 2:52:51 ET
Table 'Matar' 6-max Seat #3 is the button
Seat 3: igmade ($167.28 in chips)
Seat 4: Agrotait ($72.64 in chips)
igmade: posts small blind $1
Agrotait: posts big blind $3
*** HOLE CARDS ***
igmade: folds
Uncalled bet ($2) returned to Agrotait
Agrotait collected $2 from pot
Agrotait: doesn't show hand
*** SUMMARY ***
Total pot $2 | Rake $0
Seat 3: igmade (button) (small blind) folded before Flop
Seat 4: Agrotait (big blind) collected ($2)


PokerStars Hand #153763486229:  Hold'em Limit ($3/$6 USD) - 2016/05/24 2:52:37 ET
Table 'Matar' 6-max Seat #4 is the button
Seat 3: igmade ($176.28 in chips)
Seat 4: Agrotait ($64 in chips)
Agrotait: posts small blind $1
igmade: posts big blind $3
*** HOLE CARDS ***
Agrotait: raises $3 to $6
igmade: calls $3
*** FLOP *** [8d Qc Tc]
igmade: checks
Agrotait: bets $3
igmade: calls $3
*** TURN *** [8d Qc Tc] [Kh]
igmade: checks
Agrotait: bets $6
igmade: folds
Uncalled bet ($6) returned to Agrotait
Agrotait collected $17.64 from pot
Agrotait: doesn't show hand
*** SUMMARY ***
Total pot $18 | Rake $0.36
Board [8d Qc Tc Kh]
Seat 3: igmade (big blind) folded on the Turn
Seat 4: Agrotait (button) (small blind) collected ($17.64)


PokerStars Hand #153763484898:  Hold'em Limit ($3/$6 USD) - 2016/05/24 2:52:32 ET
Table 'Matar' 6-max Seat #3 is the button
Seat 3: igmade ($177.28 in chips)
Seat 4: Agrotait ($63 in chips)
igmade: posts small blind $1
Agrotait: posts big blind $3
*** HOLE CARDS ***
igmade: folds
Uncalled bet ($2) returned to Agrotait
Agrotait collected $2 from pot
Agrotait: doesn't show hand
*** SUMMARY ***
Total pot $2 | Rake $0
Seat 3: igmade (button) (small blind) folded before Flop
Seat 4: Agrotait (big blind) collected ($2)


PokerStars Hand #153763482067:  Hold'em Limit ($3/$6 USD) - 2016/05/24 2:52:21 ET
Table 'Matar' 6-max Seat #4 is the button
Seat 3: igmade ($168.64 in chips)
Seat 4: Agrotait ($72 in chips)
Agrotait: posts small blind $1
igmade: posts big blind $3
*** HOLE CARDS ***
Agrotait: raises $3 to $6
igmade: raises $3 to $9
Agrotait: calls $3
*** FLOP *** [9d Ah 3h]
igmade: bets $3
Agrotait: folds
Uncalled bet ($3) returned to igmade
igmade collected $17.64 from pot
*** SUMMARY ***
Total pot $18 | Rake $0.36
Board [9d Ah 3h]
Seat 3: igmade (big blind) collected ($17.64)
Seat 4: Agrotait (button) (small blind) folded on the Flop


PokerStars Hand #153763473490:  Hold'em Limit ($3/$6 USD) - 2016/05/24 2:51:47 ET
Table 'Matar' 6-max Seat #3 is the button
Seat 3: igmade ($142.14 in chips)
Seat 4: Agrotait ($86.50 in chips)
igmade: posts small blind $1
Agrotait: posts big blind $3
*** HOLE CARDS ***
igmade: raises $3 to $6
Agrotait: calls $3
*** FLOP *** [7s 9h 2s]
Agrotait: checks
igmade: bets $3
Agrotait: calls $3
*** TURN *** [7s 9h 2s] [8h]
Agrotait: checks
igmade: bets $6
Agrotait: calls $6
*** RIVER *** [7s 9h 2s 8h] [5s]
Agrotait: bets $6
igmade: raises $6 to $12
Agrotait: calls $6
*** SHOW DOWN ***
igmade: shows [Jh Ts] (a straight, Seven to Jack)
Agrotait: mucks hand
igmade collected $53.50 from pot
*** SUMMARY ***
Total pot $54 | Rake $0.50
Board [7s 9h 2s 8h 5s]
Seat 3: igmade (button) (small blind) showed [Jh Ts] and won ($53.50) with a straight, Seven to Jack
Seat 4: Agrotait (big blind) mucked


PokerStars Hand #153763496283:  Hold'em Limit ($3/$6 USD) - 2016/05/24 2:53:17 ET
Table 'Matar' 6-max Seat #3 is the button
Seat 3: igmade ($174.92 in chips)
Seat 4: Agrotait ($64.64 in chips)
igmade: posts small blind $1
Agrotait: posts big blind $3
*** HOLE CARDS ***
igmade: calls $2
Agrotait: raises $3 to $6
igmade: calls $3
*** FLOP *** [9s 6h 7s]
Agrotait: checks
igmade: bets $3
Agrotait: calls $3
*** TURN *** [9s 6h 7s] [4s]
Agrotait: checks
igmade: checks
*** RIVER *** [9s 6h 7s 4s] [Jd]
Agrotait: checks
igmade: checks
*** SHOW DOWN ***
Agrotait: shows [Kd Qh] (high card King)
igmade: mucks hand
Agrotait collected $17.64 from pot
*** SUMMARY ***
Total pot $18 | Rake $0.36
Board [9s 6h 7s 4s Jd]
Seat 3: igmade (button) (small blind) mucked
Seat 4: Agrotait (big blind) showed [Kd Qh] and won ($17.64) with high card King


PokerStars Hand #153763509742:  Hold'em Limit ($3/$6 USD) - 2016/05/24 2:54:10 ET
Table 'Matar' 6-max Seat #3 is the button
Seat 3: igmade ($186.42 in chips)
Seat 4: Agrotait ($72 in chips)
igmade: posts small blind $1
Agrotait: posts big blind $3
*** HOLE CARDS ***
igmade: folds
Uncalled bet ($2) returned to Agrotait
Agrotait collected $2 from pot
Agrotait: doesn't show hand
*** SUMMARY ***
Total pot $2 | Rake $0
Seat 3: igmade (button) (small blind) folded before Flop
Seat 4: Agrotait (big blind) collected ($2)


PokerStars Hand #153763501624:  Hold'em Limit ($3/$6 USD) - 2016/05/24 2:53:38 ET
Table 'Matar' 6-max Seat #4 is the button
Seat 3: igmade ($165.92 in chips)
Seat 4: Agrotait ($73.28 in chips)
Agrotait: posts small blind $1
igmade: posts big blind $3
*** HOLE CARDS ***
Agrotait: raises $3 to $6
igmade: calls $3
*** FLOP *** [5h 9c 4d]
igmade: checks
Agrotait: bets $3
igmade: calls $3
*** TURN *** [5h 9c 4d] [2h]
igmade: checks
Agrotait: bets $6
igmade: raises $6 to $12
Agrotait: calls $6
*** RIVER *** [5h 9c 4d 2h] [5d]
igmade: bets $6
Agrotait: folds
Uncalled bet ($6) returned to igmade
igmade collected $41.50 from pot
igmade: doesn't show hand
*** SUMMARY ***
Total pot $42 | Rake $0.50
Board [5h 9c 4d 2h 5d]
Seat 3: igmade (big blind) collected ($41.50)
Seat 4: Agrotait (button) (small blind) folded on the River


PokerStars Hand #153763490773:  Hold'em Limit ($3/$6 USD) - 2016/05/24 2:52:55 ET
Table 'Matar' 6-max Seat #4 is the button
Seat 3: igmade ($166.28 in chips)
Seat 4: Agrotait ($73.64 in chips)
Agrotait: posts small blind $1
igmade: posts big blind $3
*** HOLE CARDS ***
Agrotait: raises $3 to $6
igmade: calls $3
*** FLOP *** [Th 6s Qs]
igmade: checks
Agrotait: bets $3
igmade: calls $3
*** TURN *** [Th 6s Qs] [Qh]
igmade: checks
Agrotait: checks
*** RIVER *** [Th 6s Qs Qh] [5s]
igmade: checks
Agrotait: checks
*** SHOW DOWN ***
igmade: shows [Kd 7d] (a pair of Queens)
Agrotait: mucks hand
igmade collected $17.64 from pot
*** SUMMARY ***
Total pot $18 | Rake $0.36
Board [Th 6s Qs Qh 5s]
Seat 3: igmade (big blind) showed [Kd 7d] and won ($17.64) with a pair of Queens
Seat 4: Agrotait (button) (small blind) mucked


PokerStars Hand #153763521487:  Hold'em Limit ($3/$6 USD) - 2016/05/24 2:54:56 ET
Table 'Matar' 6-max Seat #4 is the button
Seat 3: igmade ($194.69 in chips)
Seat 4: Agrotait ($62.75 in chips)
Agrotait: posts small blind $1
igmade: posts big blind $3
*** HOLE CARDS ***
Agrotait: raises $3 to $6
igmade: raises $3 to $9
Agrotait: calls $3
*** FLOP *** [Jd 8s 9c]
igmade: bets $3
Agrotait: raises $3 to $6
igmade: raises $3 to $9
Agrotait: calls $3
*** TURN *** [Jd 8s 9c] [5c]
igmade: checks
Agrotait: checks
*** RIVER *** [Jd 8s 9c 5c] [2c]
igmade: bets $6
Agrotait: calls $6
*** SHOW DOWN ***
igmade: shows [Ts Kc] (high card King)
Agrotait: shows [Td Ad] (high card Ace)
Agrotait collected $47.50 from pot
*** SUMMARY ***
Total pot $48 | Rake $0.50
Board [Jd 8s 9c 5c 2c]
Seat 3: igmade (big blind) showed [Ts Kc] and lost with high card King
Seat 4: Agrotait (button) (small blind) showed [Td Ad] and won ($47.50) with high card Ace


PokerStars Hand #153763520381:  Hold'em Limit ($3/$6 USD) - 2016/05/24 2:54:52 ET
Table 'Matar' 6-max Seat #3 is the button
Seat 3: igmade ($195.69 in chips)
Seat 4: Agrotait ($61.75 in chips)
igmade: posts small blind $1
Agrotait: posts big blind $3
*** HOLE CARDS ***
igmade: folds
Uncalled bet ($2) returned to Agrotait
Agrotait collected $2 from pot
Agrotait: doesn't show hand
*** SUMMARY ***
Total pot $2 | Rake $0
Seat 3: igmade (button) (small blind) folded before Flop
Seat 4: Agrotait (big blind) collected ($2)


PokerStars Hand #153763515445:  Hold'em Limit ($3/$6 USD) - 2016/05/24 2:54:32 ET
Table 'Matar' 6-max Seat #4 is the button
Seat 3: igmade ($195.94 in chips)
Seat 4: Agrotait ($62 in chips)
Agrotait: posts small blind $1
igmade: posts big blind $3
*** HOLE CARDS ***
Agrotait: raises $3 to $6
igmade: raises $3 to $9
Agrotait: calls $3
*** FLOP *** [7c 2h 4c]
igmade: bets $3
Agrotait: calls $3
*** TURN *** [7c 2h 4c] [5d]
igmade: checks
Agrotait: bets $6
igmade: calls $6
*** RIVER *** [7c 2h 4c 5d] [3s]
igmade: bets $6
Agrotait: calls $6
*** SHOW DOWN ***
igmade: shows [As Kc] (a straight, Ace to Five)
Agrotait: shows [Ad Th] (a straight, Ace to Five)
igmade collected $23.75 from pot
Agrotait collected $23.75 from pot
*** SUMMARY ***
Total pot $48 | Rake $0.50
Board [7c 2h 4c 5d 3s]
Seat 3: igmade (big blind) showed [As Kc] and won ($23.75) with a straight, Ace to Five
Seat 4: Agrotait (button) (small blind) showed [Ad Th] and won ($23.75) with a straight, Ace to Five


PokerStars Hand #153763514422:  Hold'em Limit ($3/$6 USD) - 2016/05/24 2:54:28 ET
Table 'Matar' 6-max Seat #3 is the button
Seat 3: igmade ($196.94 in chips)
Seat 4: Agrotait ($61 in chips)
igmade: posts small blind $1
Agrotait: posts big blind $3
*** HOLE CARDS ***
igmade: folds
Uncalled bet ($2) returned to Agrotait
Agrotait collected $2 from pot
Agrotait: doesn't show hand
*** SUMMARY ***
Total pot $2 | Rake $0
Seat 3: igmade (button) (small blind) folded before Flop
Seat 4: Agrotait (big blind) collected ($2)


PokerStars Hand #153763510849:  Hold'em Limit ($3/$6 USD) - 2016/05/24 2:54:14 ET
Table 'Matar' 6-max Seat #4 is the button
Seat 3: igmade ($185.42 in chips)
Seat 4: Agrotait ($73 in chips)
Agrotait: posts small blind $1
igmade: posts big blind $3
*** HOLE CARDS ***
Agrotait: raises $3 to $6
igmade: raises $3 to $9
Agrotait: calls $3
*** FLOP *** [7s Qh 4c]
igmade: bets $3
Agrotait: calls $3
*** TURN *** [7s Qh 4c] [Kh]
igmade: bets $6
Agrotait: folds
Uncalled bet ($6) returned to igmade
igmade collected $23.52 from pot
*** SUMMARY ***
Total pot $24 | Rake $0.48
Board [7s Qh 4c Kh]
Seat 3: igmade (big blind) collected ($23.52)
Seat 4: Agrotait (button) (small blind) folded on the Turn


PokerStars Hand #153763535383:  Hold'em Limit ($3/$6 USD) - 2016/05/24 2:55:57 ET
Table 'Matar' 6-max Seat #4 is the button
Seat 3: igmade ($201.83 in chips)
Seat 4: Agrotait ($72 in chips)
Agrotait: posts small blind $1
igmade: posts big blind $3
*** HOLE CARDS ***
Agrotait: raises $3 to $6
igmade: calls $3
*** FLOP *** [4d 6d Ad]
igmade: checks
Agrotait: bets $3
igmade: folds
Uncalled bet ($3) returned to Agrotait
Agrotait collected $11.76 from pot
Agrotait: doesn't show hand
*** SUMMARY ***
Total pot $12 | Rake $0.24
Board [4d 6d Ad]
Seat 3: igmade (big blind) folded on the Flop
Seat 4: Agrotait (button) (small blind) collected ($11.76)


PokerStars Hand #153763531458:  Hold'em Limit ($3/$6 USD) - 2016/05/24 2:55:39 ET
Table 'Matar' 6-max Seat #3 is the button
Seat 3: igmade ($193.19 in chips)
Seat 4: Agrotait ($63.25 in chips)
igmade: posts small blind $1
Agrotait: posts big blind $3
*** HOLE CARDS ***
igmade: raises $3 to $6
Agrotait: calls $3
*** FLOP *** [Ah Qs 5c]
Agrotait: checks
igmade: bets $3
Agrotait: calls $3
*** TURN *** [Ah Qs 5c] [3s]
Agrotait: checks
igmade: checks
*** RIVER *** [Ah Qs 5c 3s] [9h]
Agrotait: checks
igmade: bets $6
Agrotait: folds
Uncalled bet ($6) returned to igmade
igmade collected $17.64 from pot
igmade: doesn't show hand
*** SUMMARY ***
Total pot $18 | Rake $0.36
Board [Ah Qs 5c 3s 9h]
Seat 3: igmade (button) (small blind) collected ($17.64)
Seat 4: Agrotait (big blind) folded on the River


PokerStars Hand #153763527220:  Hold'em Limit ($3/$6 USD) - 2016/05/24 2:55:20 ET
Table 'Matar' 6-max Seat #4 is the button
Seat 3: igmade ($169.69 in chips)
Seat 4: Agrotait ($87.25 in chips)
Agrotait: posts small blind $1
igmade: posts big blind $3
*** HOLE CARDS ***
Agrotait: raises $3 to $6
igmade: raises $3 to $9
Agrotait: calls $3
*** FLOP *** [7s Ad 5h]
igmade: bets $3
Agrotait: calls $3
*** TURN *** [7s Ad 5h] [3c]
igmade: bets $6
Agrotait: calls $6
*** RIVER *** [7s Ad 5h 3c] [9h]
igmade: bets $6
Agrotait: calls $6
*** SHOW DOWN ***
igmade: shows [8c 7d] (a pair of Sevens)
Agrotait: mucks hand
igmade collected $47.50 from pot
*** SUMMARY ***
Total pot $48 | Rake $0.50
Board [7s Ad 5h 3c 9h]
Seat 3: igmade (big blind) showed [8c 7d] and won ($47.50) with a pair of Sevens
Seat 4: Agrotait (button) (small blind) mucked


PokerStars Hand #153763526184:  Hold'em Limit ($3/$6 USD) - 2016/05/24 2:55:16 ET
Table 'Matar' 6-max Seat #3 is the button
Seat 3: igmade ($170.69 in chips)
Seat 4: Agrotait ($86.25 in chips)
igmade: posts small blind $1
Agrotait: posts big blind $3
*** HOLE CARDS ***
igmade: folds
Uncalled bet ($2) returned to Agrotait
Agrotait collected $2 from pot
Agrotait: doesn't show hand
*** SUMMARY ***
Total pot $2 | Rake $0
Seat 3: igmade (button) (small blind) folded before Flop
Seat 4: Agrotait (big blind) collected ($2)


PokerStars Hand #153763545650:  Hold'em Limit ($3/$6 USD) - 2016/05/24 2:56:42 ET
Table 'Matar' 6-max Seat #3 is the button
Seat 3: igmade ($234.09 in chips)
Seat 4: Agrotait ($72 in chips)
igmade: posts small blind $1
Agrotait: posts big blind $3
*** HOLE CARDS ***
igmade: raises $3 to $6
Agrotait: calls $3
*** FLOP *** [5d Jd Js]
Agrotait: checks
igmade: bets $3
Agrotait: raises $3 to $6
igmade: calls $3
*** TURN *** [5d Jd Js] [Kh]
Agrotait: checks
igmade: checks
*** RIVER *** [5d Jd Js Kh] [Qc]
Agrotait: bets $6
igmade: raises $6 to $12
Agrotait: calls $6
*** SHOW DOWN ***
igmade: shows [Ac Qs] (two pair, Queens and Jacks)
Agrotait: shows [Jh 6d] (three of a kind, Jacks)
Agrotait collected $47.50 from pot
*** SUMMARY ***
Total pot $48 | Rake $0.50
Board [5d Jd Js Kh Qc]
Seat 3: igmade (button) (small blind) showed [Ac Qs] and lost with two pair, Queens and Jacks
Seat 4: Agrotait (big blind) showed [Jh 6d] and won ($47.50) with three of a kind, Jacks


PokerStars Hand #153763552676:  Hold'em Limit ($3/$6 USD) - 2016/05/24 2:57:12 ET
Table 'Matar' 6-max Seat #3 is the button
Seat 3: igmade ($218.73 in chips)
Seat 4: Agrotait ($86.50 in chips)
igmade: posts small blind $1
Agrotait: posts big blind $3
*** HOLE CARDS ***
igmade: folds
Uncalled bet ($2) returned to Agrotait
Agrotait collected $2 from pot
Agrotait: doesn't show hand
*** SUMMARY ***
Total pot $2 | Rake $0
Seat 3: igmade (button) (small blind) folded before Flop
Seat 4: Agrotait (big blind) collected ($2)


PokerStars Hand #153763550159:  Hold'em Limit ($3/$6 USD) - 2016/05/24 2:57:01 ET
Table 'Matar' 6-max Seat #4 is the button
Seat 3: igmade ($210.09 in chips)
Seat 4: Agrotait ($95.50 in chips)
Agrotait: posts small blind $1
igmade: posts big blind $3
*** HOLE CARDS ***
Agrotait: raises $3 to $6
igmade: raises $3 to $9
Agrotait: calls $3
*** FLOP *** [Qd Ah 7d]
igmade: bets $3
Agrotait: folds
Uncalled bet ($3) returned to igmade
igmade collected $17.64 from pot
igmade: doesn't show hand
*** SUMMARY ***
Total pot $18 | Rake $0.36
Board [Qd Ah 7d]
Seat 3: igmade (big blind) collected ($17.64)
Seat 4: Agrotait (button) (small blind) folded on the Flop


PokerStars Hand #153763540573:  Hold'em Limit ($3/$6 USD) - 2016/05/24 2:56:20 ET
Table 'Matar' 6-max Seat #4 is the button
Seat 3: igmade ($201.59 in chips)
Seat 4: Agrotait ($71.76 in chips)
Agrotait: posts small blind $1
igmade: posts big blind $3
*** HOLE CARDS ***
Agrotait: raises $3 to $6
igmade: raises $3 to $9
Agrotait: calls $3
*** FLOP *** [Qh 3d 8s]
igmade: bets $3
Agrotait: raises $3 to $6
igmade: calls $3
*** TURN *** [Qh 3d 8s] [9d]
igmade: checks
Agrotait: bets $6
igmade: raises $6 to $12
Agrotait: calls $6
*** RIVER *** [Qh 3d 8s 9d] [As]
igmade: bets $6
Agrotait: calls $6
*** SHOW DOWN ***
igmade: shows [Jc Qd] (a pair of Queens)
Agrotait: mucks hand
igmade collected $65.50 from pot
*** SUMMARY ***
Total pot $66 | Rake $0.50
Board [Qh 3d 8s 9d As]
Seat 3: igmade (big blind) showed [Jc Qd] and won ($65.50) with a pair of Queens
Seat 4: Agrotait (button) (small blind) mucked


PokerStars Hand #153763537587:  Hold'em Limit ($3/$6 USD) - 2016/05/24 2:56:07 ET
Table 'Matar' 6-max Seat #3 is the button
Seat 3: igmade ($195.83 in chips)
Seat 4: Agrotait ($77.76 in chips)
igmade: posts small blind $1
Agrotait: posts big blind $3
*** HOLE CARDS ***
igmade: raises $3 to $6
Agrotait: calls $3
*** FLOP *** [9s Ts Ah]
Agrotait: checks
igmade: bets $3
Agrotait: folds
Uncalled bet ($3) returned to igmade
igmade collected $11.76 from pot
*** SUMMARY ***
Total pot $12 | Rake $0.24
Board [9s Ts Ah]
Seat 3: igmade (button) (small blind) collected ($11.76)
Seat 4: Agrotait (big blind) folded on the Flop


PokerStars Hand #153763555004:  Hold'em Limit ($3/$6 USD) - 2016/05/24 2:57:22 ET
Table 'Matar' 6-max Seat #3 is the button
Seat 3: igmade ($214.73 in chips)
Seat 4: Agrotait ($90.50 in chips)
igmade: posts small blind $1
Agrotait: posts big blind $3
*** HOLE CARDS ***
igmade: raises $3 to $6
Agrotait: raises $3 to $9
igmade: calls $3
*** FLOP *** [3h Qc 3d]
Agrotait: bets $3
igmade: calls $3
*** TURN *** [3h Qc 3d] [2h]
Agrotait: checks
igmade: bets $6
Agrotait: calls $6
*** RIVER *** [3h Qc 3d 2h] [8h]
Agrotait: checks
igmade: bets $6
Agrotait: calls $6
*** SHOW DOWN ***
igmade: shows [6c Qd] (two pair, Queens and Threes)
Agrotait: mucks hand
igmade collected $47.50 from pot
*** SUMMARY ***
Total pot $48 | Rake $0.50
Board [3h Qc 3d 2h 8h]
Seat 3: igmade (button) (small blind) showed [6c Qd] and won ($47.50) with two pair, Queens and Threes
Seat 4: Agrotait (big blind) mucked


PokerStars Hand #153763553713:  Hold'em Limit ($3/$6 USD) - 2016/05/24 2:57:17 ET
Table 'Matar' 6-max Seat #4 is the button
Seat 3: igmade ($217.73 in chips)
Seat 4: Agrotait ($87.50 in chips)
Agrotait: posts small blind $1
igmade: posts big blind $3
*** HOLE CARDS ***
Agrotait: raises $3 to $6
igmade: folds
Uncalled bet ($3) returned to Agrotait
Agrotait collected $6 from pot
Agrotait: doesn't show hand
*** SUMMARY ***
Total pot $6 | Rake $0
Seat 3: igmade (big blind) folded before Flop
Seat 4: Agrotait (button) (small blind) collected ($6)


PokerStars Hand #153763565676:  Hold'em Limit ($3/$6 USD) - 2016/05/24 2:58:08 ET
Table 'Matar' 6-max Seat #3 is the button
Seat 3: igmade ($242.87 in chips)
Seat 4: Agrotait ($76 in chips)
igmade: posts small blind $1
Agrotait: posts big blind $3
*** HOLE CARDS ***
igmade: folds
Uncalled bet ($2) returned to Agrotait
Agrotait collected $2 from pot
Agrotait: doesn't show hand
*** SUMMARY ***
Total pot $2 | Rake $0
Seat 3: igmade (button) (small blind) folded before Flop
Seat 4: Agrotait (big blind) collected ($2)


PokerStars Hand #153763564437:  Hold'em Limit ($3/$6 USD) - 2016/05/24 2:58:03 ET
Table 'Matar' 6-max Seat #4 is the button
Seat 3: igmade ($245.87 in chips)
Seat 4: Agrotait ($73 in chips)
Agrotait: posts small blind $1
igmade: posts big blind $3
*** HOLE CARDS ***
Agrotait: raises $3 to $6
igmade: folds
Uncalled bet ($3) returned to Agrotait
Agrotait collected $6 from pot
Agrotait: doesn't show hand
*** SUMMARY ***
Total pot $6 | Rake $0
Seat 3: igmade (big blind) folded before Flop
Seat 4: Agrotait (button) (small blind) collected ($6)


PokerStars Hand #153763563230:  Hold'em Limit ($3/$6 USD) - 2016/05/24 2:57:58 ET
Table 'Matar' 6-max Seat #3 is the button
Seat 3: igmade ($246.87 in chips)
Seat 4: Agrotait ($72 in chips)
igmade: posts small blind $1
Agrotait: posts big blind $3
*** HOLE CARDS ***
igmade: folds
Uncalled bet ($2) returned to Agrotait
Agrotait collected $2 from pot
Agrotait: doesn't show hand
*** SUMMARY ***
Total pot $2 | Rake $0
Seat 3: igmade (button) (small blind) folded before Flop
Seat 4: Agrotait (big blind) collected ($2)


PokerStars Hand #153763559652:  Hold'em Limit ($3/$6 USD) - 2016/05/24 2:57:42 ET
Table 'Matar' 6-max Seat #4 is the button
Seat 3: igmade ($238.23 in chips)
Seat 4: Agrotait ($66.50 in chips)
Agrotait: posts small blind $1
igmade: posts big blind $3
*** HOLE CARDS ***
Agrotait: calls $2
igmade: checks
*** FLOP *** [5s 6c 8d]
igmade: checks
Agrotait: bets $3
igmade: raises $3 to $6
Agrotait: calls $3
*** TURN *** [5s 6c 8d] [6d]
igmade: bets $6
Agrotait: folds
Uncalled bet ($6) returned to igmade
igmade collected $17.64 from pot
*** SUMMARY ***
Total pot $18 | Rake $0.36
Board [5s 6c 8d 6d]
Seat 3: igmade (big blind) collected ($17.64)
Seat 4: Agrotait (button) (small blind) folded on the Turn


PokerStars Hand #153763569958:  Hold'em Limit ($3/$6 USD) - 2016/05/24 2:58:27 ET
Table 'Matar' 6-max Seat #3 is the button
Seat 3: igmade ($250.51 in chips)
Seat 4: Agrotait ($68 in chips)
igmade: posts small blind $1
Agrotait: posts big blind $3
*** HOLE CARDS ***
igmade: raises $3 to $6
Agrotait: raises $3 to $9
igmade: calls $3
*** FLOP *** [4h Ad 3d]
Agrotait: bets $3
igmade: calls $3
*** TURN *** [4h Ad 3d] [9d]
Agrotait: bets $6
igmade: calls $6
*** RIVER *** [4h Ad 3d 9d] [3c]
Agrotait: bets $6
igmade: calls $6
*** SHOW DOWN ***
Agrotait: shows [Td Qd] (a flush, Ace high)
igmade: mucks hand
Agrotait collected $47.50 from pot
*** SUMMARY ***
Total pot $48 | Rake $0.50
Board [4h Ad 3d 9d 3c]
Seat 3: igmade (button) (small blind) mucked
Seat 4: Agrotait (big blind) showed [Td Qd] and won ($47.50) with a flush, Ace high


PokerStars Hand #153763574400:  Hold'em Limit ($3/$6 USD) - 2016/05/24 2:58:46 ET
Table 'Matar' 6-max Seat #4 is the button
Seat 3: igmade ($226.51 in chips)
Seat 4: Agrotait ($91.50 in chips)
Agrotait: posts small blind $1
igmade: posts big blind $3
*** HOLE CARDS ***
Agrotait: raises $3 to $6
igmade: calls $3
*** FLOP *** [2s 5s Kc]
igmade: checks
Agrotait: checks
*** TURN *** [2s 5s Kc] [Qs]
igmade: checks
Agrotait: checks
*** RIVER *** [2s 5s Kc Qs] [4h]
igmade: bets $6
Agrotait: calls $6
*** SHOW DOWN ***
igmade: shows [6s 5h] (a pair of Fives)
Agrotait: mucks hand
igmade collected $23.52 from pot
*** SUMMARY ***
Total pot $24 | Rake $0.48
Board [2s 5s Kc Qs 4h]
Seat 3: igmade (big blind) showed [6s 5h] and won ($23.52) with a pair of Fives
Seat 4: Agrotait (button) (small blind) mucked


PokerStars Hand #153763566725:  Hold'em Limit ($3/$6 USD) - 2016/05/24 2:58:13 ET
Table 'Matar' 6-max Seat #4 is the button
Seat 3: igmade ($241.87 in chips)
Seat 4: Agrotait ($77 in chips)
Agrotait: posts small blind $1
igmade: posts big blind $3
*** HOLE CARDS ***
Agrotait: raises $3 to $6
igmade: calls $3
*** FLOP *** [Qs As 6s]
igmade: checks
Agrotait: bets $3
igmade: calls $3
*** TURN *** [Qs As 6s] [Js]
igmade: checks
Agrotait: checks
*** RIVER *** [Qs As 6s Js] [2h]
igmade: bets $6
Agrotait: folds
Uncalled bet ($6) returned to igmade
igmade collected $17.64 from pot
igmade: doesn't show hand
*** SUMMARY ***
Total pot $18 | Rake $0.36
Board [Qs As 6s Js 2h]
Seat 3: igmade (big blind) collected ($17.64)
Seat 4: Agrotait (button) (small blind) folded on the River


PokerStars Hand #153763588196:  Hold'em Limit ($3/$6 USD) - 2016/05/24 2:59:45 ET
Table 'Matar' 6-max Seat #3 is the button
Seat 3: igmade ($219.91 in chips)
Seat 4: Agrotait ($97 in chips)
igmade: posts small blind $1
Agrotait: posts big blind $3
*** HOLE CARDS ***
igmade: raises $3 to $6
Agrotait: calls $3
*** FLOP *** [4d Tc 8c]
Agrotait: checks
igmade: checks
*** TURN *** [4d Tc 8c] [Ks]
Agrotait: bets $6
igmade: folds
Uncalled bet ($6) returned to Agrotait
Agrotait collected $11.76 from pot
Agrotait: doesn't show hand
*** SUMMARY ***
Total pot $12 | Rake $0.24
Board [4d Tc 8c Ks]
Seat 3: igmade (button) (small blind) folded on the Turn
Seat 4: Agrotait (big blind) collected ($11.76)


PokerStars Hand #153763578438:  Hold'em Limit ($3/$6 USD) - 2016/05/24 2:59:04 ET
Table 'Matar' 6-max Seat #3 is the button
Seat 3: igmade ($238.03 in chips)
Seat 4: Agrotait ($79.50 in chips)
igmade: posts small blind $1
Agrotait: posts big blind $3
*** HOLE CARDS ***
igmade: calls $2
Agrotait: checks
*** FLOP *** [3s Kc Kh]
Agrotait: checks
igmade: checks
*** TURN *** [3s Kc Kh] [8s]
Agrotait: checks
igmade: checks
*** RIVER *** [3s Kc Kh 8s] [Kd]
Agrotait: checks
igmade: checks
*** SHOW DOWN ***
Agrotait: shows [6h 5s] (three of a kind, Kings)
igmade: shows [9c 4c] (three of a kind, Kings - Nine kicker)
igmade collected $5.88 from pot
*** SUMMARY ***
Total pot $6 | Rake $0.12
Board [3s Kc Kh 8s Kd]
Seat 3: igmade (button) (small blind) showed [9c 4c] and won ($5.88) with three of a kind, Kings
Seat 4: Agrotait (big blind) showed [6h 5s] and lost with three of a kind, Kings


PokerStars Hand #153763583735:  Hold'em Limit ($3/$6 USD) - 2016/05/24 2:59:26 ET
Table 'Matar' 6-max Seat #4 is the button
Seat 3: igmade ($240.91 in chips)
Seat 4: Agrotait ($76.50 in chips)
Agrotait: posts small blind $1
igmade: posts big blind $3
*** HOLE CARDS ***
Agrotait: raises $3 to $6
igmade: calls $3
*** FLOP *** [8d 2c Jh]
igmade: checks
Agrotait: bets $3
igmade: calls $3
*** TURN *** [8d 2c Jh] [5h]
igmade: checks
Agrotait: bets $6
igmade: calls $6
*** RIVER *** [8d 2c Jh 5h] [Qh]
igmade: checks
Agrotait: bets $6
igmade: calls $6
*** SHOW DOWN ***
Agrotait: shows [8c 5c] (two pair, Eights and Fives)
igmade: mucks hand
Agrotait collected $41.50 from pot
*** SUMMARY ***
Total pot $42 | Rake $0.50
Board [8d 2c Jh 5h Qh]
Seat 3: igmade (big blind) mucked
Seat 4: Agrotait (button) (small blind) showed [8c 5c] and won ($41.50) with two pair, Eights and Fives


PokerStars Hand #153763592413:  Hold'em Limit ($3/$6 USD) - 2016/05/24 3:00:03 ET
Table 'Matar' 6-max Seat #4 is the button
Seat 3: igmade ($213.91 in chips)
Seat 4: Agrotait ($102.76 in chips)
Agrotait: posts small blind $1
igmade: posts big blind $3
*** HOLE CARDS ***
Agrotait: raises $3 to $6
igmade: raises $3 to $9
Agrotait: calls $3
*** FLOP *** [Qs 3d 5h]
igmade: bets $3
Agrotait: calls $3
*** TURN *** [Qs 3d 5h] [9h]
igmade: bets $6
Agrotait: calls $6
*** RIVER *** [Qs 3d 5h 9h] [7d]
igmade: bets $6
Agrotait: folds
Uncalled bet ($6) returned to igmade
igmade collected $35.50 from pot
igmade: doesn't show hand
*** SUMMARY ***
Total pot $36 | Rake $0.50
Board [Qs 3d 5h 9h 7d]
Seat 3: igmade (big blind) collected ($35.50)
Seat 4: Agrotait (button) (small blind) folded on the River


PokerStars Hand #153763603693:  Hold'em Limit ($3/$6 USD) - 2016/05/24 3:00:49 ET
Table 'Matar' 6-max Seat #4 is the button
Seat 3: igmade ($254.91 in chips)
Seat 4: Agrotait ($60.76 in chips)
Agrotait: posts small blind $1
igmade: posts big blind $3
*** HOLE CARDS ***
Agrotait: raises $3 to $6
igmade: calls $3
*** FLOP *** [9d Th 9c]
igmade: checks
Agrotait: bets $3
igmade: folds
Uncalled bet ($3) returned to Agrotait
Agrotait collected $11.76 from pot
Agrotait: doesn't show hand
*** SUMMARY ***
Total pot $12 | Rake $0.24
Board [9d Th 9c]
Seat 3: igmade (big blind) folded on the Flop
Seat 4: Agrotait (button) (small blind) collected ($11.76)


PokerStars Hand #153763599306:  Hold'em Limit ($3/$6 USD) - 2016/05/24 3:00:32 ET
Table 'Matar' 6-max Seat #3 is the button
Seat 3: igmade ($231.41 in chips)
Seat 4: Agrotait ($84.76 in chips)
igmade: posts small blind $1
Agrotait: posts big blind $3
*** HOLE CARDS ***
igmade: raises $3 to $6
Agrotait: raises $3 to $9
igmade: calls $3
*** FLOP *** [2s 6h Qc]
Agrotait: bets $3
igmade: calls $3
*** TURN *** [2s 6h Qc] [2c]
Agrotait: checks
igmade: bets $6
Agrotait: calls $6
*** RIVER *** [2s 6h Qc 2c] [Th]
Agrotait: checks
igmade: bets $6
Agrotait: calls $6
*** SHOW DOWN ***
igmade: shows [Qh Js] (two pair, Queens and Deuces)
Agrotait: mucks hand
igmade collected $47.50 from pot
*** SUMMARY ***
Total pot $48 | Rake $0.50
Board [2s 6h Qc 2c Th]
Seat 3: igmade (button) (small blind) showed [Qh Js] and won ($47.50) with two pair, Queens and Deuces
Seat 4: Agrotait (big blind) mucked


PokerStars Hand #153763621188:  Hold'em Limit ($3/$6 USD) - 2016/05/24 3:01:57 ET
Table 'Matar' 6-max Seat #4 is the button
Seat 3: igmade ($226.91 in chips)
Seat 4: Agrotait ($87.78 in chips)
Agrotait: posts small blind $1
igmade: posts big blind $3
*** HOLE CARDS ***
Agrotait: folds
Uncalled bet ($2) returned to igmade
igmade collected $2 from pot
*** SUMMARY ***
Total pot $2 | Rake $0
Seat 3: igmade (big blind) collected ($2)
Seat 4: Agrotait (button) (small blind) folded before Flop


PokerStars Hand #153763624359:  Hold'em Limit ($3/$6 USD) - 2016/05/24 3:02:09 ET
Table 'Matar' 6-max Seat #4 is the button
Seat 3: igmade ($226.91 in chips)
Seat 4: Agrotait ($87.78 in chips)
Agrotait: posts small blind $1
igmade: posts big blind $3
*** HOLE CARDS ***
Agrotait: folds
Uncalled bet ($2) returned to igmade
igmade collected $2 from pot
*** SUMMARY ***
Total pot $2 | Rake $0
Seat 3: igmade (big blind) collected ($2)
Seat 4: Agrotait (button) (small blind) folded before Flop


PokerStars Hand #153763623085:  Hold'em Limit ($3/$6 USD) - 2016/05/24 3:02:04 ET
Table 'Matar' 6-max Seat #3 is the button
Seat 3: igmade ($227.91 in chips)
Seat 4: Agrotait ($86.78 in chips)
igmade: posts small blind $1
Agrotait: posts big blind $3
*** HOLE CARDS ***
igmade: folds
Uncalled bet ($2) returned to Agrotait
Agrotait collected $2 from pot
Agrotait: doesn't show hand
*** SUMMARY ***
Total pot $2 | Rake $0
Seat 3: igmade (button) (small blind) folded before Flop
Seat 4: Agrotait (big blind) collected ($2)


PokerStars Hand #153763606321:  Hold'em Limit ($3/$6 USD) - 2016/05/24 3:01:00 ET
Table 'Matar' 6-max Seat #3 is the button
Seat 3: igmade ($248.91 in chips)
Seat 4: Agrotait ($66.52 in chips)
igmade: posts small blind $1
Agrotait: posts big blind $3
*** HOLE CARDS ***
igmade: calls $2
Agrotait: raises $3 to $6
igmade: calls $3
*** FLOP *** [Jh Jd 8d]
Agrotait: bets $3
igmade: calls $3
*** TURN *** [Jh Jd 8d] [9c]
Agrotait: checks
igmade: checks
*** RIVER *** [Jh Jd 8d 9c] [As]
Agrotait: checks
igmade: bets $6
Agrotait: calls $6
*** SHOW DOWN ***
igmade: shows [7h 2h] (a pair of Jacks)
Agrotait: shows [5d Kh] (a pair of Jacks - Ace+King kicker)
Agrotait collected $29.50 from pot
*** SUMMARY ***
Total pot $30 | Rake $0.50
Board [Jh Jd 8d 9c As]
Seat 3: igmade (button) (small blind) showed [7h 2h] and lost with a pair of Jacks
Seat 4: Agrotait (big blind) showed [5d Kh] and won ($29.50) with a pair of Jacks


PokerStars Hand #153763620083:  Hold'em Limit ($3/$6 USD) - 2016/05/24 3:01:53 ET
Table 'Matar' 6-max Seat #3 is the button
Seat 3: igmade ($227.91 in chips)
Seat 4: Agrotait ($86.78 in chips)
igmade: posts small blind $1
Agrotait: posts big blind $3
*** HOLE CARDS ***
igmade: folds
Uncalled bet ($2) returned to Agrotait
Agrotait collected $2 from pot
Agrotait: doesn't show hand
*** SUMMARY ***
Total pot $2 | Rake $0
Seat 3: igmade (button) (small blind) folded before Flop
Seat 4: Agrotait (big blind) collected ($2)


PokerStars Hand #153763625558:  Hold'em Limit ($3/$6 USD) - 2016/05/24 3:02:14 ET
Table 'Matar' 6-max Seat #3 is the button
Seat 3: igmade ($227.91 in chips)
Seat 4: Agrotait ($86.78 in chips)
igmade: posts small blind $1
Agrotait: posts big blind $3
*** HOLE CARDS ***
igmade: folds
Uncalled bet ($2) returned to Agrotait
Agrotait collected $2 from pot
Agrotait: doesn't show hand
*** SUMMARY ***
Total pot $2 | Rake $0
Seat 3: igmade (button) (small blind) folded before Flop
Seat 4: Agrotait (big blind) collected ($2)


PokerStars Hand #153763631868:  Hold'em Limit ($3/$6 USD) - 2016/05/24 3:02:39 ET
Table 'Matar' 6-max Seat #4 is the button
Seat 3: igmade ($216.91 in chips)
Seat 4: Agrotait ($97.42 in chips)
Agrotait: posts small blind $1
igmade: posts big blind $3
*** HOLE CARDS ***
Agrotait: raises $3 to $6
igmade: calls $3
*** FLOP *** [6h 2d 3s]
igmade: checks
Agrotait: bets $3
igmade: raises $3 to $6
Agrotait: calls $3
*** TURN *** [6h 2d 3s] [2c]
igmade: bets $6
Agrotait: calls $6
*** RIVER *** [6h 2d 3s 2c] [Jd]
igmade: bets $6
Agrotait: folds
Uncalled bet ($6) returned to igmade
igmade collected $35.50 from pot
igmade: doesn't show hand
*** SUMMARY ***
Total pot $36 | Rake $0.50
Board [6h 2d 3s 2c Jd]
Seat 3: igmade (big blind) collected ($35.50)
Seat 4: Agrotait (button) (small blind) folded on the River


PokerStars Hand #153763630731:  Hold'em Limit ($3/$6 USD) - 2016/05/24 3:02:34 ET
Table 'Matar' 6-max Seat #3 is the button
Seat 3: igmade ($217.91 in chips)
Seat 4: Agrotait ($96.42 in chips)
igmade: posts small blind $1
Agrotait: posts big blind $3
*** HOLE CARDS ***
igmade: folds
Uncalled bet ($2) returned to Agrotait
Agrotait collected $2 from pot
Agrotait: doesn't show hand
*** SUMMARY ***
Total pot $2 | Rake $0
Seat 3: igmade (button) (small blind) folded before Flop
Seat 4: Agrotait (big blind) collected ($2)


PokerStars Hand #153763626749:  Hold'em Limit ($3/$6 USD) - 2016/05/24 3:02:19 ET
Table 'Matar' 6-max Seat #4 is the button
Seat 3: igmade ($226.91 in chips)
Seat 4: Agrotait ($87.78 in chips)
Agrotait: posts small blind $1
igmade: posts big blind $3
*** HOLE CARDS ***
Agrotait: raises $3 to $6
igmade: calls $3
*** FLOP *** [2c 8d 6h]
igmade: checks
Agrotait: bets $3
igmade: calls $3
*** TURN *** [2c 8d 6h] [3s]
igmade: checks
Agrotait: checks
*** RIVER *** [2c 8d 6h 3s] [8h]
igmade: checks
Agrotait: checks
*** SHOW DOWN ***
igmade: shows [4d Qd] (a pair of Eights)
Agrotait: shows [Td Kc] (a pair of Eights - King kicker)
Agrotait collected $17.64 from pot
*** SUMMARY ***
Total pot $18 | Rake $0.36
Board [2c 8d 6h 3s 8h]
Seat 3: igmade (big blind) showed [4d Qd] and lost with a pair of Eights
Seat 4: Agrotait (button) (small blind) showed [Td Kc] and won ($17.64) with a pair of Eights


PokerStars Hand #153763636599:  Hold'em Limit ($3/$6 USD) - 2016/05/24 3:02:57 ET
Table 'Matar' 6-max Seat #3 is the button
Seat 3: igmade ($234.41 in chips)
Seat 4: Agrotait ($79.42 in chips)
igmade: posts small blind $1
Agrotait: posts big blind $3
*** HOLE CARDS ***
igmade: folds
Uncalled bet ($2) returned to Agrotait
Agrotait collected $2 from pot
Agrotait: doesn't show hand
*** SUMMARY ***
Total pot $2 | Rake $0
Seat 3: igmade (button) (small blind) folded before Flop
Seat 4: Agrotait (big blind) collected ($2)


PokerStars Hand #153763646419:  Hold'em Limit ($3/$6 USD) - 2016/05/24 3:03:34 ET
Table 'Matar' 6-max Seat #3 is the button
Seat 3: igmade ($256.91 in chips)
Seat 4: Agrotait ($72 in chips)
igmade: posts small blind $1
Agrotait: posts big blind $3
*** HOLE CARDS ***
igmade: folds
Uncalled bet ($2) returned to Agrotait
Agrotait collected $2 from pot
Agrotait: doesn't show hand
*** SUMMARY ***
Total pot $2 | Rake $0
Seat 3: igmade (button) (small blind) folded before Flop
Seat 4: Agrotait (big blind) collected ($2)


PokerStars Hand #153763647656:  Hold'em Limit ($3/$6 USD) - 2016/05/24 3:03:39 ET
Table 'Matar' 6-max Seat #4 is the button
Seat 3: igmade ($255.91 in chips)
Seat 4: Agrotait ($73 in chips)
Agrotait: posts small blind $1
igmade: posts big blind $3
*** HOLE CARDS ***
Agrotait: raises $3 to $6
igmade: calls $3
*** FLOP *** [2h 8d Qc]
igmade: checks
Agrotait: bets $3
igmade: calls $3
*** TURN *** [2h 8d Qc] [2d]
igmade: checks
Agrotait: checks
*** RIVER *** [2h 8d Qc 2d] [5d]
igmade: bets $6
Agrotait: calls $6
*** SHOW DOWN ***
igmade: shows [5c Qd] (two pair, Queens and Fives)
Agrotait: mucks hand
igmade collected $29.50 from pot
*** SUMMARY ***
Total pot $30 | Rake $0.50
Board [2h 8d Qc 2d 5d]
Seat 3: igmade (big blind) showed [5c Qd] and won ($29.50) with two pair, Queens and Fives
Seat 4: Agrotait (button) (small blind) mucked


PokerStars Hand #153763637763:  Hold'em Limit ($3/$6 USD) - 2016/05/24 3:03:01 ET
Table 'Matar' 6-max Seat #4 is the button
Seat 3: igmade ($233.41 in chips)
Seat 4: Agrotait ($80.42 in chips)
Agrotait: posts small blind $1
igmade: posts big blind $3
*** HOLE CARDS ***
Agrotait: raises $3 to $6
igmade: calls $3
*** FLOP *** [4d 9c Ad]
igmade: checks
Agrotait: bets $3
igmade: raises $3 to $6
Agrotait: calls $3
*** TURN *** [4d 9c Ad] [2h]
igmade: bets $6
Agrotait: calls $6
*** RIVER *** [4d 9c Ad 2h] [6c]
igmade: bets $6
Agrotait: calls $6
*** SHOW DOWN ***
igmade: shows [4h 7s] (a pair of Fours)
Agrotait: mucks hand
igmade collected $47.50 from pot
*** SUMMARY ***
Total pot $48 | Rake $0.50
Board [4d 9c Ad 2h 6c]
Seat 3: igmade (big blind) showed [4h 7s] and won ($47.50) with a pair of Fours
Seat 4: Agrotait (button) (small blind) mucked


PokerStars Hand #153763652079:  Hold'em Limit ($3/$6 USD) - 2016/05/24 3:03:55 ET
Table 'Matar' 6-max Seat #3 is the button
Seat 3: igmade ($270.41 in chips)
Seat 4: Agrotait ($72 in chips)
igmade: posts small blind $1
Agrotait: posts big blind $3
*** HOLE CARDS ***
igmade: calls $2
Agrotait: raises $3 to $6
igmade: calls $3
*** FLOP *** [Qh Ah 6s]
Agrotait: bets $3
igmade: calls $3
*** TURN *** [Qh Ah 6s] [8d]
Agrotait: bets $6
igmade: raises $6 to $12
Agrotait: calls $6
*** RIVER *** [Qh Ah 6s 8d] [Qc]
Agrotait: checks
igmade: bets $6
Agrotait: calls $6
*** SHOW DOWN ***
igmade: shows [2s Ac] (two pair, Aces and Queens)
Agrotait: shows [Td Ad] (two pair, Aces and Queens - Ten kicker)
Agrotait collected $53.50 from pot
*** SUMMARY ***
Total pot $54 | Rake $0.50
Board [Qh Ah 6s 8d Qc]
Seat 3: igmade (button) (small blind) showed [2s Ac] and lost with two pair, Aces and Queens
Seat 4: Agrotait (big blind) showed [Td Ad] and won ($53.50) with two pair, Aces and Queens


PokerStars Hand #153763664091:  Hold'em Limit ($3/$6 USD) - 2016/05/24 3:04:41 ET
Table 'Matar' 6-max Seat #3 is the button
Seat 3: igmade ($260.91 in chips)
Seat 4: Agrotait ($80.50 in chips)
igmade: posts small blind $1
Agrotait: posts big blind $3
*** HOLE CARDS ***
igmade: raises $3 to $6
Agrotait: calls $3
*** FLOP *** [As Tc Kc]
Agrotait: checks
igmade: bets $3
Agrotait: folds
Uncalled bet ($3) returned to igmade
igmade collected $11.76 from pot
*** SUMMARY ***
Total pot $12 | Rake $0.24
Board [As Tc Kc]
Seat 3: igmade (button) (small blind) collected ($11.76)
Seat 4: Agrotait (big blind) folded on the Flop


PokerStars Hand #153763659199:  Hold'em Limit ($3/$6 USD) - 2016/05/24 3:04:22 ET
Table 'Matar' 6-max Seat #4 is the button
Seat 3: igmade ($243.41 in chips)
Seat 4: Agrotait ($98.50 in chips)
Agrotait: posts small blind $1
igmade: posts big blind $3
*** HOLE CARDS ***
Agrotait: raises $3 to $6
igmade: raises $3 to $9
Agrotait: calls $3
*** FLOP *** [Qc Jc 8d]
igmade: bets $3
Agrotait: calls $3
*** TURN *** [Qc Jc 8d] [Kh]
igmade: checks
Agrotait: bets $6
igmade: raises $6 to $12
Agrotait: folds
Uncalled bet ($6) returned to igmade
igmade collected $35.50 from pot
*** SUMMARY ***
Total pot $36 | Rake $0.50
Board [Qc Jc 8d Kh]
Seat 3: igmade (big blind) collected ($35.50)
Seat 4: Agrotait (button) (small blind) folded on the Turn


PokerStars Hand #153763667155:  Hold'em Limit ($3/$6 USD) - 2016/05/24 3:04:52 ET
Table 'Matar' 6-max Seat #4 is the button
Seat 3: igmade ($266.67 in chips)
Seat 4: Agrotait ($74.50 in chips)
Agrotait: posts small blind $1
igmade: posts big blind $3
*** HOLE CARDS ***
Agrotait: raises $3 to $6
igmade: calls $3
*** FLOP *** [7h 6c 7c]
igmade: checks
Agrotait: bets $3
igmade: calls $3
*** TURN *** [7h 6c 7c] [2c]
igmade: checks
Agrotait: bets $6
igmade: calls $6
*** RIVER *** [7h 6c 7c 2c] [Ts]
igmade: checks
Agrotait: bets $6
igmade: calls $6
*** SHOW DOWN ***
Agrotait: shows [Tc 3c] (a flush, Ten high)
igmade: mucks hand
Agrotait collected $41.50 from pot
*** SUMMARY ***
Total pot $42 | Rake $0.50
Board [7h 6c 7c 2c Ts]
Seat 3: igmade (big blind) mucked
Seat 4: Agrotait (button) (small blind) showed [Tc 3c] and won ($41.50) with a flush, Ten high


PokerStars Hand #153763672197:  Hold'em Limit ($3/$6 USD) - 2016/05/24 3:05:12 ET
Table 'Matar' 6-max Seat #3 is the button
Seat 3: igmade ($245.67 in chips)
Seat 4: Agrotait ($95 in chips)
igmade: posts small blind $1
Agrotait: posts big blind $3
*** HOLE CARDS ***
igmade: raises $3 to $6
Agrotait: folds
Uncalled bet ($3) returned to igmade
igmade collected $6 from pot
igmade: doesn't show hand
*** SUMMARY ***
Total pot $6 | Rake $0
Seat 3: igmade (button) (small blind) collected ($6)
Seat 4: Agrotait (big blind) folded before Flop


PokerStars Hand #153763674423:  Hold'em Limit ($3/$6 USD) - 2016/05/24 3:05:20 ET
Table 'Matar' 6-max Seat #4 is the button
Seat 3: igmade ($248.67 in chips)
Seat 4: Agrotait ($92 in chips)
Agrotait: posts small blind $1
igmade: posts big blind $3
*** HOLE CARDS ***
Agrotait: raises $3 to $6
igmade: calls $3
*** FLOP *** [5h 3s 3c]
igmade: checks
Agrotait: bets $3
igmade: raises $3 to $6
Agrotait: calls $3
*** TURN *** [5h 3s 3c] [Qc]
igmade: bets $6
Agrotait: folds
Uncalled bet ($6) returned to igmade
igmade collected $23.52 from pot
igmade: doesn't show hand
*** SUMMARY ***
Total pot $24 | Rake $0.48
Board [5h 3s 3c Qc]
Seat 3: igmade (big blind) collected ($23.52)
Seat 4: Agrotait (button) (small blind) folded on the Turn


PokerStars Hand #153763678543:  Hold'em Limit ($3/$6 USD) - 2016/05/24 3:05:35 ET
Table 'Matar' 6-max Seat #3 is the button
Seat 3: igmade ($260.19 in chips)
Seat 4: Agrotait ($80 in chips)
igmade: posts small blind $1
Agrotait: posts big blind $3
*** HOLE CARDS ***
igmade: raises $3 to $6
Agrotait: raises $3 to $9
igmade: raises $3 to $12
Betting is capped
Agrotait: calls $3
*** FLOP *** [6s Th Ks]
Agrotait: checks
igmade: bets $3
Agrotait: calls $3
*** TURN *** [6s Th Ks] [Td]
Agrotait: checks
igmade: bets $6
Agrotait: calls $6
*** RIVER *** [6s Th Ks Td] [5s]
Agrotait: checks
igmade: checks
*** SHOW DOWN ***
Agrotait: shows [Js Ac] (a pair of Tens)
igmade: mucks hand
Agrotait collected $41.50 from pot
*** SUMMARY ***
Total pot $42 | Rake $0.50
Board [6s Th Ks Td 5s]
Seat 3: igmade (button) (small blind) mucked
Seat 4: Agrotait (big blind) showed [Js Ac] and won ($41.50) with a pair of Tens


PokerStars Hand #153763692528:  Hold'em Limit ($3/$6 USD) - 2016/05/24 3:06:29 ET
Table 'Matar' 6-max Seat #3 is the button
Seat 3: igmade ($247.83 in chips)
Seat 4: Agrotait ($91.50 in chips)
igmade: posts small blind $1
Agrotait: posts big blind $3
*** HOLE CARDS ***
igmade: raises $3 to $6
Agrotait: folds
Uncalled bet ($3) returned to igmade
igmade collected $6 from pot
*** SUMMARY ***
Total pot $6 | Rake $0
Seat 3: igmade (button) (small blind) collected ($6)
Seat 4: Agrotait (big blind) folded before Flop


PokerStars Hand #153763685301:  Hold'em Limit ($3/$6 USD) - 2016/05/24 3:06:01 ET
Table 'Matar' 6-max Seat #4 is the button
Seat 3: igmade ($239.19 in chips)
Seat 4: Agrotait ($100.50 in chips)
Agrotait: posts small blind $1
igmade: posts big blind $3
*** HOLE CARDS ***
Agrotait: raises $3 to $6
igmade: raises $3 to $9
Agrotait: calls $3
*** FLOP *** [8d 4h Tc]
igmade: bets $3
Agrotait: folds
Uncalled bet ($3) returned to igmade
igmade collected $17.64 from pot
igmade: doesn't show hand
*** SUMMARY ***
Total pot $18 | Rake $0.36
Board [8d 4h Tc]
Seat 3: igmade (big blind) collected ($17.64)
Seat 4: Agrotait (button) (small blind) folded on the Flop


PokerStars Hand #153763694050:  Hold'em Limit ($3/$6 USD) - 2016/05/24 3:06:34 ET
Table 'Matar' 6-max Seat #4 is the button
Seat 3: igmade ($250.83 in chips)
Seat 4: Agrotait ($88.50 in chips)
Agrotait: posts small blind $1
igmade: posts big blind $3
*** HOLE CARDS ***
Agrotait: raises $3 to $6
igmade: raises $3 to $9
Agrotait: calls $3
*** FLOP *** [5h 7d Js]
igmade: bets $3
Agrotait: calls $3
*** TURN *** [5h 7d Js] [9d]
igmade: bets $6
Agrotait: calls $6
*** RIVER *** [5h 7d Js 9d] [8d]
igmade: bets $6
Agrotait: raises $6 to $12
igmade: calls $6
*** SHOW DOWN ***
Agrotait: shows [Th Kh] (a straight, Seven to Jack)
igmade: mucks hand
Agrotait collected $59.50 from pot
*** SUMMARY ***
Total pot $60 | Rake $0.50
Board [5h 7d Js 9d 8d]
Seat 3: igmade (big blind) mucked
Seat 4: Agrotait (button) (small blind) showed [Th Kh] and won ($59.50) with a straight, Seven to Jack


PokerStars Hand #153763706243:  Hold'em Limit ($3/$6 USD) - 2016/05/24 3:07:20 ET
Table 'Matar' 6-max Seat #3 is the button
Seat 3: igmade ($220.83 in chips)
Seat 4: Agrotait ($118 in chips)
igmade: posts small blind $1
Agrotait: posts big blind $3
*** HOLE CARDS ***
igmade: raises $3 to $6
Agrotait: calls $3
*** FLOP *** [9h Jd Kc]
Agrotait: checks
igmade: bets $3
Agrotait: calls $3
*** TURN *** [9h Jd Kc] [4c]
Agrotait: checks
igmade: checks
*** RIVER *** [9h Jd Kc 4c] [3h]
Agrotait: checks
igmade: bets $6
Agrotait: folds
Uncalled bet ($6) returned to igmade
igmade collected $17.64 from pot
igmade: doesn't show hand
*** SUMMARY ***
Total pot $18 | Rake $0.36
Board [9h Jd Kc 4c 3h]
Seat 3: igmade (button) (small blind) collected ($17.64)
Seat 4: Agrotait (big blind) folded on the River


PokerStars Hand #153763714935:  Hold'em Limit ($3/$6 USD) - 2016/05/24 3:07:54 ET
Table 'Matar' 6-max Seat #4 is the button
Seat 3: igmade ($229.47 in chips)
Seat 4: Agrotait ($109 in chips)
Agrotait: posts small blind $1
igmade: posts big blind $3
*** HOLE CARDS ***
Agrotait: raises $3 to $6
igmade: calls $3
*** FLOP *** [7h 8h Ad]
igmade: checks
Agrotait: bets $3
igmade: calls $3
*** TURN *** [7h 8h Ad] [3c]
igmade: checks
Agrotait: checks
*** RIVER *** [7h 8h Ad 3c] [Jh]
igmade: bets $6
Agrotait: folds
Uncalled bet ($6) returned to igmade
igmade collected $17.64 from pot
igmade: doesn't show hand
*** SUMMARY ***
Total pot $18 | Rake $0.36
Board [7h 8h Ad 3c Jh]
Seat 3: igmade (big blind) collected ($17.64)
Seat 4: Agrotait (button) (small blind) folded on the River


PokerStars Hand #153763718557:  Hold'em Limit ($3/$6 USD) - 2016/05/24 3:08:08 ET
Table 'Matar' 6-max Seat #3 is the button
Seat 3: igmade ($238.11 in chips)
Seat 4: Agrotait ($100 in chips)
igmade: posts small blind $1
Agrotait: posts big blind $3
*** HOLE CARDS ***
igmade: folds
Uncalled bet ($2) returned to Agrotait
Agrotait collected $2 from pot
Agrotait: doesn't show hand
*** SUMMARY ***
Total pot $2 | Rake $0
Seat 3: igmade (button) (small blind) folded before Flop
Seat 4: Agrotait (big blind) collected ($2)


PokerStars Hand #153763719673:  Hold'em Limit ($3/$6 USD) - 2016/05/24 3:08:12 ET
Table 'Matar' 6-max Seat #4 is the button
Seat 3: igmade ($237.11 in chips)
Seat 4: Agrotait ($101 in chips)
Agrotait: posts small blind $1
igmade: posts big blind $3
*** HOLE CARDS ***
Agrotait: raises $3 to $6
igmade: folds
Uncalled bet ($3) returned to Agrotait
Agrotait collected $6 from pot
Agrotait: doesn't show hand
*** SUMMARY ***
Total pot $6 | Rake $0
Seat 3: igmade (big blind) folded before Flop
Seat 4: Agrotait (button) (small blind) collected ($6)


PokerStars Hand #153763721312:  Hold'em Limit ($3/$6 USD) - 2016/05/24 3:08:19 ET
Table 'Matar' 6-max Seat #3 is the button
Seat 3: igmade ($234.11 in chips)
Seat 4: Agrotait ($104 in chips)
igmade: posts small blind $1
Agrotait: posts big blind $3
*** HOLE CARDS ***
igmade: raises $3 to $6
Agrotait: raises $3 to $9
igmade: calls $3
*** FLOP *** [Th Td 5s]
Agrotait: bets $3
igmade: folds
Uncalled bet ($3) returned to Agrotait
Agrotait collected $17.64 from pot
Agrotait: doesn't show hand
*** SUMMARY ***
Total pot $18 | Rake $0.36
Board [Th Td 5s]
Seat 3: igmade (button) (small blind) folded on the Flop
Seat 4: Agrotait (big blind) collected ($17.64)


PokerStars Hand #153763726961:  Hold'em Limit ($3/$6 USD) - 2016/05/24 3:08:41 ET
Table 'Matar' 6-max Seat #3 is the button
Seat 3: igmade ($222.11 in chips)
Seat 4: Agrotait ($115.64 in chips)
igmade: posts small blind $1
Agrotait: posts big blind $3
*** HOLE CARDS ***
igmade: raises $3 to $6
Agrotait: folds
Uncalled bet ($3) returned to igmade
igmade collected $6 from pot
igmade: doesn't show hand
*** SUMMARY ***
Total pot $6 | Rake $0
Seat 3: igmade (button) (small blind) collected ($6)
Seat 4: Agrotait (big blind) folded before Flop


PokerStars Hand #153763724357:  Hold'em Limit ($3/$6 USD) - 2016/05/24 3:08:31 ET
Table 'Matar' 6-max Seat #4 is the button
Seat 3: igmade ($225.11 in chips)
Seat 4: Agrotait ($112.64 in chips)
Agrotait: posts small blind $1
igmade: posts big blind $3
*** HOLE CARDS ***
Agrotait: raises $3 to $6
igmade: folds
Uncalled bet ($3) returned to Agrotait
Agrotait collected $6 from pot
Agrotait: doesn't show hand
*** SUMMARY ***
Total pot $6 | Rake $0
Seat 3: igmade (big blind) folded before Flop
Seat 4: Agrotait (button) (small blind) collected ($6)


PokerStars Hand #153763730096:  Hold'em Limit ($3/$6 USD) - 2016/05/24 3:08:53 ET
Table 'Matar' 6-max Seat #4 is the button
Seat 3: igmade ($225.11 in chips)
Seat 4: Agrotait ($112.64 in chips)
Agrotait: posts small blind $1
igmade: posts big blind $3
*** HOLE CARDS ***
Agrotait: raises $3 to $6
igmade: calls $3
*** FLOP *** [Ts 2c 9d]
igmade: checks
Agrotait: bets $3
igmade: calls $3
*** TURN *** [Ts 2c 9d] [Jd]
igmade: checks
Agrotait: checks
*** RIVER *** [Ts 2c 9d Jd] [5h]
igmade: bets $6
Agrotait: folds
Uncalled bet ($6) returned to igmade
igmade collected $17.64 from pot
igmade: doesn't show hand
*** SUMMARY ***
Total pot $18 | Rake $0.36
Board [Ts 2c 9d Jd 5h]
Seat 3: igmade (big blind) collected ($17.64)
Seat 4: Agrotait (button) (small blind) folded on the River


PokerStars Hand #153763735590:  Hold'em Limit ($3/$6 USD) - 2016/05/24 3:09:14 ET
Table 'Matar' 6-max Seat #3 is the button
Seat 3: igmade ($233.75 in chips)
Seat 4: Agrotait ($103.64 in chips)
igmade: posts small blind $1
Agrotait: posts big blind $3
*** HOLE CARDS ***
igmade: raises $3 to $6
Agrotait: calls $3
*** FLOP *** [7h 9c Ac]
Agrotait: checks
igmade: bets $3
Agrotait: calls $3
*** TURN *** [7h 9c Ac] [Kh]
Agrotait: checks
igmade: checks
*** RIVER *** [7h 9c Ac Kh] [Th]
Agrotait: checks
igmade: bets $6
Agrotait: calls $6
*** SHOW DOWN ***
igmade: shows [Qd Tc] (a pair of Tens)
Agrotait: mucks hand
igmade collected $29.50 from pot
*** SUMMARY ***
Total pot $30 | Rake $0.50
Board [7h 9c Ac Kh Th]
Seat 3: igmade (button) (small blind) showed [Qd Tc] and won ($29.50) with a pair of Tens
Seat 4: Agrotait (big blind) mucked


PokerStars Hand #153763742005:  Hold'em Limit ($3/$6 USD) - 2016/05/24 3:09:39 ET
Table 'Matar' 6-max Seat #3 is the button
Seat 3: igmade ($245.25 in chips)
Seat 4: Agrotait ($91.64 in chips)
igmade: posts small blind $1
Agrotait: posts big blind $3
*** HOLE CARDS ***
igmade: raises $3 to $6
Agrotait: folds
Uncalled bet ($3) returned to igmade
igmade collected $6 from pot
*** SUMMARY ***
Total pot $6 | Rake $0
Seat 3: igmade (button) (small blind) collected ($6)
Seat 4: Agrotait (big blind) folded before Flop


PokerStars Hand #153763740332:  Hold'em Limit ($3/$6 USD) - 2016/05/24 3:09:32 ET
Table 'Matar' 6-max Seat #4 is the button
Seat 3: igmade ($248.25 in chips)
Seat 4: Agrotait ($88.64 in chips)
Agrotait: posts small blind $1
igmade: posts big blind $3
*** HOLE CARDS ***
Agrotait: raises $3 to $6
igmade: folds
Uncalled bet ($3) returned to Agrotait
Agrotait collected $6 from pot
Agrotait: doesn't show hand
*** SUMMARY ***
Total pot $6 | Rake $0
Seat 3: igmade (big blind) folded before Flop
Seat 4: Agrotait (button) (small blind) collected ($6)


PokerStars Hand #153763743483:  Hold'em Limit ($3/$6 USD) - 2016/05/24 3:09:45 ET
Table 'Matar' 6-max Seat #4 is the button
Seat 3: igmade ($248.25 in chips)
Seat 4: Agrotait ($88.64 in chips)
Agrotait: posts small blind $1
igmade: posts big blind $3
*** HOLE CARDS ***
Agrotait: raises $3 to $6
igmade: folds
Uncalled bet ($3) returned to Agrotait
Agrotait collected $6 from pot
Agrotait: doesn't show hand
*** SUMMARY ***
Total pot $6 | Rake $0
Seat 3: igmade (big blind) folded before Flop
Seat 4: Agrotait (button) (small blind) collected ($6)


PokerStars Hand #153763754802:  Hold'em Limit ($3/$6 USD) - 2016/05/24 3:10:28 ET
Table 'Matar' 6-max Seat #4 is the button
Seat 3: igmade ($259.75 in chips)
Seat 4: Agrotait ($76.64 in chips)
Agrotait: posts small blind $1
igmade: posts big blind $3
*** HOLE CARDS ***
Agrotait: folds
Uncalled bet ($2) returned to igmade
igmade collected $2 from pot
igmade: doesn't show hand
*** SUMMARY ***
Total pot $2 | Rake $0
Seat 3: igmade (big blind) collected ($2)
Seat 4: Agrotait (button) (small blind) folded before Flop


PokerStars Hand #153763756124:  Hold'em Limit ($3/$6 USD) - 2016/05/24 3:10:33 ET
Table 'Matar' 6-max Seat #3 is the button
Seat 3: igmade ($260.75 in chips)
Seat 4: Agrotait ($75.64 in chips)
igmade: posts small blind $1
Agrotait: posts big blind $3
*** HOLE CARDS ***
igmade: raises $3 to $6
Agrotait: calls $3
*** FLOP *** [5s 7d Ac]
Agrotait: checks
igmade: bets $3
Agrotait: raises $3 to $6
igmade: raises $3 to $9
Agrotait: raises $3 to $12
Betting is capped
igmade: calls $3
*** TURN *** [5s 7d Ac] [6c]
Agrotait: bets $6
igmade: calls $6
*** RIVER *** [5s 7d Ac 6c] [2h]
Agrotait: bets $6
igmade: calls $6
*** SHOW DOWN ***
Agrotait: shows [5d 7h] (two pair, Sevens and Fives)
igmade: mucks hand
Agrotait collected $59.50 from pot
*** SUMMARY ***
Total pot $60 | Rake $0.50
Board [5s 7d Ac 6c 2h]
Seat 3: igmade (button) (small blind) mucked
Seat 4: Agrotait (big blind) showed [5d 7h] and won ($59.50) with two pair, Sevens and Fives


PokerStars Hand #153763762236:  Hold'em Limit ($3/$6 USD) - 2016/05/24 3:10:56 ET
Table 'Matar' 6-max Seat #4 is the button
Seat 3: igmade ($230.75 in chips)
Seat 4: Agrotait ($105.14 in chips)
Agrotait: posts small blind $1
igmade: posts big blind $3
*** HOLE CARDS ***
Agrotait: raises $3 to $6
igmade: raises $3 to $9
Agrotait: calls $3
*** FLOP *** [5h 6s 8d]
igmade: bets $3
Agrotait: folds
Uncalled bet ($3) returned to igmade
igmade collected $17.64 from pot
igmade: doesn't show hand
*** SUMMARY ***
Total pot $18 | Rake $0.36
Board [5h 6s 8d]
Seat 3: igmade (big blind) collected ($17.64)
Seat 4: Agrotait (button) (small blind) folded on the Flop


PokerStars Hand #153763767101:  Hold'em Limit ($3/$6 USD) - 2016/05/24 3:11:14 ET
Table 'Matar' 6-max Seat #3 is the button
Seat 3: igmade ($239.39 in chips)
Seat 4: Agrotait ($96.14 in chips)
igmade: posts small blind $1
Agrotait: posts big blind $3
*** HOLE CARDS ***
igmade: raises $3 to $6
Agrotait: calls $3
*** FLOP *** [9s Js 4h]
Agrotait: checks
igmade: bets $3
Agrotait: raises $3 to $6
igmade: calls $3
*** TURN *** [9s Js 4h] [7h]
Agrotait: checks
igmade: bets $6
Agrotait: calls $6
*** RIVER *** [9s Js 4h 7h] [5c]
Agrotait: checks
igmade: bets $6
Agrotait: calls $6
*** SHOW DOWN ***
igmade: shows [4d 7d] (two pair, Sevens and Fours)
Agrotait: mucks hand
igmade collected $47.50 from pot
*** SUMMARY ***
Total pot $48 | Rake $0.50
Board [9s Js 4h 7h 5c]
Seat 3: igmade (button) (small blind) showed [4d 7d] and won ($47.50) with two pair, Sevens and Fours
Seat 4: Agrotait (big blind) mucked


PokerStars Hand #153763773959:  Hold'em Limit ($3/$6 USD) - 2016/05/24 3:11:41 ET
Table 'Matar' 6-max Seat #4 is the button
Seat 3: igmade ($262.89 in chips)
Seat 4: Agrotait ($72.14 in chips)
Agrotait: posts small blind $1
igmade: posts big blind $3
*** HOLE CARDS ***
Agrotait: raises $3 to $6
igmade: calls $3
*** FLOP *** [7d 5d Qh]
igmade: checks
Agrotait: bets $3
igmade: calls $3
*** TURN *** [7d 5d Qh] [7c]
igmade: checks
Agrotait: checks
*** RIVER *** [7d 5d Qh 7c] [3d]
igmade: checks
Agrotait: checks
*** SHOW DOWN ***
igmade: shows [6s 8h] (a pair of Sevens)
Agrotait: shows [6d Th] (a pair of Sevens - Queen+Ten kicker)
Agrotait collected $17.64 from pot
*** SUMMARY ***
Total pot $18 | Rake $0.36
Board [7d 5d Qh 7c 3d]
Seat 3: igmade (big blind) showed [6s 8h] and lost with a pair of Sevens
Seat 4: Agrotait (button) (small blind) showed [6d Th] and won ($17.64) with a pair of Sevens


PokerStars Hand #153763781347:  Hold'em Limit ($3/$6 USD) - 2016/05/24 3:12:08 ET
Table 'Matar' 6-max Seat #3 is the button
Seat 3: igmade ($253.89 in chips)
Seat 4: Agrotait ($80.78 in chips)
igmade: posts small blind $1
Agrotait: posts big blind $3
*** HOLE CARDS ***
igmade: folds
Uncalled bet ($2) returned to Agrotait
Agrotait collected $2 from pot
Agrotait: doesn't show hand
*** SUMMARY ***
Total pot $2 | Rake $0
Seat 3: igmade (button) (small blind) folded before Flop
Seat 4: Agrotait (big blind) collected ($2)


PokerStars Hand #153763788507:  Hold'em Limit ($3/$6 USD) - 2016/05/24 3:12:35 ET
Table 'Matar' 6-max Seat #3 is the button
Seat 3: igmade ($237.89 in chips)
Seat 4: Agrotait ($96.28 in chips)
igmade: posts small blind $1
Agrotait: posts big blind $3
*** HOLE CARDS ***
igmade: raises $3 to $6
Agrotait: folds
Uncalled bet ($3) returned to igmade
igmade collected $6 from pot
*** SUMMARY ***
Total pot $6 | Rake $0
Seat 3: igmade (button) (small blind) collected ($6)
Seat 4: Agrotait (big blind) folded before Flop


PokerStars Hand #153763782588:  Hold'em Limit ($3/$6 USD) - 2016/05/24 3:12:13 ET
Table 'Matar' 6-max Seat #4 is the button
Seat 3: igmade ($252.89 in chips)
Seat 4: Agrotait ($81.78 in chips)
Agrotait: posts small blind $1
igmade: posts big blind $3
*** HOLE CARDS ***
Agrotait: raises $3 to $6
igmade: calls $3
*** FLOP *** [3d Tc 7c]
igmade: bets $3
Pele24 joins the table at seat #1
Agrotait: calls $3
*** TURN *** [3d Tc 7c] [4h]
igmade: checks
Agrotait: bets $6
igmade: calls $6
*** RIVER *** [3d Tc 7c 4h] [8h]
igmade: checks
Agrotait: bets $6
igmade: folds
Uncalled bet ($6) returned to Agrotait
Agrotait collected $29.50 from pot
Agrotait: doesn't show hand
*** SUMMARY ***
Total pot $30 | Rake $0.50
Board [3d Tc 7c 4h 8h]
Seat 3: igmade (big blind) folded on the River
Seat 4: Agrotait (button) (small blind) collected ($29.50)


PokerStars Hand #153763796277:  Hold'em Limit ($3/$6 USD) - 2016/05/24 3:13:05 ET
Table 'Matar' 6-max Seat #1 is the button
Seat 1: Pele24 ($113.53 in chips)
Seat 4: Agrotait ($92.28 in chips)
Pele24: posts small blind $1
Agrotait: posts big blind $3
*** HOLE CARDS ***
igmade leaves the table
Pele24: raises $3 to $6
Agrotait: folds
Uncalled bet ($3) returned to Pele24
Pele24 collected $6 from pot
*** SUMMARY ***
Total pot $6 | Rake $0
Seat 1: Pele24 (button) (small blind) collected ($6)
Seat 4: Agrotait (big blind) folded before Flop


