PokerStars Hand #152832461020:  Hold'em Limit ($3/$6 USD) - 2016/05/04 5:46:47 ET
Table 'Mathesis' 10-max Seat #5 is the button
Seat 1: hairy1961 ($59 in chips)
Seat 5: ct-650 ($151 in chips)
ct-650: posts small blind $1
hairy1961: posts big blind $3
*** HOLE CARDS ***
ct-650: folds
Uncalled bet ($2) returned to hairy1961
hairy1961 collected $2 from pot
hairy1961: doesn't show hand
*** SUMMARY ***
Total pot $2 | Rake $0
Seat 1: hairy1961 (big blind) collected ($2)
Seat 5: ct-650 (button) (small blind) folded before Flop


PokerStars Hand #152832458951:  Hold'em Limit ($3/$6 USD) - 2016/05/04 5:46:41 ET
Table 'Mathesis' 10-max Seat #1 is the button
Seat 1: hairy1961 ($60 in chips)
Seat 5: ct-650 ($150 in chips)
hairy1961: posts small blind $1
ct-650: posts big blind $3
*** HOLE CARDS ***
hairy1961: folds
Uncalled bet ($2) returned to ct-650
ct-650 collected $2 from pot
*** SUMMARY ***
Total pot $2 | Rake $0
Seat 1: hairy1961 (button) (small blind) folded before Flop
Seat 5: ct-650 (big blind) collected ($2)


PokerStars Hand #152832493731:  Hold'em Limit ($3/$6 USD) - 2016/05/04 5:48:12 ET
Table 'Mathesis' 10-max Seat #5 is the button
Seat 1: hairy1961 ($50.40 in chips)
Seat 5: ct-650 ($158.50 in chips)
ct-650: posts small blind $1
hairy1961: posts big blind $3
*** HOLE CARDS ***
ct-650: raises $3 to $6
hairy1961: folds
Uncalled bet ($3) returned to ct-650
ct-650 collected $6 from pot
*** SUMMARY ***
Total pot $6 | Rake $0
Seat 1: hairy1961 (big blind) folded before Flop
Seat 5: ct-650 (button) (small blind) collected ($6)


PokerStars Hand #152832491816:  Hold'em Limit ($3/$6 USD) - 2016/05/04 5:48:06 ET
Table 'Mathesis' 10-max Seat #1 is the button
Seat 1: hairy1961 ($51.40 in chips)
Seat 5: ct-650 ($157.50 in chips)
hairy1961: posts small blind $1
ct-650: posts big blind $3
*** HOLE CARDS ***
hairy1961: folds
Uncalled bet ($2) returned to ct-650
ct-650 collected $2 from pot
*** SUMMARY ***
Total pot $2 | Rake $0
Seat 1: hairy1961 (button) (small blind) folded before Flop
Seat 5: ct-650 (big blind) collected ($2)


PokerStars Hand #152832486703:  Hold'em Limit ($3/$6 USD) - 2016/05/04 5:47:53 ET
Table 'Mathesis' 10-max Seat #5 is the button
Seat 1: hairy1961 ($42.76 in chips)
Seat 5: ct-650 ($166.50 in chips)
ct-650: posts small blind $1
hairy1961: posts big blind $3
*** HOLE CARDS ***
ct-650: raises $3 to $6
hairy1961: raises $3 to $9
ct-650: calls $3
*** FLOP *** [Kd Ac 3s]
hairy1961: bets $3
ct-650: folds
Uncalled bet ($3) returned to hairy1961
hairy1961 collected $17.64 from pot
*** SUMMARY ***
Total pot $18 | Rake $0.36
Board [Kd Ac 3s]
Seat 1: hairy1961 (big blind) collected ($17.64)
Seat 5: ct-650 (button) (small blind) folded on the Flop


PokerStars Hand #152832484375:  Hold'em Limit ($3/$6 USD) - 2016/05/04 5:47:47 ET
Table 'Mathesis' 10-max Seat #1 is the button
Seat 1: hairy1961 ($39.76 in chips)
Seat 5: ct-650 ($169.50 in chips)
hairy1961: posts small blind $1
ct-650: posts big blind $3
*** HOLE CARDS ***
hairy1961: raises $3 to $6
ct-650: folds
Uncalled bet ($3) returned to hairy1961
hairy1961 collected $6 from pot
hairy1961: doesn't show hand
*** SUMMARY ***
Total pot $6 | Rake $0
Seat 1: hairy1961 (button) (small blind) collected ($6)
Seat 5: ct-650 (big blind) folded before Flop


PokerStars Hand #152832482252:  Hold'em Limit ($3/$6 USD) - 2016/05/04 5:47:41 ET
Table 'Mathesis' 10-max Seat #5 is the button
Seat 1: hairy1961 ($42.76 in chips)
Seat 5: ct-650 ($166.50 in chips)
ct-650: posts small blind $1
hairy1961: posts big blind $3
*** HOLE CARDS ***
ct-650: raises $3 to $6
hairy1961: folds
Uncalled bet ($3) returned to ct-650
ct-650 collected $6 from pot
*** SUMMARY ***
Total pot $6 | Rake $0
Seat 1: hairy1961 (big blind) folded before Flop
Seat 5: ct-650 (button) (small blind) collected ($6)


PokerStars Hand #152832477844:  Hold'em Limit ($3/$6 USD) - 2016/05/04 5:47:30 ET
Table 'Mathesis' 10-max Seat #1 is the button
Seat 1: hairy1961 ($37 in chips)
Seat 5: ct-650 ($172.50 in chips)
hairy1961: posts small blind $1
ct-650: posts big blind $3
*** HOLE CARDS ***
hairy1961: raises $3 to $6
ct-650: calls $3
*** FLOP *** [4d 3c Kc]
ct-650: checks
hairy1961: bets $3
ct-650: folds
Uncalled bet ($3) returned to hairy1961
hairy1961 collected $11.76 from pot
hairy1961: doesn't show hand
*** SUMMARY ***
Total pot $12 | Rake $0.24
Board [4d 3c Kc]
Seat 1: hairy1961 (button) (small blind) collected ($11.76)
Seat 5: ct-650 (big blind) folded on the Flop


PokerStars Hand #152832475964:  Hold'em Limit ($3/$6 USD) - 2016/05/04 5:47:25 ET
Table 'Mathesis' 10-max Seat #5 is the button
Seat 1: hairy1961 ($36 in chips)
Seat 5: ct-650 ($173.50 in chips)
ct-650: posts small blind $1
hairy1961: posts big blind $3
*** HOLE CARDS ***
ct-650: folds
Uncalled bet ($2) returned to hairy1961
hairy1961 collected $2 from pot
hairy1961: doesn't show hand
*** SUMMARY ***
Total pot $2 | Rake $0
Seat 1: hairy1961 (big blind) collected ($2)
Seat 5: ct-650 (button) (small blind) folded before Flop


PokerStars Hand #152832463273:  Hold'em Limit ($3/$6 USD) - 2016/05/04 5:46:52 ET
Table 'Mathesis' 10-max Seat #1 is the button
Seat 1: hairy1961 ($60 in chips)
Seat 5: ct-650 ($150 in chips)
hairy1961: posts small blind $1
ct-650: posts big blind $3
*** HOLE CARDS ***
hairy1961: raises $3 to $6
ct-650: calls $3
*** FLOP *** [8s 5d Qs]
ct-650: checks
hairy1961: bets $3
ct-650: raises $3 to $6
hairy1961: raises $3 to $9
ct-650: raises $3 to $12
Betting is capped
hairy1961: calls $3
*** TURN *** [8s 5d Qs] [7c]
ct-650: bets $6
hairy1961: calls $6
*** RIVER *** [8s 5d Qs 7c] [5s]
ct-650: bets $6
hairy1961: folds
Uncalled bet ($6) returned to ct-650
ct-650 collected $47.50 from pot
*** SUMMARY ***
Total pot $48 | Rake $0.50
Board [8s 5d Qs 7c 5s]
Seat 1: hairy1961 (button) (small blind) folded on the River
Seat 5: ct-650 (big blind) collected ($47.50)


PokerStars Hand #152832496089:  Hold'em Limit ($3/$6 USD) - 2016/05/04 5:48:18 ET
Table 'Mathesis' 10-max Seat #1 is the button
Seat 1: hairy1961 ($47.40 in chips)
Seat 5: ct-650 ($161.50 in chips)
hairy1961: posts small blind $1
ct-650: posts big blind $3
*** HOLE CARDS ***
hairy1961: raises $3 to $6
ct-650: calls $3
*** FLOP *** [Jd Kh Qh]
ct-650: checks
hairy1961: bets $3
ct-650: calls $3
*** TURN *** [Jd Kh Qh] [8s]
ct-650: checks
hairy1961: bets $6
ct-650: folds
Uncalled bet ($6) returned to hairy1961
hairy1961 collected $17.64 from pot
hairy1961: doesn't show hand
*** SUMMARY ***
Total pot $18 | Rake $0.36
Board [Jd Kh Qh 8s]
Seat 1: hairy1961 (button) (small blind) collected ($17.64)
Seat 5: ct-650 (big blind) folded on the Turn


PokerStars Hand #152832599574:  Hold'em Limit ($3/$6 USD) - 2016/05/04 5:52:46 ET
Table 'Mathesis' 10-max Seat #1 is the button
Seat 1: hairy1961 ($97.51 in chips)
Seat 5: ct-650 ($112.80 in chips)
hairy1961: posts small blind $1
Agrotait: is sitting out
ct-650: posts big blind $3
*** HOLE CARDS ***
hairy1961: folds
Uncalled bet ($2) returned to ct-650
Agrotait leaves the table
ct-650 collected $2 from pot
*** SUMMARY ***
Total pot $2 | Rake $0
Seat 1: hairy1961 (button) (small blind) folded before Flop
Seat 5: ct-650 (big blind) collected ($2)


PokerStars Hand #152832609579:  Hold'em Limit ($3/$6 USD) - 2016/05/04 5:53:12 ET
Table 'Mathesis' 10-max Seat #1 is the button
Seat 1: hairy1961 ($111.01 in chips)
Seat 5: ct-650 ($98.80 in chips)
hairy1961: posts small blind $1
ct-650: posts big blind $3
*** HOLE CARDS ***
hairy1961: folds
Uncalled bet ($2) returned to ct-650
ct-650 collected $2 from pot
*** SUMMARY ***
Total pot $2 | Rake $0
Seat 1: hairy1961 (button) (small blind) folded before Flop
Seat 5: ct-650 (big blind) collected ($2)


PokerStars Hand #152832601488:  Hold'em Limit ($3/$6 USD) - 2016/05/04 5:52:51 ET
Table 'Mathesis' 10-max Seat #5 is the button
Seat 1: hairy1961 ($96.51 in chips)
Seat 5: ct-650 ($113.80 in chips)
ct-650: posts small blind $1
hairy1961: posts big blind $3
*** HOLE CARDS ***
ct-650: raises $3 to $6
hairy1961: calls $3
*** FLOP *** [Ac Qd 7d]
hairy1961: checks
ct-650: bets $3
hairy1961: calls $3
*** TURN *** [Ac Qd 7d] [Js]
hairy1961: checks
ct-650: checks
*** RIVER *** [Ac Qd 7d Js] [3h]
hairy1961: checks
ct-650: bets $6
hairy1961: calls $6
*** SHOW DOWN ***
ct-650: shows [Jh 6d] (a pair of Jacks)
hairy1961: shows [Tc Jc] (a pair of Jacks - Ace+Queen+Ten kicker)
hairy1961 collected $29.50 from pot
*** SUMMARY ***
Total pot $30 | Rake $0.50
Board [Ac Qd 7d Js 3h]
Seat 1: hairy1961 (big blind) showed [Tc Jc] and won ($29.50) with a pair of Jacks
Seat 5: ct-650 (button) (small blind) showed [Jh 6d] and lost with a pair of Jacks


