PokerStars Hand #149962931691:  Hold'em Limit ($3/$6 USD) - 2016/03/06 21:06:22 ET
Table 'Mathilde' 6-max Seat #4 is the button
Seat 4: AzureCaper ($73 in chips)
Seat 6: partyalex92 ($106.13 in chips)
AzureCaper: posts small blind $1
partyalex92: posts big blind $3
*** HOLE CARDS ***
AzureCaper: raises $3 to $6
partyalex92: calls $3
*** FLOP *** [9s 8c Jc]
Hsj2012 leaves the table
partyalex92: checks
AzureCaper: bets $3
partyalex92: calls $3
*** TURN *** [9s 8c Jc] [3s]
partyalex92: checks
AzureCaper: checks
*** RIVER *** [9s 8c Jc 3s] [9c]
partyalex92: bets $6
AzureCaper: folds
Uncalled bet ($6) returned to partyalex92
partyalex92 collected $17.64 from pot
*** SUMMARY ***
Total pot $18 | Rake $0.36
Board [9s 8c Jc 3s 9c]
Seat 4: AzureCaper (button) (small blind) folded on the River
Seat 6: partyalex92 (big blind) collected ($17.64)


PokerStars Hand #149962925443:  Hold'em Limit ($3/$6 USD) - 2016/03/06 21:06:09 ET
Table 'Mathilde' 6-max Seat #6 is the button
Seat 4: AzureCaper ($72 in chips)
Seat 6: partyalex92 ($107.13 in chips)
partyalex92: posts small blind $1
AzureCaper: posts big blind $3
*** HOLE CARDS ***
partyalex92: folds
Uncalled bet ($2) returned to AzureCaper
AzureCaper collected $2 from pot
Hsj2012 joins the table at seat #1
AzureCaper: doesn't show hand
*** SUMMARY ***
Total pot $2 | Rake $0
Seat 4: AzureCaper (big blind) collected ($2)
Seat 6: partyalex92 (button) (small blind) folded before Flop


PokerStars Hand #149962961234:  Hold'em Limit ($3/$6 USD) - 2016/03/06 21:07:29 ET
Table 'Mathilde' 6-max Seat #6 is the button
Seat 4: AzureCaper ($73.50 in chips)
Seat 6: partyalex92 ($112.41 in chips)
partyalex92: posts small blind $1
AzureCaper: posts big blind $3
*** HOLE CARDS ***
partyalex92: raises $3 to $6
AzureCaper: raises $3 to $9
partyalex92: calls $3
*** FLOP *** [Ts 7s As]
AzureCaper: bets $3
partyalex92: calls $3
*** TURN *** [Ts 7s As] [3c]
AzureCaper: bets $6
partyalex92: calls $6
*** RIVER *** [Ts 7s As 3c] [6h]
AzureCaper: checks
partyalex92: checks
*** SHOW DOWN ***
AzureCaper: shows [Kh Ac] (a pair of Aces)
partyalex92: mucks hand
AzureCaper collected $35.50 from pot
*** SUMMARY ***
Total pot $36 | Rake $0.50
Board [Ts 7s As 3c 6h]
Seat 4: AzureCaper (big blind) showed [Kh Ac] and won ($35.50) with a pair of Aces
Seat 6: partyalex92 (button) (small blind) mucked


PokerStars Hand #149962954506:  Hold'em Limit ($3/$6 USD) - 2016/03/06 21:07:14 ET
Table 'Mathilde' 6-max Seat #4 is the button
Seat 4: AzureCaper ($82.50 in chips)
Seat 6: partyalex92 ($103.77 in chips)
AzureCaper: posts small blind $1
partyalex92: posts big blind $3
*** HOLE CARDS ***
AzureCaper: raises $3 to $6
partyalex92: calls $3
*** FLOP *** [Ks 4c 8c]
partyalex92: bets $3
AzureCaper: calls $3
*** TURN *** [Ks 4c 8c] [5d]
partyalex92: checks
AzureCaper: checks
*** RIVER *** [Ks 4c 8c 5d] [Qc]
partyalex92: bets $6
AzureCaper: folds
Uncalled bet ($6) returned to partyalex92
partyalex92 collected $17.64 from pot
*** SUMMARY ***
Total pot $18 | Rake $0.36
Board [Ks 4c 8c 5d Qc]
Seat 4: AzureCaper (button) (small blind) folded on the River
Seat 6: partyalex92 (big blind) collected ($17.64)


PokerStars Hand #149962951692:  Hold'em Limit ($3/$6 USD) - 2016/03/06 21:07:08 ET
Table 'Mathilde' 6-max Seat #6 is the button
Seat 4: AzureCaper ($85.50 in chips)
Seat 6: partyalex92 ($100.77 in chips)
partyalex92: posts small blind $1
AzureCaper: posts big blind $3
*** HOLE CARDS ***
partyalex92: raises $3 to $6
AzureCaper: folds
Uncalled bet ($3) returned to partyalex92
partyalex92 collected $6 from pot
*** SUMMARY ***
Total pot $6 | Rake $0
Seat 4: AzureCaper (big blind) folded before Flop
Seat 6: partyalex92 (button) (small blind) collected ($6)


PokerStars Hand #149962949767:  Hold'em Limit ($3/$6 USD) - 2016/03/06 21:07:03 ET
Table 'Mathilde' 6-max Seat #4 is the button
Seat 4: AzureCaper ($86.50 in chips)
Seat 6: partyalex92 ($99.77 in chips)
AzureCaper: posts small blind $1
partyalex92: posts big blind $3
*** HOLE CARDS ***
AzureCaper: folds
Uncalled bet ($2) returned to partyalex92
partyalex92 collected $2 from pot
*** SUMMARY ***
Total pot $2 | Rake $0
Seat 4: AzureCaper (button) (small blind) folded before Flop
Seat 6: partyalex92 (big blind) collected ($2)


PokerStars Hand #149962942352:  Hold'em Limit ($3/$6 USD) - 2016/03/06 21:06:46 ET
Table 'Mathilde' 6-max Seat #6 is the button
Seat 4: AzureCaper ($72 in chips)
Seat 6: partyalex92 ($114.77 in chips)
partyalex92: posts small blind $1
AzureCaper: posts big blind $3
*** HOLE CARDS ***
partyalex92: calls $2
AzureCaper: raises $3 to $6
partyalex92: calls $3
*** FLOP *** [2c Jc 9s]
AzureCaper: bets $3
partyalex92: calls $3
*** TURN *** [2c Jc 9s] [9c]
AzureCaper: bets $6
partyalex92: calls $6
*** RIVER *** [2c Jc 9s 9c] [5d]
AzureCaper: checks
partyalex92: checks
*** SHOW DOWN ***
AzureCaper: shows [Qh Jh] (two pair, Jacks and Nines)
partyalex92: mucks hand
AzureCaper collected $29.50 from pot
*** SUMMARY ***
Total pot $30 | Rake $0.50
Board [2c Jc 9s 9c 5d]
Seat 4: AzureCaper (big blind) showed [Qh Jh] and won ($29.50) with two pair, Jacks and Nines
Seat 6: partyalex92 (button) (small blind) mucked


PokerStars Hand #149962985484:  Hold'em Limit ($3/$6 USD) - 2016/03/06 21:08:24 ET
Table 'Mathilde' 6-max Seat #4 is the button
Seat 4: AzureCaper ($93.52 in chips)
Seat 6: partyalex92 ($91.05 in chips)
AzureCaper: posts small blind $1
partyalex92: posts big blind $3
*** HOLE CARDS ***
AzureCaper: raises $3 to $6
partyalex92: calls $3
*** FLOP *** [6h Kc 3d]
partyalex92: checks
AzureCaper: bets $3
partyalex92: calls $3
*** TURN *** [6h Kc 3d] [7c]
partyalex92: checks
AzureCaper: checks
*** RIVER *** [6h Kc 3d 7c] [6d]
partyalex92: bets $6
AzureCaper: calls $6
*** SHOW DOWN ***
partyalex92: shows [4d 4s] (two pair, Sixes and Fours)
AzureCaper: mucks hand
partyalex92 collected $29.50 from pot
*** SUMMARY ***
Total pot $30 | Rake $0.50
Board [6h Kc 3d 7c 6d]
Seat 4: AzureCaper (button) (small blind) mucked
Seat 6: partyalex92 (big blind) showed [4d 4s] and won ($29.50) with two pair, Sixes and Fours


PokerStars Hand #149962979660:  Hold'em Limit ($3/$6 USD) - 2016/03/06 21:08:11 ET
Table 'Mathilde' 6-max Seat #6 is the button
Seat 4: AzureCaper ($82 in chips)
Seat 6: partyalex92 ($103.05 in chips)
partyalex92: posts small blind $1
AzureCaper: posts big blind $3
*** HOLE CARDS ***
partyalex92: raises $3 to $6
AzureCaper: raises $3 to $9
partyalex92: calls $3
*** FLOP *** [Kh Kd 6s]
AzureCaper: bets $3
partyalex92: calls $3
*** TURN *** [Kh Kd 6s] [6d]
AzureCaper: bets $6
partyalex92: folds
Uncalled bet ($6) returned to AzureCaper
AzureCaper collected $23.52 from pot
AzureCaper: doesn't show hand
*** SUMMARY ***
Total pot $24 | Rake $0.48
Board [Kh Kd 6s 6d]
Seat 4: AzureCaper (big blind) collected ($23.52)
Seat 6: partyalex92 (button) (small blind) folded on the Turn


PokerStars Hand #149962968891:  Hold'em Limit ($3/$6 USD) - 2016/03/06 21:07:46 ET
Table 'Mathilde' 6-max Seat #4 is the button
Seat 4: AzureCaper ($91 in chips)
Seat 6: partyalex92 ($94.41 in chips)
AzureCaper: posts small blind $1
partyalex92: posts big blind $3
*** HOLE CARDS ***
AzureCaper: raises $3 to $6
partyalex92: calls $3
*** FLOP *** [4h 5h 8c]
partyalex92: bets $3
AzureCaper: calls $3
*** TURN *** [4h 5h 8c] [3h]
partyalex92: checks
AzureCaper: checks
*** RIVER *** [4h 5h 8c 3h] [Ks]
partyalex92: checks
AzureCaper: checks
*** SHOW DOWN ***
partyalex92: shows [As Tc] (high card Ace)
AzureCaper: mucks hand
partyalex92 collected $17.64 from pot
*** SUMMARY ***
Total pot $18 | Rake $0.36
Board [4h 5h 8c 3h Ks]
Seat 4: AzureCaper (button) (small blind) mucked
Seat 6: partyalex92 (big blind) showed [As Tc] and won ($17.64) with high card Ace


PokerStars Hand #149963017792:  Hold'em Limit ($3/$6 USD) - 2016/03/06 21:09:38 ET
Table 'Mathilde' 6-max Seat #4 is the button
Seat 4: AzureCaper ($73 in chips)
Seat 6: partyalex92 ($133.33 in chips)
AzureCaper: posts small blind $1
partyalex92: posts big blind $3
*** HOLE CARDS ***
AzureCaper: folds
Uncalled bet ($2) returned to partyalex92
partyalex92 collected $2 from pot
aless284 joins the table at seat #1
*** SUMMARY ***
Total pot $2 | Rake $0
Seat 4: AzureCaper (button) (small blind) folded before Flop
Seat 6: partyalex92 (big blind) collected ($2)


PokerStars Hand #149963015904:  Hold'em Limit ($3/$6 USD) - 2016/03/06 21:09:34 ET
Table 'Mathilde' 6-max Seat #6 is the button
Seat 4: AzureCaper ($72 in chips)
Seat 6: partyalex92 ($134.33 in chips)
partyalex92: posts small blind $1
AzureCaper: posts big blind $3
*** HOLE CARDS ***
partyalex92: folds
Uncalled bet ($2) returned to AzureCaper
AzureCaper collected $2 from pot
AzureCaper: doesn't show hand
*** SUMMARY ***
Total pot $2 | Rake $0
Seat 4: AzureCaper (big blind) collected ($2)
Seat 6: partyalex92 (button) (small blind) folded before Flop


PokerStars Hand #149963010189:  Hold'em Limit ($3/$6 USD) - 2016/03/06 21:09:21 ET
Table 'Mathilde' 6-max Seat #4 is the button
Seat 4: AzureCaper ($72 in chips)
Seat 6: partyalex92 ($125.69 in chips)
AzureCaper: posts small blind $1
partyalex92: posts big blind $3
*** HOLE CARDS ***
AzureCaper: raises $3 to $6
partyalex92: calls $3
*** FLOP *** [7d 2d 5h]
partyalex92: bets $3
AzureCaper: calls $3
*** TURN *** [7d 2d 5h] [Ac]
partyalex92: checks
AzureCaper: checks
*** RIVER *** [7d 2d 5h Ac] [6d]
partyalex92: bets $6
AzureCaper: folds
Uncalled bet ($6) returned to partyalex92
partyalex92 collected $17.64 from pot
*** SUMMARY ***
Total pot $18 | Rake $0.36
Board [7d 2d 5h Ac 6d]
Seat 4: AzureCaper (button) (small blind) folded on the River
Seat 6: partyalex92 (big blind) collected ($17.64)


PokerStars Hand #149963002320:  Hold'em Limit ($3/$6 USD) - 2016/03/06 21:09:03 ET
Table 'Mathilde' 6-max Seat #6 is the button
Seat 4: AzureCaper ($87.02 in chips)
Seat 6: partyalex92 ($96.19 in chips)
partyalex92: posts small blind $1
AzureCaper: posts big blind $3
*** HOLE CARDS ***
partyalex92: raises $3 to $6
AzureCaper: calls $3
*** FLOP *** [Jc 5c 9d]
AzureCaper: checks
partyalex92: checks
*** TURN *** [Jc 5c 9d] [8h]
AzureCaper: bets $6
partyalex92: raises $6 to $12
AzureCaper: calls $6
*** RIVER *** [Jc 5c 9d 8h] [Kc]
AzureCaper: bets $6
partyalex92: raises $6 to $12
AzureCaper: calls $6
*** SHOW DOWN ***
partyalex92: shows [Tc Ac] (a flush, Ace high)
AzureCaper: mucks hand
partyalex92 collected $59.50 from pot
*** SUMMARY ***
Total pot $60 | Rake $0.50
Board [Jc 5c 9d 8h Kc]
Seat 4: AzureCaper (big blind) mucked
Seat 6: partyalex92 (button) (small blind) showed [Tc Ac] and won ($59.50) with a flush, Ace high


PokerStars Hand #149962997383:  Hold'em Limit ($3/$6 USD) - 2016/03/06 21:08:51 ET
Table 'Mathilde' 6-max Seat #4 is the button
Seat 4: AzureCaper ($96.02 in chips)
Seat 6: partyalex92 ($87.55 in chips)
AzureCaper: posts small blind $1
partyalex92: posts big blind $3
*** HOLE CARDS ***
AzureCaper: raises $3 to $6
partyalex92: calls $3
*** FLOP *** [7d 2d 5h]
partyalex92: bets $3
AzureCaper: calls $3
*** TURN *** [7d 2d 5h] [Tc]
partyalex92: bets $6
AzureCaper: folds
Uncalled bet ($6) returned to partyalex92
partyalex92 collected $17.64 from pot
*** SUMMARY ***
Total pot $18 | Rake $0.36
Board [7d 2d 5h Tc]
Seat 4: AzureCaper (button) (small blind) folded on the Turn
Seat 6: partyalex92 (big blind) collected ($17.64)


PokerStars Hand #149962991139:  Hold'em Limit ($3/$6 USD) - 2016/03/06 21:08:37 ET
Table 'Mathilde' 6-max Seat #6 is the button
Seat 4: AzureCaper ($78.52 in chips)
Seat 6: partyalex92 ($105.55 in chips)
partyalex92: posts small blind $1
AzureCaper: posts big blind $3
*** HOLE CARDS ***
partyalex92: raises $3 to $6
AzureCaper: raises $3 to $9
partyalex92: calls $3
*** FLOP *** [Th Qh 4d]
AzureCaper: bets $3
partyalex92: calls $3
*** TURN *** [Th Qh 4d] [7d]
AzureCaper: bets $6
partyalex92: calls $6
*** RIVER *** [Th Qh 4d 7d] [2s]
AzureCaper: checks
partyalex92: checks
*** SHOW DOWN ***
AzureCaper: shows [9h 9c] (a pair of Nines)
partyalex92: mucks hand
AzureCaper collected $35.50 from pot
*** SUMMARY ***
Total pot $36 | Rake $0.50
Board [Th Qh 4d 7d 2s]
Seat 4: AzureCaper (big blind) showed [9h 9c] and won ($35.50) with a pair of Nines
Seat 6: partyalex92 (button) (small blind) mucked


PokerStars Hand #149964512503:  Hold'em Limit ($3/$6 USD) - 2016/03/06 22:13:26 ET
Table 'Mathilde' 6-max Seat #1 is the button
Seat 1: MissEKAmouse ($124.71 in chips)
Seat 2: JayEm82 ($298.22 in chips)
MissEKAmouse: posts small blind $1
JayEm82: posts big blind $3
*** HOLE CARDS ***
MissEKAmouse: folds
Uncalled bet ($2) returned to JayEm82
JayEm82 collected $2 from pot
JayEm82: doesn't show hand
*** SUMMARY ***
Total pot $2 | Rake $0
Seat 1: MissEKAmouse (button) (small blind) folded before Flop
Seat 2: JayEm82 (big blind) collected ($2)


PokerStars Hand #149964500936:  Hold'em Limit ($3/$6 USD) - 2016/03/06 22:12:53 ET
Table 'Mathilde' 6-max Seat #2 is the button
Seat 1: MissEKAmouse ($151.71 in chips)
Seat 2: JayEm82 ($271.72 in chips)
JayEm82: posts small blind $1
gracetime: is sitting out
MissEKAmouse: posts big blind $3
*** HOLE CARDS ***
JayEm82: raises $3 to $6
MissEKAmouse: raises $3 to $9
gracetime leaves the table
JayEm82: raises $3 to $12
Betting is capped
MissEKAmouse: calls $3
*** FLOP *** [3c 4d 5c]
MissEKAmouse: checks
JayEm82: bets $3
MissEKAmouse: calls $3
*** TURN *** [3c 4d 5c] [Jc]
MissEKAmouse: checks
JayEm82: bets $6
MissEKAmouse: calls $6
*** RIVER *** [3c 4d 5c Jc] [7s]
MissEKAmouse: checks
JayEm82: bets $6
MissEKAmouse: calls $6
*** SHOW DOWN ***
JayEm82: shows [Td Tc] (a pair of Tens)
MissEKAmouse: mucks hand
JayEm82 collected $53.50 from pot
*** SUMMARY ***
Total pot $54 | Rake $0.50
Board [3c 4d 5c Jc 7s]
Seat 1: MissEKAmouse (big blind) mucked
Seat 2: JayEm82 (button) (small blind) showed [Td Tc] and won ($53.50) with a pair of Tens


PokerStars Hand #149964801129:  Hold'em Limit ($3/$6 USD) - 2016/03/06 22:27:15 ET
Table 'Mathilde' 6-max Seat #4 is the button
Seat 2: JayEm82 ($273.05 in chips)
Seat 4: 40 ft cliff ($112.06 in chips)
40 ft cliff: posts small blind $1
AzureCaper: is sitting out
JayEm82: posts big blind $3
*** HOLE CARDS ***
AzureCaper leaves the table
40 ft cliff: folds
Uncalled bet ($2) returned to JayEm82
JayEm82 collected $2 from pot
JayEm82: doesn't show hand
*** SUMMARY ***
Total pot $2 | Rake $0
Seat 2: JayEm82 (big blind) collected ($2)
Seat 4: 40 ft cliff (button) (small blind) folded before Flop


