PokerStars Hand #171621784356:  Hold'em Limit ($3/$6 USD) - 2017/06/11 1:33:55 ET
Table 'Mathilde' 6-max Seat #3 is the button
Seat 3: Eu sou K ($61 in chips)
Seat 4: VolkovDmitri ($140.50 in chips)
Eu sou K: posts small blind $1
VolkovDmitri: posts big blind $3
*** HOLE CARDS ***
Eu sou K: raises $3 to $6
VolkovDmitri: folds
Uncalled bet ($3) returned to Eu sou K
Eu sou K collected $6 from pot
Eu sou K: doesn't show hand
*** SUMMARY ***
Total pot $6 | Rake $0
Seat 3: Eu sou K (button) (small blind) collected ($6)
Seat 4: VolkovDmitri (big blind) folded before Flop


PokerStars Hand #171622525694:  Hold'em Limit ($3/$6 USD) - 2017/06/11 2:21:07 ET
Table 'Mathilde' 6-max Seat #1 is the button
Seat 1: xxPSRxx ($99.63 in chips)
Seat 5: alpha2777 ($123.19 in chips)
xxPSRxx: posts small blind $1
alpha2777: posts big blind $3
*** HOLE CARDS ***
SALZHERZ leaves the table
xxPSRxx: folds
Uncalled bet ($2) returned to alpha2777
alpha2777 collected $2 from pot
alpha2777: doesn't show hand
*** SUMMARY ***
Total pot $2 | Rake $0
Seat 1: xxPSRxx (button) (small blind) folded before Flop
Seat 5: alpha2777 (big blind) collected ($2)


PokerStars Hand #171622524402:  Hold'em Limit ($3/$6 USD) - 2017/06/11 2:21:02 ET
Table 'Mathilde' 6-max Seat #5 is the button
Seat 1: xxPSRxx ($98.63 in chips)
Seat 5: alpha2777 ($124.19 in chips)
alpha2777: posts small blind $1
xxPSRxx: posts big blind $3
*** HOLE CARDS ***
alpha2777: folds
Uncalled bet ($2) returned to xxPSRxx
xxPSRxx collected $2 from pot
xxPSRxx: doesn't show hand
*** SUMMARY ***
Total pot $2 | Rake $0
Seat 1: xxPSRxx (big blind) collected ($2)
Seat 5: alpha2777 (button) (small blind) folded before Flop


PokerStars Hand #171622529206:  Hold'em Limit ($3/$6 USD) - 2017/06/11 2:21:20 ET
Table 'Mathilde' 6-max Seat #5 is the button
Seat 1: xxPSRxx ($98.63 in chips)
Seat 5: alpha2777 ($124.19 in chips)
alpha2777: posts small blind $1
xxPSRxx: posts big blind $3
qqppii999 leaves the table
*** HOLE CARDS ***
alpha2777: folds
Uncalled bet ($2) returned to xxPSRxx
xxPSRxx collected $2 from pot
xxPSRxx: doesn't show hand
*** SUMMARY ***
Total pot $2 | Rake $0
Seat 1: xxPSRxx (big blind) collected ($2)
Seat 5: alpha2777 (button) (small blind) folded before Flop


