PokerStars Hand #168397122691:  Hold'em Limit ($3/$6 USD) - 2017/03/31 20:10:58 ET
Table 'Mathesis' 10-max Seat #6 is the button
Seat 5: simper11 ($162.56 in chips)
Seat 6: Chessnok ($218.91 in chips)
Chessnok: posts small blind $1
simper11: posts big blind $3
*** HOLE CARDS ***
BJ72 leaves the table
Chessnok: raises $3 to $6
simper11: raises $3 to $9
Chessnok: calls $3
*** FLOP *** [Jd Qs 2s]
simper11: bets $3
Chessnok: calls $3
*** TURN *** [Jd Qs 2s] [Ks]
simper11: bets $6
Chessnok: calls $6
*** RIVER *** [Jd Qs 2s Ks] [Qd]
simper11: bets $6
Chessnok: calls $6
*** SHOW DOWN ***
simper11: shows [Js Ad] (two pair, Queens and Jacks)
Chessnok: shows [9c Kc] (two pair, Kings and Queens)
Chessnok collected $47.50 from pot
*** SUMMARY ***
Total pot $48 | Rake $0.50
Board [Jd Qs 2s Ks Qd]
Seat 5: simper11 (big blind) showed [Js Ad] and lost with two pair, Queens and Jacks
Seat 6: Chessnok (button) (small blind) showed [9c Kc] and won ($47.50) with two pair, Kings and Queens


PokerStars Hand #168397138193:  Hold'em Limit ($3/$6 USD) - 2017/03/31 20:11:26 ET
Table 'Mathesis' 10-max Seat #5 is the button
Seat 5: simper11 ($138.56 in chips)
Seat 6: Chessnok ($242.41 in chips)
simper11: posts small blind $1
Chessnok: posts big blind $3
*** HOLE CARDS ***
simper11: raises $3 to $6
Chessnok: calls $3
*** FLOP *** [9h 2s 7s]
Chessnok: checks
simper11: bets $3
Chessnok: calls $3
*** TURN *** [9h 2s 7s] [8s]
Chessnok: checks
simper11: checks
*** RIVER *** [9h 2s 7s 8s] [2d]
kirste78 joins the table at seat #7
Chessnok: bets $6
simper11: calls $6
*** SHOW DOWN ***
Chessnok: shows [Ks 6h] (a pair of Deuces)
simper11: shows [Ad 7c] (two pair, Sevens and Deuces)
simper11 collected $29.50 from pot
*** SUMMARY ***
Total pot $30 | Rake $0.50
Board [9h 2s 7s 8s 2d]
Seat 5: simper11 (button) (small blind) showed [Ad 7c] and won ($29.50) with two pair, Sevens and Deuces
Seat 6: Chessnok (big blind) showed [Ks 6h] and lost with a pair of Deuces


PokerStars Hand #168397169366:  Hold'em Limit ($3/$6 USD) - 2017/03/31 20:12:23 ET
Table 'Mathesis' 10-max Seat #5 is the button
Seat 5: simper11 ($156.67 in chips)
Seat 7: kirste78 ($139.47 in chips)
simper11: posts small blind $1
Chessnok: is sitting out
kirste78: posts big blind $3
*** HOLE CARDS ***
simper11: raises $3 to $6
kirste78: folds
Uncalled bet ($3) returned to simper11
simper11 collected $6 from pot
simper11: doesn't show hand
*** SUMMARY ***
Total pot $6 | Rake $0
Seat 5: simper11 (button) (small blind) collected ($6)
Seat 7: kirste78 (big blind) folded before Flop


PokerStars Hand #168397187510:  Hold'em Limit ($3/$6 USD) - 2017/03/31 20:12:56 ET
Table 'Mathesis' 10-max Seat #5 is the button
Seat 5: simper11 ($168.31 in chips)
Seat 7: kirste78 ($127.47 in chips)
simper11: posts small blind $1
kirste78: posts big blind $3
*** HOLE CARDS ***
simper11: folds
Uncalled bet ($2) returned to kirste78
kirste78 collected $2 from pot
*** SUMMARY ***
Total pot $2 | Rake $0
Seat 5: simper11 (button) (small blind) folded before Flop
Seat 7: kirste78 (big blind) collected ($2)


PokerStars Hand #168397173957:  Hold'em Limit ($3/$6 USD) - 2017/03/31 20:12:31 ET
Table 'Mathesis' 10-max Seat #7 is the button
Seat 5: simper11 ($159.67 in chips)
Seat 7: kirste78 ($136.47 in chips)
kirste78: posts small blind $1
Chessnok leaves the table
simper11: posts big blind $3
*** HOLE CARDS ***
kirste78: calls $2
simper11: checks
*** FLOP *** [As 8c Jd]
simper11: checks
kirste78: checks
*** TURN *** [As 8c Jd] [5h]
simper11: checks
Chessnok joins the table at seat #8
kirste78: bets $6
simper11: calls $6
*** RIVER *** [As 8c Jd 5h] [2d]
simper11: checks
kirste78: checks
*** SHOW DOWN ***
simper11: shows [9c 5d] (a pair of Fives)
kirste78: mucks hand
simper11 collected $17.64 from pot
*** SUMMARY ***
Total pot $18 | Rake $0.36
Board [As 8c Jd 5h 2d]
Seat 5: simper11 (big blind) showed [9c 5d] and won ($17.64) with a pair of Fives
Seat 7: kirste78 (button) (small blind) mucked


PokerStars Hand #168397395095:  Hold'em Limit ($3/$6 USD) - 2017/03/31 20:19:15 ET
Table 'Mathesis' 10-max Seat #7 is the button
Seat 7: kirste78 ($121.63 in chips)
Seat 8: Chessnok ($141.20 in chips)
kirste78: posts small blind $1
Chessnok: posts big blind $3
*** HOLE CARDS ***
kirste78: calls $2
Chessnok: raises $3 to $6
kirste78: calls $3
*** FLOP *** [Ad 2s Kh]
Chessnok: bets $3
kirste78: raises $3 to $6
Chessnok: calls $3
*** TURN *** [Ad 2s Kh] [4d]
Chessnok: checks
kirste78: bets $6
Chessnok: calls $6
*** RIVER *** [Ad 2s Kh 4d] [4h]
Chessnok: checks
kirste78: bets $6
Chessnok: calls $6
*** SHOW DOWN ***
kirste78: shows [8h 4s] (three of a kind, Fours)
Chessnok: mucks hand
kirste78 collected $47.50 from pot
*** SUMMARY ***
Total pot $48 | Rake $0.50
Board [Ad 2s Kh 4d 4h]
Seat 7: kirste78 (button) (small blind) showed [8h 4s] and won ($47.50) with three of a kind, Fours
Seat 8: Chessnok (big blind) mucked


PokerStars Hand #168397387517:  Hold'em Limit ($3/$6 USD) - 2017/03/31 20:19:01 ET
Table 'Mathesis' 10-max Seat #8 is the button
Seat 7: kirste78 ($115.87 in chips)
Seat 8: Chessnok ($147.20 in chips)
Chessnok: posts small blind $1
simper11: is sitting out
kirste78: posts big blind $3
*** HOLE CARDS ***
Chessnok: raises $3 to $6
kirste78: calls $3
*** FLOP *** [9d 2s Tc]
kirste78: bets $3
Chessnok: folds
Uncalled bet ($3) returned to kirste78
kirste78 collected $11.76 from pot
*** SUMMARY ***
Total pot $12 | Rake $0.24
Board [9d 2s Tc]
Seat 7: kirste78 (big blind) collected ($11.76)
Seat 8: Chessnok (button) (small blind) folded on the Flop


PokerStars Hand #168397436165:  Hold'em Limit ($3/$6 USD) - 2017/03/31 20:20:30 ET
Table 'Mathesis' 10-max Seat #7 is the button
Seat 7: kirste78 ($99.13 in chips)
Seat 8: Chessnok ($162.20 in chips)
kirste78: posts small blind $1
Chessnok: posts big blind $3
*** HOLE CARDS ***
kirste78: folds
Uncalled bet ($2) returned to Chessnok
Chessnok collected $2 from pot
Chessnok: doesn't show hand
*** SUMMARY ***
Total pot $2 | Rake $0
Seat 7: kirste78 (button) (small blind) folded before Flop
Seat 8: Chessnok (big blind) collected ($2)


PokerStars Hand #168397423245:  Hold'em Limit ($3/$6 USD) - 2017/03/31 20:20:06 ET
Table 'Mathesis' 10-max Seat #8 is the button
Seat 7: kirste78 ($123.13 in chips)
Seat 8: Chessnok ($138.70 in chips)
Chessnok: posts small blind $1
kirste78: posts big blind $3
*** HOLE CARDS ***
Chessnok: raises $3 to $6
kirste78: calls $3
*** FLOP *** [7h Qh Kh]
kirste78: checks
Chessnok: bets $3
kirste78: raises $3 to $6
Chessnok: calls $3
*** TURN *** [7h Qh Kh] [4c]
kirste78: bets $6
Chessnok: calls $6
*** RIVER *** [7h Qh Kh 4c] [Ac]
kirste78: bets $6
Chessnok: calls $6
*** SHOW DOWN ***
kirste78: shows [9h 3c] (high card Ace)
Chessnok: shows [Td 4h] (a pair of Fours)
Chessnok collected $47.50 from pot
*** SUMMARY ***
Total pot $48 | Rake $0.50
Board [7h Qh Kh 4c Ac]
Seat 7: kirste78 (big blind) showed [9h 3c] and lost with high card Ace
Seat 8: Chessnok (button) (small blind) showed [Td 4h] and won ($47.50) with a pair of Fours


PokerStars Hand #168397420460:  Hold'em Limit ($3/$6 USD) - 2017/03/31 20:20:01 ET
Table 'Mathesis' 10-max Seat #7 is the button
Seat 7: kirste78 ($124.13 in chips)
Seat 8: Chessnok ($137.70 in chips)
kirste78: posts small blind $1
Chessnok: posts big blind $3
*** HOLE CARDS ***
kirste78: folds
Uncalled bet ($2) returned to Chessnok
Chessnok collected $2 from pot
Chessnok: doesn't show hand
*** SUMMARY ***
Total pot $2 | Rake $0
Seat 7: kirste78 (button) (small blind) folded before Flop
Seat 8: Chessnok (big blind) collected ($2)


PokerStars Hand #168397408556:  Hold'em Limit ($3/$6 USD) - 2017/03/31 20:19:39 ET
Table 'Mathesis' 10-max Seat #8 is the button
Seat 7: kirste78 ($145.13 in chips)
Seat 8: Chessnok ($117.20 in chips)
Chessnok: posts small blind $1
kirste78: posts big blind $3
*** HOLE CARDS ***
Chessnok: raises $3 to $6
kirste78: calls $3
*** FLOP *** [6s Jh 8c]
kirste78: bets $3
Chessnok: calls $3
*** TURN *** [6s Jh 8c] [Ah]
kirste78: bets $6
Chessnok: raises $6 to $12
kirste78: calls $6
*** RIVER *** [6s Jh 8c Ah] [Tc]
kirste78: checks
Chessnok: bets $6
kirste78: folds
Uncalled bet ($6) returned to Chessnok
Chessnok collected $41.50 from pot
Chessnok: doesn't show hand
*** SUMMARY ***
Total pot $42 | Rake $0.50
Board [6s Jh 8c Ah Tc]
Seat 7: kirste78 (big blind) folded on the River
Seat 8: Chessnok (button) (small blind) collected ($41.50)


PokerStars Hand #168397458228:  Hold'em Limit ($3/$6 USD) - 2017/03/31 20:21:10 ET
Table 'Mathesis' 10-max Seat #7 is the button
Seat 7: kirste78 ($80.13 in chips)
Seat 8: Chessnok ($180.60 in chips)
kirste78: posts small blind $1
Chessnok: posts big blind $3
*** HOLE CARDS ***
kirste78: raises $3 to $6
Chessnok: raises $3 to $9
kirste78: calls $3
*** FLOP *** [7d 4d 7c]
Chessnok: bets $3
kirste78: calls $3
*** TURN *** [7d 4d 7c] [Jc]
Chessnok: bets $6
kirste78: calls $6
*** RIVER *** [7d 4d 7c Jc] [9s]
Chessnok: checks
kirste78: bets $6
Chessnok: calls $6
*** SHOW DOWN ***
kirste78: shows [Kh 7h] (three of a kind, Sevens)
Chessnok: mucks hand
kirste78 collected $47.50 from pot
*** SUMMARY ***
Total pot $48 | Rake $0.50
Board [7d 4d 7c Jc 9s]
Seat 7: kirste78 (button) (small blind) showed [Kh 7h] and won ($47.50) with three of a kind, Sevens
Seat 8: Chessnok (big blind) mucked


PokerStars Hand #168397454932:  Hold'em Limit ($3/$6 USD) - 2017/03/31 20:21:04 ET
Table 'Mathesis' 10-max Seat #8 is the button
Seat 7: kirste78 ($83.13 in chips)
Seat 8: Chessnok ($177.60 in chips)
Chessnok: posts small blind $1
kirste78: posts big blind $3
*** HOLE CARDS ***
Chessnok: raises $3 to $6
kirste78: folds
Uncalled bet ($3) returned to Chessnok
Chessnok collected $6 from pot
Chessnok: doesn't show hand
*** SUMMARY ***
Total pot $6 | Rake $0
Seat 7: kirste78 (big blind) folded before Flop
Seat 8: Chessnok (button) (small blind) collected ($6)


PokerStars Hand #168397448621:  Hold'em Limit ($3/$6 USD) - 2017/03/31 20:20:52 ET
Table 'Mathesis' 10-max Seat #7 is the button
Seat 7: kirste78 ($89.13 in chips)
Seat 8: Chessnok ($171.84 in chips)
kirste78: posts small blind $1
Chessnok: posts big blind $3
*** HOLE CARDS ***
kirste78: calls $2
Chessnok: checks
*** FLOP *** [8c 4d Js]
Chessnok: bets $3
kirste78: calls $3
*** TURN *** [8c 4d Js] [2c]
Chessnok: bets $6
kirste78: folds
Uncalled bet ($6) returned to Chessnok
Chessnok collected $11.76 from pot
Chessnok: doesn't show hand
*** SUMMARY ***
Total pot $12 | Rake $0.24
Board [8c 4d Js 2c]
Seat 7: kirste78 (button) (small blind) folded on the Turn
Seat 8: Chessnok (big blind) collected ($11.76)


PokerStars Hand #168397438951:  Hold'em Limit ($3/$6 USD) - 2017/03/31 20:20:35 ET
Table 'Mathesis' 10-max Seat #8 is the button
Seat 7: kirste78 ($98.13 in chips)
Seat 8: Chessnok ($163.20 in chips)
Chessnok: posts small blind $1
kirste78: posts big blind $3
*** HOLE CARDS ***
Chessnok: raises $3 to $6
kirste78: calls $3
*** FLOP *** [Qd 4s Ad]
kirste78: bets $3
Chessnok: calls $3
*** TURN *** [Qd 4s Ad] [5s]
kirste78: checks
Chessnok: bets $6
kirste78: folds
Uncalled bet ($6) returned to Chessnok
Chessnok collected $17.64 from pot
Chessnok: doesn't show hand
*** SUMMARY ***
Total pot $18 | Rake $0.36
Board [Qd 4s Ad 5s]
Seat 7: kirste78 (big blind) folded on the Turn
Seat 8: Chessnok (button) (small blind) collected ($17.64)


PokerStars Hand #168397474077:  Hold'em Limit ($3/$6 USD) - 2017/03/31 20:21:38 ET
Table 'Mathesis' 10-max Seat #8 is the button
Seat 7: kirste78 ($103.63 in chips)
Seat 8: Chessnok ($156.60 in chips)
Chessnok: posts small blind $1
kirste78: posts big blind $3
*** HOLE CARDS ***
Chessnok: raises $3 to $6
kirste78: calls $3
*** FLOP *** [As Kh 4h]
kirste78: bets $3
Chessnok: folds
Uncalled bet ($3) returned to kirste78
kirste78 collected $11.76 from pot
*** SUMMARY ***
Total pot $12 | Rake $0.24
Board [As Kh 4h]
Seat 7: kirste78 (big blind) collected ($11.76)
Seat 8: Chessnok (button) (small blind) folded on the Flop


PokerStars Hand #168397497666:  Hold'em Limit ($3/$6 USD) - 2017/03/31 20:22:21 ET
Table 'Mathesis' 10-max Seat #8 is the button
Seat 7: kirste78 ($147.89 in chips)
Seat 8: Chessnok ($111.60 in chips)
Chessnok: posts small blind $1
kirste78: posts big blind $3
*** HOLE CARDS ***
Chessnok: raises $3 to $6
kirste78: calls $3
*** FLOP *** [9s 7s 5s]
kirste78: bets $3
Chessnok: raises $3 to $6
kirste78: calls $3
*** TURN *** [9s 7s 5s] [3d]
kirste78: checks
Chessnok: bets $6
kirste78: calls $6
*** RIVER *** [9s 7s 5s 3d] [9d]
kirste78: bets $6
Chessnok: raises $6 to $12
kirste78: folds
Uncalled bet ($6) returned to Chessnok
Chessnok collected $47.50 from pot
Chessnok: doesn't show hand
*** SUMMARY ***
Total pot $48 | Rake $0.50
Board [9s 7s 5s 3d 9d]
Seat 7: kirste78 (big blind) folded on the River
Seat 8: Chessnok (button) (small blind) collected ($47.50)


PokerStars Hand #168397482291:  Hold'em Limit ($3/$6 USD) - 2017/03/31 20:21:53 ET
Table 'Mathesis' 10-max Seat #7 is the button
Seat 7: kirste78 ($109.39 in chips)
Seat 8: Chessnok ($150.60 in chips)
kirste78: posts small blind $1
Chessnok: posts big blind $3
*** HOLE CARDS ***
kirste78: raises $3 to $6
Chessnok: calls $3
*** FLOP *** [9s 8s 6h]
Chessnok: bets $3
kirste78: calls $3
*** TURN *** [9s 8s 6h] [2h]
Chessnok: bets $6
kirste78: calls $6
*** RIVER *** [9s 8s 6h 2h] [Qh]
Chessnok: bets $6
kirste78: raises $6 to $12
Chessnok: raises $6 to $18
kirste78: raises $6 to $24
Betting is capped
Chessnok: calls $6
*** SHOW DOWN ***
kirste78: shows [Ah 4h] (a flush, Ace high)
Chessnok: mucks hand
kirste78 collected $77.50 from pot
*** SUMMARY ***
Total pot $78 | Rake $0.50
Board [9s 8s 6h 2h Qh]
Seat 7: kirste78 (button) (small blind) showed [Ah 4h] and won ($77.50) with a flush, Ace high
Seat 8: Chessnok (big blind) mucked


PokerStars Hand #168397519650:  Hold'em Limit ($3/$6 USD) - 2017/03/31 20:23:01 ET
Table 'Mathesis' 10-max Seat #8 is the button
Seat 7: kirste78 ($126.77 in chips)
Seat 8: Chessnok ($132.10 in chips)
Chessnok: posts small blind $1
kirste78: posts big blind $3
*** HOLE CARDS ***
Chessnok: raises $3 to $6
kirste78: raises $3 to $9
Chessnok: calls $3
*** FLOP *** [Ts 2d 9h]
kirste78: bets $3
Chessnok: calls $3
*** TURN *** [Ts 2d 9h] [6s]
kirste78: checks
Chessnok: bets $6
kirste78: raises $6 to $12
Chessnok: calls $6
*** RIVER *** [Ts 2d 9h 6s] [7h]
kirste78: bets $6
Chessnok: folds
Uncalled bet ($6) returned to kirste78
kirste78 collected $47.50 from pot
*** SUMMARY ***
Total pot $48 | Rake $0.50
Board [Ts 2d 9h 6s 7h]
Seat 7: kirste78 (big blind) collected ($47.50)
Seat 8: Chessnok (button) (small blind) folded on the River


PokerStars Hand #168397509647:  Hold'em Limit ($3/$6 USD) - 2017/03/31 20:22:43 ET
Table 'Mathesis' 10-max Seat #7 is the button
Seat 7: kirste78 ($123.89 in chips)
Seat 8: Chessnok ($135.10 in chips)
kirste78: posts small blind $1
Chessnok: posts big blind $3
*** HOLE CARDS ***
kirste78: calls $2
Chessnok: checks
*** FLOP *** [Qs Kc 3c]
Chessnok: checks
kirste78: checks
*** TURN *** [Qs Kc 3c] [4h]
Chessnok: checks
kirste78: bets $6
Chessnok: folds
Uncalled bet ($6) returned to kirste78
kirste78 collected $5.88 from pot
*** SUMMARY ***
Total pot $6 | Rake $0.12
Board [Qs Kc 3c 4h]
Seat 7: kirste78 (button) (small blind) collected ($5.88)
Seat 8: Chessnok (big blind) folded on the Turn


PokerStars Hand #168397567168:  Hold'em Limit ($3/$6 USD) - 2017/03/31 20:24:28 ET
Table 'Mathesis' 10-max Seat #8 is the button
Seat 7: kirste78 ($147.66 in chips)
Seat 8: Chessnok ($109.49 in chips)
Chessnok: posts small blind $1
kirste78: posts big blind $3
*** HOLE CARDS ***
Chessnok: raises $3 to $6
kirste78: calls $3
*** FLOP *** [Jd Kc Js]
kirste78: bets $3
Chessnok: calls $3
*** TURN *** [Jd Kc Js] [Qc]
kirste78: bets $6
Chessnok: calls $6
*** RIVER *** [Jd Kc Js Qc] [3c]
kirste78: bets $6
Chessnok: calls $6
*** SHOW DOWN ***
kirste78: shows [2d Kd] (two pair, Kings and Jacks)
Chessnok: mucks hand
kirste78 collected $41.50 from pot
*** SUMMARY ***
Total pot $42 | Rake $0.50
Board [Jd Kc Js Qc 3c]
Seat 7: kirste78 (big blind) showed [2d Kd] and won ($41.50) with two pair, Kings and Jacks
Seat 8: Chessnok (button) (small blind) mucked


PokerStars Hand #168397559881:  Hold'em Limit ($3/$6 USD) - 2017/03/31 20:24:14 ET
Table 'Mathesis' 10-max Seat #7 is the button
Seat 7: kirste78 ($156.66 in chips)
Seat 8: Chessnok ($100.85 in chips)
kirste78: posts small blind $1
Chessnok: posts big blind $3
*** HOLE CARDS ***
kirste78: calls $2
Chessnok: raises $3 to $6
kirste78: calls $3
*** FLOP *** [3s 2h 9h]
Chessnok: bets $3
kirste78: calls $3
*** TURN *** [3s 2h 9h] [2c]
Chessnok: bets $6
kirste78: folds
Uncalled bet ($6) returned to Chessnok
Chessnok collected $17.64 from pot
Chessnok: doesn't show hand
*** SUMMARY ***
Total pot $18 | Rake $0.36
Board [3s 2h 9h 2c]
Seat 7: kirste78 (button) (small blind) folded on the Turn
Seat 8: Chessnok (big blind) collected ($17.64)


PokerStars Hand #168397556336:  Hold'em Limit ($3/$6 USD) - 2017/03/31 20:24:08 ET
Table 'Mathesis' 10-max Seat #8 is the button
Seat 7: kirste78 ($159.66 in chips)
Seat 8: Chessnok ($97.85 in chips)
Chessnok: posts small blind $1
kirste78: posts big blind $3
*** HOLE CARDS ***
Chessnok: raises $3 to $6
kirste78: folds
Uncalled bet ($3) returned to Chessnok
Chessnok collected $6 from pot
Chessnok: doesn't show hand
*** SUMMARY ***
Total pot $6 | Rake $0
Seat 7: kirste78 (big blind) folded before Flop
Seat 8: Chessnok (button) (small blind) collected ($6)


PokerStars Hand #168397549943:  Hold'em Limit ($3/$6 USD) - 2017/03/31 20:23:56 ET
Table 'Mathesis' 10-max Seat #7 is the button
Seat 7: kirste78 ($151.02 in chips)
Seat 8: Chessnok ($106.85 in chips)
kirste78: posts small blind $1
Chessnok: posts big blind $3
*** HOLE CARDS ***
kirste78: calls $2
Chessnok: raises $3 to $6
kirste78: calls $3
*** FLOP *** [Js 9s Ad]
Chessnok: bets $3
kirste78: raises $3 to $6
Chessnok: folds
Uncalled bet ($3) returned to kirste78
kirste78 collected $17.64 from pot
*** SUMMARY ***
Total pot $18 | Rake $0.36
Board [Js 9s Ad]
Seat 7: kirste78 (button) (small blind) collected ($17.64)
Seat 8: Chessnok (big blind) folded on the Flop


PokerStars Hand #168397547310:  Hold'em Limit ($3/$6 USD) - 2017/03/31 20:23:51 ET
Table 'Mathesis' 10-max Seat #8 is the button
Seat 7: kirste78 ($150.02 in chips)
Seat 8: Chessnok ($107.85 in chips)
Chessnok: posts small blind $1
kirste78: posts big blind $3
*** HOLE CARDS ***
Chessnok: folds
Uncalled bet ($2) returned to kirste78
kirste78 collected $2 from pot
*** SUMMARY ***
Total pot $2 | Rake $0
Seat 7: kirste78 (big blind) collected ($2)
Seat 8: Chessnok (button) (small blind) folded before Flop


PokerStars Hand #168397532869:  Hold'em Limit ($3/$6 USD) - 2017/03/31 20:23:25 ET
Table 'Mathesis' 10-max Seat #7 is the button
Seat 7: kirste78 ($150.27 in chips)
Seat 8: Chessnok ($108.10 in chips)
kirste78: posts small blind $1
Chessnok: posts big blind $3
*** HOLE CARDS ***
kirste78: raises $3 to $6
Chessnok: raises $3 to $9
kirste78: calls $3
*** FLOP *** [7c 3d 7d]
Chessnok: bets $3
kirste78: calls $3
*** TURN *** [7c 3d 7d] [4c]
Chessnok: bets $6
kirste78: calls $6
*** RIVER *** [7c 3d 7d 4c] [9s]
Chessnok: bets $6
kirste78: raises $6 to $12
Chessnok: calls $6
*** SHOW DOWN ***
kirste78: shows [6c Ah] (a pair of Sevens)
Chessnok: shows [Ad 6d] (a pair of Sevens)
Chessnok collected $29.75 from pot
kirste78 collected $29.75 from pot
*** SUMMARY ***
Total pot $60 | Rake $0.50
Board [7c 3d 7d 4c 9s]
Seat 7: kirste78 (button) (small blind) showed [6c Ah] and won ($29.75) with a pair of Sevens
Seat 8: Chessnok (big blind) showed [Ad 6d] and won ($29.75) with a pair of Sevens


PokerStars Hand #168397591486:  Hold'em Limit ($3/$6 USD) - 2017/03/31 20:25:13 ET
Table 'Mathesis' 10-max Seat #8 is the button
Seat 7: kirste78 ($194.66 in chips)
Seat 8: Chessnok ($61.49 in chips)
Chessnok: posts small blind $1
kirste78: posts big blind $3
*** HOLE CARDS ***
Chessnok: raises $3 to $6
kirste78: calls $3
*** FLOP *** [4d Td 8s]
kirste78: bets $3
Chessnok: calls $3
*** TURN *** [4d Td 8s] [4s]
kirste78: bets $6
Chessnok: raises $6 to $12
kirste78: calls $6
*** RIVER *** [4d Td 8s 4s] [3c]
kirste78: checks
Chessnok: bets $6
kirste78: calls $6
*** SHOW DOWN ***
Chessnok: shows [Ks 4c] (three of a kind, Fours)
kirste78: mucks hand
Chessnok collected $53.50 from pot
*** SUMMARY ***
Total pot $54 | Rake $0.50
Board [4d Td 8s 4s 3c]
Seat 7: kirste78 (big blind) mucked
Seat 8: Chessnok (button) (small blind) showed [Ks 4c] and won ($53.50) with three of a kind, Fours


PokerStars Hand #168397576226:  Hold'em Limit ($3/$6 USD) - 2017/03/31 20:24:44 ET
Table 'Mathesis' 10-max Seat #7 is the button
Seat 7: kirste78 ($168.16 in chips)
Seat 8: Chessnok ($88.49 in chips)
kirste78: posts small blind $1
Chessnok: posts big blind $3
*** HOLE CARDS ***
kirste78: raises $3 to $6
Chessnok: calls $3
*** FLOP *** [Jd 9h 8s]
Chessnok: checks
kirste78: bets $3
Chessnok: calls $3
*** TURN *** [Jd 9h 8s] [Kh]
Chessnok: bets $6
kirste78: raises $6 to $12
Chessnok: calls $6
*** RIVER *** [Jd 9h 8s Kh] [4s]
Chessnok: checks
kirste78: bets $6
Chessnok: calls $6
*** SHOW DOWN ***
kirste78: shows [Kd Ks] (three of a kind, Kings)
Chessnok: mucks hand
kirste78 collected $53.50 from pot
*** SUMMARY ***
Total pot $54 | Rake $0.50
Board [Jd 9h 8s Kh 4s]
Seat 7: kirste78 (button) (small blind) showed [Kd Ks] and won ($53.50) with three of a kind, Kings
Seat 8: Chessnok (big blind) mucked


PokerStars Hand #168397630898:  Hold'em Limit ($3/$6 USD) - 2017/03/31 20:26:26 ET
Table 'Mathesis' 10-max Seat #7 is the button
Seat 7: kirste78 ($178.16 in chips)
Seat 8: Chessnok ($76.99 in chips)
kirste78: posts small blind $1
Chessnok: posts big blind $3
*** HOLE CARDS ***
kirste78: raises $3 to $6
Chessnok: calls $3
*** FLOP *** [Ts 9d 5s]
Chessnok: checks
kirste78: bets $3
Chessnok: calls $3
*** TURN *** [Ts 9d 5s] [Qs]
Chessnok: checks
kirste78: bets $6
Chessnok: calls $6
*** RIVER *** [Ts 9d 5s Qs] [Kh]
Chessnok: checks
kirste78: bets $6
Chessnok: calls $6
*** SHOW DOWN ***
kirste78: shows [9c 6d] (a pair of Nines)
Chessnok: shows [7c 9h] (a pair of Nines)
Chessnok collected $20.75 from pot
kirste78 collected $20.75 from pot
*** SUMMARY ***
Total pot $42 | Rake $0.50
Board [Ts 9d 5s Qs Kh]
Seat 7: kirste78 (button) (small blind) showed [9c 6d] and won ($20.75) with a pair of Nines
Seat 8: Chessnok (big blind) showed [7c 9h] and won ($20.75) with a pair of Nines


PokerStars Hand #168397627610:  Hold'em Limit ($3/$6 USD) - 2017/03/31 20:26:20 ET
Table 'Mathesis' 10-max Seat #8 is the button
Seat 7: kirste78 ($181.16 in chips)
Seat 8: Chessnok ($73.99 in chips)
Chessnok: posts small blind $1
kirste78: posts big blind $3
*** HOLE CARDS ***
Chessnok: raises $3 to $6
kirste78: folds
Uncalled bet ($3) returned to Chessnok
Chessnok collected $6 from pot
Chessnok: doesn't show hand
*** SUMMARY ***
Total pot $6 | Rake $0
Seat 7: kirste78 (big blind) folded before Flop
Seat 8: Chessnok (button) (small blind) collected ($6)


PokerStars Hand #168397624837:  Hold'em Limit ($3/$6 USD) - 2017/03/31 20:26:15 ET
Table 'Mathesis' 10-max Seat #7 is the button
Seat 7: kirste78 ($182.16 in chips)
Seat 8: Chessnok ($72.99 in chips)
kirste78: posts small blind $1
Chessnok: posts big blind $3
*** HOLE CARDS ***
kirste78: folds
Uncalled bet ($2) returned to Chessnok
Chessnok collected $2 from pot
Chessnok: doesn't show hand
*** SUMMARY ***
Total pot $2 | Rake $0
Seat 7: kirste78 (button) (small blind) folded before Flop
Seat 8: Chessnok (big blind) collected ($2)


PokerStars Hand #168397621777:  Hold'em Limit ($3/$6 USD) - 2017/03/31 20:26:09 ET
Table 'Mathesis' 10-max Seat #8 is the button
Seat 7: kirste78 ($185.16 in chips)
Seat 8: Chessnok ($69.99 in chips)
Chessnok: posts small blind $1
kirste78: posts big blind $3
*** HOLE CARDS ***
Chessnok: raises $3 to $6
kirste78: folds
Uncalled bet ($3) returned to Chessnok
Chessnok collected $6 from pot
Chessnok: doesn't show hand
*** SUMMARY ***
Total pot $6 | Rake $0
Seat 7: kirste78 (big blind) folded before Flop
Seat 8: Chessnok (button) (small blind) collected ($6)


PokerStars Hand #168397618695:  Hold'em Limit ($3/$6 USD) - 2017/03/31 20:26:03 ET
Table 'Mathesis' 10-max Seat #7 is the button
Seat 7: kirste78 ($186.16 in chips)
Seat 8: Chessnok ($68.99 in chips)
kirste78: posts small blind $1
Chessnok: posts big blind $3
*** HOLE CARDS ***
kirste78: folds
Uncalled bet ($2) returned to Chessnok
Chessnok collected $2 from pot
Chessnok: doesn't show hand
*** SUMMARY ***
Total pot $2 | Rake $0
Seat 7: kirste78 (button) (small blind) folded before Flop
Seat 8: Chessnok (big blind) collected ($2)


PokerStars Hand #168397615382:  Hold'em Limit ($3/$6 USD) - 2017/03/31 20:25:57 ET
Table 'Mathesis' 10-max Seat #8 is the button
Seat 7: kirste78 ($185.16 in chips)
Seat 8: Chessnok ($69.99 in chips)
Chessnok: posts small blind $1
kirste78: posts big blind $3
*** HOLE CARDS ***
Chessnok: folds
Uncalled bet ($2) returned to kirste78
kirste78 collected $2 from pot
*** SUMMARY ***
Total pot $2 | Rake $0
Seat 7: kirste78 (big blind) collected ($2)
Seat 8: Chessnok (button) (small blind) folded before Flop


PokerStars Hand #168397602589:  Hold'em Limit ($3/$6 USD) - 2017/03/31 20:25:33 ET
Table 'Mathesis' 10-max Seat #7 is the button
Seat 7: kirste78 ($167.66 in chips)
Seat 8: Chessnok ($87.99 in chips)
kirste78: posts small blind $1
Chessnok: posts big blind $3
*** HOLE CARDS ***
kirste78: calls $2
Chessnok: checks
*** FLOP *** [Qh 8h 7d]
Chessnok: checks
kirste78: bets $3
Chessnok: calls $3
*** TURN *** [Qh 8h 7d] [Kc]
Chessnok: checks
kirste78: bets $6
Chessnok: calls $6
*** RIVER *** [Qh 8h 7d Kc] [Ac]
Chessnok: checks
kirste78: bets $6
Chessnok: calls $6
*** SHOW DOWN ***
kirste78: shows [6d Qs] (a pair of Queens)
Chessnok: mucks hand
kirste78 collected $35.50 from pot
*** SUMMARY ***
Total pot $36 | Rake $0.50
Board [Qh 8h 7d Kc Ac]
Seat 7: kirste78 (button) (small blind) showed [6d Qs] and won ($35.50) with a pair of Queens
Seat 8: Chessnok (big blind) mucked


PokerStars Hand #168397639897:  Hold'em Limit ($3/$6 USD) - 2017/03/31 20:26:43 ET
Table 'Mathesis' 10-max Seat #8 is the button
Seat 7: kirste78 ($177.91 in chips)
Seat 8: Chessnok ($76.74 in chips)
Chessnok: posts small blind $1
kirste78: posts big blind $3
*** HOLE CARDS ***
Chessnok: raises $3 to $6
kirste78: calls $3
*** FLOP *** [Ac Jh Qh]
kirste78: bets $3
Chessnok: calls $3
*** TURN *** [Ac Jh Qh] [4h]
kirste78: checks
Chessnok: bets $6
kirste78: folds
Uncalled bet ($6) returned to Chessnok
Chessnok collected $17.64 from pot
Chessnok: doesn't show hand
*** SUMMARY ***
Total pot $18 | Rake $0.36
Board [Ac Jh Qh 4h]
Seat 7: kirste78 (big blind) folded on the Turn
Seat 8: Chessnok (button) (small blind) collected ($17.64)


PokerStars Hand #168397648421:  Hold'em Limit ($3/$6 USD) - 2017/03/31 20:26:59 ET
Table 'Mathesis' 10-max Seat #7 is the button
Seat 7: kirste78 ($168.91 in chips)
Seat 8: Chessnok ($85.38 in chips)
kirste78: posts small blind $1
Chessnok: posts big blind $3
*** HOLE CARDS ***
kirste78: calls $2
Chessnok: raises $3 to $6
kirste78: raises $3 to $9
Chessnok: raises $3 to $12
Betting is capped
kirste78: calls $3
*** FLOP *** [Td 5c 2h]
Chessnok: bets $3
kirste78: raises $3 to $6
Chessnok: calls $3
*** TURN *** [Td 5c 2h] [6h]
Chessnok: bets $6
kirste78: raises $6 to $12
Chessnok: calls $6
*** RIVER *** [Td 5c 2h 6h] [Ah]
Chessnok: bets $6
kirste78: raises $6 to $12
Chessnok: calls $6
*** SHOW DOWN ***
kirste78: shows [6s 6d] (three of a kind, Sixes)
Chessnok: mucks hand
kirste78 collected $83.50 from pot
*** SUMMARY ***
Total pot $84 | Rake $0.50
Board [Td 5c 2h 6h Ah]
Seat 7: kirste78 (button) (small blind) showed [6s 6d] and won ($83.50) with three of a kind, Sixes
Seat 8: Chessnok (big blind) mucked


PokerStars Hand #168397671947:  Hold'em Limit ($3/$6 USD) - 2017/03/31 20:27:43 ET
Table 'Mathesis' 10-max Seat #8 is the button
Seat 7: kirste78 ($210.41 in chips)
Seat 8: Chessnok ($60 in chips)
Chessnok: posts small blind $1
kirste78: posts big blind $3
*** HOLE CARDS ***
Chessnok: raises $3 to $6
kirste78: calls $3
*** FLOP *** [Ac 2s 6h]
kirste78: checks
Chessnok: bets $3
kirste78: raises $3 to $6
Chessnok: calls $3
*** TURN *** [Ac 2s 6h] [4d]
kirste78: checks
Chessnok: bets $6
kirste78: calls $6
*** RIVER *** [Ac 2s 6h 4d] [5c]
kirste78: bets $6
Chessnok: calls $6
anders38 joins the table at seat #4
*** SHOW DOWN ***
kirste78: shows [5s Jd] (a pair of Fives)
Chessnok: shows [4c 5d] (two pair, Fives and Fours)
Chessnok collected $47.50 from pot
*** SUMMARY ***
Total pot $48 | Rake $0.50
Board [Ac 2s 6h 4d 5c]
Seat 7: kirste78 (big blind) showed [5s Jd] and lost with a pair of Fives
Seat 8: Chessnok (button) (small blind) showed [4c 5d] and won ($47.50) with two pair, Fives and Fours


PokerStars Hand #168397689299:  Hold'em Limit ($3/$6 USD) - 2017/03/31 20:28:15 ET
Table 'Mathesis' 10-max Seat #7 is the button
Seat 7: kirste78 ($186.41 in chips)
Seat 8: Chessnok ($83.50 in chips)
kirste78: posts small blind $1
Chessnok: posts big blind $3
*** HOLE CARDS ***
kirste78: raises $3 to $6
Chessnok: calls $3
*** FLOP *** [2h 7d 6d]
Chessnok: checks
kirste78: bets $3
Chessnok: raises $3 to $6
kirste78: raises $3 to $9
Chessnok: raises $3 to $12
Betting is capped
kirste78: calls $3
*** TURN *** [2h 7d 6d] [Ts]
Chessnok: bets $6
kirste78: raises $6 to $12
Chessnok: calls $6
*** RIVER *** [2h 7d 6d Ts] [3d]
Chessnok: checks
kirste78: bets $6
Chessnok: calls $6
*** SHOW DOWN ***
kirste78: shows [8c 8d] (a pair of Eights)
Chessnok: shows [6h 7c] (two pair, Sevens and Sixes)
Chessnok collected $71.50 from pot
*** SUMMARY ***
Total pot $72 | Rake $0.50
Board [2h 7d 6d Ts 3d]
Seat 7: kirste78 (button) (small blind) showed [8c 8d] and lost with a pair of Eights
Seat 8: Chessnok (big blind) showed [6h 7c] and won ($71.50) with two pair, Sevens and Sixes


PokerStars Hand #168399028246:  Hold'em Limit ($3/$6 USD) - 2017/03/31 21:12:40 ET
Table 'Mathesis' 10-max Seat #9 is the button
Seat 8: Chessnok ($176.10 in chips)
Seat 9: LotsaBalls12 ($6.58 in chips)
LotsaBalls12: posts small blind $1
Velbor107: is sitting out
Chessnok: posts big blind $3
*** HOLE CARDS ***
Velbor107 leaves the table
LotsaBalls12: folds
Uncalled bet ($2) returned to Chessnok
Chessnok collected $2 from pot
Chessnok: doesn't show hand
*** SUMMARY ***
Total pot $2 | Rake $0
Seat 8: Chessnok (big blind) collected ($2)
Seat 9: LotsaBalls12 (button) (small blind) folded before Flop


PokerStars Hand #168399032528:  Hold'em Limit ($3/$6 USD) - 2017/03/31 21:12:49 ET
Table 'Mathesis' 10-max Seat #8 is the button
Seat 8: Chessnok ($177.10 in chips)
Seat 9: LotsaBalls12 ($5.58 in chips)
Chessnok: posts small blind $1
LotsaBalls12: posts big blind $3
*** HOLE CARDS ***
Chessnok: raises $3 to $6
LotsaBalls12: calls $2.58 and is all-in
Uncalled bet ($0.42) returned to Chessnok
*** FLOP *** [9h 8s Qs]
*** TURN *** [9h 8s Qs] [Kh]
*** RIVER *** [9h 8s Qs Kh] [5c]
*** SHOW DOWN ***
LotsaBalls12: shows [As 3d] (high card Ace)
Chessnok: shows [7c 6c] (a straight, Five to Nine)
Chessnok collected $10.94 from pot
*** SUMMARY ***
Total pot $11.16 | Rake $0.22
Board [9h 8s Qs Kh 5c]
Seat 8: Chessnok (button) (small blind) showed [7c 6c] and won ($10.94) with a straight, Five to Nine
Seat 9: LotsaBalls12 (big blind) showed [As 3d] and lost with high card Ace


PokerStars Hand #168399069796:  Hold'em Limit ($3/$6 USD) - 2017/03/31 21:14:06 ET
Table 'Mathesis' 10-max Seat #9 is the button
Seat 8: Chessnok ($182.46 in chips)
Seat 9: LotsaBalls12 ($45.88 in chips)
LotsaBalls12: posts small blind $1
Chessnok: posts big blind $3
*** HOLE CARDS ***
LotsaBalls12: calls $2
Chessnok: checks
*** FLOP *** [4s Jc 8h]
Chessnok: checks
LotsaBalls12: checks
*** TURN *** [4s Jc 8h] [7d]
Chessnok: bets $6
LotsaBalls12: calls $6
*** RIVER *** [4s Jc 8h 7d] [3s]
Chessnok: bets $6
LotsaBalls12: raises $6 to $12
Chessnok: folds
Uncalled bet ($6) returned to LotsaBalls12
LotsaBalls12 collected $29.50 from pot
LotsaBalls12: doesn't show hand
*** SUMMARY ***
Total pot $30 | Rake $0.50
Board [4s Jc 8h 7d 3s]
Seat 8: Chessnok (big blind) folded on the River
Seat 9: LotsaBalls12 (button) (small blind) collected ($29.50)


PokerStars Hand #168399087171:  Hold'em Limit ($3/$6 USD) - 2017/03/31 21:14:43 ET
Table 'Mathesis' 10-max Seat #8 is the button
Seat 8: Chessnok ($167.46 in chips)
Seat 9: LotsaBalls12 ($60.38 in chips)
Chessnok: posts small blind $1
LotsaBalls12: posts big blind $3
*** HOLE CARDS ***
Chessnok: raises $3 to $6
LotsaBalls12: calls $3
*** FLOP *** [4s 9h Js]
LotsaBalls12: checks
Chessnok: bets $3
LotsaBalls12: folds
Uncalled bet ($3) returned to Chessnok
Chessnok collected $11.76 from pot
Chessnok: doesn't show hand
*** SUMMARY ***
Total pot $12 | Rake $0.24
Board [4s 9h Js]
Seat 8: Chessnok (button) (small blind) collected ($11.76)
Seat 9: LotsaBalls12 (big blind) folded on the Flop


PokerStars Hand #168399103136:  Hold'em Limit ($3/$6 USD) - 2017/03/31 21:15:16 ET
Table 'Mathesis' 10-max Seat #8 is the button
Seat 8: Chessnok ($152.22 in chips)
Seat 9: LotsaBalls12 ($74.88 in chips)
Chessnok: posts small blind $1
LotsaBalls12: posts big blind $3
*** HOLE CARDS ***
Chessnok: raises $3 to $6
LotsaBalls12: calls $3
*** FLOP *** [2d 7s Ks]
LotsaBalls12: checks
Chessnok: bets $3
LotsaBalls12: calls $3
*** TURN *** [2d 7s Ks] [6h]
LotsaBalls12: checks
Chessnok: checks
*** RIVER *** [2d 7s Ks 6h] [Kc]
LotsaBalls12: checks
Chessnok: bets $6
LotsaBalls12: folds
Uncalled bet ($6) returned to Chessnok
Chessnok collected $17.64 from pot
Chessnok: doesn't show hand
*** SUMMARY ***
Total pot $18 | Rake $0.36
Board [2d 7s Ks 6h Kc]
Seat 8: Chessnok (button) (small blind) collected ($17.64)
Seat 9: LotsaBalls12 (big blind) folded on the River


PokerStars Hand #168399095238:  Hold'em Limit ($3/$6 USD) - 2017/03/31 21:15:00 ET
Table 'Mathesis' 10-max Seat #9 is the button
Seat 8: Chessnok ($173.22 in chips)
Seat 9: LotsaBalls12 ($54.38 in chips)
LotsaBalls12: posts small blind $1
Chessnok: posts big blind $3
*** HOLE CARDS ***
LotsaBalls12: calls $2
Chessnok: raises $3 to $6
LotsaBalls12: calls $3
*** FLOP *** [4h Ad Ks]
Chessnok: bets $3
LotsaBalls12: calls $3
*** TURN *** [4h Ad Ks] [4d]
Chessnok: bets $6
LotsaBalls12: calls $6
*** RIVER *** [4h Ad Ks 4d] [5s]
Chessnok: bets $6
LotsaBalls12: calls $6
*** SHOW DOWN ***
Chessnok: shows [3d 7d] (a pair of Fours)
LotsaBalls12: shows [7h Kd] (two pair, Kings and Fours)
LotsaBalls12 collected $41.50 from pot
*** SUMMARY ***
Total pot $42 | Rake $0.50
Board [4h Ad Ks 4d 5s]
Seat 8: Chessnok (big blind) showed [3d 7d] and lost with a pair of Fours
Seat 9: LotsaBalls12 (button) (small blind) showed [7h Kd] and won ($41.50) with two pair, Kings and Fours


PokerStars Hand #168399137406:  Hold'em Limit ($3/$6 USD) - 2017/03/31 21:16:28 ET
Table 'Mathesis' 10-max Seat #8 is the button
Seat 8: Chessnok ($195.36 in chips)
Seat 9: LotsaBalls12 ($30.88 in chips)
Chessnok: posts small blind $1
LotsaBalls12: posts big blind $3
*** HOLE CARDS ***
Chessnok: raises $3 to $6
LotsaBalls12: calls $3
*** FLOP *** [Kc 9s Qs]
LotsaBalls12: checks
Chessnok: bets $3
LotsaBalls12: calls $3
*** TURN *** [Kc 9s Qs] [Ah]
LotsaBalls12: checks
Chessnok: checks
*** RIVER *** [Kc 9s Qs Ah] [3s]
LotsaBalls12: bets $6
Chessnok: folds
Uncalled bet ($6) returned to LotsaBalls12
LotsaBalls12 collected $17.64 from pot
LotsaBalls12: doesn't show hand
*** SUMMARY ***
Total pot $18 | Rake $0.36
Board [Kc 9s Qs Ah 3s]
Seat 8: Chessnok (button) (small blind) folded on the River
Seat 9: LotsaBalls12 (big blind) collected ($17.64)


PokerStars Hand #168399135225:  Hold'em Limit ($3/$6 USD) - 2017/03/31 21:16:24 ET
Table 'Mathesis' 10-max Seat #9 is the button
Seat 8: Chessnok ($194.36 in chips)
Seat 9: LotsaBalls12 ($31.88 in chips)
LotsaBalls12: posts small blind $1
Chessnok: posts big blind $3
*** HOLE CARDS ***
LotsaBalls12: folds
Uncalled bet ($2) returned to Chessnok
Chessnok collected $2 from pot
Chessnok: doesn't show hand
*** SUMMARY ***
Total pot $2 | Rake $0
Seat 8: Chessnok (big blind) collected ($2)
Seat 9: LotsaBalls12 (button) (small blind) folded before Flop


PokerStars Hand #168399123366:  Hold'em Limit ($3/$6 USD) - 2017/03/31 21:15:59 ET
Table 'Mathesis' 10-max Seat #8 is the button
Seat 8: Chessnok ($161.86 in chips)
Seat 9: LotsaBalls12 ($64.88 in chips)
Chessnok: posts small blind $1
LotsaBalls12: posts big blind $3
*** HOLE CARDS ***
Chessnok: raises $3 to $6
LotsaBalls12: calls $3
*** FLOP *** [6c 7d 2d]
LotsaBalls12: checks
Chessnok: bets $3
LotsaBalls12: calls $3
*** TURN *** [6c 7d 2d] [4d]
LotsaBalls12: checks
Chessnok: bets $6
LotsaBalls12: raises $6 to $12
Chessnok: raises $6 to $18
LotsaBalls12: calls $6
*** RIVER *** [6c 7d 2d 4d] [6h]
LotsaBalls12: checks
Chessnok: bets $6
LotsaBalls12: calls $6
*** SHOW DOWN ***
Chessnok: shows [Ad Td] (a flush, Ace high)
LotsaBalls12: mucks hand
Chessnok collected $65.50 from pot
*** SUMMARY ***
Total pot $66 | Rake $0.50
Board [6c 7d 2d 4d 6h]
Seat 8: Chessnok (button) (small blind) showed [Ad Td] and won ($65.50) with a flush, Ace high
Seat 9: LotsaBalls12 (big blind) mucked


PokerStars Hand #168399121165:  Hold'em Limit ($3/$6 USD) - 2017/03/31 21:15:54 ET
Table 'Mathesis' 10-max Seat #9 is the button
Seat 8: Chessnok ($160.86 in chips)
Seat 9: LotsaBalls12 ($65.88 in chips)
LotsaBalls12: posts small blind $1
Chessnok: posts big blind $3
*** HOLE CARDS ***
LotsaBalls12: folds
Uncalled bet ($2) returned to Chessnok
Chessnok collected $2 from pot
Chessnok: doesn't show hand
*** SUMMARY ***
Total pot $2 | Rake $0
Seat 8: Chessnok (big blind) collected ($2)
Seat 9: LotsaBalls12 (button) (small blind) folded before Flop


PokerStars Hand #168399157708:  Hold'em Limit ($3/$6 USD) - 2017/03/31 21:17:11 ET
Table 'Mathesis' 10-max Seat #8 is the button
Seat 8: Chessnok ($177.36 in chips)
Seat 9: LotsaBalls12 ($48.16 in chips)
Chessnok: posts small blind $1
LotsaBalls12: posts big blind $3
*** HOLE CARDS ***
Chessnok: raises $3 to $6
LotsaBalls12: calls $3
*** FLOP *** [Kh 6c 7d]
LotsaBalls12: checks
Chessnok: bets $3
LotsaBalls12: calls $3
*** TURN *** [Kh 6c 7d] [Qc]
LotsaBalls12: checks
Chessnok: bets $6
LotsaBalls12: calls $6
*** RIVER *** [Kh 6c 7d Qc] [7s]
LotsaBalls12: checks
Chessnok: bets $6
LotsaBalls12: calls $6
*** SHOW DOWN ***
Chessnok: shows [7h Ah] (three of a kind, Sevens)
LotsaBalls12: mucks hand
Chessnok collected $41.50 from pot
*** SUMMARY ***
Total pot $42 | Rake $0.50
Board [Kh 6c 7d Qc 7s]
Seat 8: Chessnok (button) (small blind) showed [7h Ah] and won ($41.50) with three of a kind, Sevens
Seat 9: LotsaBalls12 (big blind) mucked


PokerStars Hand #168399144684:  Hold'em Limit ($3/$6 USD) - 2017/03/31 21:16:44 ET
Table 'Mathesis' 10-max Seat #9 is the button
Seat 8: Chessnok ($186.36 in chips)
Seat 9: LotsaBalls12 ($39.52 in chips)
LotsaBalls12: posts small blind $1
Chessnok: posts big blind $3
*** HOLE CARDS ***
LotsaBalls12: calls $2
Chessnok: raises $3 to $6
LotsaBalls12: calls $3
*** FLOP *** [Jh 9h 6d]
Chessnok: bets $3
LotsaBalls12: calls $3
*** TURN *** [Jh 9h 6d] [3d]
Chessnok: checks
LotsaBalls12: checks
*** RIVER *** [Jh 9h 6d 3d] [7d]
Chessnok: checks
LotsaBalls12: bets $6
Chessnok: folds
Uncalled bet ($6) returned to LotsaBalls12
LotsaBalls12 collected $17.64 from pot
LotsaBalls12: doesn't show hand
*** SUMMARY ***
Total pot $18 | Rake $0.36
Board [Jh 9h 6d 3d 7d]
Seat 8: Chessnok (big blind) folded on the River
Seat 9: LotsaBalls12 (button) (small blind) collected ($17.64)


PokerStars Hand #168399188911:  Hold'em Limit ($3/$6 USD) - 2017/03/31 21:18:18 ET
Table 'Mathesis' 10-max Seat #8 is the button
Seat 8: Chessnok ($212.36 in chips)
Seat 9: LotsaBalls12 ($12.16 in chips)
Chessnok: posts small blind $1
LotsaBalls12: posts big blind $3
*** HOLE CARDS ***
Chessnok: raises $3 to $6
LotsaBalls12: raises $3 to $9
Chessnok: calls $3
*** FLOP *** [4c Jc 7h]
LotsaBalls12: bets $3
Chessnok: calls $3
*** TURN *** [4c Jc 7h] [3s]
LotsaBalls12: bets $0.16 and is all-in
Chessnok: calls $0.16
*** RIVER *** [4c Jc 7h 3s] [9s]
*** SHOW DOWN ***
LotsaBalls12: shows [5c Ah] (high card Ace)
Chessnok: shows [Kc 7d] (a pair of Sevens)
Chessnok collected $23.83 from pot
*** SUMMARY ***
Total pot $24.32 | Rake $0.49
Board [4c Jc 7h 3s 9s]
Seat 8: Chessnok (button) (small blind) showed [Kc 7d] and won ($23.83) with a pair of Sevens
Seat 9: LotsaBalls12 (big blind) showed [5c Ah] and lost with high card Ace


PokerStars Hand #168399171133:  Hold'em Limit ($3/$6 USD) - 2017/03/31 21:17:40 ET
Table 'Mathesis' 10-max Seat #9 is the button
Seat 8: Chessnok ($197.86 in chips)
Seat 9: LotsaBalls12 ($27.16 in chips)
LotsaBalls12: posts small blind $1
Chessnok: posts big blind $3
*** HOLE CARDS ***
LotsaBalls12: raises $3 to $6
Chessnok: calls $3
*** FLOP *** [7h As 2c]
Chessnok: checks
LotsaBalls12: bets $3
Chessnok: calls $3
*** TURN *** [7h As 2c] [Qc]
Chessnok: checks
LotsaBalls12: bets $6
Chessnok: calls $6
*** RIVER *** [7h As 2c Qc] [Ah]
Chessnok: checks
LotsaBalls12: checks
*** SHOW DOWN ***
Chessnok: shows [8s 7d] (two pair, Aces and Sevens)
LotsaBalls12: mucks hand
Chessnok collected $29.50 from pot
*** SUMMARY ***
Total pot $30 | Rake $0.50
Board [7h As 2c Qc Ah]
Seat 8: Chessnok (big blind) showed [8s 7d] and won ($29.50) with two pair, Aces and Sevens
Seat 9: LotsaBalls12 (button) (small blind) mucked


PokerStars Hand #168399358455:  Hold'em Limit ($3/$6 USD) - 2017/03/31 21:24:24 ET
Table 'Mathesis' 10-max Seat #9 is the button
Seat 8: Chessnok ($202.03 in chips)
Seat 9: leungting684 ($72.83 in chips)
leungting684: posts small blind $1
Chessnok: posts big blind $3
*** HOLE CARDS ***
leungting684: calls $2
Chessnok: raises $3 to $6
leungting684: calls $3
*** FLOP *** [Kd 6s 9h]
Chessnok: bets $3
leungting684: calls $3
*** TURN *** [Kd 6s 9h] [4d]
Chessnok: checks
leungting684: checks
*** RIVER *** [Kd 6s 9h 4d] [2s]
Chessnok: checks
leungting684: checks
*** SHOW DOWN ***
Chessnok: shows [Ad Th] (high card Ace)
leungting684: mucks hand
Chessnok collected $17.64 from pot
*** SUMMARY ***
Total pot $18 | Rake $0.36
Board [Kd 6s 9h 4d 2s]
Seat 8: Chessnok (big blind) showed [Ad Th] and won ($17.64) with high card Ace
Seat 9: leungting684 (button) (small blind) mucked


PokerStars Hand #168399354887:  Hold'em Limit ($3/$6 USD) - 2017/03/31 21:24:16 ET
Table 'Mathesis' 10-max Seat #8 is the button
Seat 8: Chessnok ($203.03 in chips)
Seat 9: leungting684 ($71.83 in chips)
Chessnok: posts small blind $1
leungting684: posts big blind $3
*** HOLE CARDS ***
Chessnok: folds
Uncalled bet ($2) returned to leungting684
leungting684 collected $2 from pot
leungting684: doesn't show hand
*** SUMMARY ***
Total pot $2 | Rake $0
Seat 8: Chessnok (button) (small blind) folded before Flop
Seat 9: leungting684 (big blind) collected ($2)


PokerStars Hand #168399373577:  Hold'em Limit ($3/$6 USD) - 2017/03/31 21:24:57 ET
Table 'Mathesis' 10-max Seat #9 is the button
Seat 8: Chessnok ($209.67 in chips)
Seat 9: leungting684 ($64.83 in chips)
leungting684: posts small blind $1
Chessnok: posts big blind $3
*** HOLE CARDS ***
leungting684: raises $3 to $6
Chessnok: raises $3 to $9
leungting684: calls $3
*** FLOP *** [Jd Ac 9h]
Chessnok: bets $3
leungting684: raises $3 to $6
Chessnok: calls $3
*** TURN *** [Jd Ac 9h] [2d]
Chessnok: checks
leungting684: bets $6
Chessnok: calls $6
*** RIVER *** [Jd Ac 9h 2d] [Jh]
Chessnok: checks
leungting684: bets $6
Chessnok: calls $6
*** SHOW DOWN ***
leungting684: shows [8c Ad] (two pair, Aces and Jacks)
Chessnok: mucks hand
leungting684 collected $53.50 from pot
*** SUMMARY ***
Total pot $54 | Rake $0.50
Board [Jd Ac 9h 2d Jh]
Seat 8: Chessnok (big blind) mucked
Seat 9: leungting684 (button) (small blind) showed [8c Ad] and won ($53.50) with two pair, Aces and Jacks


PokerStars Hand #168399369406:  Hold'em Limit ($3/$6 USD) - 2017/03/31 21:24:48 ET
Table 'Mathesis' 10-max Seat #8 is the button
Seat 8: Chessnok ($210.67 in chips)
Seat 9: leungting684 ($63.83 in chips)
Chessnok: posts small blind $1
leungting684: posts big blind $3
*** HOLE CARDS ***
Chessnok: folds
Uncalled bet ($2) returned to leungting684
leungting684 collected $2 from pot
leungting684: doesn't show hand
*** SUMMARY ***
Total pot $2 | Rake $0
Seat 8: Chessnok (button) (small blind) folded before Flop
Seat 9: leungting684 (big blind) collected ($2)


PokerStars Hand #168399388817:  Hold'em Limit ($3/$6 USD) - 2017/03/31 21:25:30 ET
Table 'Mathesis' 10-max Seat #8 is the button
Seat 8: Chessnok ($182.67 in chips)
Seat 9: leungting684 ($91.33 in chips)
Chessnok: posts small blind $1
leungting684: posts big blind $3
*** HOLE CARDS ***
Chessnok: raises $3 to $6
leungting684: calls $3
*** FLOP *** [8d 5s 6c]
leungting684: checks
Chessnok: bets $3
leungting684: calls $3
*** TURN *** [8d 5s 6c] [2c]
leungting684: checks
Chessnok: bets $6
leungting684: folds
Uncalled bet ($6) returned to Chessnok
Chessnok collected $17.64 from pot
Chessnok: doesn't show hand
*** SUMMARY ***
Total pot $18 | Rake $0.36
Board [8d 5s 6c 2c]
Seat 8: Chessnok (button) (small blind) collected ($17.64)
Seat 9: leungting684 (big blind) folded on the Turn


PokerStars Hand #168399410486:  Hold'em Limit ($3/$6 USD) - 2017/03/31 21:26:18 ET
Table 'Mathesis' 10-max Seat #8 is the button
Seat 8: Chessnok ($211.81 in chips)
Seat 9: leungting684 ($61.33 in chips)
Chessnok: posts small blind $1
leungting684: posts big blind $3
*** HOLE CARDS ***
Chessnok: raises $3 to $6
leungting684: calls $3
*** FLOP *** [2h Ah Qc]
leungting684: checks
Chessnok: bets $3
leungting684: folds
Uncalled bet ($3) returned to Chessnok
Chessnok collected $11.76 from pot
Chessnok: doesn't show hand
*** SUMMARY ***
Total pot $12 | Rake $0.24
Board [2h Ah Qc]
Seat 8: Chessnok (button) (small blind) collected ($11.76)
Seat 9: leungting684 (big blind) folded on the Flop


PokerStars Hand #168399400483:  Hold'em Limit ($3/$6 USD) - 2017/03/31 21:25:55 ET
Table 'Mathesis' 10-max Seat #9 is the button
Seat 8: Chessnok ($191.31 in chips)
Seat 9: leungting684 ($82.33 in chips)
leungting684: posts small blind $1
Chessnok: posts big blind $3
*** HOLE CARDS ***
leungting684: calls $2
Chessnok: raises $3 to $6
leungting684: calls $3
*** FLOP *** [8d Kh Ts]
Chessnok: bets $3
leungting684: calls $3
*** TURN *** [8d Kh Ts] [3h]
Chessnok: bets $6
leungting684: calls $6
*** RIVER *** [8d Kh Ts 3h] [As]
Chessnok: checks
leungting684: bets $6
Chessnok: calls $6
*** SHOW DOWN ***
leungting684: shows [7s Jd] (high card Ace)
Chessnok: shows [8c 6d] (a pair of Eights)
Chessnok collected $41.50 from pot
*** SUMMARY ***
Total pot $42 | Rake $0.50
Board [8d Kh Ts 3h As]
Seat 8: Chessnok (big blind) showed [8c 6d] and won ($41.50) with a pair of Eights
Seat 9: leungting684 (button) (small blind) showed [7s Jd] and lost with high card Ace


PokerStars Hand #168399432405:  Hold'em Limit ($3/$6 USD) - 2017/03/31 21:27:05 ET
Table 'Mathesis' 10-max Seat #8 is the button
Seat 8: Chessnok ($208.57 in chips)
Seat 9: leungting684 ($63.97 in chips)
Chessnok: posts small blind $1
leungting684: posts big blind $3
*** HOLE CARDS ***
Chessnok: raises $3 to $6
leungting684: calls $3
*** FLOP *** [Js Th Tc]
leungting684: checks
Chessnok: bets $3
leungting684: folds
Uncalled bet ($3) returned to Chessnok
Chessnok collected $11.76 from pot
Chessnok: doesn't show hand
*** SUMMARY ***
Total pot $12 | Rake $0.24
Board [Js Th Tc]
Seat 8: Chessnok (button) (small blind) collected ($11.76)
Seat 9: leungting684 (big blind) folded on the Flop


PokerStars Hand #168399416740:  Hold'em Limit ($3/$6 USD) - 2017/03/31 21:26:31 ET
Table 'Mathesis' 10-max Seat #9 is the button
Seat 8: Chessnok ($217.57 in chips)
Seat 9: leungting684 ($55.33 in chips)
leungting684: posts small blind $1
Chessnok: posts big blind $3
*** HOLE CARDS ***
leungting684: calls $2
Chessnok: raises $3 to $6
leungting684: raises $3 to $9
Chessnok: calls $3
*** FLOP *** [Qd 6s Ac]
Chessnok: checks
leungting684: bets $3
Chessnok: folds
Uncalled bet ($3) returned to leungting684
leungting684 collected $17.64 from pot
leungting684: doesn't show hand
*** SUMMARY ***
Total pot $18 | Rake $0.36
Board [Qd 6s Ac]
Seat 8: Chessnok (big blind) folded on the Flop
Seat 9: leungting684 (button) (small blind) collected ($17.64)


PokerStars Hand #168399532121:  Hold'em Limit ($3/$6 USD) - 2017/03/31 21:30:43 ET
Table 'Mathesis' 10-max Seat #9 is the button
Seat 8: Chessnok ($285.95 in chips)
Seat 9: leungting684 ($47.08 in chips)
leungting684: posts small blind $1
Chessnok: posts big blind $3
*** HOLE CARDS ***
leungting684: folds
Uncalled bet ($2) returned to Chessnok
Chessnok collected $2 from pot
Chessnok: doesn't show hand
*** SUMMARY ***
Total pot $2 | Rake $0
Seat 8: Chessnok (big blind) collected ($2)
Seat 9: leungting684 (button) (small blind) folded before Flop


PokerStars Hand #168399519715:  Hold'em Limit ($3/$6 USD) - 2017/03/31 21:30:16 ET
Table 'Mathesis' 10-max Seat #8 is the button
Seat 8: Chessnok ($286.20 in chips)
Seat 9: leungting684 ($47.33 in chips)
Chessnok: posts small blind $1
leungting684: posts big blind $3
*** HOLE CARDS ***
Chessnok: raises $3 to $6
leungting684: calls $3
*** FLOP *** [4c 3s 2c]
leungting684: bets $3
Chessnok: raises $3 to $6
leungting684: calls $3
*** TURN *** [4c 3s 2c] [Js]
leungting684: checks
Chessnok: bets $6
leungting684: calls $6
*** RIVER *** [4c 3s 2c Js] [6s]
leungting684: bets $6
Chessnok: raises $6 to $12
leungting684: calls $6
*** SHOW DOWN ***
Chessnok: shows [4h 5d] (a straight, Deuce to Six)
leungting684: shows [5s Kd] (a straight, Deuce to Six)
leungting684 collected $29.75 from pot
Chessnok collected $29.75 from pot
*** SUMMARY ***
Total pot $60 | Rake $0.50
Board [4c 3s 2c Js 6s]
Seat 8: Chessnok (button) (small blind) showed [4h 5d] and won ($29.75) with a straight, Deuce to Six
Seat 9: leungting684 (big blind) showed [5s Kd] and won ($29.75) with a straight, Deuce to Six


PokerStars Hand #168399497954:  Hold'em Limit ($3/$6 USD) - 2017/03/31 21:29:28 ET
Table 'Mathesis' 10-max Seat #8 is the button
Seat 8: Chessnok ($271.80 in chips)
Seat 9: leungting684 ($62.33 in chips)
Chessnok: posts small blind $1
leungting684: posts big blind $3
*** HOLE CARDS ***
Chessnok: raises $3 to $6
leungting684: calls $3
*** FLOP *** [Tc 6c 4d]
leungting684: checks
Chessnok: bets $3
leungting684: folds
Uncalled bet ($3) returned to Chessnok
Chessnok collected $11.76 from pot
Chessnok: doesn't show hand
*** SUMMARY ***
Total pot $12 | Rake $0.24
Board [Tc 6c 4d]
Seat 8: Chessnok (button) (small blind) collected ($11.76)
Seat 9: leungting684 (big blind) folded on the Flop


PokerStars Hand #168399508873:  Hold'em Limit ($3/$6 USD) - 2017/03/31 21:29:52 ET
Table 'Mathesis' 10-max Seat #9 is the button
Seat 8: Chessnok ($277.56 in chips)
Seat 9: leungting684 ($56.33 in chips)
leungting684: posts small blind $1
Chessnok: posts big blind $3
*** HOLE CARDS ***
leungting684: calls $2
Chessnok: raises $3 to $6
leungting684: calls $3
*** FLOP *** [6s Qs 5c]
Chessnok: bets $3
leungting684: calls $3
*** TURN *** [6s Qs 5c] [Jh]
Chessnok: bets $6
leungting684: folds
Uncalled bet ($6) returned to Chessnok
Chessnok collected $17.64 from pot
Chessnok: doesn't show hand
*** SUMMARY ***
Total pot $18 | Rake $0.36
Board [6s Qs 5c Jh]
Seat 8: Chessnok (big blind) collected ($17.64)
Seat 9: leungting684 (button) (small blind) folded on the Turn


PokerStars Hand #168399534592:  Hold'em Limit ($3/$6 USD) - 2017/03/31 21:30:48 ET
Table 'Mathesis' 10-max Seat #8 is the button
Seat 8: Chessnok ($286.95 in chips)
Seat 9: leungting684 ($46.08 in chips)
Chessnok: posts small blind $1
leungting684: posts big blind $3
*** HOLE CARDS ***
Chessnok: raises $3 to $6
leungting684: calls $3
*** FLOP *** [6c Jc Ad]
leungting684: bets $3
Chessnok: folds
Uncalled bet ($3) returned to leungting684
leungting684 collected $11.76 from pot
leungting684: doesn't show hand
*** SUMMARY ***
Total pot $12 | Rake $0.24
Board [6c Jc Ad]
Seat 8: Chessnok (button) (small blind) folded on the Flop
Seat 9: leungting684 (big blind) collected ($11.76)


PokerStars Hand #168399540142:  Hold'em Limit ($3/$6 USD) - 2017/03/31 21:31:00 ET
Table 'Mathesis' 10-max Seat #9 is the button
Seat 8: Chessnok ($280.95 in chips)
Seat 9: leungting684 ($51.84 in chips)
leungting684: posts small blind $1
Chessnok: posts big blind $3
*** HOLE CARDS ***
leungting684: raises $3 to $6
Chessnok: raises $3 to $9
leungting684: calls $3
*** FLOP *** [Qh 8s Th]
Chessnok: bets $3
leungting684: calls $3
*** TURN *** [Qh 8s Th] [As]
Chessnok: bets $6
leungting684: calls $6
*** RIVER *** [Qh 8s Th As] [4h]
Chessnok: bets $6
leungting684: folds
Uncalled bet ($6) returned to Chessnok
Chessnok collected $35.50 from pot
Chessnok: doesn't show hand
*** SUMMARY ***
Total pot $36 | Rake $0.50
Board [Qh 8s Th As 4h]
Seat 8: Chessnok (big blind) collected ($35.50)
Seat 9: leungting684 (button) (small blind) folded on the River


PokerStars Hand #168399548810:  Hold'em Limit ($3/$6 USD) - 2017/03/31 21:31:20 ET
Table 'Mathesis' 10-max Seat #8 is the button
Seat 8: Chessnok ($298.45 in chips)
Seat 9: leungting684 ($33.84 in chips)
Chessnok: posts small blind $1
leungting684: posts big blind $3
*** HOLE CARDS ***
Chessnok: folds
Uncalled bet ($2) returned to leungting684
leungting684 collected $2 from pot
leungting684: doesn't show hand
*** SUMMARY ***
Total pot $2 | Rake $0
Seat 8: Chessnok (button) (small blind) folded before Flop
Seat 9: leungting684 (big blind) collected ($2)


PokerStars Hand #168399550689:  Hold'em Limit ($3/$6 USD) - 2017/03/31 21:31:24 ET
Table 'Mathesis' 10-max Seat #9 is the button
Seat 8: Chessnok ($297.45 in chips)
Seat 9: leungting684 ($34.84 in chips)
leungting684: posts small blind $1
Chessnok: posts big blind $3
*** HOLE CARDS ***
leungting684: calls $2
Chessnok: raises $3 to $6
leungting684: calls $3
*** FLOP *** [7s As 4h]
Chessnok: bets $3
leungting684: raises $3 to $6
Chessnok: calls $3
*** TURN *** [7s As 4h] [3h]
Chessnok: checks
leungting684: bets $6
Chessnok: calls $6
*** RIVER *** [7s As 4h 3h] [3c]
Chessnok: checks
leungting684: bets $6
Chessnok: calls $6
*** SHOW DOWN ***
leungting684: shows [7h 9s] (two pair, Sevens and Threes)
Chessnok: mucks hand
leungting684 collected $47.50 from pot
*** SUMMARY ***
Total pot $48 | Rake $0.50
Board [7s As 4h 3h 3c]
Seat 8: Chessnok (big blind) mucked
Seat 9: leungting684 (button) (small blind) showed [7h 9s] and won ($47.50) with two pair, Sevens and Threes


PokerStars Hand #168399568917:  Hold'em Limit ($3/$6 USD) - 2017/03/31 21:32:03 ET
Table 'Mathesis' 10-max Seat #8 is the button
Seat 8: Chessnok ($273.45 in chips)
Seat 9: leungting684 ($58.34 in chips)
Chessnok: posts small blind $1
leungting684: posts big blind $3
*** HOLE CARDS ***
Chessnok: raises $3 to $6
leungting684: folds
Uncalled bet ($3) returned to Chessnok
Chessnok collected $6 from pot
Chessnok: doesn't show hand
*** SUMMARY ***
Total pot $6 | Rake $0
Seat 8: Chessnok (button) (small blind) collected ($6)
Seat 9: leungting684 (big blind) folded before Flop


PokerStars Hand #168399565828:  Hold'em Limit ($3/$6 USD) - 2017/03/31 21:31:57 ET
Table 'Mathesis' 10-max Seat #9 is the button
Seat 8: Chessnok ($276.45 in chips)
Seat 9: leungting684 ($55.34 in chips)
leungting684: posts small blind $1
Chessnok: posts big blind $3
*** HOLE CARDS ***
leungting684: raises $3 to $6
Chessnok: folds
Uncalled bet ($3) returned to leungting684
leungting684 collected $6 from pot
leungting684: doesn't show hand
*** SUMMARY ***
Total pot $6 | Rake $0
Seat 8: Chessnok (big blind) folded before Flop
Seat 9: leungting684 (button) (small blind) collected ($6)


PokerStars Hand #168399562906:  Hold'em Limit ($3/$6 USD) - 2017/03/31 21:31:50 ET
Table 'Mathesis' 10-max Seat #8 is the button
Seat 8: Chessnok ($273.45 in chips)
Seat 9: leungting684 ($58.34 in chips)
Chessnok: posts small blind $1
leungting684: posts big blind $3
*** HOLE CARDS ***
Chessnok: raises $3 to $6
leungting684: folds
Uncalled bet ($3) returned to Chessnok
Chessnok collected $6 from pot
Chessnok: doesn't show hand
*** SUMMARY ***
Total pot $6 | Rake $0
Seat 8: Chessnok (button) (small blind) collected ($6)
Seat 9: leungting684 (big blind) folded before Flop


PokerStars Hand #168399572487:  Hold'em Limit ($3/$6 USD) - 2017/03/31 21:32:11 ET
Table 'Mathesis' 10-max Seat #9 is the button
Seat 8: Chessnok ($276.45 in chips)
Seat 9: leungting684 ($55.34 in chips)
leungting684: posts small blind $1
Chessnok: posts big blind $3
*** HOLE CARDS ***
leungting684: calls $2
Chessnok: raises $3 to $6
leungting684: calls $3
*** FLOP *** [Kd Ac 6s]
Chessnok: bets $3
leungting684: folds
Uncalled bet ($3) returned to Chessnok
Chessnok collected $11.76 from pot
Chessnok: doesn't show hand
*** SUMMARY ***
Total pot $12 | Rake $0.24
Board [Kd Ac 6s]
Seat 8: Chessnok (big blind) collected ($11.76)
Seat 9: leungting684 (button) (small blind) folded on the Flop


PokerStars Hand #168399579379:  Hold'em Limit ($3/$6 USD) - 2017/03/31 21:32:27 ET
Table 'Mathesis' 10-max Seat #8 is the button
Seat 8: Chessnok ($282.21 in chips)
Seat 9: leungting684 ($49.34 in chips)
Chessnok: posts small blind $1
leungting684: posts big blind $3
*** HOLE CARDS ***
Chessnok: raises $3 to $6
leungting684: calls $3
*** FLOP *** [Ts 5s 4d]
leungting684: checks
Chessnok: bets $3
leungting684: calls $3
*** TURN *** [Ts 5s 4d] [9c]
leungting684: bets $6
Chessnok: calls $6
*** RIVER *** [Ts 5s 4d 9c] [Qd]
leungting684: checks
Chessnok: checks
*** SHOW DOWN ***
leungting684: shows [6h Jh] (high card Queen)
Chessnok: shows [Ad Jc] (high card Ace)
Chessnok collected $29.50 from pot
*** SUMMARY ***
Total pot $30 | Rake $0.50
Board [Ts 5s 4d 9c Qd]
Seat 8: Chessnok (button) (small blind) showed [Ad Jc] and won ($29.50) with high card Ace
Seat 9: leungting684 (big blind) showed [6h Jh] and lost with high card Queen


PokerStars Hand #168399588954:  Hold'em Limit ($3/$6 USD) - 2017/03/31 21:32:48 ET
Table 'Mathesis' 10-max Seat #9 is the button
Seat 8: Chessnok ($296.71 in chips)
Seat 9: leungting684 ($34.34 in chips)
leungting684: posts small blind $1
Chessnok: posts big blind $3
*** HOLE CARDS ***
leungting684: raises $3 to $6
Chessnok: calls $3
*** FLOP *** [Qd 5d Ac]
Chessnok: checks
leungting684: bets $3
Chessnok: calls $3
*** TURN *** [Qd 5d Ac] [4c]
Chessnok: checks
leungting684: checks
*** RIVER *** [Qd 5d Ac 4c] [Qh]
Chessnok: checks
leungting684: checks
*** SHOW DOWN ***
Chessnok: shows [7c 5h] (two pair, Queens and Fives)
leungting684: mucks hand
Chessnok collected $17.64 from pot
*** SUMMARY ***
Total pot $18 | Rake $0.36
Board [Qd 5d Ac 4c Qh]
Seat 8: Chessnok (big blind) showed [7c 5h] and won ($17.64) with two pair, Queens and Fives
Seat 9: leungting684 (button) (small blind) mucked


PokerStars Hand #168399604835:  Hold'em Limit ($3/$6 USD) - 2017/03/31 21:33:23 ET
Table 'Mathesis' 10-max Seat #8 is the button
Seat 8: Chessnok ($305.35 in chips)
Seat 9: leungting684 ($25.34 in chips)
Chessnok: posts small blind $1
leungting684: posts big blind $3
*** HOLE CARDS ***
Chessnok: raises $3 to $6
leungting684: calls $3
*** FLOP *** [Js 4c 7h]
leungting684: bets $3
Chessnok: calls $3
*** TURN *** [Js 4c 7h] [Kh]
leungting684: bets $6
Chessnok: calls $6
*** RIVER *** [Js 4c 7h Kh] [7c]
leungting684: bets $6
Chessnok: calls $6
*** SHOW DOWN ***
leungting684: shows [Ts 4d] (two pair, Sevens and Fours)
Chessnok: mucks hand
leungting684 collected $41.50 from pot
*** SUMMARY ***
Total pot $42 | Rake $0.50
Board [Js 4c 7h Kh 7c]
Seat 8: Chessnok (button) (small blind) mucked
Seat 9: leungting684 (big blind) showed [Ts 4d] and won ($41.50) with two pair, Sevens and Fours


PokerStars Hand #168399615030:  Hold'em Limit ($3/$6 USD) - 2017/03/31 21:33:46 ET
Table 'Mathesis' 10-max Seat #9 is the button
Seat 8: Chessnok ($284.35 in chips)
Seat 9: leungting684 ($45.84 in chips)
leungting684: posts small blind $1
Chessnok: posts big blind $3
*** HOLE CARDS ***
leungting684: raises $3 to $6
Chessnok: calls $3
*** FLOP *** [9d 7c Qd]
Chessnok: checks
leungting684: bets $3
Chessnok: calls $3
*** TURN *** [9d 7c Qd] [7s]
Chessnok: checks
leungting684: bets $6
Chessnok: calls $6
*** RIVER *** [9d 7c Qd 7s] [2h]
Chessnok: checks
leungting684: bets $6
Chessnok: calls $6
*** SHOW DOWN ***
leungting684: shows [Kh Qh] (two pair, Queens and Sevens)
Chessnok: mucks hand
leungting684 collected $41.50 from pot
*** SUMMARY ***
Total pot $42 | Rake $0.50
Board [9d 7c Qd 7s 2h]
Seat 8: Chessnok (big blind) mucked
Seat 9: leungting684 (button) (small blind) showed [Kh Qh] and won ($41.50) with two pair, Queens and Sevens


PokerStars Hand #168399631942:  Hold'em Limit ($3/$6 USD) - 2017/03/31 21:34:23 ET
Table 'Mathesis' 10-max Seat #8 is the button
Seat 8: Chessnok ($263.35 in chips)
Seat 9: leungting684 ($66.34 in chips)
Chessnok: posts small blind $1
leungting684: posts big blind $3
*** HOLE CARDS ***
Chessnok: raises $3 to $6
leungting684: calls $3
*** FLOP *** [2h 2c 5c]
leungting684: checks
Chessnok: bets $3
leungting684: calls $3
*** TURN *** [2h 2c 5c] [3c]
leungting684: checks
Chessnok: bets $6
leungting684: calls $6
*** RIVER *** [2h 2c 5c 3c] [5s]
leungting684: checks
Chessnok: bets $6
leungting684: raises $6 to $12
Chessnok: folds
Uncalled bet ($6) returned to leungting684
leungting684 collected $41.50 from pot
leungting684: doesn't show hand
*** SUMMARY ***
Total pot $42 | Rake $0.50
Board [2h 2c 5c 3c 5s]
Seat 8: Chessnok (button) (small blind) folded on the River
Seat 9: leungting684 (big blind) collected ($41.50)


PokerStars Hand #168399643768:  Hold'em Limit ($3/$6 USD) - 2017/03/31 21:34:50 ET
Table 'Mathesis' 10-max Seat #9 is the button
Seat 8: Chessnok ($242.35 in chips)
Seat 9: leungting684 ($86.84 in chips)
leungting684: posts small blind $1
Chessnok: posts big blind $3
*** HOLE CARDS ***
leungting684: calls $2
Chessnok: raises $3 to $6
leungting684: calls $3
*** FLOP *** [Ah 6s 5h]
Chessnok: bets $3
leungting684: calls $3
*** TURN *** [Ah 6s 5h] [4h]
Chessnok: checks
leungting684: checks
*** RIVER *** [Ah 6s 5h 4h] [Tc]
Chessnok: checks
leungting684: checks
*** SHOW DOWN ***
Chessnok: shows [9h Kd] (high card Ace)
leungting684: mucks hand
Chessnok collected $17.64 from pot
*** SUMMARY ***
Total pot $18 | Rake $0.36
Board [Ah 6s 5h 4h Tc]
Seat 8: Chessnok (big blind) showed [9h Kd] and won ($17.64) with high card Ace
Seat 9: leungting684 (button) (small blind) mucked


PokerStars Hand #168399656340:  Hold'em Limit ($3/$6 USD) - 2017/03/31 21:35:12 ET
Table 'Mathesis' 10-max Seat #8 is the button
Seat 8: Chessnok ($250.99 in chips)
Seat 9: leungting684 ($77.84 in chips)
Chessnok: posts small blind $1
leungting684: posts big blind $3
*** HOLE CARDS ***
Chessnok: folds
Uncalled bet ($2) returned to leungting684
leungting684 collected $2 from pot
leungting684: doesn't show hand
*** SUMMARY ***
Total pot $2 | Rake $0
Seat 8: Chessnok (button) (small blind) folded before Flop
Seat 9: leungting684 (big blind) collected ($2)


PokerStars Hand #168399675905:  Hold'em Limit ($3/$6 USD) - 2017/03/31 21:35:56 ET
Table 'Mathesis' 10-max Seat #8 is the button
Seat 8: Chessnok ($258.63 in chips)
Seat 9: leungting684 ($69.84 in chips)
Chessnok: posts small blind $1
leungting684: posts big blind $3
*** HOLE CARDS ***
Chessnok: raises $3 to $6
leungting684: calls $3
*** FLOP *** [Qd Ah 2h]
leungting684: checks
Chessnok: checks
*** TURN *** [Qd Ah 2h] [6h]
leungting684: bets $6
Chessnok: calls $6
*** RIVER *** [Qd Ah 2h 6h] [5d]
leungting684: checks
Chessnok: checks
*** SHOW DOWN ***
leungting684: shows [7c 3h] (high card Ace)
Chessnok: shows [7d 5h] (a pair of Fives)
Chessnok collected $23.52 from pot
*** SUMMARY ***
Total pot $24 | Rake $0.48
Board [Qd Ah 2h 6h 5d]
Seat 8: Chessnok (button) (small blind) showed [7d 5h] and won ($23.52) with a pair of Fives
Seat 9: leungting684 (big blind) showed [7c 3h] and lost with high card Ace


PokerStars Hand #168399659803:  Hold'em Limit ($3/$6 USD) - 2017/03/31 21:35:20 ET
Table 'Mathesis' 10-max Seat #9 is the button
Seat 8: Chessnok ($249.99 in chips)
Seat 9: leungting684 ($78.84 in chips)
leungting684: posts small blind $1
Chessnok: posts big blind $3
*** HOLE CARDS ***
leungting684: raises $3 to $6
Chessnok: calls $3
*** FLOP *** [3d 4c Js]
Chessnok: bets $3
leungting684: calls $3
*** TURN *** [3d 4c Js] [6d]
Chessnok: checks
leungting684: checks
*** RIVER *** [3d 4c Js 6d] [Kd]
Chessnok: bets $6
leungting684: folds
Uncalled bet ($6) returned to Chessnok
Chessnok collected $17.64 from pot
Chessnok: doesn't show hand
*** SUMMARY ***
Total pot $18 | Rake $0.36
Board [3d 4c Js 6d Kd]
Seat 8: Chessnok (big blind) collected ($17.64)
Seat 9: leungting684 (button) (small blind) folded on the River


PokerStars Hand #168399704730:  Hold'em Limit ($3/$6 USD) - 2017/03/31 21:37:01 ET
Table 'Mathesis' 10-max Seat #8 is the button
Seat 8: Chessnok ($287.65 in chips)
Seat 9: leungting684 ($39.84 in chips)
Chessnok: posts small blind $1
leungting684: posts big blind $3
*** HOLE CARDS ***
Chessnok: raises $3 to $6
leungting684: folds
Uncalled bet ($3) returned to Chessnok
Chessnok collected $6 from pot
Chessnok: doesn't show hand
*** SUMMARY ***
Total pot $6 | Rake $0
Seat 8: Chessnok (button) (small blind) collected ($6)
Seat 9: leungting684 (big blind) folded before Flop


PokerStars Hand #168399708098:  Hold'em Limit ($3/$6 USD) - 2017/03/31 21:37:08 ET
Table 'Mathesis' 10-max Seat #9 is the button
Seat 8: Chessnok ($290.65 in chips)
Seat 9: leungting684 ($36.84 in chips)
leungting684: posts small blind $1
Chessnok: posts big blind $3
*** HOLE CARDS ***
leungting684: calls $2
Chessnok: raises $3 to $6
leungting684: calls $3
*** FLOP *** [4s 7s Kd]
Chessnok: bets $3
leungting684: calls $3
*** TURN *** [4s 7s Kd] [4h]
Chessnok: bets $6
leungting684: folds
Uncalled bet ($6) returned to Chessnok
Chessnok collected $17.64 from pot
Chessnok: doesn't show hand
*** SUMMARY ***
Total pot $18 | Rake $0.36
Board [4s 7s Kd 4h]
Seat 8: Chessnok (big blind) collected ($17.64)
Seat 9: leungting684 (button) (small blind) folded on the Turn


PokerStars Hand #168399714674:  Hold'em Limit ($3/$6 USD) - 2017/03/31 21:37:23 ET
Table 'Mathesis' 10-max Seat #8 is the button
Seat 8: Chessnok ($299.29 in chips)
Seat 9: leungting684 ($27.84 in chips)
Chessnok: posts small blind $1
leungting684: posts big blind $3
*** HOLE CARDS ***
Chessnok: raises $3 to $6
leungting684: raises $3 to $9
Chessnok: raises $3 to $12
Betting is capped
leungting684: calls $3
*** FLOP *** [2c 4s 2h]
leungting684: bets $3
Chessnok: calls $3
*** TURN *** [2c 4s 2h] [6c]
leungting684: bets $6
Chessnok: calls $6
*** RIVER *** [2c 4s 2h 6c] [7s]
leungting684: bets $6
Chessnok: raises $6 to $12
leungting684: calls $0.84 and is all-in
Uncalled bet ($5.16) returned to Chessnok
*** SHOW DOWN ***
Chessnok: shows [7d Ad] (two pair, Sevens and Deuces)
leungting684: shows [3c Ah] (a pair of Deuces)
Chessnok collected $55.18 from pot
*** SUMMARY ***
Total pot $55.68 | Rake $0.50
Board [2c 4s 2h 6c 7s]
Seat 8: Chessnok (button) (small blind) showed [7d Ad] and won ($55.18) with two pair, Sevens and Deuces
Seat 9: leungting684 (big blind) showed [3c Ah] and lost with a pair of Deuces


PokerStars Hand #168399695235:  Hold'em Limit ($3/$6 USD) - 2017/03/31 21:36:39 ET
Table 'Mathesis' 10-max Seat #9 is the button
Seat 8: Chessnok ($270.15 in chips)
Seat 9: leungting684 ($57.84 in chips)
leungting684: posts small blind $1
Chessnok: posts big blind $3
*** HOLE CARDS ***
leungting684: raises $3 to $6
Chessnok: calls $3
*** FLOP *** [7d 4d Kc]
Chessnok: checks
leungting684: checks
*** TURN *** [7d 4d Kc] [9h]
Chessnok: bets $6
leungting684: calls $6
*** RIVER *** [7d 4d Kc 9h] [9s]
Chessnok: checks
leungting684: bets $6
Chessnok: calls $6
*** SHOW DOWN ***
leungting684: shows [Ac 4c] (two pair, Nines and Fours)
Chessnok: shows [Jd 7c] (two pair, Nines and Sevens)
Chessnok collected $35.50 from pot
*** SUMMARY ***
Total pot $36 | Rake $0.50
Board [7d 4d Kc 9h 9s]
Seat 8: Chessnok (big blind) showed [Jd 7c] and won ($35.50) with two pair, Nines and Sevens
Seat 9: leungting684 (button) (small blind) showed [Ac 4c] and lost with two pair, Nines and Fours


PokerStars Hand #168399765862:  Hold'em Limit ($3/$6 USD) - 2017/03/31 21:39:18 ET
Table 'Mathesis' 10-max Seat #8 is the button
Seat 8: Chessnok ($332.39 in chips)
Seat 9: leungting684 ($56.33 in chips)
Chessnok: posts small blind $1
leungting684: posts big blind $3
*** HOLE CARDS ***
Chessnok: raises $3 to $6
leungting684: folds
Uncalled bet ($3) returned to Chessnok
Chessnok collected $6 from pot
Chessnok: doesn't show hand
*** SUMMARY ***
Total pot $6 | Rake $0
Seat 8: Chessnok (button) (small blind) collected ($6)
Seat 9: leungting684 (big blind) folded before Flop


PokerStars Hand #168399758081:  Hold'em Limit ($3/$6 USD) - 2017/03/31 21:39:01 ET
Table 'Mathesis' 10-max Seat #9 is the button
Seat 8: Chessnok ($326.63 in chips)
Seat 9: leungting684 ($62.33 in chips)
leungting684: posts small blind $1
Chessnok: posts big blind $3
*** HOLE CARDS ***
leungting684: raises $3 to $6
Chessnok: calls $3
*** FLOP *** [Qd 4s Jd]
Chessnok: checks
leungting684: checks
*** TURN *** [Qd 4s Jd] [Qc]
Chessnok: bets $6
leungting684: folds
Uncalled bet ($6) returned to Chessnok
Chessnok collected $11.76 from pot
Chessnok: doesn't show hand
*** SUMMARY ***
Total pot $12 | Rake $0.24
Board [Qd 4s Jd Qc]
Seat 8: Chessnok (big blind) collected ($11.76)
Seat 9: leungting684 (button) (small blind) folded on the Turn


PokerStars Hand #168399768467:  Hold'em Limit ($3/$6 USD) - 2017/03/31 21:39:24 ET
Table 'Mathesis' 10-max Seat #9 is the button
Seat 8: Chessnok ($335.39 in chips)
Seat 9: leungting684 ($53.33 in chips)
leungting684: posts small blind $1
Chessnok: posts big blind $3
*** HOLE CARDS ***
leungting684: raises $3 to $6
Chessnok: raises $3 to $9
leungting684: calls $3
*** FLOP *** [4s As 3c]
Chessnok: bets $3
leungting684: calls $3
*** TURN *** [4s As 3c] [Ts]
Chessnok: bets $6
leungting684: folds
Uncalled bet ($6) returned to Chessnok
Chessnok collected $23.52 from pot
Chessnok: doesn't show hand
*** SUMMARY ***
Total pot $24 | Rake $0.48
Board [4s As 3c Ts]
Seat 8: Chessnok (big blind) collected ($23.52)
Seat 9: leungting684 (button) (small blind) folded on the Turn


PokerStars Hand #168399775359:  Hold'em Limit ($3/$6 USD) - 2017/03/31 21:39:39 ET
Table 'Mathesis' 10-max Seat #8 is the button
Seat 8: Chessnok ($346.91 in chips)
Seat 9: leungting684 ($41.33 in chips)
Chessnok: posts small blind $1
leungting684: posts big blind $3
*** HOLE CARDS ***
Chessnok: raises $3 to $6
leungting684: calls $3
*** FLOP *** [9s Qs 3s]
leungting684: checks
Chessnok: bets $3
leungting684: calls $3
*** TURN *** [9s Qs 3s] [6s]
leungting684: bets $6
Chessnok: folds
Uncalled bet ($6) returned to leungting684
leungting684 collected $17.64 from pot
leungting684: doesn't show hand
*** SUMMARY ***
Total pot $18 | Rake $0.36
Board [9s Qs 3s 6s]
Seat 8: Chessnok (button) (small blind) folded on the Turn
Seat 9: leungting684 (big blind) collected ($17.64)


PokerStars Hand #168399784845:  Hold'em Limit ($3/$6 USD) - 2017/03/31 21:40:01 ET
Table 'Mathesis' 10-max Seat #9 is the button
Seat 8: Chessnok ($337.91 in chips)
Seat 9: leungting684 ($49.97 in chips)
leungting684: posts small blind $1
Chessnok: posts big blind $3
*** HOLE CARDS ***
leungting684: calls $2
Chessnok: checks
*** FLOP *** [Jh Td Qc]
Chessnok: checks
leungting684: checks
*** TURN *** [Jh Td Qc] [As]
Chessnok: checks
leungting684: bets $6
Chessnok: folds
Uncalled bet ($6) returned to leungting684
leungting684 collected $5.88 from pot
leungting684: doesn't show hand
*** SUMMARY ***
Total pot $6 | Rake $0.12
Board [Jh Td Qc As]
Seat 8: Chessnok (big blind) folded on the Turn
Seat 9: leungting684 (button) (small blind) collected ($5.88)


PokerStars Hand #168399796977:  Hold'em Limit ($3/$6 USD) - 2017/03/31 21:40:28 ET
Table 'Mathesis' 10-max Seat #8 is the button
Seat 8: Chessnok ($334.91 in chips)
Seat 9: leungting684 ($52.85 in chips)
Chessnok: posts small blind $1
leungting684: posts big blind $3
*** HOLE CARDS ***
Chessnok: raises $3 to $6
leungting684: calls $3
*** FLOP *** [Ts Qd 7s]
leungting684: checks
Chessnok: bets $3
leungting684: folds
Uncalled bet ($3) returned to Chessnok
Chessnok collected $11.76 from pot
Chessnok: doesn't show hand
*** SUMMARY ***
Total pot $12 | Rake $0.24
Board [Ts Qd 7s]
Seat 8: Chessnok (button) (small blind) collected ($11.76)
Seat 9: leungting684 (big blind) folded on the Flop


PokerStars Hand #168399811104:  Hold'em Limit ($3/$6 USD) - 2017/03/31 21:41:00 ET
Table 'Mathesis' 10-max Seat #9 is the button
Seat 8: Chessnok ($360.17 in chips)
Seat 9: leungting684 ($26.85 in chips)
leungting684: posts small blind $1
Chessnok: posts big blind $3
*** HOLE CARDS ***
leungting684: raises $3 to $6
Chessnok: calls $3
*** FLOP *** [5h 7h 9h]
Chessnok: checks
leungting684: bets $3
Chessnok: calls $3
*** TURN *** [5h 7h 9h] [8s]
Chessnok: checks
leungting684: bets $6
Chessnok: calls $6
*** RIVER *** [5h 7h 9h 8s] [As]
Chessnok: checks
leungting684: bets $6
Chessnok: calls $6
*** SHOW DOWN ***
leungting684: shows [5s 4c] (a pair of Fives)
Chessnok: shows [Kd 7c] (a pair of Sevens)
Chessnok collected $41.50 from pot
*** SUMMARY ***
Total pot $42 | Rake $0.50
Board [5h 7h 9h 8s As]
Seat 8: Chessnok (big blind) showed [Kd 7c] and won ($41.50) with a pair of Sevens
Seat 9: leungting684 (button) (small blind) showed [5s 4c] and lost with a pair of Fives


PokerStars Hand #168399819734:  Hold'em Limit ($3/$6 USD) - 2017/03/31 21:41:20 ET
Table 'Mathesis' 10-max Seat #8 is the button
Seat 8: Chessnok ($380.67 in chips)
Seat 9: leungting684 ($5.85 in chips)
Chessnok: posts small blind $1
leungting684: posts big blind $3
*** HOLE CARDS ***
Chessnok: folds
Uncalled bet ($2) returned to leungting684
leungting684 collected $2 from pot
leungting684: doesn't show hand
*** SUMMARY ***
Total pot $2 | Rake $0
Seat 8: Chessnok (button) (small blind) folded before Flop
Seat 9: leungting684 (big blind) collected ($2)


PokerStars Hand #168399822422:  Hold'em Limit ($3/$6 USD) - 2017/03/31 21:41:26 ET
Table 'Mathesis' 10-max Seat #9 is the button
Seat 8: Chessnok ($379.67 in chips)
Seat 9: leungting684 ($6.85 in chips)
leungting684: posts small blind $1
Chessnok: posts big blind $3
*** HOLE CARDS ***
leungting684: raises $3 to $6
Chessnok: raises $3 to $9
leungting684: calls $0.85 and is all-in
Uncalled bet ($2.15) returned to Chessnok
*** FLOP *** [Qh 6s As]
*** TURN *** [Qh 6s As] [4s]
*** RIVER *** [Qh 6s As 4s] [Kc]
*** SHOW DOWN ***
Chessnok: shows [Ks Ac] (two pair, Aces and Kings)
leungting684: shows [Jd 6h] (a pair of Sixes)
Chessnok collected $13.43 from pot
*** SUMMARY ***
Total pot $13.70 | Rake $0.27
Board [Qh 6s As 4s Kc]
Seat 8: Chessnok (big blind) showed [Ks Ac] and won ($13.43) with two pair, Aces and Kings
Seat 9: leungting684 (button) (small blind) showed [Jd 6h] and lost with a pair of Sixes


PokerStars Hand #168399809223:  Hold'em Limit ($3/$6 USD) - 2017/03/31 21:40:56 ET
Table 'Mathesis' 10-max Seat #8 is the button
Seat 8: Chessnok ($361.17 in chips)
Seat 9: leungting684 ($25.85 in chips)
Chessnok: posts small blind $1
leungting684: posts big blind $3
*** HOLE CARDS ***
Chessnok: folds
Uncalled bet ($2) returned to leungting684
leungting684 collected $2 from pot
leungting684: doesn't show hand
*** SUMMARY ***
Total pot $2 | Rake $0
Seat 8: Chessnok (button) (small blind) folded before Flop
Seat 9: leungting684 (big blind) collected ($2)


PokerStars Hand #168399801682:  Hold'em Limit ($3/$6 USD) - 2017/03/31 21:40:39 ET
Table 'Mathesis' 10-max Seat #9 is the button
Seat 8: Chessnok ($340.67 in chips)
Seat 9: leungting684 ($46.85 in chips)
leungting684: posts small blind $1
Chessnok: posts big blind $3
*** HOLE CARDS ***
leungting684: calls $2
Chessnok: raises $3 to $6
leungting684: calls $3
*** FLOP *** [8s 5c 4s]
Chessnok: bets $3
leungting684: calls $3
*** TURN *** [8s 5c 4s] [As]
Chessnok: bets $6
leungting684: calls $6
*** RIVER *** [8s 5c 4s As] [5d]
Chessnok: checks
leungting684: bets $6
Chessnok: calls $6
*** SHOW DOWN ***
leungting684: shows [Jc 3c] (a pair of Fives)
Chessnok: shows [6c Ks] (a pair of Fives - Ace+King kicker)
Chessnok collected $41.50 from pot
*** SUMMARY ***
Total pot $42 | Rake $0.50
Board [8s 5c 4s As 5d]
Seat 8: Chessnok (big blind) showed [6c Ks] and won ($41.50) with a pair of Fives
Seat 9: leungting684 (button) (small blind) showed [Jc 3c] and lost with a pair of Fives


