PokerStars Hand #148587759835:  Hold'em Limit ($3/$6 USD) - 2016/02/10 18:02:37 ET
Table 'Mathesis II' 6-max Seat #5 is the button
Seat 3: MaSnaQ9 ($285.50 in chips)
Seat 5: BelSv ($91.02 in chips)
BelSv: posts small blind $1
MaSnaQ9: posts big blind $3
*** HOLE CARDS ***
BelSv: raises $3 to $6
MaSnaQ9: calls $3
*** FLOP *** [4d As Qh]
MaSnaQ9: checks
BelSv: bets $3
MaSnaQ9: calls $3
*** TURN *** [4d As Qh] [Kd]
MaSnaQ9: checks
BelSv: checks
*** RIVER *** [4d As Qh Kd] [6h]
MaSnaQ9: bets $6
trucker7475 joins the table at seat #6
BelSv: folds
Uncalled bet ($6) returned to MaSnaQ9
MaSnaQ9 collected $17.64 from pot
MaSnaQ9: doesn't show hand
*** SUMMARY ***
Total pot $18 | Rake $0.36
Board [4d As Qh Kd 6h]
Seat 3: MaSnaQ9 (big blind) collected ($17.64)
Seat 5: BelSv (button) (small blind) folded on the River


PokerStars Hand #148587747765:  Hold'em Limit ($3/$6 USD) - 2016/02/10 18:02:23 ET
Table 'Mathesis II' 6-max Seat #3 is the button
Seat 3: MaSnaQ9 ($291.50 in chips)
Seat 5: BelSv ($85.26 in chips)
MaSnaQ9: posts small blind $1
BelSv: posts big blind $3
*** HOLE CARDS ***
MaSnaQ9: raises $3 to $6
BelSv: calls $3
*** FLOP *** [8h Jd Ts]
BelSv: checks
MaSnaQ9: checks
*** TURN *** [8h Jd Ts] [7s]
BelSv: bets $6
MaSnaQ9: folds
Uncalled bet ($6) returned to BelSv
BelSv collected $11.76 from pot
BelSv: doesn't show hand
*** SUMMARY ***
Total pot $12 | Rake $0.24
Board [8h Jd Ts 7s]
Seat 3: MaSnaQ9 (button) (small blind) folded on the Turn
Seat 5: BelSv (big blind) collected ($11.76)


PokerStars Hand #148587743491:  Hold'em Limit ($3/$6 USD) - 2016/02/10 18:02:18 ET
Table 'Mathesis II' 6-max Seat #5 is the button
Seat 3: MaSnaQ9 ($290.50 in chips)
Seat 5: BelSv ($86.26 in chips)
BelSv: posts small blind $1
MaSnaQ9: posts big blind $3
*** HOLE CARDS ***
BelSv: folds
Uncalled bet ($2) returned to MaSnaQ9
MaSnaQ9 collected $2 from pot
MaSnaQ9: doesn't show hand
*** SUMMARY ***
Total pot $2 | Rake $0
Seat 3: MaSnaQ9 (big blind) collected ($2)
Seat 5: BelSv (button) (small blind) folded before Flop


PokerStars Hand #148587727720:  Hold'em Limit ($3/$6 USD) - 2016/02/10 18:02:00 ET
Table 'Mathesis II' 6-max Seat #3 is the button
Seat 3: MaSnaQ9 ($276 in chips)
Seat 5: BelSv ($101.26 in chips)
MaSnaQ9: posts small blind $1
BelSv: posts big blind $3
*** HOLE CARDS ***
MaSnaQ9: raises $3 to $6
BelSv: calls $3
*** FLOP *** [3c 8h 4d]
BelSv: checks
MaSnaQ9: bets $3
BelSv: calls $3
*** TURN *** [3c 8h 4d] [2s]
BelSv: checks
MaSnaQ9: bets $6
BelSv: calls $6
*** RIVER *** [3c 8h 4d 2s] [7h]
BelSv: checks
MaSnaQ9: checks
*** SHOW DOWN ***
BelSv: shows [Kd 5s] (high card King)
MaSnaQ9: shows [4c 5c] (a pair of Fours)
MaSnaQ9 collected $29.50 from pot
*** SUMMARY ***
Total pot $30 | Rake $0.50
Board [3c 8h 4d 2s 7h]
Seat 3: MaSnaQ9 (button) (small blind) showed [4c 5c] and won ($29.50) with a pair of Fours
Seat 5: BelSv (big blind) showed [Kd 5s] and lost with high card King


PokerStars Hand #148587714797:  Hold'em Limit ($3/$6 USD) - 2016/02/10 18:01:46 ET
Table 'Mathesis II' 6-max Seat #5 is the button
Seat 3: MaSnaQ9 ($282 in chips)
Seat 5: BelSv ($95.50 in chips)
BelSv: posts small blind $1
MaSnaQ9: posts big blind $3
*** HOLE CARDS ***
BelSv: raises $3 to $6
MaSnaQ9: calls $3
*** FLOP *** [3h 2d Qs]
MaSnaQ9: checks
BelSv: checks
*** TURN *** [3h 2d Qs] [2s]
MaSnaQ9: checks
BelSv: bets $6
MaSnaQ9: folds
Uncalled bet ($6) returned to BelSv
BelSv collected $11.76 from pot
BelSv: doesn't show hand
*** SUMMARY ***
Total pot $12 | Rake $0.24
Board [3h 2d Qs 2s]
Seat 3: MaSnaQ9 (big blind) folded on the Turn
Seat 5: BelSv (button) (small blind) collected ($11.76)


PokerStars Hand #148587777123:  Hold'em Limit ($3/$6 USD) - 2016/02/10 18:02:55 ET
Table 'Mathesis II' 6-max Seat #3 is the button
Seat 3: MaSnaQ9 ($294.14 in chips)
Seat 5: BelSv ($82.02 in chips)
MaSnaQ9: posts small blind $1
BelSv: posts big blind $3
*** HOLE CARDS ***
MaSnaQ9: raises $3 to $6
BelSv: calls $3
*** FLOP *** [4c 4s 7h]
BelSv: checks
MaSnaQ9: bets $3
BelSv: raises $3 to $6
MaSnaQ9: raises $3 to $9
BelSv: calls $3
*** TURN *** [4c 4s 7h] [2c]
BelSv: checks
MaSnaQ9: bets $6
BelSv: calls $6
*** RIVER *** [4c 4s 7h 2c] [Qs]
BelSv: checks
MaSnaQ9: bets $6
BelSv: calls $6
*** SHOW DOWN ***
MaSnaQ9: shows [5h 7c] (two pair, Sevens and Fours)
BelSv: shows [7s 8c] (two pair, Sevens and Fours)
BelSv collected $26.75 from pot
MaSnaQ9 collected $26.75 from pot
*** SUMMARY ***
Total pot $54 | Rake $0.50
Board [4c 4s 7h 2c Qs]
Seat 3: MaSnaQ9 (button) (small blind) showed [5h 7c] and won ($26.75) with two pair, Sevens and Fours
Seat 5: BelSv (big blind) showed [7s 8c] and won ($26.75) with two pair, Sevens and Fours


PokerStars Hand #148587821011:  Hold'em Limit ($3/$6 USD) - 2016/02/10 18:03:42 ET
Table 'Mathesis II' 6-max Seat #3 is the button
Seat 3: MaSnaQ9 ($290.89 in chips)
Seat 6: trucker7475 ($75.41 in chips)
MaSnaQ9: posts small blind $1
BelSv: is sitting out
trucker7475: posts big blind $3
*** HOLE CARDS ***
BelSv leaves the table
MaSnaQ9: raises $3 to $6
trucker7475: calls $3
*** FLOP *** [Kc 4c 7s]
trucker7475: checks
BelSv joins the table at seat #1
MaSnaQ9: checks
*** TURN *** [Kc 4c 7s] [Ad]
trucker7475: bets $6
MaSnaQ9: folds
Uncalled bet ($6) returned to trucker7475
trucker7475 collected $11.76 from pot
trucker7475: doesn't show hand
*** SUMMARY ***
Total pot $12 | Rake $0.24
Board [Kc 4c 7s Ad]
Seat 3: MaSnaQ9 (button) (small blind) folded on the Turn
Seat 6: trucker7475 (big blind) collected ($11.76)


PokerStars Hand #148588765805:  Hold'em Limit ($3/$6 USD) - 2016/02/10 18:21:02 ET
Table 'Mathesis II' 6-max Seat #3 is the button
Seat 1: BelSv ($83.87 in chips)
Seat 3: MaSnaQ9 ($226.09 in chips)
MaSnaQ9: posts small blind $1
bentinck113: is sitting out
BelSv: posts big blind $3
*** HOLE CARDS ***
MaSnaQ9: raises $3 to $6
BelSv: calls $3
*** FLOP *** [Qc Td Th]
bentinck113 leaves the table
BelSv: checks
MaSnaQ9: bets $3
BelSv: calls $3
*** TURN *** [Qc Td Th] [6c]
BelSv: checks
MaSnaQ9: bets $6
BelSv: raises $6 to $12
MaSnaQ9: calls $6
*** RIVER *** [Qc Td Th 6c] [Kh]
BelSv: bets $6
MaSnaQ9: raises $6 to $12
BelSv: calls $6
*** SHOW DOWN ***
MaSnaQ9: shows [Jc Kd] (two pair, Kings and Tens)
BelSv: shows [9s Tc] (three of a kind, Tens)
BelSv collected $65.50 from pot
*** SUMMARY ***
Total pot $66 | Rake $0.50
Board [Qc Td Th 6c Kh]
Seat 1: BelSv (big blind) showed [9s Tc] and won ($65.50) with three of a kind, Tens
Seat 3: MaSnaQ9 (button) (small blind) showed [Jc Kd] and lost with two pair, Kings and Tens


PokerStars Hand #148588791609:  Hold'em Limit ($3/$6 USD) - 2016/02/10 18:21:33 ET
Table 'Mathesis II' 6-max Seat #1 is the button
Seat 1: BelSv ($116.37 in chips)
Seat 3: MaSnaQ9 ($193.09 in chips)
BelSv: posts small blind $1
MaSnaQ9: posts big blind $3
*** HOLE CARDS ***
BelSv: raises $3 to $6
MaSnaQ9: calls $3
*** FLOP *** [Qh Jc Ad]
MaSnaQ9: checks
BelSv: bets $3
MaSnaQ9: calls $3
*** TURN *** [Qh Jc Ad] [Qd]
MaSnaQ9: checks
BelSv: checks
*** RIVER *** [Qh Jc Ad Qd] [9d]
MaSnaQ9: checks
BelSv: checks
*** SHOW DOWN ***
MaSnaQ9: shows [9s Td] (two pair, Queens and Nines)
BelSv: mucks hand
MaSnaQ9 collected $17.64 from pot
*** SUMMARY ***
Total pot $18 | Rake $0.36
Board [Qh Jc Ad Qd 9d]
Seat 1: BelSv (button) (small blind) mucked
Seat 3: MaSnaQ9 (big blind) showed [9s Td] and won ($17.64) with two pair, Queens and Nines


PokerStars Hand #148588813638:  Hold'em Limit ($3/$6 USD) - 2016/02/10 18:21:59 ET
Table 'Mathesis II' 6-max Seat #3 is the button
Seat 1: BelSv ($107.37 in chips)
Seat 3: MaSnaQ9 ($201.73 in chips)
MaSnaQ9: posts small blind $1
BelSv: posts big blind $3
*** HOLE CARDS ***
MaSnaQ9: folds
Uncalled bet ($2) returned to BelSv
BelSv collected $2 from pot
BelSv: doesn't show hand
*** SUMMARY ***
Total pot $2 | Rake $0
Seat 1: BelSv (big blind) collected ($2)
Seat 3: MaSnaQ9 (button) (small blind) folded before Flop


PokerStars Hand #148588817591:  Hold'em Limit ($3/$6 USD) - 2016/02/10 18:22:03 ET
Table 'Mathesis II' 6-max Seat #1 is the button
Seat 1: BelSv ($108.37 in chips)
Seat 3: MaSnaQ9 ($200.73 in chips)
BelSv: posts small blind $1
MaSnaQ9: posts big blind $3
*** HOLE CARDS ***
BelSv: raises $3 to $6
MaSnaQ9: folds
Uncalled bet ($3) returned to BelSv
BelSv collected $6 from pot
BelSv: doesn't show hand
*** SUMMARY ***
Total pot $6 | Rake $0
Seat 1: BelSv (button) (small blind) collected ($6)
Seat 3: MaSnaQ9 (big blind) folded before Flop


PokerStars Hand #148588827577:  Hold'em Limit ($3/$6 USD) - 2016/02/10 18:22:15 ET
Table 'Mathesis II' 6-max Seat #3 is the button
Seat 1: BelSv ($111.37 in chips)
Seat 3: MaSnaQ9 ($197.73 in chips)
MaSnaQ9: posts small blind $1
BelSv: posts big blind $3
*** HOLE CARDS ***
MaSnaQ9: raises $3 to $6
BelSv: calls $3
*** FLOP *** [As Th 8c]
BelSv: checks
MaSnaQ9: checks
*** TURN *** [As Th 8c] [5d]
BelSv: checks
MaSnaQ9: checks
*** RIVER *** [As Th 8c 5d] [5c]
BelSv: checks
MaSnaQ9: checks
*** SHOW DOWN ***
BelSv: shows [4c 6h] (a pair of Fives)
MaSnaQ9: shows [9s Kc] (a pair of Fives - Ace+King kicker)
MaSnaQ9 collected $11.76 from pot
*** SUMMARY ***
Total pot $12 | Rake $0.24
Board [As Th 8c 5d 5c]
Seat 1: BelSv (big blind) showed [4c 6h] and lost with a pair of Fives
Seat 3: MaSnaQ9 (button) (small blind) showed [9s Kc] and won ($11.76) with a pair of Fives


PokerStars Hand #148588865294:  Hold'em Limit ($3/$6 USD) - 2016/02/10 18:23:00 ET
Table 'Mathesis II' 6-max Seat #3 is the button
Seat 1: BelSv ($111.13 in chips)
Seat 3: MaSnaQ9 ($197.49 in chips)
MaSnaQ9: posts small blind $1
BelSv: posts big blind $3
*** HOLE CARDS ***
MaSnaQ9: raises $3 to $6
BelSv: calls $3
*** FLOP *** [3d 8d 8c]
BelSv: checks
MaSnaQ9: bets $3
BelSv: calls $3
*** TURN *** [3d 8d 8c] [Th]
BelSv: checks
MaSnaQ9: checks
*** RIVER *** [3d 8d 8c Th] [6c]
BelSv: checks
MaSnaQ9: checks
*** SHOW DOWN ***
BelSv: shows [Ad 2d] (a pair of Eights)
MaSnaQ9: mucks hand
BelSv collected $17.64 from pot
*** SUMMARY ***
Total pot $18 | Rake $0.36
Board [3d 8d 8c Th 6c]
Seat 1: BelSv (big blind) showed [Ad 2d] and won ($17.64) with a pair of Eights
Seat 3: MaSnaQ9 (button) (small blind) mucked


PokerStars Hand #148588879349:  Hold'em Limit ($3/$6 USD) - 2016/02/10 18:23:17 ET
Table 'Mathesis II' 6-max Seat #1 is the button
Seat 1: BelSv ($119.77 in chips)
Seat 3: MaSnaQ9 ($188.49 in chips)
BelSv: posts small blind $1
MaSnaQ9: posts big blind $3
*** HOLE CARDS ***
BelSv: raises $3 to $6
MaSnaQ9: calls $3
*** FLOP *** [Td 3d Kh]
MaSnaQ9: checks
BelSv: bets $3
MaSnaQ9: folds
Uncalled bet ($3) returned to BelSv
BelSv collected $11.76 from pot
BelSv: doesn't show hand
*** SUMMARY ***
Total pot $12 | Rake $0.24
Board [Td 3d Kh]
Seat 1: BelSv (button) (small blind) collected ($11.76)
Seat 3: MaSnaQ9 (big blind) folded on the Flop


PokerStars Hand #148588889016:  Hold'em Limit ($3/$6 USD) - 2016/02/10 18:23:28 ET
Table 'Mathesis II' 6-max Seat #3 is the button
Seat 1: BelSv ($125.53 in chips)
Seat 3: MaSnaQ9 ($182.49 in chips)
MaSnaQ9: posts small blind $1
BelSv: posts big blind $3
*** HOLE CARDS ***
MaSnaQ9: raises $3 to $6
BelSv: raises $3 to $9
MaSnaQ9: calls $3
*** FLOP *** [Kh Kd 6s]
BelSv: bets $3
MaSnaQ9: calls $3
*** TURN *** [Kh Kd 6s] [Qs]
BelSv: bets $6
MaSnaQ9: calls $6
*** RIVER *** [Kh Kd 6s Qs] [6h]
BelSv: bets $6
MaSnaQ9: calls $6
*** SHOW DOWN ***
BelSv: shows [Kc 9s] (a full house, Kings full of Sixes)
MaSnaQ9: mucks hand
BelSv collected $47.50 from pot
*** SUMMARY ***
Total pot $48 | Rake $0.50
Board [Kh Kd 6s Qs 6h]
Seat 1: BelSv (big blind) showed [Kc 9s] and won ($47.50) with a full house, Kings full of Sixes
Seat 3: MaSnaQ9 (button) (small blind) mucked


PokerStars Hand #148588847919:  Hold'em Limit ($3/$6 USD) - 2016/02/10 18:22:39 ET
Table 'Mathesis II' 6-max Seat #1 is the button
Seat 1: BelSv ($105.37 in chips)
Seat 3: MaSnaQ9 ($203.49 in chips)
BelSv: posts small blind $1
MaSnaQ9: posts big blind $3
*** HOLE CARDS ***
BelSv: raises $3 to $6
MaSnaQ9: calls $3
*** FLOP *** [Jd 4d 2s]
MaSnaQ9: checks
BelSv: bets $3
MaSnaQ9: folds
Uncalled bet ($3) returned to BelSv
BelSv collected $11.76 from pot
BelSv: doesn't show hand
*** SUMMARY ***
Total pot $12 | Rake $0.24
Board [Jd 4d 2s]
Seat 1: BelSv (button) (small blind) collected ($11.76)
Seat 3: MaSnaQ9 (big blind) folded on the Flop


PokerStars Hand #148588920552:  Hold'em Limit ($3/$6 USD) - 2016/02/10 18:24:05 ET
Table 'Mathesis II' 6-max Seat #3 is the button
Seat 1: BelSv ($154.79 in chips)
Seat 3: MaSnaQ9 ($152.49 in chips)
MaSnaQ9: posts small blind $1
BelSv: posts big blind $3
*** HOLE CARDS ***
MaSnaQ9: folds
Uncalled bet ($2) returned to BelSv
BelSv collected $2 from pot
BelSv: doesn't show hand
*** SUMMARY ***
Total pot $2 | Rake $0
Seat 1: BelSv (big blind) collected ($2)
Seat 3: MaSnaQ9 (button) (small blind) folded before Flop


PokerStars Hand #148588905368:  Hold'em Limit ($3/$6 USD) - 2016/02/10 18:23:47 ET
Table 'Mathesis II' 6-max Seat #1 is the button
Seat 1: BelSv ($149.03 in chips)
Seat 3: MaSnaQ9 ($158.49 in chips)
BelSv: posts small blind $1
MaSnaQ9: posts big blind $3
*** HOLE CARDS ***
BelSv: raises $3 to $6
MaSnaQ9: calls $3
*** FLOP *** [Ac Js 7c]
MaSnaQ9: checks
BelSv: bets $3
MaSnaQ9: folds
Uncalled bet ($3) returned to BelSv
BelSv collected $11.76 from pot
BelSv: doesn't show hand
*** SUMMARY ***
Total pot $12 | Rake $0.24
Board [Ac Js 7c]
Seat 1: BelSv (button) (small blind) collected ($11.76)
Seat 3: MaSnaQ9 (big blind) folded on the Flop


PokerStars Hand #148588943369:  Hold'em Limit ($3/$6 USD) - 2016/02/10 18:24:32 ET
Table 'Mathesis II' 6-max Seat #3 is the button
Seat 1: BelSv ($134.79 in chips)
Seat 3: MaSnaQ9 ($171.99 in chips)
MaSnaQ9: posts small blind $1
BelSv: posts big blind $3
*** HOLE CARDS ***
MaSnaQ9: folds
Uncalled bet ($2) returned to BelSv
BelSv collected $2 from pot
BelSv: doesn't show hand
*** SUMMARY ***
Total pot $2 | Rake $0
Seat 1: BelSv (big blind) collected ($2)
Seat 3: MaSnaQ9 (button) (small blind) folded before Flop


PokerStars Hand #148588966814:  Hold'em Limit ($3/$6 USD) - 2016/02/10 18:25:00 ET
Table 'Mathesis II' 6-max Seat #3 is the button
Seat 1: BelSv ($129.79 in chips)
Seat 3: MaSnaQ9 ($176.75 in chips)
MaSnaQ9: posts small blind $1
BelSv: posts big blind $3
*** HOLE CARDS ***
MaSnaQ9: folds
Uncalled bet ($2) returned to BelSv
BelSv collected $2 from pot
BelSv: doesn't show hand
*** SUMMARY ***
Total pot $2 | Rake $0
Seat 1: BelSv (big blind) collected ($2)
Seat 3: MaSnaQ9 (button) (small blind) folded before Flop


PokerStars Hand #148588948471:  Hold'em Limit ($3/$6 USD) - 2016/02/10 18:24:38 ET
Table 'Mathesis II' 6-max Seat #1 is the button
Seat 1: BelSv ($135.79 in chips)
Seat 3: MaSnaQ9 ($170.99 in chips)
BelSv: posts small blind $1
MaSnaQ9: posts big blind $3
*** HOLE CARDS ***
BelSv: raises $3 to $6
MaSnaQ9: calls $3
*** FLOP *** [5d 8s Ac]
MaSnaQ9: checks
BelSv: checks
*** TURN *** [5d 8s Ac] [Qh]
MaSnaQ9: checks
BelSv: checks
*** RIVER *** [5d 8s Ac Qh] [Jc]
MaSnaQ9: bets $6
BelSv: folds
Uncalled bet ($6) returned to MaSnaQ9
MaSnaQ9 collected $11.76 from pot
MaSnaQ9: doesn't show hand
*** SUMMARY ***
Total pot $12 | Rake $0.24
Board [5d 8s Ac Qh Jc]
Seat 1: BelSv (button) (small blind) folded on the River
Seat 3: MaSnaQ9 (big blind) collected ($11.76)


PokerStars Hand #148588978522:  Hold'em Limit ($3/$6 USD) - 2016/02/10 18:25:14 ET
Table 'Mathesis II' 6-max Seat #3 is the button
Seat 1: BelSv ($121.79 in chips)
Seat 3: MaSnaQ9 ($184.39 in chips)
MaSnaQ9: posts small blind $1
BelSv: posts big blind $3
*** HOLE CARDS ***
MaSnaQ9: folds
Uncalled bet ($2) returned to BelSv
BelSv collected $2 from pot
BelSv: doesn't show hand
*** SUMMARY ***
Total pot $2 | Rake $0
Seat 1: BelSv (big blind) collected ($2)
Seat 3: MaSnaQ9 (button) (small blind) folded before Flop


PokerStars Hand #148588970853:  Hold'em Limit ($3/$6 USD) - 2016/02/10 18:25:05 ET
Table 'Mathesis II' 6-max Seat #1 is the button
Seat 1: BelSv ($130.79 in chips)
Seat 3: MaSnaQ9 ($175.75 in chips)
BelSv: posts small blind $1
MaSnaQ9: posts big blind $3
*** HOLE CARDS ***
BelSv: raises $3 to $6
MaSnaQ9: raises $3 to $9
BelSv: calls $3
*** FLOP *** [Jd 3d 2c]
MaSnaQ9: bets $3
BelSv: folds
Uncalled bet ($3) returned to MaSnaQ9
MaSnaQ9 collected $17.64 from pot
MaSnaQ9: doesn't show hand
*** SUMMARY ***
Total pot $18 | Rake $0.36
Board [Jd 3d 2c]
Seat 1: BelSv (button) (small blind) folded on the Flop
Seat 3: MaSnaQ9 (big blind) collected ($17.64)


PokerStars Hand #148588983181:  Hold'em Limit ($3/$6 USD) - 2016/02/10 18:25:20 ET
Table 'Mathesis II' 6-max Seat #1 is the button
Seat 1: BelSv ($122.79 in chips)
Seat 3: MaSnaQ9 ($183.39 in chips)
BelSv: posts small blind $1
MaSnaQ9: posts big blind $3
*** HOLE CARDS ***
BelSv: raises $3 to $6
MaSnaQ9: raises $3 to $9
BelSv: calls $3
*** FLOP *** [4h Kd Ks]
MaSnaQ9: bets $3
BelSv: folds
Uncalled bet ($3) returned to MaSnaQ9
MaSnaQ9 collected $17.64 from pot
MaSnaQ9: doesn't show hand
*** SUMMARY ***
Total pot $18 | Rake $0.36
Board [4h Kd Ks]
Seat 1: BelSv (button) (small blind) folded on the Flop
Seat 3: MaSnaQ9 (big blind) collected ($17.64)


PokerStars Hand #148588994129:  Hold'em Limit ($3/$6 USD) - 2016/02/10 18:25:33 ET
Table 'Mathesis II' 6-max Seat #3 is the button
Seat 1: BelSv ($113.79 in chips)
Seat 3: MaSnaQ9 ($192.03 in chips)
MaSnaQ9: posts small blind $1
BelSv: posts big blind $3
*** HOLE CARDS ***
MaSnaQ9: folds
Uncalled bet ($2) returned to BelSv
BelSv collected $2 from pot
BelSv: doesn't show hand
*** SUMMARY ***
Total pot $2 | Rake $0
Seat 1: BelSv (big blind) collected ($2)
Seat 3: MaSnaQ9 (button) (small blind) folded before Flop


PokerStars Hand #148588998911:  Hold'em Limit ($3/$6 USD) - 2016/02/10 18:25:38 ET
Table 'Mathesis II' 6-max Seat #1 is the button
Seat 1: BelSv ($114.79 in chips)
Seat 3: MaSnaQ9 ($191.03 in chips)
BelSv: posts small blind $1
MaSnaQ9: posts big blind $3
*** HOLE CARDS ***
BelSv: raises $3 to $6
MaSnaQ9: folds
Uncalled bet ($3) returned to BelSv
BelSv collected $6 from pot
BelSv: doesn't show hand
*** SUMMARY ***
Total pot $6 | Rake $0
Seat 1: BelSv (button) (small blind) collected ($6)
Seat 3: MaSnaQ9 (big blind) folded before Flop


PokerStars Hand #148589022146:  Hold'em Limit ($3/$6 USD) - 2016/02/10 18:26:06 ET
Table 'Mathesis II' 6-max Seat #1 is the button
Seat 1: BelSv ($132.29 in chips)
Seat 3: MaSnaQ9 ($173.03 in chips)
BelSv: posts small blind $1
MaSnaQ9: posts big blind $3
*** HOLE CARDS ***
BelSv: raises $3 to $6
MaSnaQ9: folds
Uncalled bet ($3) returned to BelSv
BelSv collected $6 from pot
BelSv: doesn't show hand
*** SUMMARY ***
Total pot $6 | Rake $0
Seat 1: BelSv (button) (small blind) collected ($6)
Seat 3: MaSnaQ9 (big blind) folded before Flop


PokerStars Hand #148589006577:  Hold'em Limit ($3/$6 USD) - 2016/02/10 18:25:47 ET
Table 'Mathesis II' 6-max Seat #3 is the button
Seat 1: BelSv ($117.79 in chips)
Seat 3: MaSnaQ9 ($188.03 in chips)
MaSnaQ9: posts small blind $1
BelSv: posts big blind $3
*** HOLE CARDS ***
MaSnaQ9: calls $2
PayMyAudiR8 joins the table at seat #4
BelSv: raises $3 to $6
MaSnaQ9: calls $3
*** FLOP *** [Ac 5c Qh]
BelSv: bets $3
MaSnaQ9: calls $3
*** TURN *** [Ac 5c Qh] [Ad]
BelSv: checks
MaSnaQ9: bets $6
BelSv: calls $6
*** RIVER *** [Ac 5c Qh Ad] [7s]
BelSv: checks
MaSnaQ9: checks
*** SHOW DOWN ***
BelSv: shows [4h 4s] (two pair, Aces and Fours)
MaSnaQ9: mucks hand
BelSv collected $29.50 from pot
*** SUMMARY ***
Total pot $30 | Rake $0.50
Board [Ac 5c Qh Ad 7s]
Seat 1: BelSv (big blind) showed [4h 4s] and won ($29.50) with two pair, Aces and Fours
Seat 3: MaSnaQ9 (button) (small blind) mucked


