PokerStars Hand #160202967166:  Hold'em Limit ($3/$6 USD) - 2016/10/20 15:34:37 ET
Table 'Mathesis II' 10-max Seat #1 is the button
Seat 1: MilkyWay2016 ($94.65 in chips)
Seat 6: assitoni ($72 in chips)
MilkyWay2016: posts small blind $1
assitoni: posts big blind $3
*** HOLE CARDS ***
MilkyWay2016: folds
Uncalled bet ($2) returned to assitoni
assitoni collected $2 from pot
assitoni: doesn't show hand
*** SUMMARY ***
Total pot $2 | Rake $0
Seat 1: MilkyWay2016 (button) (small blind) folded before Flop
Seat 6: assitoni (big blind) collected ($2)


PokerStars Hand #160202948841:  Hold'em Limit ($3/$6 USD) - 2016/10/20 15:34:15 ET
Table 'Mathesis II' 10-max Seat #6 is the button
Seat 1: MilkyWay2016 ($83.13 in chips)
Seat 6: assitoni ($78.76 in chips)
assitoni: posts small blind $1
MilkyWay2016: posts big blind $3
*** HOLE CARDS ***
assitoni: raises $3 to $6
MilkyWay2016: raises $3 to $9
assitoni: calls $3
*** FLOP *** [Th 3h Kd]
MilkyWay2016: bets $3
assitoni: calls $3
*** TURN *** [Th 3h Kd] [6s]
MilkyWay2016: bets $6
assitoni: folds
Uncalled bet ($6) returned to MilkyWay2016
MilkyWay2016 collected $23.52 from pot
*** SUMMARY ***
Total pot $24 | Rake $0.48
Board [Th 3h Kd 6s]
Seat 1: MilkyWay2016 (big blind) collected ($23.52)
Seat 6: assitoni (button) (small blind) folded on the Turn


PokerStars Hand #160202942776:  Hold'em Limit ($3/$6 USD) - 2016/10/20 15:34:08 ET
Table 'Mathesis II' 10-max Seat #1 is the button
Seat 1: MilkyWay2016 ($84.13 in chips)
Seat 6: assitoni ($77.76 in chips)
MilkyWay2016: posts small blind $1
assitoni: posts big blind $3
*** HOLE CARDS ***
MilkyWay2016: folds
Uncalled bet ($2) returned to assitoni
assitoni collected $2 from pot
assitoni: doesn't show hand
*** SUMMARY ***
Total pot $2 | Rake $0
Seat 1: MilkyWay2016 (button) (small blind) folded before Flop
Seat 6: assitoni (big blind) collected ($2)


PokerStars Hand #160202930070:  Hold'em Limit ($3/$6 USD) - 2016/10/20 15:33:53 ET
Table 'Mathesis II' 10-max Seat #6 is the button
Seat 1: MilkyWay2016 ($90.13 in chips)
Seat 6: assitoni ($72 in chips)
assitoni: posts small blind $1
MilkyWay2016: posts big blind $3
*** HOLE CARDS ***
assitoni: raises $3 to $6
MilkyWay2016: calls $3
*** FLOP *** [2h 6s 2c]
MilkyWay2016: checks
assitoni: bets $3
MilkyWay2016: folds
Uncalled bet ($3) returned to assitoni
assitoni collected $11.76 from pot
assitoni: doesn't show hand
*** SUMMARY ***
Total pot $12 | Rake $0.24
Board [2h 6s 2c]
Seat 1: MilkyWay2016 (big blind) folded on the Flop
Seat 6: assitoni (button) (small blind) collected ($11.76)


PokerStars Hand #160202999478:  Hold'em Limit ($3/$6 USD) - 2016/10/20 15:35:14 ET
Table 'Mathesis II' 10-max Seat #1 is the button
Seat 1: MilkyWay2016 ($114.15 in chips)
Seat 6: assitoni ($72 in chips)
MilkyWay2016: posts small blind $1
assitoni: posts big blind $3
*** HOLE CARDS ***
MilkyWay2016: raises $3 to $6
assitoni: calls $3
*** FLOP *** [Ac 3h Kc]
assitoni: checks
MilkyWay2016: bets $3
assitoni: calls $3
*** TURN *** [Ac 3h Kc] [Ah]
assitoni: checks
MilkyWay2016: checks
*** RIVER *** [Ac 3h Kc Ah] [4c]
assitoni: checks
MilkyWay2016: bets $6
assitoni: calls $6
*** SHOW DOWN ***
MilkyWay2016: shows [Tc 6c] (a flush, Ace high)
assitoni: mucks hand
MilkyWay2016 collected $29.50 from pot
*** SUMMARY ***
Total pot $30 | Rake $0.50
Board [Ac 3h Kc Ah 4c]
Seat 1: MilkyWay2016 (button) (small blind) showed [Tc 6c] and won ($29.50) with a flush, Ace high
Seat 6: assitoni (big blind) mucked


PokerStars Hand #160202971929:  Hold'em Limit ($3/$6 USD) - 2016/10/20 15:34:42 ET
Table 'Mathesis II' 10-max Seat #6 is the button
Seat 1: MilkyWay2016 ($93.65 in chips)
Seat 6: assitoni ($73 in chips)
assitoni: posts small blind $1
MilkyWay2016: posts big blind $3
*** HOLE CARDS ***
assitoni: raises $3 to $6
MilkyWay2016: calls $3
*** FLOP *** [Qd Th Tc]
MilkyWay2016: checks
assitoni: bets $3
MilkyWay2016: calls $3
*** TURN *** [Qd Th Tc] [Td]
MilkyWay2016: checks
assitoni: bets $6
MilkyWay2016: calls $6
*** RIVER *** [Qd Th Tc Td] [9c]
MilkyWay2016: checks
assitoni: bets $6
MilkyWay2016: calls $6
*** SHOW DOWN ***
assitoni: shows [Kc Jh] (a straight, Nine to King)
MilkyWay2016: shows [Qc 3c] (a full house, Tens full of Queens)
MilkyWay2016 collected $41.50 from pot
*** SUMMARY ***
Total pot $42 | Rake $0.50
Board [Qd Th Tc Td 9c]
Seat 1: MilkyWay2016 (big blind) showed [Qc 3c] and won ($41.50) with a full house, Tens full of Queens
Seat 6: assitoni (button) (small blind) showed [Kc Jh] and lost with a straight, Nine to King


PokerStars Hand #160203052777:  Hold'em Limit ($3/$6 USD) - 2016/10/20 15:36:16 ET
Table 'Mathesis II' 10-max Seat #1 is the button
Seat 1: MilkyWay2016 ($149.15 in chips)
Seat 6: assitoni ($72 in chips)
MilkyWay2016: posts small blind $1
assitoni: posts big blind $3
*** HOLE CARDS ***
MilkyWay2016: raises $3 to $6
assitoni: calls $3
*** FLOP *** [4s Kc 6d]
assitoni: checks
MilkyWay2016: checks
*** TURN *** [4s Kc 6d] [Ad]
assitoni: bets $6
MilkyWay2016: calls $6
*** RIVER *** [4s Kc 6d Ad] [Js]
assitoni: checks
MilkyWay2016: bets $6
assitoni: folds
Uncalled bet ($6) returned to MilkyWay2016
MilkyWay2016 collected $23.52 from pot
*** SUMMARY ***
Total pot $24 | Rake $0.48
Board [4s Kc 6d Ad Js]
Seat 1: MilkyWay2016 (button) (small blind) collected ($23.52)
Seat 6: assitoni (big blind) folded on the River


PokerStars Hand #160203024275:  Hold'em Limit ($3/$6 USD) - 2016/10/20 15:35:43 ET
Table 'Mathesis II' 10-max Seat #6 is the button
Seat 1: MilkyWay2016 ($128.65 in chips)
Seat 6: assitoni ($72 in chips)
assitoni: posts small blind $1
MilkyWay2016: posts big blind $3
*** HOLE CARDS ***
assitoni: raises $3 to $6
MilkyWay2016: calls $3
*** FLOP *** [Ac 3h Td]
MilkyWay2016: checks
assitoni: bets $3
MilkyWay2016: calls $3
*** TURN *** [Ac 3h Td] [5d]
MilkyWay2016: checks
assitoni: bets $6
MilkyWay2016: calls $6
*** RIVER *** [Ac 3h Td 5d] [Jh]
MilkyWay2016: checks
assitoni: bets $6
MilkyWay2016: calls $6
*** SHOW DOWN ***
assitoni: shows [Kc Jc] (a pair of Jacks)
MilkyWay2016: shows [9d Ah] (a pair of Aces)
MilkyWay2016 collected $41.50 from pot
*** SUMMARY ***
Total pot $42 | Rake $0.50
Board [Ac 3h Td 5d Jh]
Seat 1: MilkyWay2016 (big blind) showed [9d Ah] and won ($41.50) with a pair of Aces
Seat 6: assitoni (button) (small blind) showed [Kc Jc] and lost with a pair of Jacks


PokerStars Hand #160203120678:  Hold'em Limit ($3/$6 USD) - 2016/10/20 15:37:34 ET
Table 'Mathesis II' 10-max Seat #1 is the button
Seat 1: MilkyWay2016 ($150.31 in chips)
Seat 6: assitoni ($81.50 in chips)
MilkyWay2016: posts small blind $1
assitoni: posts big blind $3
*** HOLE CARDS ***
Luanto 14 joins the table at seat #2
MilkyWay2016: folds
Uncalled bet ($2) returned to assitoni
assitoni collected $2 from pot
assitoni: doesn't show hand
*** SUMMARY ***
Total pot $2 | Rake $0
Seat 1: MilkyWay2016 (button) (small blind) folded before Flop
Seat 6: assitoni (big blind) collected ($2)


PokerStars Hand #160203100524:  Hold'em Limit ($3/$6 USD) - 2016/10/20 15:37:11 ET
Table 'Mathesis II' 10-max Seat #6 is the button
Seat 1: MilkyWay2016 ($141.67 in chips)
Seat 6: assitoni ($90.50 in chips)
assitoni: posts small blind $1
MilkyWay2016: posts big blind $3
*** HOLE CARDS ***
assitoni: raises $3 to $6
MilkyWay2016: calls $3
*** FLOP *** [5d 9h 7d]
MilkyWay2016: checks
assitoni: bets $3
MilkyWay2016: calls $3
*** TURN *** [5d 9h 7d] [Kh]
MilkyWay2016: checks
assitoni: checks
*** RIVER *** [5d 9h 7d Kh] [Ah]
MilkyWay2016: checks
assitoni: checks
*** SHOW DOWN ***
MilkyWay2016: shows [Ts Jh] (high card Ace)
assitoni: mucks hand
MilkyWay2016 collected $17.64 from pot
*** SUMMARY ***
Total pot $18 | Rake $0.36
Board [5d 9h 7d Kh Ah]
Seat 1: MilkyWay2016 (big blind) showed [Ts Jh] and won ($17.64) with high card Ace
Seat 6: assitoni (button) (small blind) mucked


PokerStars Hand #160203095446:  Hold'em Limit ($3/$6 USD) - 2016/10/20 15:37:05 ET
Table 'Mathesis II' 10-max Seat #1 is the button
Seat 1: MilkyWay2016 ($142.67 in chips)
Seat 6: assitoni ($89.50 in chips)
MilkyWay2016: posts small blind $1
assitoni: posts big blind $3
*** HOLE CARDS ***
MilkyWay2016: folds
Uncalled bet ($2) returned to assitoni
assitoni collected $2 from pot
assitoni: doesn't show hand
*** SUMMARY ***
Total pot $2 | Rake $0
Seat 1: MilkyWay2016 (button) (small blind) folded before Flop
Seat 6: assitoni (big blind) collected ($2)


PokerStars Hand #160203076568:  Hold'em Limit ($3/$6 USD) - 2016/10/20 15:36:44 ET
Table 'Mathesis II' 10-max Seat #6 is the button
Seat 1: MilkyWay2016 ($160.67 in chips)
Seat 6: assitoni ($72 in chips)
assitoni: posts small blind $1
MilkyWay2016: posts big blind $3
*** HOLE CARDS ***
assitoni: raises $3 to $6
MilkyWay2016: raises $3 to $9
assitoni: calls $3
*** FLOP *** [Ah Jc Qh]
MilkyWay2016: bets $3
assitoni: calls $3
*** TURN *** [Ah Jc Qh] [8s]
MilkyWay2016: bets $6
assitoni: raises $6 to $12
MilkyWay2016: folds
Uncalled bet ($6) returned to assitoni
assitoni collected $35.50 from pot
assitoni: doesn't show hand
*** SUMMARY ***
Total pot $36 | Rake $0.50
Board [Ah Jc Qh 8s]
Seat 1: MilkyWay2016 (big blind) folded on the Turn
Seat 6: assitoni (button) (small blind) collected ($35.50)


PokerStars Hand #160203170628:  Hold'em Limit ($3/$6 USD) - 2016/10/20 15:38:33 ET
Table 'Mathesis II' 10-max Seat #1 is the button
Seat 1: MilkyWay2016 ($136.31 in chips)
Seat 2: Luanto 14 ($299.76 in chips)
MilkyWay2016: posts small blind $1
Luanto 14: posts big blind $3
*** HOLE CARDS ***
MilkyWay2016: folds
Uncalled bet ($2) returned to Luanto 14
Luanto 14 collected $2 from pot
Luanto 14: doesn't show hand
*** SUMMARY ***
Total pot $2 | Rake $0
Seat 1: MilkyWay2016 (button) (small blind) folded before Flop
Seat 2: Luanto 14 (big blind) collected ($2)


PokerStars Hand #160203158806:  Hold'em Limit ($3/$6 USD) - 2016/10/20 15:38:19 ET
Table 'Mathesis II' 10-max Seat #2 is the button
Seat 1: MilkyWay2016 ($142.31 in chips)
Seat 2: Luanto 14 ($294 in chips)
Luanto 14: posts small blind $1
assitoni: is sitting out
MilkyWay2016: posts big blind $3
*** HOLE CARDS ***
Luanto 14: raises $3 to $6
MilkyWay2016: calls $3
*** FLOP *** [Th 6d 6s]
MilkyWay2016: checks
Luanto 14: bets $3
assitoni leaves the table
MilkyWay2016: folds
Uncalled bet ($3) returned to Luanto 14
Luanto 14 collected $11.76 from pot
Luanto 14: doesn't show hand
*** SUMMARY ***
Total pot $12 | Rake $0.24
Board [Th 6d 6s]
Seat 1: MilkyWay2016 (big blind) folded on the Flop
Seat 2: Luanto 14 (button) (small blind) collected ($11.76)


PokerStars Hand #160203125540:  Hold'em Limit ($3/$6 USD) - 2016/10/20 15:37:40 ET
Table 'Mathesis II' 10-max Seat #6 is the button
Seat 1: MilkyWay2016 ($149.31 in chips)
Seat 6: assitoni ($82.50 in chips)
assitoni: posts small blind $1
MilkyWay2016: posts big blind $3
*** HOLE CARDS ***
assitoni: raises $3 to $6
MilkyWay2016: calls $3
*** FLOP *** [Ts Ad 2c]
MilkyWay2016: checks
assitoni: bets $3
MilkyWay2016: folds
Uncalled bet ($3) returned to assitoni
assitoni collected $11.76 from pot
assitoni: doesn't show hand
*** SUMMARY ***
Total pot $12 | Rake $0.24
Board [Ts Ad 2c]
Seat 1: MilkyWay2016 (big blind) folded on the Flop
Seat 6: assitoni (button) (small blind) collected ($11.76)


PokerStars Hand #160203193034:  Hold'em Limit ($3/$6 USD) - 2016/10/20 15:38:59 ET
Table 'Mathesis II' 10-max Seat #1 is the button
Seat 1: MilkyWay2016 ($132.31 in chips)
Seat 2: Luanto 14 ($303.76 in chips)
MilkyWay2016: posts small blind $1
Luanto 14: posts big blind $3
*** HOLE CARDS ***
MilkyWay2016: folds
Uncalled bet ($2) returned to Luanto 14
Luanto 14 collected $2 from pot
Luanto 14: doesn't show hand
*** SUMMARY ***
Total pot $2 | Rake $0
Seat 1: MilkyWay2016 (button) (small blind) folded before Flop
Seat 2: Luanto 14 (big blind) collected ($2)


PokerStars Hand #160203175386:  Hold'em Limit ($3/$6 USD) - 2016/10/20 15:38:38 ET
Table 'Mathesis II' 10-max Seat #2 is the button
Seat 1: MilkyWay2016 ($135.31 in chips)
Seat 2: Luanto 14 ($300.76 in chips)
Luanto 14: posts small blind $1
MilkyWay2016: posts big blind $3
*** HOLE CARDS ***
Luanto 14: raises $3 to $6
MilkyWay2016: folds
Uncalled bet ($3) returned to Luanto 14
Luanto 14 collected $6 from pot
Luanto 14: doesn't show hand
*** SUMMARY ***
Total pot $6 | Rake $0
Seat 1: MilkyWay2016 (big blind) folded before Flop
Seat 2: Luanto 14 (button) (small blind) collected ($6)


PokerStars Hand #160203208843:  Hold'em Limit ($3/$6 USD) - 2016/10/20 15:39:17 ET
Table 'Mathesis II' 10-max Seat #1 is the button
Seat 1: MilkyWay2016 ($125.31 in chips)
Seat 2: Luanto 14 ($310.52 in chips)
MilkyWay2016: posts small blind $1
Luanto 14: posts big blind $3
*** HOLE CARDS ***
MilkyWay2016: folds
Uncalled bet ($2) returned to Luanto 14
Luanto 14 collected $2 from pot
Luanto 14: doesn't show hand
*** SUMMARY ***
Total pot $2 | Rake $0
Seat 1: MilkyWay2016 (button) (small blind) folded before Flop
Seat 2: Luanto 14 (big blind) collected ($2)


PokerStars Hand #160203197239:  Hold'em Limit ($3/$6 USD) - 2016/10/20 15:39:03 ET
Table 'Mathesis II' 10-max Seat #2 is the button
Seat 1: MilkyWay2016 ($131.31 in chips)
Seat 2: Luanto 14 ($304.76 in chips)
Luanto 14: posts small blind $1
MilkyWay2016: posts big blind $3
*** HOLE CARDS ***
Luanto 14: raises $3 to $6
MilkyWay2016: calls $3
*** FLOP *** [4c Kh 5h]
MilkyWay2016: checks
Luanto 14: bets $3
MilkyWay2016: folds
Uncalled bet ($3) returned to Luanto 14
Luanto 14 collected $11.76 from pot
Luanto 14: doesn't show hand
*** SUMMARY ***
Total pot $12 | Rake $0.24
Board [4c Kh 5h]
Seat 1: MilkyWay2016 (big blind) folded on the Flop
Seat 2: Luanto 14 (button) (small blind) collected ($11.76)


PokerStars Hand #160203213229:  Hold'em Limit ($3/$6 USD) - 2016/10/20 15:39:22 ET
Table 'Mathesis II' 10-max Seat #2 is the button
Seat 1: MilkyWay2016 ($124.31 in chips)
Seat 2: Luanto 14 ($311.52 in chips)
Luanto 14: posts small blind $1
MilkyWay2016: posts big blind $3
*** HOLE CARDS ***
Luanto 14: raises $3 to $6
MilkyWay2016 said, "fu"
MilkyWay2016: folds
Uncalled bet ($3) returned to Luanto 14
MilkyWay2016 leaves the table
Luanto 14 collected $6 from pot
Luanto 14: doesn't show hand
*** SUMMARY ***
Total pot $6 | Rake $0
Seat 1: MilkyWay2016 (big blind) folded before Flop
Seat 2: Luanto 14 (button) (small blind) collected ($6)


