PokerStars Hand #147358411568:  Hold'em Limit ($3/$6 USD) - 2016/01/20 6:56:59 ET
Table 'Matra II' 2-max Seat #1 is the button
Seat 1: simper11 ($121 in chips)
Seat 2: solYmar83 ($40.50 in chips)
simper11: posts small blind $1
solYmar83: posts big blind $3
*** HOLE CARDS ***
simper11: raises $3 to $6
solYmar83: calls $3
*** FLOP *** [9d 2s Ks]
solYmar83: checks
simper11: bets $3
solYmar83: folds
Uncalled bet ($3) returned to simper11
simper11 collected $11.76 from pot
simper11: doesn't show hand
*** SUMMARY ***
Total pot $12 | Rake $0.24
Board [9d 2s Ks]
Seat 1: simper11 (button) (small blind) collected ($11.76)
Seat 2: solYmar83 (big blind) folded on the Flop


PokerStars Hand #147358409350:  Hold'em Limit ($3/$6 USD) - 2016/01/20 6:56:54 ET
Table 'Matra II' 2-max Seat #2 is the button
Seat 1: simper11 ($120 in chips)
Seat 2: solYmar83 ($41.50 in chips)
solYmar83: posts small blind $1
simper11: posts big blind $3
*** HOLE CARDS ***
solYmar83: folds
Uncalled bet ($2) returned to simper11
simper11 collected $2 from pot
simper11: doesn't show hand
*** SUMMARY ***
Total pot $2 | Rake $0
Seat 1: simper11 (big blind) collected ($2)
Seat 2: solYmar83 (button) (small blind) folded before Flop


PokerStars Hand #147358402008:  Hold'em Limit ($3/$6 USD) - 2016/01/20 6:56:38 ET
Table 'Matra II' 2-max Seat #1 is the button
Seat 1: simper11 ($128.64 in chips)
Seat 2: solYmar83 ($21 in chips)
simper11: posts small blind $1
solYmar83: posts big blind $3
*** HOLE CARDS ***
simper11: raises $3 to $6
solYmar83: calls $3
*** FLOP *** [Jh 7c 4s]
solYmar83: checks
simper11: bets $3
solYmar83: raises $3 to $6
simper11: calls $3
*** TURN *** [Jh 7c 4s] [Qd]
solYmar83: bets $6
simper11: calls $6
*** RIVER *** [Jh 7c 4s Qd] [5c]
solYmar83: bets $3 and is all-in
simper11: calls $3
*** SHOW DOWN ***
solYmar83: shows [Jd 2h] (a pair of Jacks)
simper11: shows [As 9c] (high card Ace)
solYmar83 collected $41.50 from pot
*** SUMMARY ***
Total pot $42 | Rake $0.50
Board [Jh 7c 4s Qd 5c]
Seat 1: simper11 (button) (small blind) showed [As 9c] and lost with high card Ace
Seat 2: solYmar83 (big blind) showed [Jd 2h] and won ($41.50) with a pair of Jacks


PokerStars Hand #147358390454:  Hold'em Limit ($3/$6 USD) - 2016/01/20 6:56:14 ET
Table 'Matra II' 2-max Seat #2 is the button
Seat 1: simper11 ($120 in chips)
Seat 2: solYmar83 ($30 in chips)
solYmar83: posts small blind $1
simper11: posts big blind $3
*** HOLE CARDS ***
solYmar83: calls $2
simper11: checks
*** FLOP *** [Qs Tc Kc]
simper11: checks
solYmar83: bets $3
simper11: raises $3 to $6
solYmar83: calls $3
*** TURN *** [Qs Tc Kc] [6c]
simper11: bets $6
solYmar83: folds
Uncalled bet ($6) returned to simper11
simper11 collected $17.64 from pot
simper11: doesn't show hand
*** SUMMARY ***
Total pot $18 | Rake $0.36
Board [Qs Tc Kc 6c]
Seat 1: simper11 (big blind) collected ($17.64)
Seat 2: solYmar83 (button) (small blind) folded on the Turn


PokerStars Hand #147358415669:  Hold'em Limit ($3/$6 USD) - 2016/01/20 6:57:07 ET
Table 'Matra II' 2-max Seat #2 is the button
Seat 1: simper11 ($126.76 in chips)
Seat 2: solYmar83 ($34.50 in chips)
solYmar83: posts small blind $1
simper11: posts big blind $3
*** HOLE CARDS ***
solYmar83: raises $3 to $6
simper11: calls $3
*** FLOP *** [Ac 7c 8d]
simper11: checks
solYmar83: bets $3
simper11: calls $3
*** TURN *** [Ac 7c 8d] [Ah]
simper11: checks
solYmar83: bets $6
simper11: calls $6
*** RIVER *** [Ac 7c 8d Ah] [3d]
simper11: checks
solYmar83: bets $6
simper11: folds
Uncalled bet ($6) returned to solYmar83
solYmar83 collected $29.50 from pot
*** SUMMARY ***
Total pot $30 | Rake $0.50
Board [Ac 7c 8d Ah 3d]
Seat 1: simper11 (big blind) folded on the River
Seat 2: solYmar83 (button) (small blind) collected ($29.50)


PokerStars Hand #147358421963:  Hold'em Limit ($3/$6 USD) - 2016/01/20 6:57:20 ET
Table 'Matra II' 2-max Seat #1 is the button
Seat 1: simper11 ($120 in chips)
Seat 2: solYmar83 ($49 in chips)
simper11: posts small blind $1
solYmar83: posts big blind $3
*** HOLE CARDS ***
simper11: raises $3 to $6
solYmar83: calls $3
*** FLOP *** [Jc 5s As]
solYmar83: checks
simper11: bets $3
solYmar83: calls $3
*** TURN *** [Jc 5s As] [4h]
solYmar83: checks
simper11: bets $6
solYmar83: calls $6
*** RIVER *** [Jc 5s As 4h] [2d]
solYmar83: bets $6
simper11: calls $6
*** SHOW DOWN ***
solYmar83: shows [2c Jh] (two pair, Jacks and Deuces)
simper11: mucks hand
solYmar83 collected $41.50 from pot
*** SUMMARY ***
Total pot $42 | Rake $0.50
Board [Jc 5s As 4h 2d]
Seat 1: simper11 (button) (small blind) mucked
Seat 2: solYmar83 (big blind) showed [2c Jh] and won ($41.50) with two pair, Jacks and Deuces


PokerStars Hand #147358432474:  Hold'em Limit ($3/$6 USD) - 2016/01/20 6:57:42 ET
Table 'Matra II' 2-max Seat #1 is the button
Seat 1: simper11 ($125.76 in chips)
Seat 2: solYmar83 ($63.50 in chips)
simper11: posts small blind $1
solYmar83: posts big blind $3
*** HOLE CARDS ***
simper11: raises $3 to $6
solYmar83: raises $3 to $9
simper11: calls $3
*** FLOP *** [4c 7c Ah]
solYmar83: bets $3
simper11: folds
Uncalled bet ($3) returned to solYmar83
solYmar83 collected $17.64 from pot
*** SUMMARY ***
Total pot $18 | Rake $0.36
Board [4c 7c Ah]
Seat 1: simper11 (button) (small blind) folded on the Flop
Seat 2: solYmar83 (big blind) collected ($17.64)


PokerStars Hand #147358428649:  Hold'em Limit ($3/$6 USD) - 2016/01/20 6:57:34 ET
Table 'Matra II' 2-max Seat #2 is the button
Seat 1: simper11 ($120 in chips)
Seat 2: solYmar83 ($69.50 in chips)
solYmar83: posts small blind $1
simper11: posts big blind $3
*** HOLE CARDS ***
solYmar83: calls $2
simper11: raises $3 to $6
solYmar83: calls $3
*** FLOP *** [Jh 2s 2d]
simper11: bets $3
solYmar83: folds
Uncalled bet ($3) returned to simper11
simper11 collected $11.76 from pot
simper11: doesn't show hand
*** SUMMARY ***
Total pot $12 | Rake $0.24
Board [Jh 2s 2d]
Seat 1: simper11 (big blind) collected ($11.76)
Seat 2: solYmar83 (button) (small blind) folded on the Flop


PokerStars Hand #147358436460:  Hold'em Limit ($3/$6 USD) - 2016/01/20 6:57:50 ET
Table 'Matra II' 2-max Seat #2 is the button
Seat 1: simper11 ($120 in chips)
Seat 2: solYmar83 ($72.14 in chips)
solYmar83: posts small blind $1
simper11: posts big blind $3
*** HOLE CARDS ***
solYmar83: calls $2
simper11: checks
*** FLOP *** [6h 3s 5s]
simper11: checks
solYmar83: checks
*** TURN *** [6h 3s 5s] [8s]
simper11: checks
solYmar83: checks
*** RIVER *** [6h 3s 5s 8s] [6s]
simper11: bets $6
solYmar83: folds
Uncalled bet ($6) returned to simper11
simper11 collected $5.88 from pot
simper11: doesn't show hand
*** SUMMARY ***
Total pot $6 | Rake $0.12
Board [6h 3s 5s 8s 6s]
Seat 1: simper11 (big blind) collected ($5.88)
Seat 2: solYmar83 (button) (small blind) folded on the River


PokerStars Hand #147358441830:  Hold'em Limit ($3/$6 USD) - 2016/01/20 6:58:01 ET
Table 'Matra II' 2-max Seat #1 is the button
Seat 1: simper11 ($122.88 in chips)
Seat 2: solYmar83 ($69.14 in chips)
simper11: posts small blind $1
solYmar83: posts big blind $3
*** HOLE CARDS ***
simper11: raises $3 to $6
solYmar83: calls $3
*** FLOP *** [6h 3d 4h]
solYmar83: checks
simper11: bets $3
solYmar83: raises $3 to $6
simper11: calls $3
*** TURN *** [6h 3d 4h] [7h]
solYmar83: bets $6
simper11: calls $6
*** RIVER *** [6h 3d 4h 7h] [Qs]
solYmar83: bets $6
simper11: folds
Uncalled bet ($6) returned to solYmar83
solYmar83 collected $35.50 from pot
*** SUMMARY ***
Total pot $36 | Rake $0.50
Board [6h 3d 4h 7h Qs]
Seat 1: simper11 (button) (small blind) folded on the River
Seat 2: solYmar83 (big blind) collected ($35.50)


PokerStars Hand #147358454839:  Hold'em Limit ($3/$6 USD) - 2016/01/20 6:58:15 ET
Table 'Matra II' 2-max Seat #2 is the button
Seat 1: simper11 ($120 in chips)
Seat 2: solYmar83 ($86.64 in chips)
solYmar83: posts small blind $1
simper11: posts big blind $3
*** HOLE CARDS ***
solYmar83: calls $2
simper11: checks
*** FLOP *** [Td Ad 4c]
simper11: bets $3
solYmar83: folds
Uncalled bet ($3) returned to simper11
simper11 collected $5.88 from pot
simper11: doesn't show hand
*** SUMMARY ***
Total pot $6 | Rake $0.12
Board [Td Ad 4c]
Seat 1: simper11 (big blind) collected ($5.88)
Seat 2: solYmar83 (button) (small blind) folded on the Flop


PokerStars Hand #147358459939:  Hold'em Limit ($3/$6 USD) - 2016/01/20 6:58:22 ET
Table 'Matra II' 2-max Seat #1 is the button
Seat 1: simper11 ($122.88 in chips)
Seat 2: solYmar83 ($83.64 in chips)
simper11: posts small blind $1
solYmar83: posts big blind $3
*** HOLE CARDS ***
simper11: raises $3 to $6
solYmar83: calls $3
*** FLOP *** [9d 4d Kc]
solYmar83: bets $3
simper11: raises $3 to $6
solYmar83: calls $3
*** TURN *** [9d 4d Kc] [6h]
solYmar83: checks
simper11: bets $6
solYmar83: calls $6
*** RIVER *** [9d 4d Kc 6h] [9s]
solYmar83: checks
simper11: bets $6
solYmar83: calls $6
*** SHOW DOWN ***
simper11: shows [9h 5d] (three of a kind, Nines)
solYmar83: mucks hand
simper11 collected $47.50 from pot
*** SUMMARY ***
Total pot $48 | Rake $0.50
Board [9d 4d Kc 6h 9s]
Seat 1: simper11 (button) (small blind) showed [9h 5d] and won ($47.50) with three of a kind, Nines
Seat 2: solYmar83 (big blind) mucked


PokerStars Hand #147358478871:  Hold'em Limit ($3/$6 USD) - 2016/01/20 6:58:52 ET
Table 'Matra II' 2-max Seat #1 is the button
Seat 1: simper11 ($143.38 in chips)
Seat 2: solYmar83 ($62.52 in chips)
simper11: posts small blind $1
solYmar83: posts big blind $3
*** HOLE CARDS ***
simper11: raises $3 to $6
solYmar83: raises $3 to $9
simper11: calls $3
*** FLOP *** [Kh Qc 4s]
solYmar83: bets $3
simper11: folds
Uncalled bet ($3) returned to solYmar83
solYmar83 collected $17.64 from pot
*** SUMMARY ***
Total pot $18 | Rake $0.36
Board [Kh Qc 4s]
Seat 1: simper11 (button) (small blind) folded on the Flop
Seat 2: solYmar83 (big blind) collected ($17.64)


PokerStars Hand #147358472190:  Hold'em Limit ($3/$6 USD) - 2016/01/20 6:58:39 ET
Table 'Matra II' 2-max Seat #2 is the button
Seat 1: simper11 ($146.38 in chips)
Seat 2: solYmar83 ($59.64 in chips)
solYmar83: posts small blind $1
simper11: posts big blind $3
*** HOLE CARDS ***
solYmar83: calls $2
simper11: checks
*** FLOP *** [6d 6s 6c]
simper11: checks
solYmar83: checks
*** TURN *** [6d 6s 6c] [9h]
simper11: checks
solYmar83: checks
*** RIVER *** [6d 6s 6c 9h] [Qh]
simper11: checks
solYmar83: bets $6
simper11: folds
Uncalled bet ($6) returned to solYmar83
solYmar83 collected $5.88 from pot
*** SUMMARY ***
Total pot $6 | Rake $0.12
Board [6d 6s 6c 9h Qh]
Seat 1: simper11 (big blind) folded on the River
Seat 2: solYmar83 (button) (small blind) collected ($5.88)


PokerStars Hand #147358483167:  Hold'em Limit ($3/$6 USD) - 2016/01/20 6:59:00 ET
Table 'Matra II' 2-max Seat #2 is the button
Seat 1: simper11 ($134.38 in chips)
Seat 2: solYmar83 ($71.16 in chips)
solYmar83: posts small blind $1
simper11: posts big blind $3
*** HOLE CARDS ***
solYmar83: raises $3 to $6
simper11: calls $3
*** FLOP *** [6s Ks 6c]
simper11: checks
solYmar83: bets $3
simper11: calls $3
*** TURN *** [6s Ks 6c] [7c]
simper11: checks
solYmar83: bets $6
simper11: raises $6 to $12
solYmar83: calls $6
*** RIVER *** [6s Ks 6c 7c] [7h]
simper11: bets $6
solYmar83: folds
Uncalled bet ($6) returned to simper11
simper11 collected $41.50 from pot
simper11: doesn't show hand
*** SUMMARY ***
Total pot $42 | Rake $0.50
Board [6s Ks 6c 7c 7h]
Seat 1: simper11 (big blind) collected ($41.50)
Seat 2: solYmar83 (button) (small blind) folded on the River


PokerStars Hand #147358490734:  Hold'em Limit ($3/$6 USD) - 2016/01/20 6:59:15 ET
Table 'Matra II' 2-max Seat #1 is the button
Seat 1: simper11 ($154.88 in chips)
Seat 2: solYmar83 ($50.16 in chips)
simper11: posts small blind $1
solYmar83: posts big blind $3
*** HOLE CARDS ***
simper11: raises $3 to $6
solYmar83: calls $3
*** FLOP *** [7s 8c 5c]
solYmar83: checks
simper11: bets $3
solYmar83: calls $3
*** TURN *** [7s 8c 5c] [7c]
solYmar83: checks
simper11: bets $6
solYmar83: calls $6
*** RIVER *** [7s 8c 5c 7c] [Jc]
solYmar83: checks
simper11: checks
*** SHOW DOWN ***
solYmar83: shows [4d As] (a pair of Sevens)
simper11: shows [Ks Ah] (a pair of Sevens - Ace+King kicker)
simper11 collected $29.50 from pot
*** SUMMARY ***
Total pot $30 | Rake $0.50
Board [7s 8c 5c 7c Jc]
Seat 1: simper11 (button) (small blind) showed [Ks Ah] and won ($29.50) with a pair of Sevens
Seat 2: solYmar83 (big blind) showed [4d As] and lost with a pair of Sevens


PokerStars Hand #147358497324:  Hold'em Limit ($3/$6 USD) - 2016/01/20 6:59:28 ET
Table 'Matra II' 2-max Seat #2 is the button
Seat 1: simper11 ($169.38 in chips)
Seat 2: solYmar83 ($35.16 in chips)
solYmar83: posts small blind $1
simper11: posts big blind $3
*** HOLE CARDS ***
solYmar83: folds
Uncalled bet ($2) returned to simper11
simper11 collected $2 from pot
simper11: doesn't show hand
*** SUMMARY ***
Total pot $2 | Rake $0
Seat 1: simper11 (big blind) collected ($2)
Seat 2: solYmar83 (button) (small blind) folded before Flop


PokerStars Hand #147358499636:  Hold'em Limit ($3/$6 USD) - 2016/01/20 6:59:33 ET
Table 'Matra II' 2-max Seat #1 is the button
Seat 1: simper11 ($170.38 in chips)
Seat 2: solYmar83 ($34.16 in chips)
simper11: posts small blind $1
solYmar83: posts big blind $3
*** HOLE CARDS ***
simper11: raises $3 to $6
solYmar83: calls $3
*** FLOP *** [2s 5h 4s]
solYmar83: bets $3
simper11: calls $3
*** TURN *** [2s 5h 4s] [6s]
solYmar83: bets $6
simper11: calls $6
*** RIVER *** [2s 5h 4s 6s] [Qh]
solYmar83: bets $6
simper11: folds
Uncalled bet ($6) returned to solYmar83
solYmar83 collected $29.50 from pot
*** SUMMARY ***
Total pot $30 | Rake $0.50
Board [2s 5h 4s 6s Qh]
Seat 1: simper11 (button) (small blind) folded on the River
Seat 2: solYmar83 (big blind) collected ($29.50)


PokerStars Hand #147358505284:  Hold'em Limit ($3/$6 USD) - 2016/01/20 6:59:45 ET
Table 'Matra II' 2-max Seat #2 is the button
Seat 1: simper11 ($155.38 in chips)
Seat 2: solYmar83 ($48.66 in chips)
solYmar83: posts small blind $1
simper11: posts big blind $3
*** HOLE CARDS ***
solYmar83: raises $3 to $6
simper11: calls $3
*** FLOP *** [Qd 9h 9c]
simper11: checks
solYmar83: bets $3
simper11: folds
Uncalled bet ($3) returned to solYmar83
solYmar83 collected $11.76 from pot
*** SUMMARY ***
Total pot $12 | Rake $0.24
Board [Qd 9h 9c]
Seat 1: simper11 (big blind) folded on the Flop
Seat 2: solYmar83 (button) (small blind) collected ($11.76)


PokerStars Hand #147358509501:  Hold'em Limit ($3/$6 USD) - 2016/01/20 6:59:53 ET
Table 'Matra II' 2-max Seat #1 is the button
Seat 1: simper11 ($149.38 in chips)
Seat 2: solYmar83 ($54.42 in chips)
simper11: posts small blind $1
solYmar83: posts big blind $3
*** HOLE CARDS ***
simper11: raises $3 to $6
solYmar83: calls $3
*** FLOP *** [7d 6c Ks]
solYmar83: checks
simper11: bets $3
solYmar83: raises $3 to $6
simper11: calls $3
*** TURN *** [7d 6c Ks] [5s]
solYmar83: bets $6
simper11: calls $6
*** RIVER *** [7d 6c Ks 5s] [3c]
solYmar83: bets $6
simper11: calls $6
*** SHOW DOWN ***
solYmar83: shows [Ad 7s] (a pair of Sevens)
simper11: mucks hand
solYmar83 collected $47.50 from pot
*** SUMMARY ***
Total pot $48 | Rake $0.50
Board [7d 6c Ks 5s 3c]
Seat 1: simper11 (button) (small blind) mucked
Seat 2: solYmar83 (big blind) showed [Ad 7s] and won ($47.50) with a pair of Sevens


PokerStars Hand #147358516796:  Hold'em Limit ($3/$6 USD) - 2016/01/20 7:00:08 ET
Table 'Matra II' 2-max Seat #2 is the button
Seat 1: simper11 ($125.38 in chips)
Seat 2: solYmar83 ($77.92 in chips)
solYmar83: posts small blind $1
simper11: posts big blind $3
*** HOLE CARDS ***
solYmar83: folds
Uncalled bet ($2) returned to simper11
simper11 collected $2 from pot
simper11: doesn't show hand
*** SUMMARY ***
Total pot $2 | Rake $0
Seat 1: simper11 (big blind) collected ($2)
Seat 2: solYmar83 (button) (small blind) folded before Flop


PokerStars Hand #147390528336:  Hold'em Limit ($3/$6 USD) - 2016/01/20 17:11:10 ET
Table 'Matra II' 2-max Seat #2 is the button
Seat 1: simper11 ($152.50 in chips)
Seat 2: ChicagoBull4 ($119.38 in chips)
ChicagoBull4: posts small blind $1
simper11: posts big blind $3
*** HOLE CARDS ***
ChicagoBull4: folds
Uncalled bet ($2) returned to simper11
simper11 collected $2 from pot
simper11: doesn't show hand
*** SUMMARY ***
Total pot $2 | Rake $0
Seat 1: simper11 (big blind) collected ($2)
Seat 2: ChicagoBull4 (button) (small blind) folded before Flop


PokerStars Hand #147390495254:  Hold'em Limit ($3/$6 USD) - 2016/01/20 17:10:37 ET
Table 'Matra II' 2-max Seat #1 is the button
Seat 1: simper11 ($120 in chips)
Seat 2: ChicagoBull4 ($152.38 in chips)
simper11: posts small blind $1
ChicagoBull4: posts big blind $3
*** HOLE CARDS ***
simper11: raises $3 to $6
ChicagoBull4: calls $3
*** FLOP *** [Kd 4c Jc]
ChicagoBull4: checks
simper11: bets $3
ChicagoBull4: calls $3
*** TURN *** [Kd 4c Jc] [Kh]
ChicagoBull4: checks
simper11: bets $6
ChicagoBull4: raises $6 to $12
simper11: raises $6 to $18
ChicagoBull4: calls $6
*** RIVER *** [Kd 4c Jc Kh] [9c]
ChicagoBull4: checks
simper11: bets $6
ChicagoBull4: calls $6
*** SHOW DOWN ***
simper11: shows [4h 4s] (a full house, Fours full of Kings)
ChicagoBull4: mucks hand
simper11 collected $65.50 from pot
*** SUMMARY ***
Total pot $66 | Rake $0.50
Board [Kd 4c Jc Kh 9c]
Seat 1: simper11 (button) (small blind) showed [4h 4s] and won ($65.50) with a full house, Fours full of Kings
Seat 2: ChicagoBull4 (big blind) mucked


PokerStars Hand #147390594177:  Hold'em Limit ($3/$6 USD) - 2016/01/20 17:12:15 ET
Table 'Matra II' 2-max Seat #1 is the button
Seat 1: simper11 ($145.50 in chips)
Seat 2: ChicagoBull4 ($126.02 in chips)
simper11: posts small blind $1
ChicagoBull4: posts big blind $3
*** HOLE CARDS ***
simper11: folds
Uncalled bet ($2) returned to ChicagoBull4
ChicagoBull4 collected $2 from pot
ChicagoBull4: doesn't show hand
*** SUMMARY ***
Total pot $2 | Rake $0
Seat 1: simper11 (button) (small blind) folded before Flop
Seat 2: ChicagoBull4 (big blind) collected ($2)


PokerStars Hand #147390570918:  Hold'em Limit ($3/$6 USD) - 2016/01/20 17:11:52 ET
Table 'Matra II' 2-max Seat #2 is the button
Seat 1: simper11 ($144.50 in chips)
Seat 2: ChicagoBull4 ($127.02 in chips)
ChicagoBull4: posts small blind $1
simper11: posts big blind $3
*** HOLE CARDS ***
ChicagoBull4: folds
Uncalled bet ($2) returned to simper11
simper11 collected $2 from pot
simper11: doesn't show hand
*** SUMMARY ***
Total pot $2 | Rake $0
Seat 1: simper11 (big blind) collected ($2)
Seat 2: ChicagoBull4 (button) (small blind) folded before Flop


PokerStars Hand #147390566386:  Hold'em Limit ($3/$6 USD) - 2016/01/20 17:11:48 ET
Table 'Matra II' 2-max Seat #1 is the button
Seat 1: simper11 ($145.50 in chips)
Seat 2: ChicagoBull4 ($126.02 in chips)
simper11: posts small blind $1
ChicagoBull4: posts big blind $3
*** HOLE CARDS ***
simper11: folds
Uncalled bet ($2) returned to ChicagoBull4
ChicagoBull4 collected $2 from pot
ChicagoBull4: doesn't show hand
*** SUMMARY ***
Total pot $2 | Rake $0
Seat 1: simper11 (button) (small blind) folded before Flop
Seat 2: ChicagoBull4 (big blind) collected ($2)


PokerStars Hand #147390560770:  Hold'em Limit ($3/$6 USD) - 2016/01/20 17:11:42 ET
Table 'Matra II' 2-max Seat #2 is the button
Seat 1: simper11 ($144.50 in chips)
Seat 2: ChicagoBull4 ($127.02 in chips)
ChicagoBull4: posts small blind $1
simper11: posts big blind $3
*** HOLE CARDS ***
ChicagoBull4: folds
Uncalled bet ($2) returned to simper11
simper11 collected $2 from pot
simper11: doesn't show hand
*** SUMMARY ***
Total pot $2 | Rake $0
Seat 1: simper11 (big blind) collected ($2)
Seat 2: ChicagoBull4 (button) (small blind) folded before Flop


PokerStars Hand #147390533188:  Hold'em Limit ($3/$6 USD) - 2016/01/20 17:11:15 ET
Table 'Matra II' 2-max Seat #1 is the button
Seat 1: simper11 ($153.50 in chips)
Seat 2: ChicagoBull4 ($118.38 in chips)
simper11: posts small blind $1
ChicagoBull4: posts big blind $3
*** HOLE CARDS ***
simper11: raises $3 to $6
ChicagoBull4: calls $3
*** FLOP *** [Qs 8d 3s]
ChicagoBull4: checks
simper11: bets $3
ChicagoBull4: calls $3
*** TURN *** [Qs 8d 3s] [7c]
ChicagoBull4: checks
simper11: checks
*** RIVER *** [Qs 8d 3s 7c] [9h]
ChicagoBull4: checks
simper11: checks
*** SHOW DOWN ***
ChicagoBull4: shows [Jd 9d] (a pair of Nines)
simper11: mucks hand
ChicagoBull4 collected $17.64 from pot
*** SUMMARY ***
Total pot $18 | Rake $0.36
Board [Qs 8d 3s 7c 9h]
Seat 1: simper11 (button) (small blind) mucked
Seat 2: ChicagoBull4 (big blind) showed [Jd 9d] and won ($17.64) with a pair of Nines


PokerStars Hand #147390656116:  Hold'em Limit ($3/$6 USD) - 2016/01/20 17:13:17 ET
Table 'Matra II' 2-max Seat #1 is the button
Seat 1: simper11 ($120 in chips)
Seat 2: ChicagoBull4 ($160.16 in chips)
simper11: posts small blind $1
ChicagoBull4: posts big blind $3
*** HOLE CARDS ***
simper11: raises $3 to $6
ChicagoBull4: calls $3
*** FLOP *** [Th 2s Qs]
ChicagoBull4: checks
simper11: bets $3
ChicagoBull4: folds
Uncalled bet ($3) returned to simper11
simper11 collected $11.76 from pot
simper11: doesn't show hand
*** SUMMARY ***
Total pot $12 | Rake $0.24
Board [Th 2s Qs]
Seat 1: simper11 (button) (small blind) collected ($11.76)
Seat 2: ChicagoBull4 (big blind) folded on the Flop


PokerStars Hand #147390637331:  Hold'em Limit ($3/$6 USD) - 2016/01/20 17:12:58 ET
Table 'Matra II' 2-max Seat #2 is the button
Seat 1: simper11 ($120 in chips)
Seat 2: ChicagoBull4 ($151.52 in chips)
ChicagoBull4: posts small blind $1
simper11: posts big blind $3
*** HOLE CARDS ***
ChicagoBull4: raises $3 to $6
simper11: calls $3
*** FLOP *** [6s 7s 4c]
simper11: checks
ChicagoBull4: bets $3
simper11: calls $3
*** TURN *** [6s 7s 4c] [3d]
simper11: checks
ChicagoBull4: bets $6
simper11: folds
Uncalled bet ($6) returned to ChicagoBull4
ChicagoBull4 collected $17.64 from pot
ChicagoBull4: doesn't show hand
*** SUMMARY ***
Total pot $18 | Rake $0.36
Board [6s 7s 4c 3d]
Seat 1: simper11 (big blind) folded on the Turn
Seat 2: ChicagoBull4 (button) (small blind) collected ($17.64)


PokerStars Hand #147390621827:  Hold'em Limit ($3/$6 USD) - 2016/01/20 17:12:43 ET
Table 'Matra II' 2-max Seat #1 is the button
Seat 1: simper11 ($120.50 in chips)
Seat 2: ChicagoBull4 ($150.52 in chips)
simper11: posts small blind $1
ChicagoBull4: posts big blind $3
*** HOLE CARDS ***
simper11: folds
Uncalled bet ($2) returned to ChicagoBull4
ChicagoBull4 collected $2 from pot
ChicagoBull4: doesn't show hand
*** SUMMARY ***
Total pot $2 | Rake $0
Seat 1: simper11 (button) (small blind) folded before Flop
Seat 2: ChicagoBull4 (big blind) collected ($2)


PokerStars Hand #147390598808:  Hold'em Limit ($3/$6 USD) - 2016/01/20 17:12:20 ET
Table 'Matra II' 2-max Seat #2 is the button
Seat 1: simper11 ($144.50 in chips)
Seat 2: ChicagoBull4 ($127.02 in chips)
ChicagoBull4: posts small blind $1
simper11: posts big blind $3
*** HOLE CARDS ***
ChicagoBull4: raises $3 to $6
simper11: calls $3
*** FLOP *** [6s 8d As]
simper11: checks
ChicagoBull4: bets $3
simper11: raises $3 to $6
ChicagoBull4: calls $3
*** TURN *** [6s 8d As] [6d]
simper11: bets $6
ChicagoBull4: calls $6
*** RIVER *** [6s 8d As 6d] [Js]
simper11: bets $6
ChicagoBull4: calls $6
*** SHOW DOWN ***
simper11: shows [5s 7c] (a pair of Sixes)
ChicagoBull4: shows [Ac Qh] (two pair, Aces and Sixes)
ChicagoBull4 collected $47.50 from pot
*** SUMMARY ***
Total pot $48 | Rake $0.50
Board [6s 8d As 6d Js]
Seat 1: simper11 (big blind) showed [5s 7c] and lost with a pair of Sixes
Seat 2: ChicagoBull4 (button) (small blind) showed [Ac Qh] and won ($47.50) with two pair, Aces and Sixes


PokerStars Hand #147390626455:  Hold'em Limit ($3/$6 USD) - 2016/01/20 17:12:47 ET
Table 'Matra II' 2-max Seat #2 is the button
Seat 1: simper11 ($120 in chips)
Seat 2: ChicagoBull4 ($151.52 in chips)
ChicagoBull4: posts small blind $1
simper11: posts big blind $3
*** HOLE CARDS ***
ChicagoBull4: folds
Uncalled bet ($2) returned to simper11
simper11 collected $2 from pot
simper11: doesn't show hand
*** SUMMARY ***
Total pot $2 | Rake $0
Seat 1: simper11 (big blind) collected ($2)
Seat 2: ChicagoBull4 (button) (small blind) folded before Flop


PokerStars Hand #147390632629:  Hold'em Limit ($3/$6 USD) - 2016/01/20 17:12:54 ET
Table 'Matra II' 2-max Seat #1 is the button
Seat 1: simper11 ($121 in chips)
Seat 2: ChicagoBull4 ($150.52 in chips)
simper11: posts small blind $1
ChicagoBull4: posts big blind $3
*** HOLE CARDS ***
simper11: folds
Uncalled bet ($2) returned to ChicagoBull4
ChicagoBull4 collected $2 from pot
ChicagoBull4: doesn't show hand
*** SUMMARY ***
Total pot $2 | Rake $0
Seat 1: simper11 (button) (small blind) folded before Flop
Seat 2: ChicagoBull4 (big blind) collected ($2)


PokerStars Hand #147390674649:  Hold'em Limit ($3/$6 USD) - 2016/01/20 17:13:35 ET
Table 'Matra II' 2-max Seat #2 is the button
Seat 1: simper11 ($125.76 in chips)
Seat 2: ChicagoBull4 ($154.16 in chips)
ChicagoBull4: posts small blind $1
simper11: posts big blind $3
*** HOLE CARDS ***
ChicagoBull4: folds
Uncalled bet ($2) returned to simper11
simper11 collected $2 from pot
simper11: doesn't show hand
*** SUMMARY ***
Total pot $2 | Rake $0
Seat 1: simper11 (big blind) collected ($2)
Seat 2: ChicagoBull4 (button) (small blind) folded before Flop


PokerStars Hand #147390679984:  Hold'em Limit ($3/$6 USD) - 2016/01/20 17:13:41 ET
Table 'Matra II' 2-max Seat #1 is the button
Seat 1: simper11 ($126.76 in chips)
Seat 2: ChicagoBull4 ($153.16 in chips)
simper11: posts small blind $1
ChicagoBull4: posts big blind $3
*** HOLE CARDS ***
simper11: raises $3 to $6
ChicagoBull4: calls $3
*** FLOP *** [As Jc Th]
ChicagoBull4: checks
simper11: bets $3
ChicagoBull4: calls $3
*** TURN *** [As Jc Th] [5c]
ChicagoBull4: checks
simper11: checks
*** RIVER *** [As Jc Th 5c] [4h]
ChicagoBull4: bets $6
simper11: raises $6 to $12
ChicagoBull4: calls $6
*** SHOW DOWN ***
simper11: shows [4c 5s] (two pair, Fives and Fours)
ChicagoBull4: mucks hand
simper11 collected $41.50 from pot
*** SUMMARY ***
Total pot $42 | Rake $0.50
Board [As Jc Th 5c 4h]
Seat 1: simper11 (button) (small blind) showed [4c 5s] and won ($41.50) with two pair, Fives and Fours
Seat 2: ChicagoBull4 (big blind) mucked


PokerStars Hand #147390712778:  Hold'em Limit ($3/$6 USD) - 2016/01/20 17:14:13 ET
Table 'Matra II' 2-max Seat #2 is the button
Seat 1: simper11 ($147.26 in chips)
Seat 2: ChicagoBull4 ($132.16 in chips)
ChicagoBull4: posts small blind $1
simper11: posts big blind $3
*** HOLE CARDS ***
ChicagoBull4: raises $3 to $6
simper11: raises $3 to $9
ChicagoBull4: calls $3
*** FLOP *** [7s 3c 2c]
simper11: bets $3
ChicagoBull4: calls $3
*** TURN *** [7s 3c 2c] [Kc]
simper11: bets $6
ChicagoBull4: raises $6 to $12
simper11: raises $6 to $18
ChicagoBull4: calls $6
*** RIVER *** [7s 3c 2c Kc] [3d]
simper11: bets $6
ChicagoBull4: calls $6
*** SHOW DOWN ***
simper11: shows [Ac 4c] (a flush, Ace high)
ChicagoBull4: mucks hand
simper11 collected $71.50 from pot
*** SUMMARY ***
Total pot $72 | Rake $0.50
Board [7s 3c 2c Kc 3d]
Seat 1: simper11 (big blind) showed [Ac 4c] and won ($71.50) with a flush, Ace high
Seat 2: ChicagoBull4 (button) (small blind) mucked


PokerStars Hand #147390734807:  Hold'em Limit ($3/$6 USD) - 2016/01/20 17:14:35 ET
Table 'Matra II' 2-max Seat #1 is the button
Seat 1: simper11 ($182.76 in chips)
Seat 2: ChicagoBull4 ($96.16 in chips)
simper11: posts small blind $1
ChicagoBull4: posts big blind $3
*** HOLE CARDS ***
simper11: raises $3 to $6
ChicagoBull4: calls $3
*** FLOP *** [2h Qd 8s]
ChicagoBull4: checks
simper11: checks
*** TURN *** [2h Qd 8s] [6c]
ChicagoBull4: bets $6
simper11: calls $6
*** RIVER *** [2h Qd 8s 6c] [Ac]
ChicagoBull4: checks
simper11: bets $6
ChicagoBull4: calls $6
*** SHOW DOWN ***
simper11: shows [As 2c] (two pair, Aces and Deuces)
ChicagoBull4: mucks hand
simper11 collected $35.50 from pot
*** SUMMARY ***
Total pot $36 | Rake $0.50
Board [2h Qd 8s 6c Ac]
Seat 1: simper11 (button) (small blind) showed [As 2c] and won ($35.50) with two pair, Aces and Deuces
Seat 2: ChicagoBull4 (big blind) mucked


PokerStars Hand #147390768253:  Hold'em Limit ($3/$6 USD) - 2016/01/20 17:15:08 ET
Table 'Matra II' 2-max Seat #2 is the button
Seat 1: simper11 ($200.26 in chips)
Seat 2: ChicagoBull4 ($78.16 in chips)
ChicagoBull4: posts small blind $1
simper11: posts big blind $3
*** HOLE CARDS ***
ChicagoBull4: raises $3 to $6
simper11: calls $3
*** FLOP *** [3c 7s 3d]
simper11: checks
ChicagoBull4: bets $3
simper11: folds
Uncalled bet ($3) returned to ChicagoBull4
ChicagoBull4 collected $11.76 from pot
ChicagoBull4: doesn't show hand
*** SUMMARY ***
Total pot $12 | Rake $0.24
Board [3c 7s 3d]
Seat 1: simper11 (big blind) folded on the Flop
Seat 2: ChicagoBull4 (button) (small blind) collected ($11.76)


PokerStars Hand #147390779441:  Hold'em Limit ($3/$6 USD) - 2016/01/20 17:15:19 ET
Table 'Matra II' 2-max Seat #1 is the button
Seat 1: simper11 ($194.26 in chips)
Seat 2: ChicagoBull4 ($83.92 in chips)
simper11: posts small blind $1
ChicagoBull4: posts big blind $3
*** HOLE CARDS ***
simper11: raises $3 to $6
ChicagoBull4: calls $3
*** FLOP *** [Jd 4h 5c]
ChicagoBull4: checks
simper11: checks
*** TURN *** [Jd 4h 5c] [Kh]
ChicagoBull4: checks
simper11: checks
*** RIVER *** [Jd 4h 5c Kh] [7s]
ChicagoBull4: checks
simper11: checks
*** SHOW DOWN ***
ChicagoBull4: shows [2c 9c] (high card King)
simper11: shows [Qs 9s] (high card King - Queen kicker)
simper11 collected $11.76 from pot
*** SUMMARY ***
Total pot $12 | Rake $0.24
Board [Jd 4h 5c Kh 7s]
Seat 1: simper11 (button) (small blind) showed [Qs 9s] and won ($11.76) with high card King
Seat 2: ChicagoBull4 (big blind) showed [2c 9c] and lost with high card King


PokerStars Hand #147390813550:  Hold'em Limit ($3/$6 USD) - 2016/01/20 17:15:53 ET
Table 'Matra II' 2-max Seat #2 is the button
Seat 1: simper11 ($200.02 in chips)
Seat 2: ChicagoBull4 ($77.92 in chips)
ChicagoBull4: posts small blind $1
simper11: posts big blind $3
*** HOLE CARDS ***
ChicagoBull4: raises $3 to $6
simper11: calls $3
*** FLOP *** [6h 4c 4d]
simper11: checks
ChicagoBull4: bets $3
simper11: calls $3
*** TURN *** [6h 4c 4d] [5c]
simper11: checks
ChicagoBull4: bets $6
simper11: calls $6
*** RIVER *** [6h 4c 4d 5c] [As]
simper11: checks
ChicagoBull4: bets $6
simper11: folds
Uncalled bet ($6) returned to ChicagoBull4
ChicagoBull4 collected $29.50 from pot
ChicagoBull4: doesn't show hand
*** SUMMARY ***
Total pot $30 | Rake $0.50
Board [6h 4c 4d 5c As]
Seat 1: simper11 (big blind) folded on the River
Seat 2: ChicagoBull4 (button) (small blind) collected ($29.50)


PokerStars Hand #147390847443:  Hold'em Limit ($3/$6 USD) - 2016/01/20 17:16:27 ET
Table 'Matra II' 2-max Seat #1 is the button
Seat 1: simper11 ($185.02 in chips)
Seat 2: ChicagoBull4 ($92.42 in chips)
simper11: posts small blind $1
ChicagoBull4: posts big blind $3
*** HOLE CARDS ***
simper11: raises $3 to $6
ChicagoBull4: folds
Uncalled bet ($3) returned to simper11
simper11 collected $6 from pot
simper11: doesn't show hand
*** SUMMARY ***
Total pot $6 | Rake $0
Seat 1: simper11 (button) (small blind) collected ($6)
Seat 2: ChicagoBull4 (big blind) folded before Flop


PokerStars Hand #147390895771:  Hold'em Limit ($3/$6 USD) - 2016/01/20 17:17:15 ET
Table 'Matra II' 2-max Seat #1 is the button
Seat 1: simper11 ($222.52 in chips)
Seat 2: ChicagoBull4 ($54.42 in chips)
simper11: posts small blind $1
ChicagoBull4: posts big blind $3
*** HOLE CARDS ***
simper11: raises $3 to $6
ChicagoBull4: calls $3
*** FLOP *** [8s 9s 7h]
ChicagoBull4: checks
simper11: checks
*** TURN *** [8s 9s 7h] [4c]
ChicagoBull4: bets $6
simper11: folds
Uncalled bet ($6) returned to ChicagoBull4
ChicagoBull4 collected $11.76 from pot
ChicagoBull4: doesn't show hand
*** SUMMARY ***
Total pot $12 | Rake $0.24
Board [8s 9s 7h 4c]
Seat 1: simper11 (button) (small blind) folded on the Turn
Seat 2: ChicagoBull4 (big blind) collected ($11.76)


PokerStars Hand #147390853047:  Hold'em Limit ($3/$6 USD) - 2016/01/20 17:16:32 ET
Table 'Matra II' 2-max Seat #2 is the button
Seat 1: simper11 ($188.02 in chips)
Seat 2: ChicagoBull4 ($89.42 in chips)
ChicagoBull4: posts small blind $1
simper11: posts big blind $3
*** HOLE CARDS ***
ChicagoBull4: raises $3 to $6
simper11: calls $3
*** FLOP *** [Kh 7s 9d]
simper11: checks
ChicagoBull4: bets $3
simper11: calls $3
*** TURN *** [Kh 7s 9d] [2c]
simper11: checks
ChicagoBull4: bets $6
simper11: raises $6 to $12
ChicagoBull4: raises $6 to $18
simper11: raises $6 to $24
Betting is capped
ChicagoBull4: calls $6
*** RIVER *** [Kh 7s 9d 2c] [Ts]
simper11: bets $6
ChicagoBull4: calls $6
*** SHOW DOWN ***
simper11: shows [Ks 9c] (two pair, Kings and Nines)
ChicagoBull4: mucks hand
simper11 collected $77.50 from pot
*** SUMMARY ***
Total pot $78 | Rake $0.50
Board [Kh 7s 9d 2c Ts]
Seat 1: simper11 (big blind) showed [Ks 9c] and won ($77.50) with two pair, Kings and Nines
Seat 2: ChicagoBull4 (button) (small blind) mucked


PokerStars Hand #147390880482:  Hold'em Limit ($3/$6 USD) - 2016/01/20 17:17:00 ET
Table 'Matra II' 2-max Seat #1 is the button
Seat 1: simper11 ($226.52 in chips)
Seat 2: ChicagoBull4 ($50.42 in chips)
simper11: posts small blind $1
ChicagoBull4: posts big blind $3
*** HOLE CARDS ***
simper11: folds
Uncalled bet ($2) returned to ChicagoBull4
ChicagoBull4 collected $2 from pot
ChicagoBull4: doesn't show hand
*** SUMMARY ***
Total pot $2 | Rake $0
Seat 1: simper11 (button) (small blind) folded before Flop
Seat 2: ChicagoBull4 (big blind) collected ($2)


PokerStars Hand #147390886227:  Hold'em Limit ($3/$6 USD) - 2016/01/20 17:17:05 ET
Table 'Matra II' 2-max Seat #2 is the button
Seat 1: simper11 ($225.52 in chips)
Seat 2: ChicagoBull4 ($51.42 in chips)
ChicagoBull4: posts small blind $1
simper11: posts big blind $3
*** HOLE CARDS ***
ChicagoBull4: raises $3 to $6
simper11: folds
Uncalled bet ($3) returned to ChicagoBull4
ChicagoBull4 collected $6 from pot
ChicagoBull4: doesn't show hand
*** SUMMARY ***
Total pot $6 | Rake $0
Seat 1: simper11 (big blind) folded before Flop
Seat 2: ChicagoBull4 (button) (small blind) collected ($6)


PokerStars Hand #147390920442:  Hold'em Limit ($3/$6 USD) - 2016/01/20 17:17:39 ET
Table 'Matra II' 2-max Seat #2 is the button
Seat 1: simper11 ($216.52 in chips)
Seat 2: ChicagoBull4 ($60.18 in chips)
ChicagoBull4: posts small blind $1
simper11: posts big blind $3
*** HOLE CARDS ***
ChicagoBull4: raises $3 to $6
simper11: calls $3
*** FLOP *** [8d Th 8c]
simper11: checks
ChicagoBull4: bets $3
simper11: calls $3
*** TURN *** [8d Th 8c] [Kh]
simper11: checks
ChicagoBull4: checks
*** RIVER *** [8d Th 8c Kh] [Jc]
simper11: checks
ChicagoBull4: checks
*** SHOW DOWN ***
simper11: shows [9c 6s] (a pair of Eights)
ChicagoBull4: shows [3h 3d] (two pair, Eights and Threes)
ChicagoBull4 collected $17.64 from pot
*** SUMMARY ***
Total pot $18 | Rake $0.36
Board [8d Th 8c Kh Jc]
Seat 1: simper11 (big blind) showed [9c 6s] and lost with a pair of Eights
Seat 2: ChicagoBull4 (button) (small blind) showed [3h 3d] and won ($17.64) with two pair, Eights and Threes


PokerStars Hand #147390938505:  Hold'em Limit ($3/$6 USD) - 2016/01/20 17:17:57 ET
Table 'Matra II' 2-max Seat #1 is the button
Seat 1: simper11 ($207.52 in chips)
Seat 2: ChicagoBull4 ($68.82 in chips)
simper11: posts small blind $1
ChicagoBull4: posts big blind $3
*** HOLE CARDS ***
simper11: raises $3 to $6
ChicagoBull4: calls $3
*** FLOP *** [8d 6d Th]
ChicagoBull4: checks
simper11: checks
*** TURN *** [8d 6d Th] [Qs]
ChicagoBull4: checks
simper11: checks
*** RIVER *** [8d 6d Th Qs] [Qd]
ChicagoBull4: checks
simper11: checks
*** SHOW DOWN ***
ChicagoBull4: shows [3c 5h] (a pair of Queens)
simper11: shows [Ac 2d] (a pair of Queens - Ace kicker)
simper11 collected $11.76 from pot
*** SUMMARY ***
Total pot $12 | Rake $0.24
Board [8d 6d Th Qs Qd]
Seat 1: simper11 (button) (small blind) showed [Ac 2d] and won ($11.76) with a pair of Queens
Seat 2: ChicagoBull4 (big blind) showed [3c 5h] and lost with a pair of Queens


PokerStars Hand #147390966548:  Hold'em Limit ($3/$6 USD) - 2016/01/20 17:18:26 ET
Table 'Matra II' 2-max Seat #2 is the button
Seat 1: simper11 ($213.28 in chips)
Seat 2: ChicagoBull4 ($62.82 in chips)
ChicagoBull4: posts small blind $1
simper11: posts big blind $3
*** HOLE CARDS ***
ChicagoBull4: raises $3 to $6
simper11: raises $3 to $9
ChicagoBull4: calls $3
*** FLOP *** [Kh 7c Jd]
simper11: bets $3
ChicagoBull4: calls $3
*** TURN *** [Kh 7c Jd] [Ts]
simper11: bets $6
ChicagoBull4: calls $6
*** RIVER *** [Kh 7c Jd Ts] [2c]
simper11: bets $6
ChicagoBull4: calls $6
*** SHOW DOWN ***
simper11: shows [Js Ks] (two pair, Kings and Jacks)
ChicagoBull4: mucks hand
simper11 collected $47.50 from pot
*** SUMMARY ***
Total pot $48 | Rake $0.50
Board [Kh 7c Jd Ts 2c]
Seat 1: simper11 (big blind) showed [Js Ks] and won ($47.50) with two pair, Kings and Jacks
Seat 2: ChicagoBull4 (button) (small blind) mucked


PokerStars Hand #147390996904:  Hold'em Limit ($3/$6 USD) - 2016/01/20 17:18:56 ET
Table 'Matra II' 2-max Seat #2 is the button
Seat 1: simper11 ($235.78 in chips)
Seat 2: ChicagoBull4 ($39.82 in chips)
ChicagoBull4: posts small blind $1
simper11: posts big blind $3
*** HOLE CARDS ***
ChicagoBull4: folds
Uncalled bet ($2) returned to simper11
simper11 collected $2 from pot
simper11: doesn't show hand
*** SUMMARY ***
Total pot $2 | Rake $0
Seat 1: simper11 (big blind) collected ($2)
Seat 2: ChicagoBull4 (button) (small blind) folded before Flop


PokerStars Hand #147390990923:  Hold'em Limit ($3/$6 USD) - 2016/01/20 17:18:50 ET
Table 'Matra II' 2-max Seat #1 is the button
Seat 1: simper11 ($236.78 in chips)
Seat 2: ChicagoBull4 ($38.82 in chips)
simper11: posts small blind $1
ChicagoBull4: posts big blind $3
*** HOLE CARDS ***
simper11: folds
Uncalled bet ($2) returned to ChicagoBull4
ChicagoBull4 collected $2 from pot
ChicagoBull4: doesn't show hand
*** SUMMARY ***
Total pot $2 | Rake $0
Seat 1: simper11 (button) (small blind) folded before Flop
Seat 2: ChicagoBull4 (big blind) collected ($2)


PokerStars Hand #147391001408:  Hold'em Limit ($3/$6 USD) - 2016/01/20 17:19:01 ET
Table 'Matra II' 2-max Seat #1 is the button
Seat 1: simper11 ($236.78 in chips)
Seat 2: ChicagoBull4 ($38.82 in chips)
simper11: posts small blind $1
ChicagoBull4: posts big blind $3
*** HOLE CARDS ***
simper11: raises $3 to $6
ChicagoBull4: folds
Uncalled bet ($3) returned to simper11
simper11 collected $6 from pot
simper11: doesn't show hand
*** SUMMARY ***
Total pot $6 | Rake $0
Seat 1: simper11 (button) (small blind) collected ($6)
Seat 2: ChicagoBull4 (big blind) folded before Flop


PokerStars Hand #147391008840:  Hold'em Limit ($3/$6 USD) - 2016/01/20 17:19:08 ET
Table 'Matra II' 2-max Seat #2 is the button
Seat 1: simper11 ($239.78 in chips)
Seat 2: ChicagoBull4 ($35.82 in chips)
ChicagoBull4: posts small blind $1
simper11: posts big blind $3
*** HOLE CARDS ***
ChicagoBull4: raises $3 to $6
simper11: folds
Uncalled bet ($3) returned to ChicagoBull4
ChicagoBull4 collected $6 from pot
ChicagoBull4: doesn't show hand
*** SUMMARY ***
Total pot $6 | Rake $0
Seat 1: simper11 (big blind) folded before Flop
Seat 2: ChicagoBull4 (button) (small blind) collected ($6)


PokerStars Hand #147391015225:  Hold'em Limit ($3/$6 USD) - 2016/01/20 17:19:15 ET
Table 'Matra II' 2-max Seat #1 is the button
Seat 1: simper11 ($236.78 in chips)
Seat 2: ChicagoBull4 ($38.82 in chips)
simper11: posts small blind $1
ChicagoBull4: posts big blind $3
*** HOLE CARDS ***
simper11: raises $3 to $6
ChicagoBull4: calls $3
*** FLOP *** [As Qs Qd]
ChicagoBull4: checks
simper11: bets $3
ChicagoBull4: folds
Uncalled bet ($3) returned to simper11
simper11 collected $11.76 from pot
simper11: doesn't show hand
*** SUMMARY ***
Total pot $12 | Rake $0.24
Board [As Qs Qd]
Seat 1: simper11 (button) (small blind) collected ($11.76)
Seat 2: ChicagoBull4 (big blind) folded on the Flop


PokerStars Hand #147391030791:  Hold'em Limit ($3/$6 USD) - 2016/01/20 17:19:30 ET
Table 'Matra II' 2-max Seat #2 is the button
Seat 1: simper11 ($242.54 in chips)
Seat 2: ChicagoBull4 ($32.82 in chips)
ChicagoBull4: posts small blind $1
simper11: posts big blind $3
*** HOLE CARDS ***
ChicagoBull4: raises $3 to $6
simper11: folds
Uncalled bet ($3) returned to ChicagoBull4
ChicagoBull4 collected $6 from pot
ChicagoBull4: doesn't show hand
*** SUMMARY ***
Total pot $6 | Rake $0
Seat 1: simper11 (big blind) folded before Flop
Seat 2: ChicagoBull4 (button) (small blind) collected ($6)


PokerStars Hand #147391038633:  Hold'em Limit ($3/$6 USD) - 2016/01/20 17:19:38 ET
Table 'Matra II' 2-max Seat #1 is the button
Seat 1: simper11 ($239.54 in chips)
Seat 2: ChicagoBull4 ($35.82 in chips)
simper11: posts small blind $1
ChicagoBull4: posts big blind $3
*** HOLE CARDS ***
simper11: raises $3 to $6
ChicagoBull4: calls $3
*** FLOP *** [6s 3h 2c]
ChicagoBull4: bets $3
simper11: folds
Uncalled bet ($3) returned to ChicagoBull4
ChicagoBull4 collected $11.76 from pot
ChicagoBull4: doesn't show hand
*** SUMMARY ***
Total pot $12 | Rake $0.24
Board [6s 3h 2c]
Seat 1: simper11 (button) (small blind) folded on the Flop
Seat 2: ChicagoBull4 (big blind) collected ($11.76)


PokerStars Hand #147391050229:  Hold'em Limit ($3/$6 USD) - 2016/01/20 17:19:50 ET
Table 'Matra II' 2-max Seat #2 is the button
Seat 1: simper11 ($233.54 in chips)
Seat 2: ChicagoBull4 ($41.58 in chips)
ChicagoBull4: posts small blind $1
simper11: posts big blind $3
*** HOLE CARDS ***
ChicagoBull4: calls $2
simper11: checks
*** FLOP *** [4d 3h 7h]
simper11: checks
ChicagoBull4: bets $3
simper11: raises $3 to $6
ChicagoBull4: calls $3
*** TURN *** [4d 3h 7h] [Th]
simper11: bets $6
ChicagoBull4: calls $6
*** RIVER *** [4d 3h 7h Th] [Ks]
simper11: bets $6
ChicagoBull4: raises $6 to $12
simper11: raises $6 to $18
ChicagoBull4: calls $6
*** SHOW DOWN ***
simper11: shows [9h Jh] (a flush, Jack high)
ChicagoBull4: mucks hand
simper11 collected $65.50 from pot
*** SUMMARY ***
Total pot $66 | Rake $0.50
Board [4d 3h 7h Th Ks]
Seat 1: simper11 (big blind) showed [9h Jh] and won ($65.50) with a flush, Jack high
Seat 2: ChicagoBull4 (button) (small blind) mucked


PokerStars Hand #147391074273:  Hold'em Limit ($3/$6 USD) - 2016/01/20 17:20:14 ET
Table 'Matra II' 2-max Seat #1 is the button
Seat 1: simper11 ($266.04 in chips)
Seat 2: ChicagoBull4 ($8.58 in chips)
simper11: posts small blind $1
ChicagoBull4: posts big blind $3
*** HOLE CARDS ***
simper11: raises $3 to $6
ChicagoBull4: raises $2.58 to $8.58 and is all-in
simper11: calls $2.58
*** FLOP *** [Qd 9d 7h]
*** TURN *** [Qd 9d 7h] [8d]
*** RIVER *** [Qd 9d 7h 8d] [4s]
*** SHOW DOWN ***
ChicagoBull4: shows [7s Qc] (two pair, Queens and Sevens)
simper11: shows [Kh Ac] (high card Ace)
ChicagoBull4 collected $16.82 from pot
*** SUMMARY ***
Total pot $17.16 | Rake $0.34
Board [Qd 9d 7h 8d 4s]
Seat 1: simper11 (button) (small blind) showed [Kh Ac] and lost with high card Ace
Seat 2: ChicagoBull4 (big blind) showed [7s Qc] and won ($16.82) with two pair, Queens and Sevens


PokerStars Hand #147391086707:  Hold'em Limit ($3/$6 USD) - 2016/01/20 17:20:27 ET
Table 'Matra II' 2-max Seat #2 is the button
Seat 1: simper11 ($257.46 in chips)
Seat 2: ChicagoBull4 ($16.82 in chips)
ChicagoBull4: posts small blind $1
simper11: posts big blind $3
*** HOLE CARDS ***
ChicagoBull4: folds
Uncalled bet ($2) returned to simper11
simper11 collected $2 from pot
simper11: doesn't show hand
*** SUMMARY ***
Total pot $2 | Rake $0
Seat 1: simper11 (big blind) collected ($2)
Seat 2: ChicagoBull4 (button) (small blind) folded before Flop


PokerStars Hand #147391093162:  Hold'em Limit ($3/$6 USD) - 2016/01/20 17:20:33 ET
Table 'Matra II' 2-max Seat #1 is the button
Seat 1: simper11 ($258.46 in chips)
Seat 2: ChicagoBull4 ($15.82 in chips)
simper11: posts small blind $1
ChicagoBull4: posts big blind $3
*** HOLE CARDS ***
simper11: raises $3 to $6
ChicagoBull4: calls $3
*** FLOP *** [Jd 8h Kc]
ChicagoBull4: checks
simper11: checks
*** TURN *** [Jd 8h Kc] [4h]
ChicagoBull4: checks
simper11: checks
*** RIVER *** [Jd 8h Kc 4h] [Jc]
ChicagoBull4: checks
simper11: checks
*** SHOW DOWN ***
ChicagoBull4: shows [5s 6d] (a pair of Jacks)
simper11: shows [Ts 3s] (a pair of Jacks - King+Ten kicker)
simper11 collected $11.76 from pot
*** SUMMARY ***
Total pot $12 | Rake $0.24
Board [Jd 8h Kc 4h Jc]
Seat 1: simper11 (button) (small blind) showed [Ts 3s] and won ($11.76) with a pair of Jacks
Seat 2: ChicagoBull4 (big blind) showed [5s 6d] and lost with a pair of Jacks


PokerStars Hand #147391130408:  Hold'em Limit ($3/$6 USD) - 2016/01/20 17:21:11 ET
Table 'Matra II' 2-max Seat #2 is the button
Seat 1: simper11 ($264.22 in chips)
Seat 2: ChicagoBull4 ($9.82 in chips)
ChicagoBull4: posts small blind $1
simper11: posts big blind $3
*** HOLE CARDS ***
ChicagoBull4: folds
Uncalled bet ($2) returned to simper11
simper11 collected $2 from pot
simper11: doesn't show hand
*** SUMMARY ***
Total pot $2 | Rake $0
Seat 1: simper11 (big blind) collected ($2)
Seat 2: ChicagoBull4 (button) (small blind) folded before Flop


PokerStars Hand #147391138474:  Hold'em Limit ($3/$6 USD) - 2016/01/20 17:21:19 ET
Table 'Matra II' 2-max Seat #1 is the button
Seat 1: simper11 ($265.22 in chips)
Seat 2: ChicagoBull4 ($8.82 in chips)
simper11: posts small blind $1
ChicagoBull4: posts big blind $3
*** HOLE CARDS ***
simper11: raises $3 to $6
ChicagoBull4: calls $3
*** FLOP *** [8s Tc 8d]
ChicagoBull4: checks
simper11: bets $3
ChicagoBull4: calls $2.82 and is all-in
Uncalled bet ($0.18) returned to simper11
*** TURN *** [8s Tc 8d] [4c]
*** RIVER *** [8s Tc 8d 4c] [Qc]
*** SHOW DOWN ***
ChicagoBull4: shows [4d Ks] (two pair, Eights and Fours)
simper11: shows [6d 4h] (two pair, Eights and Fours - lower kicker)
ChicagoBull4 collected $17.29 from pot
*** SUMMARY ***
Total pot $17.64 | Rake $0.35
Board [8s Tc 8d 4c Qc]
Seat 1: simper11 (button) (small blind) showed [6d 4h] and lost with two pair, Eights and Fours
Seat 2: ChicagoBull4 (big blind) showed [4d Ks] and won ($17.29) with two pair, Eights and Fours


PokerStars Hand #147391159231:  Hold'em Limit ($3/$6 USD) - 2016/01/20 17:21:40 ET
Table 'Matra II' 2-max Seat #2 is the button
Seat 1: simper11 ($256.40 in chips)
Seat 2: ChicagoBull4 ($17.29 in chips)
ChicagoBull4: posts small blind $1
simper11: posts big blind $3
*** HOLE CARDS ***
ChicagoBull4: folds
Uncalled bet ($2) returned to simper11
simper11 collected $2 from pot
simper11: doesn't show hand
*** SUMMARY ***
Total pot $2 | Rake $0
Seat 1: simper11 (big blind) collected ($2)
Seat 2: ChicagoBull4 (button) (small blind) folded before Flop


PokerStars Hand #147391166070:  Hold'em Limit ($3/$6 USD) - 2016/01/20 17:21:47 ET
Table 'Matra II' 2-max Seat #1 is the button
Seat 1: simper11 ($257.40 in chips)
Seat 2: ChicagoBull4 ($16.29 in chips)
simper11: posts small blind $1
ChicagoBull4: posts big blind $3
*** HOLE CARDS ***
simper11: raises $3 to $6
ChicagoBull4: calls $3
*** FLOP *** [7s Ah 5s]
ChicagoBull4: checks
simper11: bets $3
ChicagoBull4: raises $3 to $6
simper11: calls $3
*** TURN *** [7s Ah 5s] [Ad]
ChicagoBull4: bets $4.29 and is all-in
simper11: calls $4.29
*** RIVER *** [7s Ah 5s Ad] [5h]
*** SHOW DOWN ***
ChicagoBull4: shows [8d 5d] (a full house, Fives full of Aces)
simper11: shows [Jh 9h] (two pair, Aces and Fives)
ChicagoBull4 collected $32.08 from pot
*** SUMMARY ***
Total pot $32.58 | Rake $0.50
Board [7s Ah 5s Ad 5h]
Seat 1: simper11 (button) (small blind) showed [Jh 9h] and lost with two pair, Aces and Fives
Seat 2: ChicagoBull4 (big blind) showed [8d 5d] and won ($32.08) with a full house, Fives full of Aces


PokerStars Hand #147391187085:  Hold'em Limit ($3/$6 USD) - 2016/01/20 17:22:09 ET
Table 'Matra II' 2-max Seat #2 is the button
Seat 1: simper11 ($241.11 in chips)
Seat 2: ChicagoBull4 ($32.08 in chips)
ChicagoBull4: posts small blind $1
simper11: posts big blind $3
*** HOLE CARDS ***
ChicagoBull4: raises $3 to $6
simper11: raises $3 to $9
ChicagoBull4: calls $3
*** FLOP *** [Tc 6h Ac]
simper11: bets $3
ChicagoBull4: raises $3 to $6
simper11: raises $3 to $9
ChicagoBull4: calls $3
*** TURN *** [Tc 6h Ac] [3c]
simper11: bets $6
ChicagoBull4: calls $6
*** RIVER *** [Tc 6h Ac 3c] [6d]
simper11: bets $6
ChicagoBull4: calls $6
*** SHOW DOWN ***
simper11: shows [Ah Qc] (two pair, Aces and Sixes)
ChicagoBull4: mucks hand
simper11 collected $59.50 from pot
*** SUMMARY ***
Total pot $60 | Rake $0.50
Board [Tc 6h Ac 3c 6d]
Seat 1: simper11 (big blind) showed [Ah Qc] and won ($59.50) with two pair, Aces and Sixes
Seat 2: ChicagoBull4 (button) (small blind) mucked


PokerStars Hand #147391222137:  Hold'em Limit ($3/$6 USD) - 2016/01/20 17:22:44 ET
Table 'Matra II' 2-max Seat #1 is the button
Seat 1: simper11 ($270.61 in chips)
Seat 2: ChicagoBull4 ($113.76 in chips)
simper11: posts small blind $1
ChicagoBull4: posts big blind $3
*** HOLE CARDS ***
simper11: raises $3 to $6
ChicagoBull4: calls $3
*** FLOP *** [7c 9s 9c]
ChicagoBull4: checks
simper11: bets $3
ChicagoBull4: raises $3 to $6
simper11: calls $3
*** TURN *** [7c 9s 9c] [As]
ChicagoBull4: checks
simper11: checks
*** RIVER *** [7c 9s 9c As] [Ac]
ChicagoBull4: checks
simper11: checks
*** SHOW DOWN ***
ChicagoBull4: shows [Qc 7h] (two pair, Aces and Nines)
simper11: shows [Kh 7s] (two pair, Aces and Nines - King kicker)
simper11 collected $23.52 from pot
*** SUMMARY ***
Total pot $24 | Rake $0.48
Board [7c 9s 9c As Ac]
Seat 1: simper11 (button) (small blind) showed [Kh 7s] and won ($23.52) with two pair, Aces and Nines
Seat 2: ChicagoBull4 (big blind) showed [Qc 7h] and lost with two pair, Aces and Nines


PokerStars Hand #147391249335:  Hold'em Limit ($3/$6 USD) - 2016/01/20 17:23:12 ET
Table 'Matra II' 2-max Seat #2 is the button
Seat 1: simper11 ($282.13 in chips)
Seat 2: ChicagoBull4 ($101.76 in chips)
ChicagoBull4: posts small blind $1
simper11: posts big blind $3
*** HOLE CARDS ***
ChicagoBull4: raises $3 to $6
simper11: folds
Uncalled bet ($3) returned to ChicagoBull4
ChicagoBull4 collected $6 from pot
ChicagoBull4: doesn't show hand
*** SUMMARY ***
Total pot $6 | Rake $0
Seat 1: simper11 (big blind) folded before Flop
Seat 2: ChicagoBull4 (button) (small blind) collected ($6)


PokerStars Hand #147391258172:  Hold'em Limit ($3/$6 USD) - 2016/01/20 17:23:21 ET
Table 'Matra II' 2-max Seat #1 is the button
Seat 1: simper11 ($279.13 in chips)
Seat 2: ChicagoBull4 ($104.76 in chips)
simper11: posts small blind $1
ChicagoBull4: posts big blind $3
*** HOLE CARDS ***
simper11: raises $3 to $6
ChicagoBull4: calls $3
*** FLOP *** [Td 5c As]
ChicagoBull4: checks
simper11: bets $3
ChicagoBull4: folds
Uncalled bet ($3) returned to simper11
simper11 collected $11.76 from pot
simper11: doesn't show hand
*** SUMMARY ***
Total pot $12 | Rake $0.24
Board [Td 5c As]
Seat 1: simper11 (button) (small blind) collected ($11.76)
Seat 2: ChicagoBull4 (big blind) folded on the Flop


PokerStars Hand #147391292715:  Hold'em Limit ($3/$6 USD) - 2016/01/20 17:23:56 ET
Table 'Matra II' 2-max Seat #1 is the button
Seat 1: simper11 ($278.89 in chips)
Seat 2: ChicagoBull4 ($104.52 in chips)
simper11: posts small blind $1
ChicagoBull4: posts big blind $3
*** HOLE CARDS ***
simper11: folds
Uncalled bet ($2) returned to ChicagoBull4
ChicagoBull4 collected $2 from pot
ChicagoBull4: doesn't show hand
*** SUMMARY ***
Total pot $2 | Rake $0
Seat 1: simper11 (button) (small blind) folded before Flop
Seat 2: ChicagoBull4 (big blind) collected ($2)


PokerStars Hand #147391281718:  Hold'em Limit ($3/$6 USD) - 2016/01/20 17:23:45 ET
Table 'Matra II' 2-max Seat #2 is the button
Seat 1: simper11 ($284.89 in chips)
Seat 2: ChicagoBull4 ($98.76 in chips)
ChicagoBull4: posts small blind $1
simper11: posts big blind $3
*** HOLE CARDS ***
ChicagoBull4: raises $3 to $6
simper11: calls $3
*** FLOP *** [5d 2h 5h]
simper11: checks
ChicagoBull4: bets $3
simper11: folds
Uncalled bet ($3) returned to ChicagoBull4
ChicagoBull4 collected $11.76 from pot
ChicagoBull4: doesn't show hand
*** SUMMARY ***
Total pot $12 | Rake $0.24
Board [5d 2h 5h]
Seat 1: simper11 (big blind) folded on the Flop
Seat 2: ChicagoBull4 (button) (small blind) collected ($11.76)


PokerStars Hand #147391296923:  Hold'em Limit ($3/$6 USD) - 2016/01/20 17:24:00 ET
Table 'Matra II' 2-max Seat #2 is the button
Seat 1: simper11 ($277.89 in chips)
Seat 2: ChicagoBull4 ($105.52 in chips)
ChicagoBull4: posts small blind $1
simper11: posts big blind $3
*** HOLE CARDS ***
ChicagoBull4: raises $3 to $6
simper11: calls $3
*** FLOP *** [Qh Ts 7c]
simper11: checks
ChicagoBull4: bets $3
simper11: calls $3
*** TURN *** [Qh Ts 7c] [6c]
simper11: checks
ChicagoBull4: bets $6
simper11: calls $6
*** RIVER *** [Qh Ts 7c 6c] [8h]
simper11: checks
ChicagoBull4: bets $6
simper11: raises $6 to $12
ChicagoBull4: calls $6
*** SHOW DOWN ***
simper11: shows [Th 9s] (a straight, Six to Ten)
ChicagoBull4: mucks hand
simper11 collected $53.50 from pot
*** SUMMARY ***
Total pot $54 | Rake $0.50
Board [Qh Ts 7c 6c 8h]
Seat 1: simper11 (big blind) showed [Th 9s] and won ($53.50) with a straight, Six to Ten
Seat 2: ChicagoBull4 (button) (small blind) mucked


PokerStars Hand #147391324455:  Hold'em Limit ($3/$6 USD) - 2016/01/20 17:24:29 ET
Table 'Matra II' 2-max Seat #1 is the button
Seat 1: simper11 ($304.39 in chips)
Seat 2: ChicagoBull4 ($78.52 in chips)
simper11: posts small blind $1
ChicagoBull4: posts big blind $3
*** HOLE CARDS ***
simper11: raises $3 to $6
ChicagoBull4: calls $3
*** FLOP *** [6d 9s Qs]
ChicagoBull4: bets $3
simper11: calls $3
*** TURN *** [6d 9s Qs] [Ah]
ChicagoBull4: bets $6
simper11: raises $6 to $12
ChicagoBull4: folds
Uncalled bet ($6) returned to simper11
ChicagoBull4 leaves the table
simper11 collected $29.50 from pot
simper11: doesn't show hand
*** SUMMARY ***
Total pot $30 | Rake $0.50
Board [6d 9s Qs Ah]
Seat 1: simper11 (button) (small blind) collected ($29.50)
Seat 2: ChicagoBull4 (big blind) folded on the Turn


PokerStars Hand #147393019344:  Hold'em Limit ($3/$6 USD) - 2016/01/20 17:52:34 ET
Table 'Matra II' 2-max Seat #1 is the button
Seat 1: simper11 ($338.39 in chips)
Seat 2: permafrost07 ($100 in chips)
simper11: posts small blind $1
permafrost07: posts big blind $3
*** HOLE CARDS ***
simper11: raises $3 to $6
permafrost07: raises $3 to $9
simper11: calls $3
*** FLOP *** [8c Ts 6h]
permafrost07: bets $3
simper11: calls $3
*** TURN *** [8c Ts 6h] [7h]
permafrost07: bets $6
simper11: raises $6 to $12
permafrost07: calls $6
*** RIVER *** [8c Ts 6h 7h] [3h]
permafrost07: checks
simper11: bets $6
permafrost07: calls $6
*** SHOW DOWN ***
simper11: shows [9c 8d] (a straight, Six to Ten)
permafrost07: mucks hand
simper11 collected $59.50 from pot
*** SUMMARY ***
Total pot $60 | Rake $0.50
Board [8c Ts 6h 7h 3h]
Seat 1: simper11 (button) (small blind) showed [9c 8d] and won ($59.50) with a straight, Six to Ten
Seat 2: permafrost07 (big blind) mucked


PokerStars Hand #147393012734:  Hold'em Limit ($3/$6 USD) - 2016/01/20 17:52:27 ET
Table 'Matra II' 2-max Seat #2 is the button
Seat 1: simper11 ($337.39 in chips)
Seat 2: permafrost07 ($101 in chips)
permafrost07: posts small blind $1
simper11: posts big blind $3
*** HOLE CARDS ***
permafrost07: folds
Uncalled bet ($2) returned to simper11
simper11 collected $2 from pot
simper11: doesn't show hand
*** SUMMARY ***
Total pot $2 | Rake $0
Seat 1: simper11 (big blind) collected ($2)
Seat 2: permafrost07 (button) (small blind) folded before Flop


PokerStars Hand #147392984572:  Hold'em Limit ($3/$6 USD) - 2016/01/20 17:51:56 ET
Table 'Matra II' 2-max Seat #1 is the button
Seat 1: simper11 ($319.89 in chips)
Seat 2: permafrost07 ($119 in chips)
simper11: posts small blind $1
permafrost07: posts big blind $3
*** HOLE CARDS ***
simper11: raises $3 to $6
permafrost07: calls $3
*** FLOP *** [Ts 6h 4h]
permafrost07: bets $3
simper11: raises $3 to $6
permafrost07: calls $3
*** TURN *** [Ts 6h 4h] [9d]
permafrost07: checks
simper11: bets $6
permafrost07: calls $6
*** RIVER *** [Ts 6h 4h 9d] [9s]
permafrost07: checks
simper11: bets $6
permafrost07: folds
Uncalled bet ($6) returned to simper11
simper11 collected $35.50 from pot
simper11: doesn't show hand
*** SUMMARY ***
Total pot $36 | Rake $0.50
Board [Ts 6h 4h 9d 9s]
Seat 1: simper11 (button) (small blind) collected ($35.50)
Seat 2: permafrost07 (big blind) folded on the River


PokerStars Hand #147393069698:  Hold'em Limit ($3/$6 USD) - 2016/01/20 17:53:29 ET
Table 'Matra II' 2-max Seat #1 is the button
Seat 1: simper11 ($375.65 in chips)
Seat 2: permafrost07 ($62 in chips)
simper11: posts small blind $1
permafrost07: posts big blind $3
*** HOLE CARDS ***
simper11: folds
Uncalled bet ($2) returned to permafrost07
permafrost07 collected $2 from pot
permafrost07: doesn't show hand
*** SUMMARY ***
Total pot $2 | Rake $0
Seat 1: simper11 (button) (small blind) folded before Flop
Seat 2: permafrost07 (big blind) collected ($2)


PokerStars Hand #147393063891:  Hold'em Limit ($3/$6 USD) - 2016/01/20 17:53:23 ET
Table 'Matra II' 2-max Seat #2 is the button
Seat 1: simper11 ($374.65 in chips)
Seat 2: permafrost07 ($63 in chips)
permafrost07: posts small blind $1
simper11: posts big blind $3
*** HOLE CARDS ***
permafrost07: folds
Uncalled bet ($2) returned to simper11
simper11 collected $2 from pot
simper11: doesn't show hand
*** SUMMARY ***
Total pot $2 | Rake $0
Seat 1: simper11 (big blind) collected ($2)
Seat 2: permafrost07 (button) (small blind) folded before Flop


PokerStars Hand #147393051653:  Hold'em Limit ($3/$6 USD) - 2016/01/20 17:53:09 ET
Table 'Matra II' 2-max Seat #1 is the button
Seat 1: simper11 ($368.89 in chips)
Seat 2: permafrost07 ($69 in chips)
simper11: posts small blind $1
permafrost07: posts big blind $3
*** HOLE CARDS ***
simper11: raises $3 to $6
permafrost07: calls $3
*** FLOP *** [9s Td Ts]
permafrost07: checks
simper11: bets $3
permafrost07: folds
Uncalled bet ($3) returned to simper11
simper11 collected $11.76 from pot
simper11: doesn't show hand
*** SUMMARY ***
Total pot $12 | Rake $0.24
Board [9s Td Ts]
Seat 1: simper11 (button) (small blind) collected ($11.76)
Seat 2: permafrost07 (big blind) folded on the Flop


PokerStars Hand #147393044428:  Hold'em Limit ($3/$6 USD) - 2016/01/20 17:53:01 ET
Table 'Matra II' 2-max Seat #2 is the button
Seat 1: simper11 ($367.89 in chips)
Seat 2: permafrost07 ($70 in chips)
permafrost07: posts small blind $1
simper11: posts big blind $3
*** HOLE CARDS ***
permafrost07: folds
Uncalled bet ($2) returned to simper11
simper11 collected $2 from pot
simper11: doesn't show hand
*** SUMMARY ***
Total pot $2 | Rake $0
Seat 1: simper11 (big blind) collected ($2)
Seat 2: permafrost07 (button) (small blind) folded before Flop


PokerStars Hand #147393077311:  Hold'em Limit ($3/$6 USD) - 2016/01/20 17:53:37 ET
Table 'Matra II' 2-max Seat #2 is the button
Seat 1: simper11 ($374.65 in chips)
Seat 2: permafrost07 ($63 in chips)
permafrost07: posts small blind $1
simper11: posts big blind $3
*** HOLE CARDS ***
permafrost07: calls $2
simper11: checks
*** FLOP *** [2c 2d 3h]
simper11: checks
permafrost07: checks
*** TURN *** [2c 2d 3h] [9d]
simper11: bets $6
permafrost07: raises $6 to $12
simper11: calls $6
*** RIVER *** [2c 2d 3h 9d] [7d]
simper11: checks
permafrost07: bets $6
simper11: calls $6
*** SHOW DOWN ***
permafrost07: shows [9s 8d] (two pair, Nines and Deuces)
simper11: mucks hand
permafrost07 collected $41.50 from pot
*** SUMMARY ***
Total pot $42 | Rake $0.50
Board [2c 2d 3h 9d 7d]
Seat 1: simper11 (big blind) mucked
Seat 2: permafrost07 (button) (small blind) showed [9s 8d] and won ($41.50) with two pair, Nines and Deuces


PokerStars Hand #147393140429:  Hold'em Limit ($3/$6 USD) - 2016/01/20 17:54:47 ET
Table 'Matra II' 2-max Seat #1 is the button
Seat 1: simper11 ($314.65 in chips)
Seat 2: permafrost07 ($121.76 in chips)
simper11: posts small blind $1
permafrost07: posts big blind $3
*** HOLE CARDS ***
simper11: folds
Uncalled bet ($2) returned to permafrost07
permafrost07 collected $2 from pot
permafrost07: doesn't show hand
*** SUMMARY ***
Total pot $2 | Rake $0
Seat 1: simper11 (button) (small blind) folded before Flop
Seat 2: permafrost07 (big blind) collected ($2)


PokerStars Hand #147393112190:  Hold'em Limit ($3/$6 USD) - 2016/01/20 17:54:16 ET
Table 'Matra II' 2-max Seat #2 is the button
Seat 1: simper11 ($347.65 in chips)
Seat 2: permafrost07 ($89.26 in chips)
permafrost07: posts small blind $1
simper11: posts big blind $3
*** HOLE CARDS ***
permafrost07: raises $3 to $6
simper11: calls $3
*** FLOP *** [3c 5d 2c]
simper11: checks
permafrost07: bets $3
simper11: calls $3
*** TURN *** [3c 5d 2c] [9h]
simper11: checks
permafrost07: bets $6
simper11: calls $6
*** RIVER *** [3c 5d 2c 9h] [Ac]
simper11: checks
permafrost07: bets $6
simper11: raises $6 to $12
permafrost07: raises $6 to $18
simper11: calls $6
*** SHOW DOWN ***
permafrost07: shows [9c 6c] (a flush, Ace high)
simper11: mucks hand
permafrost07 collected $65.50 from pot
*** SUMMARY ***
Total pot $66 | Rake $0.50
Board [3c 5d 2c 9h Ac]
Seat 1: simper11 (big blind) mucked
Seat 2: permafrost07 (button) (small blind) showed [9c 6c] and won ($65.50) with a flush, Ace high


PokerStars Hand #147393101532:  Hold'em Limit ($3/$6 USD) - 2016/01/20 17:54:04 ET
Table 'Matra II' 2-max Seat #1 is the button
Seat 1: simper11 ($353.65 in chips)
Seat 2: permafrost07 ($83.50 in chips)
simper11: posts small blind $1
permafrost07: posts big blind $3
*** HOLE CARDS ***
simper11: raises $3 to $6
permafrost07: calls $3
*** FLOP *** [Ks 2c 8c]
permafrost07: bets $3
simper11: folds
Uncalled bet ($3) returned to permafrost07
permafrost07 collected $11.76 from pot
*** SUMMARY ***
Total pot $12 | Rake $0.24
Board [Ks 2c 8c]
Seat 1: simper11 (button) (small blind) folded on the Flop
Seat 2: permafrost07 (big blind) collected ($11.76)


PokerStars Hand #147393162112:  Hold'em Limit ($3/$6 USD) - 2016/01/20 17:55:12 ET
Table 'Matra II' 2-max Seat #1 is the button
Seat 1: simper11 ($307.65 in chips)
Seat 2: permafrost07 ($128.52 in chips)
simper11: posts small blind $1
permafrost07: posts big blind $3
*** HOLE CARDS ***
simper11: raises $3 to $6
permafrost07: calls $3
*** FLOP *** [Ad 4s 8s]
permafrost07: bets $3
simper11: calls $3
*** TURN *** [Ad 4s 8s] [As]
permafrost07: checks
simper11: bets $6
permafrost07: folds
Uncalled bet ($6) returned to simper11
simper11 collected $17.64 from pot
simper11: doesn't show hand
*** SUMMARY ***
Total pot $18 | Rake $0.36
Board [Ad 4s 8s As]
Seat 1: simper11 (button) (small blind) collected ($17.64)
Seat 2: permafrost07 (big blind) folded on the Turn


PokerStars Hand #147393145020:  Hold'em Limit ($3/$6 USD) - 2016/01/20 17:54:52 ET
Table 'Matra II' 2-max Seat #2 is the button
Seat 1: simper11 ($313.65 in chips)
Seat 2: permafrost07 ($122.76 in chips)
permafrost07: posts small blind $1
simper11: posts big blind $3
*** HOLE CARDS ***
permafrost07: raises $3 to $6
simper11: calls $3
*** FLOP *** [Td 9c 6c]
simper11: checks
permafrost07: bets $3
simper11: folds
Uncalled bet ($3) returned to permafrost07
permafrost07 collected $11.76 from pot
*** SUMMARY ***
Total pot $12 | Rake $0.24
Board [Td 9c 6c]
Seat 1: simper11 (big blind) folded on the Flop
Seat 2: permafrost07 (button) (small blind) collected ($11.76)


PokerStars Hand #147393179633:  Hold'em Limit ($3/$6 USD) - 2016/01/20 17:55:36 ET
Table 'Matra II' 2-max Seat #2 is the button
Seat 1: simper11 ($316.29 in chips)
Seat 2: permafrost07 ($119.52 in chips)
permafrost07: posts small blind $1
simper11: posts big blind $3
*** HOLE CARDS ***
permafrost07: raises $3 to $6
simper11: calls $3
*** FLOP *** [Tc 3h 7d]
simper11: checks
permafrost07: bets $3
simper11: calls $3
*** TURN *** [Tc 3h 7d] [Ac]
simper11: checks
permafrost07: checks
*** RIVER *** [Tc 3h 7d Ac] [Qh]
simper11: checks
permafrost07: checks
*** SHOW DOWN ***
simper11: shows [Js 9h] (high card Ace)
permafrost07: shows [Kd 7h] (a pair of Sevens)
permafrost07 collected $17.64 from pot
*** SUMMARY ***
Total pot $18 | Rake $0.36
Board [Tc 3h 7d Ac Qh]
Seat 1: simper11 (big blind) showed [Js 9h] and lost with high card Ace
Seat 2: permafrost07 (button) (small blind) showed [Kd 7h] and won ($17.64) with a pair of Sevens


PokerStars Hand #147393220478:  Hold'em Limit ($3/$6 USD) - 2016/01/20 17:56:33 ET
Table 'Matra II' 2-max Seat #2 is the button
Seat 1: simper11 ($322.79 in chips)
Seat 2: permafrost07 ($112.16 in chips)
permafrost07: posts small blind $1
simper11: posts big blind $3
*** HOLE CARDS ***
permafrost07: calls $2
simper11: raises $3 to $6
permafrost07: calls $3
*** FLOP *** [Ad 2s Qs]
simper11: bets $3
permafrost07: calls $3
*** TURN *** [Ad 2s Qs] [5d]
simper11: bets $6
permafrost07: calls $6
*** RIVER *** [Ad 2s Qs 5d] [2d]
simper11: bets $6
permafrost07: calls $6
*** SHOW DOWN ***
simper11: shows [Qc Kh] (two pair, Queens and Deuces)
permafrost07: mucks hand
simper11 collected $41.50 from pot
*** SUMMARY ***
Total pot $42 | Rake $0.50
Board [Ad 2s Qs 5d 2d]
Seat 1: simper11 (big blind) showed [Qc Kh] and won ($41.50) with two pair, Queens and Deuces
Seat 2: permafrost07 (button) (small blind) mucked


PokerStars Hand #147393216186:  Hold'em Limit ($3/$6 USD) - 2016/01/20 17:56:27 ET
Table 'Matra II' 2-max Seat #1 is the button
Seat 1: simper11 ($323.79 in chips)
Seat 2: permafrost07 ($111.16 in chips)
simper11: posts small blind $1
permafrost07: posts big blind $3
*** HOLE CARDS ***
simper11: folds
Uncalled bet ($2) returned to permafrost07
permafrost07 collected $2 from pot
permafrost07: doesn't show hand
*** SUMMARY ***
Total pot $2 | Rake $0
Seat 1: simper11 (button) (small blind) folded before Flop
Seat 2: permafrost07 (big blind) collected ($2)


PokerStars Hand #147393201514:  Hold'em Limit ($3/$6 USD) - 2016/01/20 17:56:07 ET
Table 'Matra II' 2-max Seat #2 is the button
Seat 1: simper11 ($306.29 in chips)
Seat 2: permafrost07 ($129.16 in chips)
permafrost07: posts small blind $1
simper11: posts big blind $3
*** HOLE CARDS ***
permafrost07: raises $3 to $6
simper11: calls $3
*** FLOP *** [8h Js 2h]
simper11: checks
permafrost07: checks
*** TURN *** [8h Js 2h] [7c]
simper11: bets $6
permafrost07: calls $6
*** RIVER *** [8h Js 2h 7c] [Td]
simper11: bets $6
permafrost07: calls $6
*** SHOW DOWN ***
simper11: shows [8c 7h] (two pair, Eights and Sevens)
permafrost07: mucks hand
simper11 collected $35.50 from pot
*** SUMMARY ***
Total pot $36 | Rake $0.50
Board [8h Js 2h 7c Td]
Seat 1: simper11 (big blind) showed [8c 7h] and won ($35.50) with two pair, Eights and Sevens
Seat 2: permafrost07 (button) (small blind) mucked


PokerStars Hand #147393197744:  Hold'em Limit ($3/$6 USD) - 2016/01/20 17:56:02 ET
Table 'Matra II' 2-max Seat #1 is the button
Seat 1: simper11 ($307.29 in chips)
Seat 2: permafrost07 ($128.16 in chips)
simper11: posts small blind $1
permafrost07: posts big blind $3
*** HOLE CARDS ***
simper11: folds
Uncalled bet ($2) returned to permafrost07
permafrost07 collected $2 from pot
permafrost07: doesn't show hand
*** SUMMARY ***
Total pot $2 | Rake $0
Seat 1: simper11 (button) (small blind) folded before Flop
Seat 2: permafrost07 (big blind) collected ($2)


PokerStars Hand #147393234739:  Hold'em Limit ($3/$6 USD) - 2016/01/20 17:56:52 ET
Table 'Matra II' 2-max Seat #1 is the button
Seat 1: simper11 ($343.29 in chips)
Seat 2: permafrost07 ($91.16 in chips)
simper11: posts small blind $1
permafrost07: posts big blind $3
*** HOLE CARDS ***
simper11: folds
Uncalled bet ($2) returned to permafrost07
permafrost07 collected $2 from pot
permafrost07: doesn't show hand
*** SUMMARY ***
Total pot $2 | Rake $0
Seat 1: simper11 (button) (small blind) folded before Flop
Seat 2: permafrost07 (big blind) collected ($2)


PokerStars Hand #147393271349:  Hold'em Limit ($3/$6 USD) - 2016/01/20 17:57:41 ET
Table 'Matra II' 2-max Seat #2 is the button
Seat 1: simper11 ($377.43 in chips)
Seat 2: permafrost07 ($56.16 in chips)
permafrost07: posts small blind $1
simper11: posts big blind $3
*** HOLE CARDS ***
permafrost07: raises $3 to $6
simper11: calls $3
*** FLOP *** [2d 7h Qs]
simper11: checks
permafrost07: bets $3
simper11: folds
Uncalled bet ($3) returned to permafrost07
permafrost07 collected $11.76 from pot
permafrost07: doesn't show hand
*** SUMMARY ***
Total pot $12 | Rake $0.24
Board [2d 7h Qs]
Seat 1: simper11 (big blind) folded on the Flop
Seat 2: permafrost07 (button) (small blind) collected ($11.76)


PokerStars Hand #147393258647:  Hold'em Limit ($3/$6 USD) - 2016/01/20 17:57:24 ET
Table 'Matra II' 2-max Seat #1 is the button
Seat 1: simper11 ($368.79 in chips)
Seat 2: permafrost07 ($65.16 in chips)
simper11: posts small blind $1
permafrost07: posts big blind $3
*** HOLE CARDS ***
simper11: raises $3 to $6
permafrost07: calls $3
*** FLOP *** [Ks Qd Ah]
permafrost07: bets $3
simper11: calls $3
*** TURN *** [Ks Qd Ah] [Jc]
permafrost07: checks
simper11: bets $6
permafrost07: folds
Uncalled bet ($6) returned to simper11
simper11 collected $17.64 from pot
simper11: doesn't show hand
*** SUMMARY ***
Total pot $18 | Rake $0.36
Board [Ks Qd Ah Jc]
Seat 1: simper11 (button) (small blind) collected ($17.64)
Seat 2: permafrost07 (big blind) folded on the Turn


PokerStars Hand #147393239708:  Hold'em Limit ($3/$6 USD) - 2016/01/20 17:56:59 ET
Table 'Matra II' 2-max Seat #2 is the button
Seat 1: simper11 ($342.29 in chips)
Seat 2: permafrost07 ($92.16 in chips)
permafrost07: posts small blind $1
simper11: posts big blind $3
*** HOLE CARDS ***
permafrost07: raises $3 to $6
simper11: calls $3
*** FLOP *** [Js Qd Jh]
simper11: checks
permafrost07: bets $3
simper11: calls $3
*** TURN *** [Js Qd Jh] [9s]
simper11: checks
permafrost07: bets $6
simper11: calls $6
*** RIVER *** [Js Qd Jh 9s] [Jd]
simper11: checks
permafrost07: bets $6
simper11: raises $6 to $12
permafrost07: calls $6
*** SHOW DOWN ***
simper11: shows [Qh 3s] (a full house, Jacks full of Queens)
permafrost07: mucks hand
simper11 collected $53.50 from pot
*** SUMMARY ***
Total pot $54 | Rake $0.50
Board [Js Qd Jh 9s Jd]
Seat 1: simper11 (big blind) showed [Qh 3s] and won ($53.50) with a full house, Jacks full of Queens
Seat 2: permafrost07 (button) (small blind) mucked


PokerStars Hand #147393356645:  Hold'em Limit ($3/$6 USD) - 2016/01/20 17:59:22 ET
Table 'Matra II' 2-max Seat #1 is the button
Seat 1: simper11 ($356.83 in chips)
Seat 2: permafrost07 ($74.94 in chips)
simper11: posts small blind $1
permafrost07: posts big blind $3
*** HOLE CARDS ***
simper11: raises $3 to $6
permafrost07: calls $3
*** FLOP *** [7d Qd 9d]
permafrost07: bets $3
simper11: raises $3 to $6
permafrost07: calls $3
*** TURN *** [7d Qd 9d] [9s]
permafrost07: checks
simper11: bets $6
permafrost07: calls $6
*** RIVER *** [7d Qd 9d 9s] [7c]
permafrost07: bets $6
simper11: calls $6
*** SHOW DOWN ***
permafrost07: shows [3s 7s] (a full house, Sevens full of Nines)
simper11: mucks hand
permafrost07 collected $47.50 from pot
*** SUMMARY ***
Total pot $48 | Rake $0.50
Board [7d Qd 9d 9s 7c]
Seat 1: simper11 (button) (small blind) mucked
Seat 2: permafrost07 (big blind) showed [3s 7s] and won ($47.50) with a full house, Sevens full of Nines


PokerStars Hand #147393385799:  Hold'em Limit ($3/$6 USD) - 2016/01/20 18:00:02 ET
Table 'Matra II' 2-max Seat #1 is the button
Seat 1: simper11 ($362.33 in chips)
Seat 2: permafrost07 ($68.44 in chips)
simper11: posts small blind $1
permafrost07: posts big blind $3
*** HOLE CARDS ***
simper11: raises $3 to $6
permafrost07: raises $3 to $9
simper11: calls $3
*** FLOP *** [3d 6s Ks]
permafrost07: bets $3
simper11: calls $3
*** TURN *** [3d 6s Ks] [Td]
permafrost07: checks
simper11: bets $6
permafrost07: calls $6
*** RIVER *** [3d 6s Ks Td] [7h]
permafrost07: bets $6
simper11: raises $6 to $12
permafrost07: folds
Uncalled bet ($6) returned to simper11
simper11 collected $47.50 from pot
simper11: doesn't show hand
*** SUMMARY ***
Total pot $48 | Rake $0.50
Board [3d 6s Ks Td 7h]
Seat 1: simper11 (button) (small blind) collected ($47.50)
Seat 2: permafrost07 (big blind) folded on the River


PokerStars Hand #147393405779:  Hold'em Limit ($3/$6 USD) - 2016/01/20 18:00:27 ET
Table 'Matra II' 2-max Seat #2 is the button
Seat 1: simper11 ($385.83 in chips)
Seat 2: permafrost07 ($44.44 in chips)
permafrost07: posts small blind $1
simper11: posts big blind $3
*** HOLE CARDS ***
permafrost07: raises $3 to $6
simper11: calls $3
*** FLOP *** [7d Qs 7s]
simper11: checks
permafrost07: bets $3
simper11: raises $3 to $6
permafrost07: folds
Uncalled bet ($3) returned to simper11
simper11 collected $17.64 from pot
simper11: doesn't show hand
*** SUMMARY ***
Total pot $18 | Rake $0.36
Board [7d Qs 7s]
Seat 1: simper11 (big blind) collected ($17.64)
Seat 2: permafrost07 (button) (small blind) folded on the Flop


PokerStars Hand #147393442391:  Hold'em Limit ($3/$6 USD) - 2016/01/20 18:01:11 ET
Table 'Matra II' 2-max Seat #2 is the button
Seat 1: simper11 ($375.47 in chips)
Seat 2: permafrost07 ($113.72 in chips)
permafrost07: posts small blind $1
simper11: posts big blind $3
*** HOLE CARDS ***
permafrost07: raises $3 to $6
simper11: calls $3
*** FLOP *** [8d Tc 4d]
simper11: checks
permafrost07: bets $3
simper11: folds
Uncalled bet ($3) returned to permafrost07
permafrost07 collected $11.76 from pot
*** SUMMARY ***
Total pot $12 | Rake $0.24
Board [8d Tc 4d]
Seat 1: simper11 (big blind) folded on the Flop
Seat 2: permafrost07 (button) (small blind) collected ($11.76)


PokerStars Hand #147393437980:  Hold'em Limit ($3/$6 USD) - 2016/01/20 18:01:06 ET
Table 'Matra II' 2-max Seat #1 is the button
Seat 1: simper11 ($376.47 in chips)
Seat 2: permafrost07 ($112.72 in chips)
simper11: posts small blind $1
permafrost07: posts big blind $3
*** HOLE CARDS ***
simper11: folds
Uncalled bet ($2) returned to permafrost07
permafrost07 collected $2 from pot
permafrost07: doesn't show hand
*** SUMMARY ***
Total pot $2 | Rake $0
Seat 1: simper11 (button) (small blind) folded before Flop
Seat 2: permafrost07 (big blind) collected ($2)


PokerStars Hand #147393425812:  Hold'em Limit ($3/$6 USD) - 2016/01/20 18:00:52 ET
Table 'Matra II' 2-max Seat #2 is the button
Seat 1: simper11 ($382.47 in chips)
Seat 2: permafrost07 ($46.96 in chips)
permafrost07: posts small blind $1
simper11: posts big blind $3
*** HOLE CARDS ***
permafrost07: raises $3 to $6
simper11: calls $3
*** FLOP *** [9c 8h 6s]
simper11: checks
permafrost07: bets $3
simper11: folds
Uncalled bet ($3) returned to permafrost07
permafrost07 collected $11.76 from pot
permafrost07: doesn't show hand
*** SUMMARY ***
Total pot $12 | Rake $0.24
Board [9c 8h 6s]
Seat 1: simper11 (big blind) folded on the Flop
Seat 2: permafrost07 (button) (small blind) collected ($11.76)


PokerStars Hand #147393415934:  Hold'em Limit ($3/$6 USD) - 2016/01/20 18:00:39 ET
Table 'Matra II' 2-max Seat #1 is the button
Seat 1: simper11 ($394.47 in chips)
Seat 2: permafrost07 ($35.44 in chips)
simper11: posts small blind $1
permafrost07: posts big blind $3
*** HOLE CARDS ***
simper11: raises $3 to $6
permafrost07: calls $3
*** FLOP *** [Qh Jd 7h]
permafrost07: bets $3
simper11: raises $3 to $6
permafrost07: raises $3 to $9
simper11: folds
Uncalled bet ($3) returned to permafrost07
permafrost07 collected $23.52 from pot
*** SUMMARY ***
Total pot $24 | Rake $0.48
Board [Qh Jd 7h]
Seat 1: simper11 (button) (small blind) folded on the Flop
Seat 2: permafrost07 (big blind) collected ($23.52)


PokerStars Hand #147393490802:  Hold'em Limit ($3/$6 USD) - 2016/01/20 18:02:07 ET
Table 'Matra II' 2-max Seat #2 is the button
Seat 1: simper11 ($345.47 in chips)
Seat 2: permafrost07 ($235.86 in chips)
permafrost07: posts small blind $1
simper11: posts big blind $3
*** HOLE CARDS ***
permafrost07: raises $3 to $6
simper11: raises $3 to $9
permafrost07: raises $3 to $12
Betting is capped
simper11: calls $3
*** FLOP *** [2s 7s 4s]
simper11: checks
permafrost07: checks
*** TURN *** [2s 7s 4s] [Td]
simper11: bets $6
permafrost07: folds
Uncalled bet ($6) returned to simper11
simper11 collected $23.52 from pot
simper11: doesn't show hand
*** SUMMARY ***
Total pot $24 | Rake $0.48
Board [2s 7s 4s Td]
Seat 1: simper11 (big blind) collected ($23.52)
Seat 2: permafrost07 (button) (small blind) folded on the Turn


PokerStars Hand #147393485748:  Hold'em Limit ($3/$6 USD) - 2016/01/20 18:02:01 ET
Table 'Matra II' 2-max Seat #1 is the button
Seat 1: simper11 ($346.47 in chips)
Seat 2: permafrost07 ($234.86 in chips)
simper11: posts small blind $1
permafrost07: posts big blind $3
*** HOLE CARDS ***
simper11: folds
Uncalled bet ($2) returned to permafrost07
permafrost07 collected $2 from pot
permafrost07: doesn't show hand
*** SUMMARY ***
Total pot $2 | Rake $0
Seat 1: simper11 (button) (small blind) folded before Flop
Seat 2: permafrost07 (big blind) collected ($2)


PokerStars Hand #147393479702:  Hold'em Limit ($3/$6 USD) - 2016/01/20 18:01:54 ET
Table 'Matra II' 2-max Seat #2 is the button
Seat 1: simper11 ($345.47 in chips)
Seat 2: permafrost07 ($235.86 in chips)
permafrost07: posts small blind $1
simper11: posts big blind $3
*** HOLE CARDS ***
permafrost07: folds
Uncalled bet ($2) returned to simper11
simper11 collected $2 from pot
simper11: doesn't show hand
*** SUMMARY ***
Total pot $2 | Rake $0
Seat 1: simper11 (big blind) collected ($2)
Seat 2: permafrost07 (button) (small blind) folded before Flop


PokerStars Hand #147393452646:  Hold'em Limit ($3/$6 USD) - 2016/01/20 18:01:23 ET
Table 'Matra II' 2-max Seat #1 is the button
Seat 1: simper11 ($369.47 in chips)
Seat 2: permafrost07 ($119.48 in chips)
simper11: posts small blind $1
permafrost07: posts big blind $3
*** HOLE CARDS ***
simper11: raises $3 to $6
permafrost07: raises $3 to $9
simper11: calls $3
*** FLOP *** [Js Jh 4s]
permafrost07: bets $3
simper11: calls $3
*** TURN *** [Js Jh 4s] [7s]
permafrost07: checks
simper11: bets $6
permafrost07: calls $6
*** RIVER *** [Js Jh 4s 7s] [Ad]
permafrost07: checks
simper11: bets $6
permafrost07: calls $6
*** SHOW DOWN ***
simper11: shows [Ts 8h] (a pair of Jacks)
permafrost07: shows [6d Qs] (a pair of Jacks - Ace+Queen kicker)
permafrost07 collected $47.50 from pot
*** SUMMARY ***
Total pot $48 | Rake $0.50
Board [Js Jh 4s 7s Ad]
Seat 1: simper11 (button) (small blind) showed [Ts 8h] and lost with a pair of Jacks
Seat 2: permafrost07 (big blind) showed [6d Qs] and won ($47.50) with a pair of Jacks


PokerStars Hand #147393553030:  Hold'em Limit ($3/$6 USD) - 2016/01/20 18:03:17 ET
Table 'Matra II' 2-max Seat #1 is the button
Seat 1: simper11 ($377.24 in chips)
Seat 2: permafrost07 ($202.61 in chips)
simper11: posts small blind $1
permafrost07: posts big blind $3
*** HOLE CARDS ***
simper11: raises $3 to $6
permafrost07: raises $3 to $9
simper11: calls $3
*** FLOP *** [3d 2s 6s]
permafrost07: bets $3
simper11: calls $3
*** TURN *** [3d 2s 6s] [8d]
permafrost07: checks
simper11: checks
*** RIVER *** [3d 2s 6s 8d] [Kc]
permafrost07: checks
simper11: checks
*** SHOW DOWN ***
permafrost07: shows [7c Ah] (high card Ace)
simper11: mucks hand
permafrost07 collected $23.52 from pot
*** SUMMARY ***
Total pot $24 | Rake $0.48
Board [3d 2s 6s 8d Kc]
Seat 1: simper11 (button) (small blind) mucked
Seat 2: permafrost07 (big blind) showed [7c Ah] and won ($23.52) with high card Ace


PokerStars Hand #147393533949:  Hold'em Limit ($3/$6 USD) - 2016/01/20 18:02:56 ET
Table 'Matra II' 2-max Seat #2 is the button
Seat 1: simper11 ($356.74 in chips)
Seat 2: permafrost07 ($223.61 in chips)
permafrost07: posts small blind $1
simper11: posts big blind $3
*** HOLE CARDS ***
permafrost07: raises $3 to $6
simper11: calls $3
*** FLOP *** [5s Jh 3c]
simper11: checks
permafrost07: bets $3
simper11: raises $3 to $6
permafrost07: raises $3 to $9
simper11: calls $3
*** TURN *** [5s Jh 3c] [9c]
simper11: checks
permafrost07: checks
*** RIVER *** [5s Jh 3c 9c] [9s]
simper11: bets $6
permafrost07: calls $6
*** SHOW DOWN ***
simper11: shows [Jd 4s] (two pair, Jacks and Nines)
permafrost07: mucks hand
simper11 collected $41.50 from pot
*** SUMMARY ***
Total pot $42 | Rake $0.50
Board [5s Jh 3c 9c 9s]
Seat 1: simper11 (big blind) showed [Jd 4s] and won ($41.50) with two pair, Jacks and Nines
Seat 2: permafrost07 (button) (small blind) mucked


PokerStars Hand #147393507818:  Hold'em Limit ($3/$6 USD) - 2016/01/20 18:02:26 ET
Table 'Matra II' 2-max Seat #1 is the button
Seat 1: simper11 ($356.99 in chips)
Seat 2: permafrost07 ($223.86 in chips)
simper11: posts small blind $1
permafrost07: posts big blind $3
*** HOLE CARDS ***
simper11: raises $3 to $6
permafrost07: raises $3 to $9
simper11: calls $3
*** FLOP *** [Th Kd Kh]
permafrost07: bets $3
simper11: calls $3
*** TURN *** [Th Kd Kh] [Ts]
permafrost07: bets $6
simper11: raises $6 to $12
permafrost07: raises $6 to $18
simper11: raises $6 to $24
Betting is capped
permafrost07: calls $6
*** RIVER *** [Th Kd Kh Ts] [2d]
permafrost07: bets $6
simper11: raises $6 to $12
permafrost07: calls $6
*** SHOW DOWN ***
simper11: shows [2c Ks] (a full house, Kings full of Tens)
permafrost07: shows [2s Kc] (a full house, Kings full of Tens)
permafrost07 collected $47.75 from pot
simper11 collected $47.75 from pot
*** SUMMARY ***
Total pot $96 | Rake $0.50
Board [Th Kd Kh Ts 2d]
Seat 1: simper11 (button) (small blind) showed [2c Ks] and won ($47.75) with a full house, Kings full of Tens
Seat 2: permafrost07 (big blind) showed [2s Kc] and won ($47.75) with a full house, Kings full of Tens


PokerStars Hand #147393607175:  Hold'em Limit ($3/$6 USD) - 2016/01/20 18:04:17 ET
Table 'Matra II' 2-max Seat #2 is the button
Seat 1: simper11 ($370.76 in chips)
Seat 2: permafrost07 ($207.89 in chips)
permafrost07: posts small blind $1
simper11: posts big blind $3
*** HOLE CARDS ***
permafrost07: raises $3 to $6
simper11: calls $3
*** FLOP *** [2s 8d 2h]
simper11: checks
permafrost07: bets $3
simper11: calls $3
*** TURN *** [2s 8d 2h] [7h]
simper11: checks
permafrost07: bets $6
simper11: folds
Uncalled bet ($6) returned to permafrost07
permafrost07 collected $17.64 from pot
*** SUMMARY ***
Total pot $18 | Rake $0.36
Board [2s 8d 2h 7h]
Seat 1: simper11 (big blind) folded on the Turn
Seat 2: permafrost07 (button) (small blind) collected ($17.64)


PokerStars Hand #147393584270:  Hold'em Limit ($3/$6 USD) - 2016/01/20 18:03:52 ET
Table 'Matra II' 2-max Seat #1 is the button
Seat 1: simper11 ($359.24 in chips)
Seat 2: permafrost07 ($219.89 in chips)
simper11: posts small blind $1
permafrost07: posts big blind $3
*** HOLE CARDS ***
simper11: raises $3 to $6
permafrost07: raises $3 to $9
simper11: calls $3
*** FLOP *** [9s Ac 5d]
permafrost07: bets $3
simper11: calls $3
*** TURN *** [9s Ac 5d] [As]
permafrost07: checks
simper11: bets $6
permafrost07: folds
Uncalled bet ($6) returned to simper11
simper11 collected $23.52 from pot
simper11: doesn't show hand
*** SUMMARY ***
Total pot $24 | Rake $0.48
Board [9s Ac 5d As]
Seat 1: simper11 (button) (small blind) collected ($23.52)
Seat 2: permafrost07 (big blind) folded on the Turn


PokerStars Hand #147393574843:  Hold'em Limit ($3/$6 USD) - 2016/01/20 18:03:41 ET
Table 'Matra II' 2-max Seat #2 is the button
Seat 1: simper11 ($365.24 in chips)
Seat 2: permafrost07 ($214.13 in chips)
permafrost07: posts small blind $1
simper11: posts big blind $3
*** HOLE CARDS ***
permafrost07: raises $3 to $6
simper11: calls $3
*** FLOP *** [Ad 2c 6c]
simper11: checks
permafrost07: bets $3
simper11: folds
Uncalled bet ($3) returned to permafrost07
permafrost07 collected $11.76 from pot
*** SUMMARY ***
Total pot $12 | Rake $0.24
Board [Ad 2c 6c]
Seat 1: simper11 (big blind) folded on the Flop
Seat 2: permafrost07 (button) (small blind) collected ($11.76)


PokerStars Hand #147393678015:  Hold'em Limit ($3/$6 USD) - 2016/01/20 18:05:35 ET
Table 'Matra II' 2-max Seat #2 is the button
Seat 1: simper11 ($286.76 in chips)
Seat 2: permafrost07 ($290.03 in chips)
permafrost07: posts small blind $1
simper11: posts big blind $3
*** HOLE CARDS ***
permafrost07: folds
Uncalled bet ($2) returned to simper11
simper11 collected $2 from pot
simper11: doesn't show hand
*** SUMMARY ***
Total pot $2 | Rake $0
Seat 1: simper11 (big blind) collected ($2)
Seat 2: permafrost07 (button) (small blind) folded before Flop


PokerStars Hand #147393662006:  Hold'em Limit ($3/$6 USD) - 2016/01/20 18:05:17 ET
Table 'Matra II' 2-max Seat #1 is the button
Seat 1: simper11 ($301.76 in chips)
Seat 2: permafrost07 ($275.53 in chips)
simper11: posts small blind $1
permafrost07: posts big blind $3
*** HOLE CARDS ***
simper11: raises $3 to $6
simper11 said, "lolol"
permafrost07: calls $3
*** FLOP *** [5c 7h 9c]
simper11 said, "olololol"
simper11 said, "olololo"
simper11 said, "lololo"
permafrost07: bets $3
simper11: calls $3
*** TURN *** [5c 7h 9c] [4d]
permafrost07: bets $6
simper11: calls $6
*** RIVER *** [5c 7h 9c 4d] [Kd]
permafrost07: checks
simper11: checks
*** SHOW DOWN ***
permafrost07: shows [9d 3s] (a pair of Nines)
simper11: mucks hand
permafrost07 collected $29.50 from pot
*** SUMMARY ***
Total pot $30 | Rake $0.50
Board [5c 7h 9c 4d Kd]
Seat 1: simper11 (button) (small blind) mucked
Seat 2: permafrost07 (big blind) showed [9d 3s] and won ($29.50) with a pair of Nines


PokerStars Hand #147393639142:  Hold'em Limit ($3/$6 USD) - 2016/01/20 18:04:52 ET
Table 'Matra II' 2-max Seat #2 is the button
Seat 1: simper11 ($337.76 in chips)
Seat 2: permafrost07 ($240.03 in chips)
permafrost07: posts small blind $1
simper11: posts big blind $3
*** HOLE CARDS ***
permafrost07: raises $3 to $6
simper11: raises $3 to $9
permafrost07: raises $3 to $12
Betting is capped
simper11: calls $3
*** FLOP *** [8d 5d 7h]
simper11: checks
permafrost07: bets $3
simper11: raises $3 to $6
permafrost07: raises $3 to $9
simper11: raises $3 to $12
Betting is capped
permafrost07: calls $3
*** TURN *** [8d 5d 7h] [Ad]
simper11: bets $6
permafrost07: calls $6
*** RIVER *** [8d 5d 7h Ad] [5c]
simper11: bets $6
permafrost07: calls $6
*** SHOW DOWN ***
simper11: shows [6c 6h] (two pair, Sixes and Fives)
permafrost07: shows [6s Ac] (two pair, Aces and Fives)
permafrost07 collected $71.50 from pot
*** SUMMARY ***
Total pot $72 | Rake $0.50
Board [8d 5d 7h Ad 5c]
Seat 1: simper11 (big blind) showed [6c 6h] and lost with two pair, Sixes and Fives
Seat 2: permafrost07 (button) (small blind) showed [6s Ac] and won ($71.50) with two pair, Aces and Fives


PokerStars Hand #147393620322:  Hold'em Limit ($3/$6 USD) - 2016/01/20 18:04:31 ET
Table 'Matra II' 2-max Seat #1 is the button
Seat 1: simper11 ($361.76 in chips)
Seat 2: permafrost07 ($216.53 in chips)
simper11: posts small blind $1
permafrost07: posts big blind $3
*** HOLE CARDS ***
simper11: raises $3 to $6
permafrost07: raises $3 to $9
simper11: calls $3
*** FLOP *** [6d Kh 2h]
permafrost07: bets $3
simper11: calls $3
*** TURN *** [6d Kh 2h] [9c]
permafrost07: bets $6
simper11: calls $6
*** RIVER *** [6d Kh 2h 9c] [4h]
permafrost07: bets $6
simper11: calls $6
*** SHOW DOWN ***
permafrost07: shows [8h 7h] (a flush, King high)
simper11: mucks hand
permafrost07 collected $47.50 from pot
*** SUMMARY ***
Total pot $48 | Rake $0.50
Board [6d Kh 2h 9c 4h]
Seat 1: simper11 (button) (small blind) mucked
Seat 2: permafrost07 (big blind) showed [8h 7h] and won ($47.50) with a flush, King high


PokerStars Hand #147393722275:  Hold'em Limit ($3/$6 USD) - 2016/01/20 18:06:25 ET
Table 'Matra II' 2-max Seat #1 is the button
Seat 1: simper11 ($295.28 in chips)
Seat 2: permafrost07 ($280.79 in chips)
simper11: posts small blind $1
permafrost07: posts big blind $3
*** HOLE CARDS ***
simper11: raises $3 to $6
permafrost07: raises $3 to $9
simper11: calls $3
*** FLOP *** [Ks 6s Ah]
permafrost07: bets $3
simper11: calls $3
*** TURN *** [Ks 6s Ah] [9h]
permafrost07: bets $6
simper11: raises $6 to $12
permafrost07: raises $6 to $18
simper11: calls $6
*** RIVER *** [Ks 6s Ah 9h] [5c]
permafrost07: bets $6
simper11: calls $6
*** SHOW DOWN ***
permafrost07: shows [Qc Ad] (a pair of Aces)
simper11: mucks hand
permafrost07 collected $71.50 from pot
*** SUMMARY ***
Total pot $72 | Rake $0.50
Board [Ks 6s Ah 9h 5c]
Seat 1: simper11 (button) (small blind) mucked
Seat 2: permafrost07 (big blind) showed [Qc Ad] and won ($71.50) with a pair of Aces


PokerStars Hand #147393706222:  Hold'em Limit ($3/$6 USD) - 2016/01/20 18:06:07 ET
Table 'Matra II' 2-max Seat #2 is the button
Seat 1: simper11 ($283.76 in chips)
Seat 2: permafrost07 ($292.79 in chips)
permafrost07: posts small blind $1
simper11: posts big blind $3
*** HOLE CARDS ***
permafrost07: raises $3 to $6
simper11: calls $3
*** FLOP *** [5c Jc 4h]
simper11: checks
permafrost07: checks
*** TURN *** [5c Jc 4h] [Ad]
simper11: checks
permafrost07: checks
*** RIVER *** [5c Jc 4h Ad] [Kh]
simper11: bets $6
permafrost07: calls $6
*** SHOW DOWN ***
simper11: shows [Ks 8s] (a pair of Kings)
permafrost07: mucks hand
simper11 collected $23.52 from pot
*** SUMMARY ***
Total pot $24 | Rake $0.48
Board [5c Jc 4h Ad Kh]
Seat 1: simper11 (big blind) showed [Ks 8s] and won ($23.52) with a pair of Kings
Seat 2: permafrost07 (button) (small blind) mucked


PokerStars Hand #147393700930:  Hold'em Limit ($3/$6 USD) - 2016/01/20 18:06:01 ET
Table 'Matra II' 2-max Seat #1 is the button
Seat 1: simper11 ($284.76 in chips)
Seat 2: permafrost07 ($291.79 in chips)
simper11: posts small blind $1
permafrost07: posts big blind $3
*** HOLE CARDS ***
simper11: folds
Uncalled bet ($2) returned to permafrost07
permafrost07 collected $2 from pot
permafrost07: doesn't show hand
*** SUMMARY ***
Total pot $2 | Rake $0
Seat 1: simper11 (button) (small blind) folded before Flop
Seat 2: permafrost07 (big blind) collected ($2)


PokerStars Hand #147393691561:  Hold'em Limit ($3/$6 USD) - 2016/01/20 18:05:50 ET
Table 'Matra II' 2-max Seat #2 is the button
Seat 1: simper11 ($290.76 in chips)
Seat 2: permafrost07 ($286.03 in chips)
permafrost07: posts small blind $1
simper11: posts big blind $3
*** HOLE CARDS ***
permafrost07: raises $3 to $6
simper11: calls $3
*** FLOP *** [3d Kh Ts]
simper11: checks
permafrost07: bets $3
simper11: folds
Uncalled bet ($3) returned to permafrost07
permafrost07 collected $11.76 from pot
permafrost07: doesn't show hand
*** SUMMARY ***
Total pot $12 | Rake $0.24
Board [3d Kh Ts]
Seat 1: simper11 (big blind) folded on the Flop
Seat 2: permafrost07 (button) (small blind) collected ($11.76)


PokerStars Hand #147393684293:  Hold'em Limit ($3/$6 USD) - 2016/01/20 18:05:42 ET
Table 'Matra II' 2-max Seat #1 is the button
Seat 1: simper11 ($287.76 in chips)
Seat 2: permafrost07 ($289.03 in chips)
simper11: posts small blind $1
permafrost07: posts big blind $3
*** HOLE CARDS ***
simper11: raises $3 to $6
permafrost07: folds
Uncalled bet ($3) returned to simper11
simper11 collected $6 from pot
simper11: doesn't show hand
*** SUMMARY ***
Total pot $6 | Rake $0
Seat 1: simper11 (button) (small blind) collected ($6)
Seat 2: permafrost07 (big blind) folded before Flop


PokerStars Hand #147393785509:  Hold'em Limit ($3/$6 USD) - 2016/01/20 18:07:36 ET
Table 'Matra II' 2-max Seat #1 is the button
Seat 1: simper11 ($253.78 in chips)
Seat 2: permafrost07 ($320.79 in chips)
simper11: posts small blind $1
permafrost07: posts big blind $3
*** HOLE CARDS ***
simper11: raises $3 to $6
permafrost07: raises $3 to $9
simper11: calls $3
*** FLOP *** [7c Kc 9h]
permafrost07: bets $3
simper11: folds
Uncalled bet ($3) returned to permafrost07
permafrost07 collected $17.64 from pot
permafrost07: doesn't show hand
*** SUMMARY ***
Total pot $18 | Rake $0.36
Board [7c Kc 9h]
Seat 1: simper11 (button) (small blind) folded on the Flop
Seat 2: permafrost07 (big blind) collected ($17.64)


PokerStars Hand #147393778271:  Hold'em Limit ($3/$6 USD) - 2016/01/20 18:07:28 ET
Table 'Matra II' 2-max Seat #2 is the button
Seat 1: simper11 ($252.78 in chips)
Seat 2: permafrost07 ($321.79 in chips)
permafrost07: posts small blind $1
simper11: posts big blind $3
*** HOLE CARDS ***
permafrost07: folds
Uncalled bet ($2) returned to simper11
simper11 collected $2 from pot
simper11: doesn't show hand
*** SUMMARY ***
Total pot $2 | Rake $0
Seat 1: simper11 (big blind) collected ($2)
Seat 2: permafrost07 (button) (small blind) folded before Flop


PokerStars Hand #147393760038:  Hold'em Limit ($3/$6 USD) - 2016/01/20 18:07:07 ET
Table 'Matra II' 2-max Seat #1 is the button
Seat 1: simper11 ($229.28 in chips)
Seat 2: permafrost07 ($345.79 in chips)
simper11: posts small blind $1
permafrost07: posts big blind $3
*** HOLE CARDS ***
simper11: raises $3 to $6
simper11 said, "llololololol"
permafrost07: raises $3 to $9
simper11 said, "olololo"
simper11: calls $3
*** FLOP *** [Kd Tc 7s]
simper11 said, "lolololol"
simper11 said, "ololol"
simper11 said, "olololo"
permafrost07: bets $3
simper11: calls $3
*** TURN *** [Kd Tc 7s] [4s]
permafrost07: bets $6
simper11: calls $6
*** RIVER *** [Kd Tc 7s 4s] [Jc]
permafrost07: checks
simper11: bets $6
permafrost07: calls $6
*** SHOW DOWN ***
simper11: shows [Jd Qd] (a pair of Jacks)
permafrost07: mucks hand
simper11 collected $47.50 from pot
*** SUMMARY ***
Total pot $48 | Rake $0.50
Board [Kd Tc 7s 4s Jc]
Seat 1: simper11 (button) (small blind) showed [Jd Qd] and won ($47.50) with a pair of Jacks
Seat 2: permafrost07 (big blind) mucked


PokerStars Hand #147393741827:  Hold'em Limit ($3/$6 USD) - 2016/01/20 18:06:47 ET
Table 'Matra II' 2-max Seat #2 is the button
Seat 1: simper11 ($259.28 in chips)
Seat 2: permafrost07 ($316.29 in chips)
permafrost07: posts small blind $1
simper11: posts big blind $3
*** HOLE CARDS ***
permafrost07: raises $3 to $6
simper11: raises $3 to $9
permafrost07: calls $3
*** FLOP *** [3s Td Qc]
simper11: bets $3
permafrost07: raises $3 to $6
simper11: raises $3 to $9
permafrost07: calls $3
*** TURN *** [3s Td Qc] [Qd]
simper11: bets $6
permafrost07: calls $6
*** RIVER *** [3s Td Qc Qd] [3d]
simper11: bets $6
permafrost07: calls $6
*** SHOW DOWN ***
simper11: shows [Kh Js] (two pair, Queens and Threes)
permafrost07: shows [5d 3h] (a full house, Threes full of Queens)
permafrost07 collected $59.50 from pot
*** SUMMARY ***
Total pot $60 | Rake $0.50
Board [3s Td Qc Qd 3d]
Seat 1: simper11 (big blind) showed [Kh Js] and lost with two pair, Queens and Threes
Seat 2: permafrost07 (button) (small blind) showed [5d 3h] and won ($59.50) with a full house, Threes full of Queens


PokerStars Hand #147393831996:  Hold'em Limit ($3/$6 USD) - 2016/01/20 18:08:27 ET
Table 'Matra II' 2-max Seat #2 is the button
Seat 1: simper11 ($230.78 in chips)
Seat 2: permafrost07 ($342.93 in chips)
permafrost07: posts small blind $1
simper11: posts big blind $3
*** HOLE CARDS ***
permafrost07: calls $2
simper11: raises $3 to $6
permafrost07: calls $3
*** FLOP *** [Ad Th 7d]
simper11: bets $3
permafrost07: calls $3
*** TURN *** [Ad Th 7d] [Qs]
simper11: bets $6
permafrost07: raises $6 to $12
simper11: folds
Uncalled bet ($6) returned to permafrost07
permafrost07 collected $29.50 from pot
permafrost07: doesn't show hand
*** SUMMARY ***
Total pot $30 | Rake $0.50
Board [Ad Th 7d Qs]
Seat 1: simper11 (big blind) folded on the Turn
Seat 2: permafrost07 (button) (small blind) collected ($29.50)


PokerStars Hand #147393810980:  Hold'em Limit ($3/$6 USD) - 2016/01/20 18:08:04 ET
Table 'Matra II' 2-max Seat #1 is the button
Seat 1: simper11 ($245.78 in chips)
Seat 2: permafrost07 ($328.43 in chips)
simper11: posts small blind $1
permafrost07: posts big blind $3
*** HOLE CARDS ***
simper11: raises $3 to $6
permafrost07: calls $3
*** FLOP *** [Ah 5s 7h]
permafrost07: checks
simper11: bets $3
permafrost07: calls $3
*** TURN *** [Ah 5s 7h] [6d]
permafrost07: checks
simper11: bets $6
permafrost07: calls $6
*** RIVER *** [Ah 5s 7h 6d] [Ad]
permafrost07: checks
simper11: checks
*** SHOW DOWN ***
permafrost07: shows [3h 5h] (two pair, Aces and Fives)
simper11: mucks hand
permafrost07 collected $29.50 from pot
*** SUMMARY ***
Total pot $30 | Rake $0.50
Board [Ah 5s 7h 6d Ad]
Seat 1: simper11 (button) (small blind) mucked
Seat 2: permafrost07 (big blind) showed [3h 5h] and won ($29.50) with two pair, Aces and Fives


PokerStars Hand #147393805646:  Hold'em Limit ($3/$6 USD) - 2016/01/20 18:07:58 ET
Table 'Matra II' 2-max Seat #2 is the button
Seat 1: simper11 ($244.78 in chips)
Seat 2: permafrost07 ($329.43 in chips)
permafrost07: posts small blind $1
simper11: posts big blind $3
*** HOLE CARDS ***
permafrost07: folds
Uncalled bet ($2) returned to simper11
simper11 collected $2 from pot
simper11: doesn't show hand
*** SUMMARY ***
Total pot $2 | Rake $0
Seat 1: simper11 (big blind) collected ($2)
Seat 2: permafrost07 (button) (small blind) folded before Flop


PokerStars Hand #147393801524:  Hold'em Limit ($3/$6 USD) - 2016/01/20 18:07:54 ET
Table 'Matra II' 2-max Seat #1 is the button
Seat 1: simper11 ($245.78 in chips)
Seat 2: permafrost07 ($328.43 in chips)
simper11: posts small blind $1
permafrost07: posts big blind $3
*** HOLE CARDS ***
simper11: folds
Uncalled bet ($2) returned to permafrost07
permafrost07 collected $2 from pot
permafrost07: doesn't show hand
*** SUMMARY ***
Total pot $2 | Rake $0
Seat 1: simper11 (button) (small blind) folded before Flop
Seat 2: permafrost07 (big blind) collected ($2)


PokerStars Hand #147393795023:  Hold'em Limit ($3/$6 USD) - 2016/01/20 18:07:47 ET
Table 'Matra II' 2-max Seat #2 is the button
Seat 1: simper11 ($244.78 in chips)
Seat 2: permafrost07 ($329.43 in chips)
permafrost07: posts small blind $1
simper11: posts big blind $3
*** HOLE CARDS ***
permafrost07: folds
Uncalled bet ($2) returned to simper11
simper11 collected $2 from pot
simper11: doesn't show hand
*** SUMMARY ***
Total pot $2 | Rake $0
Seat 1: simper11 (big blind) collected ($2)
Seat 2: permafrost07 (button) (small blind) folded before Flop


PokerStars Hand #147393872822:  Hold'em Limit ($3/$6 USD) - 2016/01/20 18:09:10 ET
Table 'Matra II' 2-max Seat #2 is the button
Seat 1: simper11 ($239.28 in chips)
Seat 2: permafrost07 ($333.43 in chips)
permafrost07: posts small blind $1
simper11: posts big blind $3
*** HOLE CARDS ***
permafrost07: raises $3 to $6
simper11: raises $3 to $9
permafrost07: raises $3 to $12
Betting is capped
simper11: calls $3
*** FLOP *** [2d 9s 4d]
simper11: checks
permafrost07: bets $3
simper11: calls $3
*** TURN *** [2d 9s 4d] [Js]
simper11: checks
permafrost07: checks
*** RIVER *** [2d 9s 4d Js] [As]
simper11: bets $6
permafrost07: calls $6
*** SHOW DOWN ***
simper11: shows [Jc Ah] (two pair, Aces and Jacks)
permafrost07: mucks hand
simper11 collected $41.50 from pot
*** SUMMARY ***
Total pot $42 | Rake $0.50
Board [2d 9s 4d Js As]
Seat 1: simper11 (big blind) showed [Jc Ah] and won ($41.50) with two pair, Aces and Jacks
Seat 2: permafrost07 (button) (small blind) mucked


PokerStars Hand #147393847668:  Hold'em Limit ($3/$6 USD) - 2016/01/20 18:08:43 ET
Table 'Matra II' 2-max Seat #1 is the button
Seat 1: simper11 ($215.78 in chips)
Seat 2: permafrost07 ($357.43 in chips)
simper11: posts small blind $1
permafrost07: posts big blind $3
*** HOLE CARDS ***
simper11: raises $3 to $6
permafrost07: calls $3
*** FLOP *** [Qd 4d 3d]
permafrost07: bets $3
simper11: raises $3 to $6
permafrost07: calls $3
*** TURN *** [Qd 4d 3d] [7c]
permafrost07: checks
simper11: bets $6
permafrost07: calls $6
*** RIVER *** [Qd 4d 3d 7c] [Ad]
permafrost07: checks
simper11: bets $6
permafrost07: calls $6
*** SHOW DOWN ***
simper11: shows [Td Qh] (a flush, Ace high)
permafrost07: mucks hand
simper11 collected $47.50 from pot
*** SUMMARY ***
Total pot $48 | Rake $0.50
Board [Qd 4d 3d 7c Ad]
Seat 1: simper11 (button) (small blind) showed [Td Qh] and won ($47.50) with a flush, Ace high
Seat 2: permafrost07 (big blind) mucked


PokerStars Hand #147393281432:  Hold'em Limit ($3/$6 USD) - 2016/01/20 17:57:55 ET
Table 'Matra II' 2-max Seat #1 is the button
Seat 1: simper11 ($371.43 in chips)
Seat 2: permafrost07 ($61.92 in chips)
simper11: posts small blind $1
permafrost07: posts big blind $3
*** HOLE CARDS ***
simper11: raises $3 to $6
permafrost07: raises $3 to $9
simper11: calls $3
*** FLOP *** [5d 7c Ac]
permafrost07: bets $3
simper11: calls $3
*** TURN *** [5d 7c Ac] [2s]
permafrost07: bets $6
simper11: folds
Uncalled bet ($6) returned to permafrost07
permafrost07 collected $23.52 from pot
permafrost07: doesn't show hand
*** SUMMARY ***
Total pot $24 | Rake $0.48
Board [5d 7c Ac 2s]
Seat 1: simper11 (button) (small blind) folded on the Turn
Seat 2: permafrost07 (big blind) collected ($23.52)


PokerStars Hand #147393303418:  Hold'em Limit ($3/$6 USD) - 2016/01/20 17:58:15 ET
Table 'Matra II' 2-max Seat #2 is the button
Seat 1: simper11 ($359.43 in chips)
Seat 2: permafrost07 ($73.44 in chips)
permafrost07: posts small blind $1
simper11: posts big blind $3
*** HOLE CARDS ***
permafrost07: raises $3 to $6
simper11: raises $3 to $9
permafrost07: raises $3 to $12
Betting is capped
simper11: calls $3
*** FLOP *** [6h 8d Qs]
simper11: checks
permafrost07: bets $3
simper11: calls $3
*** TURN *** [6h 8d Qs] [3h]
simper11: checks
permafrost07: bets $6
simper11: calls $6
*** RIVER *** [6h 8d Qs 3h] [6d]
simper11: checks
permafrost07: bets $6
simper11: folds
Uncalled bet ($6) returned to permafrost07
permafrost07 collected $41.50 from pot
permafrost07: doesn't show hand
*** SUMMARY ***
Total pot $42 | Rake $0.50
Board [6h 8d Qs 3h 6d]
Seat 1: simper11 (big blind) folded on the River
Seat 2: permafrost07 (button) (small blind) collected ($41.50)


PokerStars Hand #147393325105:  Hold'em Limit ($3/$6 USD) - 2016/01/20 17:58:41 ET
Table 'Matra II' 2-max Seat #1 is the button
Seat 1: simper11 ($338.43 in chips)
Seat 2: permafrost07 ($93.94 in chips)
simper11: posts small blind $1
permafrost07: posts big blind $3
*** HOLE CARDS ***
simper11: raises $3 to $6
permafrost07: calls $3
*** FLOP *** [6s Jd 7h]
permafrost07: bets $3
simper11: raises $3 to $6
permafrost07: folds
Uncalled bet ($3) returned to simper11
simper11 collected $17.64 from pot
simper11: doesn't show hand
*** SUMMARY ***
Total pot $18 | Rake $0.36
Board [6s Jd 7h]
Seat 1: simper11 (button) (small blind) collected ($17.64)
Seat 2: permafrost07 (big blind) folded on the Flop


PokerStars Hand #147393336375:  Hold'em Limit ($3/$6 USD) - 2016/01/20 17:58:55 ET
Table 'Matra II' 2-max Seat #2 is the button
Seat 1: simper11 ($347.07 in chips)
Seat 2: permafrost07 ($84.94 in chips)
permafrost07: posts small blind $1
simper11: posts big blind $3
*** HOLE CARDS ***
permafrost07: folds
Uncalled bet ($2) returned to simper11
simper11 collected $2 from pot
simper11: doesn't show hand
*** SUMMARY ***
Total pot $2 | Rake $0
Seat 1: simper11 (big blind) collected ($2)
Seat 2: permafrost07 (button) (small blind) folded before Flop


PokerStars Hand #147393952908:  Hold'em Limit ($3/$6 USD) - 2016/01/20 18:10:34 ET
Table 'Matra II' 2-max Seat #1 is the button
Seat 1: simper11 ($259.18 in chips)
Seat 2: permafrost07 ($311.83 in chips)
simper11: posts small blind $1
permafrost07: posts big blind $3
*** HOLE CARDS ***
simper11: folds
Uncalled bet ($2) returned to permafrost07
permafrost07 collected $2 from pot
permafrost07: doesn't show hand
*** SUMMARY ***
Total pot $2 | Rake $0
Seat 1: simper11 (button) (small blind) folded before Flop
Seat 2: permafrost07 (big blind) collected ($2)


PokerStars Hand #147393940579:  Hold'em Limit ($3/$6 USD) - 2016/01/20 18:10:21 ET
Table 'Matra II' 2-max Seat #2 is the button
Seat 1: simper11 ($256.30 in chips)
Seat 2: permafrost07 ($314.83 in chips)
permafrost07: posts small blind $1
simper11: posts big blind $3
*** HOLE CARDS ***
permafrost07: calls $2
simper11: checks
*** FLOP *** [4d 2s 3s]
simper11: checks
permafrost07: checks
*** TURN *** [4d 2s 3s] [2d]
simper11: bets $6
permafrost07: folds
Uncalled bet ($6) returned to simper11
simper11 collected $5.88 from pot
simper11: doesn't show hand
*** SUMMARY ***
Total pot $6 | Rake $0.12
Board [4d 2s 3s 2d]
Seat 1: simper11 (big blind) collected ($5.88)
Seat 2: permafrost07 (button) (small blind) folded on the Turn


PokerStars Hand #147393929200:  Hold'em Limit ($3/$6 USD) - 2016/01/20 18:10:09 ET
Table 'Matra II' 2-max Seat #1 is the button
Seat 1: simper11 ($262.30 in chips)
Seat 2: permafrost07 ($309.07 in chips)
simper11: posts small blind $1
permafrost07: posts big blind $3
*** HOLE CARDS ***
simper11: raises $3 to $6
permafrost07: calls $3
*** FLOP *** [Jc Tc Kh]
permafrost07: bets $3
simper11: folds
Uncalled bet ($3) returned to permafrost07
permafrost07 collected $11.76 from pot
permafrost07: doesn't show hand
*** SUMMARY ***
Total pot $12 | Rake $0.24
Board [Jc Tc Kh]
Seat 1: simper11 (button) (small blind) folded on the Flop
Seat 2: permafrost07 (big blind) collected ($11.76)


PokerStars Hand #147393916732:  Hold'em Limit ($3/$6 USD) - 2016/01/20 18:09:56 ET
Table 'Matra II' 2-max Seat #2 is the button
Seat 1: simper11 ($271.30 in chips)
Seat 2: permafrost07 ($300.43 in chips)
permafrost07: posts small blind $1
simper11: posts big blind $3
*** HOLE CARDS ***
permafrost07: raises $3 to $6
simper11: calls $3
*** FLOP *** [Ts 9d 6s]
simper11: checks
permafrost07: bets $3
simper11: calls $3
*** TURN *** [Ts 9d 6s] [4c]
simper11: checks
permafrost07: bets $6
simper11: folds
Uncalled bet ($6) returned to permafrost07
permafrost07 collected $17.64 from pot
permafrost07: doesn't show hand
*** SUMMARY ***
Total pot $18 | Rake $0.36
Board [Ts 9d 6s 4c]
Seat 1: simper11 (big blind) folded on the Turn
Seat 2: permafrost07 (button) (small blind) collected ($17.64)


PokerStars Hand #147393894009:  Hold'em Limit ($3/$6 USD) - 2016/01/20 18:09:32 ET
Table 'Matra II' 2-max Seat #1 is the button
Seat 1: simper11 ($259.78 in chips)
Seat 2: permafrost07 ($312.43 in chips)
simper11: posts small blind $1
permafrost07: posts big blind $3
*** HOLE CARDS ***
simper11: raises $3 to $6
permafrost07: calls $3
*** FLOP *** [7s 6c 9h]
permafrost07: checks
simper11: checks
*** TURN *** [7s 6c 9h] [5d]
permafrost07: checks
simper11: checks
*** RIVER *** [7s 6c 9h 5d] [5h]
permafrost07: checks
simper11: bets $6
permafrost07: calls $6
*** SHOW DOWN ***
simper11: shows [Qd 5s] (three of a kind, Fives)
permafrost07: mucks hand
simper11 collected $23.52 from pot
*** SUMMARY ***
Total pot $24 | Rake $0.48
Board [7s 6c 9h 5d 5h]
Seat 1: simper11 (button) (small blind) showed [Qd 5s] and won ($23.52) with three of a kind, Fives
Seat 2: permafrost07 (big blind) mucked


PokerStars Hand #147394015772:  Hold'em Limit ($3/$6 USD) - 2016/01/20 18:11:40 ET
Table 'Matra II' 2-max Seat #2 is the button
Seat 1: simper11 ($278.44 in chips)
Seat 2: permafrost07 ($291.47 in chips)
permafrost07: posts small blind $1
simper11: posts big blind $3
*** HOLE CARDS ***
permafrost07: folds
Uncalled bet ($2) returned to simper11
simper11 collected $2 from pot
simper11: doesn't show hand
*** SUMMARY ***
Total pot $2 | Rake $0
Seat 1: simper11 (big blind) collected ($2)
Seat 2: permafrost07 (button) (small blind) folded before Flop


PokerStars Hand #147393993441:  Hold'em Limit ($3/$6 USD) - 2016/01/20 18:11:17 ET
Table 'Matra II' 2-max Seat #1 is the button
Seat 1: simper11 ($254.94 in chips)
Seat 2: permafrost07 ($315.47 in chips)
simper11: posts small blind $1
permafrost07: posts big blind $3
*** HOLE CARDS ***
simper11: raises $3 to $6
permafrost07: calls $3
*** FLOP *** [2s 2c 8c]
permafrost07: bets $3
simper11: raises $3 to $6
permafrost07: calls $3
*** TURN *** [2s 2c 8c] [4c]
permafrost07: checks
simper11: bets $6
permafrost07: calls $6
*** RIVER *** [2s 2c 8c 4c] [Ad]
permafrost07: checks
simper11: bets $6
permafrost07: calls $6
*** SHOW DOWN ***
simper11: shows [9c Jc] (a flush, Jack high)
permafrost07: mucks hand
simper11 collected $47.50 from pot
*** SUMMARY ***
Total pot $48 | Rake $0.50
Board [2s 2c 8c 4c Ad]
Seat 1: simper11 (button) (small blind) showed [9c Jc] and won ($47.50) with a flush, Jack high
Seat 2: permafrost07 (big blind) mucked


PokerStars Hand #147393979163:  Hold'em Limit ($3/$6 USD) - 2016/01/20 18:11:01 ET
Table 'Matra II' 2-max Seat #2 is the button
Seat 1: simper11 ($260.94 in chips)
Seat 2: permafrost07 ($309.71 in chips)
permafrost07: posts small blind $1
simper11: posts big blind $3
*** HOLE CARDS ***
permafrost07: raises $3 to $6
simper11: calls $3
*** FLOP *** [6d 4c Td]
simper11: checks
permafrost07: checks
*** TURN *** [6d 4c Td] [9h]
simper11: checks
permafrost07: bets $6
simper11: folds
Uncalled bet ($6) returned to permafrost07
permafrost07 collected $11.76 from pot
permafrost07: doesn't show hand
*** SUMMARY ***
Total pot $12 | Rake $0.24
Board [6d 4c Td 9h]
Seat 1: simper11 (big blind) folded on the Turn
Seat 2: permafrost07 (button) (small blind) collected ($11.76)


PokerStars Hand #147393967719:  Hold'em Limit ($3/$6 USD) - 2016/01/20 18:10:49 ET
Table 'Matra II' 2-max Seat #1 is the button
Seat 1: simper11 ($255.18 in chips)
Seat 2: permafrost07 ($315.71 in chips)
simper11: posts small blind $1
permafrost07: posts big blind $3
*** HOLE CARDS ***
simper11: raises $3 to $6
permafrost07: calls $3
*** FLOP *** [Qh 2s Js]
permafrost07: checks
simper11: bets $3
permafrost07: folds
Uncalled bet ($3) returned to simper11
simper11 collected $11.76 from pot
simper11: doesn't show hand
*** SUMMARY ***
Total pot $12 | Rake $0.24
Board [Qh 2s Js]
Seat 1: simper11 (button) (small blind) collected ($11.76)
Seat 2: permafrost07 (big blind) folded on the Flop


PokerStars Hand #147393957591:  Hold'em Limit ($3/$6 USD) - 2016/01/20 18:10:39 ET
Table 'Matra II' 2-max Seat #2 is the button
Seat 1: simper11 ($258.18 in chips)
Seat 2: permafrost07 ($312.83 in chips)
permafrost07: posts small blind $1
simper11: posts big blind $3
*** HOLE CARDS ***
permafrost07: calls $2
simper11: checks
*** FLOP *** [3s Js Td]
simper11: checks
permafrost07: bets $3
simper11: folds
Uncalled bet ($3) returned to permafrost07
permafrost07 collected $5.88 from pot
permafrost07: doesn't show hand
*** SUMMARY ***
Total pot $6 | Rake $0.12
Board [3s Js Td]
Seat 1: simper11 (big blind) folded on the Flop
Seat 2: permafrost07 (button) (small blind) collected ($5.88)


PokerStars Hand #147394050142:  Hold'em Limit ($3/$6 USD) - 2016/01/20 18:12:16 ET
Table 'Matra II' 2-max Seat #2 is the button
Seat 1: simper11 ($292.08 in chips)
Seat 2: permafrost07 ($277.47 in chips)
permafrost07: posts small blind $1
simper11: posts big blind $3
*** HOLE CARDS ***
permafrost07: calls $2
simper11: checks
*** FLOP *** [6h Jh Ad]
simper11: bets $3
permafrost07: folds
Uncalled bet ($3) returned to simper11
simper11 collected $5.88 from pot
simper11: doesn't show hand
*** SUMMARY ***
Total pot $6 | Rake $0.12
Board [6h Jh Ad]
Seat 1: simper11 (big blind) collected ($5.88)
Seat 2: permafrost07 (button) (small blind) folded on the Flop


PokerStars Hand #147394044321:  Hold'em Limit ($3/$6 USD) - 2016/01/20 18:12:10 ET
Table 'Matra II' 2-max Seat #1 is the button
Seat 1: simper11 ($289.08 in chips)
Seat 2: permafrost07 ($280.47 in chips)
simper11: posts small blind $1
permafrost07: posts big blind $3
*** HOLE CARDS ***
simper11: raises $3 to $6
permafrost07: folds
Uncalled bet ($3) returned to simper11
simper11 collected $6 from pot
simper11: doesn't show hand
*** SUMMARY ***
Total pot $6 | Rake $0
Seat 1: simper11 (button) (small blind) collected ($6)
Seat 2: permafrost07 (big blind) folded before Flop


PokerStars Hand #147394038417:  Hold'em Limit ($3/$6 USD) - 2016/01/20 18:12:04 ET
Table 'Matra II' 2-max Seat #2 is the button
Seat 1: simper11 ($288.08 in chips)
Seat 2: permafrost07 ($281.47 in chips)
permafrost07: posts small blind $1
simper11: posts big blind $3
*** HOLE CARDS ***
permafrost07: folds
Uncalled bet ($2) returned to simper11
simper11 collected $2 from pot
simper11: doesn't show hand
*** SUMMARY ***
Total pot $2 | Rake $0
Seat 1: simper11 (big blind) collected ($2)
Seat 2: permafrost07 (button) (small blind) folded before Flop


PokerStars Hand #147394021248:  Hold'em Limit ($3/$6 USD) - 2016/01/20 18:11:46 ET
Table 'Matra II' 2-max Seat #1 is the button
Seat 1: simper11 ($279.44 in chips)
Seat 2: permafrost07 ($290.47 in chips)
simper11: posts small blind $1
permafrost07: posts big blind $3
*** HOLE CARDS ***
simper11: raises $3 to $6
permafrost07: calls $3
*** FLOP *** [3s Jh Qh]
permafrost07: checks
simper11: bets $3
permafrost07: calls $3
*** TURN *** [3s Jh Qh] [Kd]
permafrost07: checks
simper11: checks
*** RIVER *** [3s Jh Qh Kd] [As]
permafrost07: checks
simper11: checks
*** SHOW DOWN ***
permafrost07: shows [3h 5h] (a pair of Threes)
simper11: shows [6h 6s] (a pair of Sixes)
simper11 collected $17.64 from pot
*** SUMMARY ***
Total pot $18 | Rake $0.36
Board [3s Jh Qh Kd As]
Seat 1: simper11 (button) (small blind) showed [6h 6s] and won ($17.64) with a pair of Sixes
Seat 2: permafrost07 (big blind) showed [3h 5h] and lost with a pair of Threes


