PokerStars Hand #162043686248:  Hold'em Limit ($3/$6 USD) - 2016/11/27 12:11:47 ET
Table 'Mattiaca' 10-max Seat #6 is the button
Seat 6: thenumber259 ($114 in chips)
Seat 10: MTails ($125.76 in chips)
thenumber259: posts small blind $1
MTails: posts big blind $3
*** HOLE CARDS ***
thenumber259: folds
Uncalled bet ($2) returned to MTails
MTails collected $2 from pot
*** SUMMARY ***
Total pot $2 | Rake $0
Seat 6: thenumber259 (button) (small blind) folded before Flop
Seat 10: MTails (big blind) collected ($2)


PokerStars Hand #162043692276:  Hold'em Limit ($3/$6 USD) - 2016/11/27 12:11:55 ET
Table 'Mattiaca' 10-max Seat #10 is the button
Seat 6: thenumber259 ($113 in chips)
Seat 10: MTails ($126.76 in chips)
MTails: posts small blind $1
thenumber259: posts big blind $3
*** HOLE CARDS ***
MTails: raises $3 to $6
thenumber259: raises $3 to $9
MTails: calls $3
*** FLOP *** [Kh 2s Qd]
RockKillerTY joins the table at seat #7
thenumber259: bets $3
MTails: folds
Uncalled bet ($3) returned to thenumber259
thenumber259 collected $17.64 from pot
*** SUMMARY ***
Total pot $18 | Rake $0.36
Board [Kh 2s Qd]
Seat 6: thenumber259 (big blind) collected ($17.64)
Seat 10: MTails (button) (small blind) folded on the Flop


PokerStars Hand #162043847622:  Hold'em Limit ($3/$6 USD) - 2016/11/27 12:14:58 ET
Table 'Mattiaca' 10-max Seat #6 is the button
Seat 6: thenumber259 ($112.17 in chips)
Seat 10: MTails ($162.76 in chips)
thenumber259: posts small blind $1
MTails: posts big blind $3
*** HOLE CARDS ***
thenumber259: folds
Uncalled bet ($2) returned to MTails
MTails collected $2 from pot
*** SUMMARY ***
Total pot $2 | Rake $0
Seat 6: thenumber259 (button) (small blind) folded before Flop
Seat 10: MTails (big blind) collected ($2)


PokerStars Hand #162043852794:  Hold'em Limit ($3/$6 USD) - 2016/11/27 12:15:04 ET
Table 'Mattiaca' 10-max Seat #10 is the button
Seat 6: thenumber259 ($111.17 in chips)
Seat 10: MTails ($163.76 in chips)
MTails: posts small blind $1
thenumber259: posts big blind $3
*** HOLE CARDS ***
MTails: raises $3 to $6
thenumber259: raises $3 to $9
MTails: calls $3
*** FLOP *** [3d 6c 7c]
thenumber259: bets $3
MTails: calls $3
*** TURN *** [3d 6c 7c] [Ah]
thenumber259: bets $6
MTails: calls $6
*** RIVER *** [3d 6c 7c Ah] [Jh]
thenumber259: bets $6
MTails: folds
Uncalled bet ($6) returned to thenumber259
thenumber259 collected $35.50 from pot
*** SUMMARY ***
Total pot $36 | Rake $0.50
Board [3d 6c 7c Ah Jh]
Seat 6: thenumber259 (big blind) collected ($35.50)
Seat 10: MTails (button) (small blind) folded on the River


PokerStars Hand #162043869231:  Hold'em Limit ($3/$6 USD) - 2016/11/27 12:15:24 ET
Table 'Mattiaca' 10-max Seat #6 is the button
Seat 6: thenumber259 ($128.67 in chips)
Seat 10: MTails ($145.76 in chips)
thenumber259: posts small blind $1
MTails: posts big blind $3
*** HOLE CARDS ***
thenumber259: raises $3 to $6
MTails: calls $3
*** FLOP *** [Jh 4d 3d]
MTails: checks
thenumber259: bets $3
MTails: calls $3
*** TURN *** [Jh 4d 3d] [As]
MTails: checks
thenumber259: checks
*** RIVER *** [Jh 4d 3d As] [Jd]
MTails: bets $6
thenumber259: calls $6
*** SHOW DOWN ***
MTails: shows [4s Jc] (a full house, Jacks full of Fours)
thenumber259: mucks hand
MTails collected $29.50 from pot
*** SUMMARY ***
Total pot $30 | Rake $0.50
Board [Jh 4d 3d As Jd]
Seat 6: thenumber259 (button) (small blind) mucked
Seat 10: MTails (big blind) showed [4s Jc] and won ($29.50) with a full house, Jacks full of Fours


PokerStars Hand #162043886525:  Hold'em Limit ($3/$6 USD) - 2016/11/27 12:15:44 ET
Table 'Mattiaca' 10-max Seat #10 is the button
Seat 6: thenumber259 ($113.67 in chips)
Seat 10: MTails ($160.26 in chips)
MTails: posts small blind $1
thenumber259: posts big blind $3
*** HOLE CARDS ***
MTails: raises $3 to $6
thenumber259: raises $3 to $9
MTails: calls $3
*** FLOP *** [6h 8c Qd]
thenumber259: bets $3
MTails: calls $3
*** TURN *** [6h 8c Qd] [5s]
thenumber259: bets $6
MTails: raises $6 to $12
thenumber259: calls $6
*** RIVER *** [6h 8c Qd 5s] [8s]
thenumber259: bets $6
MTails: folds
Uncalled bet ($6) returned to thenumber259
thenumber259 collected $47.50 from pot
*** SUMMARY ***
Total pot $48 | Rake $0.50
Board [6h 8c Qd 5s 8s]
Seat 6: thenumber259 (big blind) collected ($47.50)
Seat 10: MTails (button) (small blind) folded on the River


PokerStars Hand #162043936905:  Hold'em Limit ($3/$6 USD) - 2016/11/27 12:16:43 ET
Table 'Mattiaca' 10-max Seat #6 is the button
Seat 6: thenumber259 ($139.69 in chips)
Seat 10: MTails ($132.90 in chips)
thenumber259: posts small blind $1
MTails: posts big blind $3
*** HOLE CARDS ***
thenumber259: raises $3 to $6
MTails: calls $3
*** FLOP *** [8h Js Qc]
MTails: checks
thenumber259: bets $3
MTails: raises $3 to $6
thenumber259: calls $3
*** TURN *** [8h Js Qc] [Kc]
MTails: checks
thenumber259: checks
*** RIVER *** [8h Js Qc Kc] [6s]
MTails: bets $6
thenumber259: calls $6
*** SHOW DOWN ***
MTails: shows [7s Jd] (a pair of Jacks)
thenumber259: shows [4s Qs] (a pair of Queens)
thenumber259 collected $35.50 from pot
*** SUMMARY ***
Total pot $36 | Rake $0.50
Board [8h Js Qc Kc 6s]
Seat 6: thenumber259 (button) (small blind) showed [4s Qs] and won ($35.50) with a pair of Queens
Seat 10: MTails (big blind) showed [7s Jd] and lost with a pair of Jacks


PokerStars Hand #162043925393:  Hold'em Limit ($3/$6 USD) - 2016/11/27 12:16:29 ET
Table 'Mattiaca' 10-max Seat #10 is the button
Seat 6: thenumber259 ($128.17 in chips)
Seat 10: MTails ($144.90 in chips)
MTails: posts small blind $1
thenumber259: posts big blind $3
*** HOLE CARDS ***
MTails: raises $3 to $6
thenumber259: raises $3 to $9
MTails: calls $3
*** FLOP *** [5c As 9s]
thenumber259: bets $3
MTails: calls $3
*** TURN *** [5c As 9s] [Kh]
thenumber259: bets $6
MTails: folds
Uncalled bet ($6) returned to thenumber259
thenumber259 collected $23.52 from pot
*** SUMMARY ***
Total pot $24 | Rake $0.48
Board [5c As 9s Kh]
Seat 6: thenumber259 (big blind) collected ($23.52)
Seat 10: MTails (button) (small blind) folded on the Turn


PokerStars Hand #162043906277:  Hold'em Limit ($3/$6 USD) - 2016/11/27 12:16:07 ET
Table 'Mattiaca' 10-max Seat #6 is the button
Seat 6: thenumber259 ($137.17 in chips)
Seat 10: MTails ($136.26 in chips)
thenumber259: posts small blind $1
MTails: posts big blind $3
*** HOLE CARDS ***
thenumber259: raises $3 to $6
MTails: calls $3
*** FLOP *** [Tc 5s 8d]
MTails: checks
thenumber259: bets $3
MTails: calls $3
*** TURN *** [Tc 5s 8d] [2s]
MTails: checks
thenumber259: checks
*** RIVER *** [Tc 5s 8d 2s] [3s]
MTails: checks
thenumber259: checks
*** SHOW DOWN ***
MTails: shows [As Jc] (high card Ace)
thenumber259: mucks hand
MTails collected $17.64 from pot
*** SUMMARY ***
Total pot $18 | Rake $0.36
Board [Tc 5s 8d 2s 3s]
Seat 6: thenumber259 (button) (small blind) mucked
Seat 10: MTails (big blind) showed [As Jc] and won ($17.64) with high card Ace


PokerStars Hand #162043972081:  Hold'em Limit ($3/$6 USD) - 2016/11/27 12:17:23 ET
Table 'Mattiaca' 10-max Seat #6 is the button
Seat 6: thenumber259 ($127.19 in chips)
Seat 10: MTails ($144.40 in chips)
thenumber259: posts small blind $1
MTails: posts big blind $3
*** HOLE CARDS ***
thenumber259: raises $3 to $6
MTails: raises $3 to $9
thenumber259: calls $3
*** FLOP *** [3h Kc Jc]
MTails: bets $3
thenumber259: raises $3 to $6
MTails: calls $3
*** TURN *** [3h Kc Jc] [6s]
MTails: checks
thenumber259: bets $6
MTails: calls $6
*** RIVER *** [3h Kc Jc 6s] [Jh]
MTails: checks
thenumber259: bets $6
MTails: raises $6 to $12
thenumber259: calls $6
*** SHOW DOWN ***
MTails: shows [Qs Js] (three of a kind, Jacks)
thenumber259: mucks hand
MTails collected $65.50 from pot
*** SUMMARY ***
Total pot $66 | Rake $0.50
Board [3h Kc Jc 6s Jh]
Seat 6: thenumber259 (button) (small blind) mucked
Seat 10: MTails (big blind) showed [Qs Js] and won ($65.50) with three of a kind, Jacks


PokerStars Hand #162043955498:  Hold'em Limit ($3/$6 USD) - 2016/11/27 12:17:04 ET
Table 'Mattiaca' 10-max Seat #10 is the button
Seat 6: thenumber259 ($157.19 in chips)
Seat 10: MTails ($114.90 in chips)
MTails: posts small blind $1
thenumber259: posts big blind $3
*** HOLE CARDS ***
MTails: raises $3 to $6
thenumber259: raises $3 to $9
MTails: calls $3
*** FLOP *** [9d 4c 8h]
thenumber259: bets $3
MTails: calls $3
*** TURN *** [9d 4c 8h] [5d]
thenumber259: bets $6
MTails: raises $6 to $12
thenumber259: calls $6
*** RIVER *** [9d 4c 8h 5d] [Ts]
thenumber259: checks
MTails: bets $6
thenumber259: calls $6
*** SHOW DOWN ***
MTails: shows [4s 8c] (two pair, Eights and Fours)
thenumber259: mucks hand
MTails collected $59.50 from pot
*** SUMMARY ***
Total pot $60 | Rake $0.50
Board [9d 4c 8h 5d Ts]
Seat 6: thenumber259 (big blind) mucked
Seat 10: MTails (button) (small blind) showed [4s 8c] and won ($59.50) with two pair, Eights and Fours


PokerStars Hand #162044043789:  Hold'em Limit ($3/$6 USD) - 2016/11/27 12:18:45 ET
Table 'Mattiaca' 10-max Seat #10 is the button
Seat 6: thenumber259 ($114.69 in chips)
Seat 10: MTails ($155.66 in chips)
MTails: posts small blind $1
thenumber259: posts big blind $3
*** HOLE CARDS ***
MTails: raises $3 to $6
thenumber259: calls $3
*** FLOP *** [Qh 7h Ks]
thenumber259: checks
MTails: bets $3
thenumber259: folds
Uncalled bet ($3) returned to MTails
MTails collected $11.76 from pot
*** SUMMARY ***
Total pot $12 | Rake $0.24
Board [Qh 7h Ks]
Seat 6: thenumber259 (big blind) folded on the Flop
Seat 10: MTails (button) (small blind) collected ($11.76)


PokerStars Hand #162044019824:  Hold'em Limit ($3/$6 USD) - 2016/11/27 12:18:18 ET
Table 'Mattiaca' 10-max Seat #6 is the button
Seat 6: thenumber259 ($120.69 in chips)
Seat 10: MTails ($149.90 in chips)
thenumber259: posts small blind $1
MTails: posts big blind $3
*** HOLE CARDS ***
thenumber259: raises $3 to $6
MTails: calls $3
*** FLOP *** [3h Ts 8c]
MTails: checks
thenumber259: checks
*** TURN *** [3h Ts 8c] [7s]
MTails: checks
thenumber259: checks
*** RIVER *** [3h Ts 8c 7s] [6h]
MTails: checks
thenumber259: checks
*** SHOW DOWN ***
MTails: shows [7d 3c] (two pair, Sevens and Threes)
thenumber259: mucks hand
MTails collected $11.76 from pot
VolkovDmitri joins the table at seat #7
*** SUMMARY ***
Total pot $12 | Rake $0.24
Board [3h Ts 8c 7s 6h]
Seat 6: thenumber259 (button) (small blind) mucked
Seat 10: MTails (big blind) showed [7d 3c] and won ($11.76) with two pair, Sevens and Threes


PokerStars Hand #162043996312:  Hold'em Limit ($3/$6 USD) - 2016/11/27 12:17:51 ET
Table 'Mattiaca' 10-max Seat #10 is the button
Seat 6: thenumber259 ($94.19 in chips)
Seat 10: MTails ($176.90 in chips)
MTails: posts small blind $1
thenumber259: posts big blind $3
*** HOLE CARDS ***
MTails: raises $3 to $6
thenumber259: raises $3 to $9
MTails: calls $3
*** FLOP *** [Td Ah 5s]
thenumber259: checks
MTails: bets $3
thenumber259: raises $3 to $6
MTails: calls $3
*** TURN *** [Td Ah 5s] [8h]
thenumber259: bets $6
MTails: calls $6
*** RIVER *** [Td Ah 5s 8h] [6s]
thenumber259: bets $6
MTails: calls $6
*** SHOW DOWN ***
thenumber259: shows [Kh 8d] (a pair of Eights)
MTails: mucks hand
thenumber259 collected $53.50 from pot
*** SUMMARY ***
Total pot $54 | Rake $0.50
Board [Td Ah 5s 8h 6s]
Seat 6: thenumber259 (big blind) showed [Kh 8d] and won ($53.50) with a pair of Eights
Seat 10: MTails (button) (small blind) mucked


PokerStars Hand #162044070975:  Hold'em Limit ($3/$6 USD) - 2016/11/27 12:19:17 ET
Table 'Mattiaca' 10-max Seat #7 is the button
Seat 6: thenumber259 ($128.52 in chips)
Seat 7: VolkovDmitri ($120 in chips)
VolkovDmitri: posts small blind $1
MTails: is sitting out
thenumber259: posts big blind $3
*** HOLE CARDS ***
VolkovDmitri: raises $3 to $6
MTails leaves the table
vestimokrec joins the table at seat #8
thenumber259 has timed out
thenumber259: folds
Uncalled bet ($3) returned to VolkovDmitri
VolkovDmitri collected $6 from pot
VolkovDmitri: doesn't show hand
*** SUMMARY ***
Total pot $6 | Rake $0
Seat 6: thenumber259 (big blind) folded before Flop
Seat 7: VolkovDmitri (button) (small blind) collected ($6)


PokerStars Hand #162045043014:  Hold'em Limit ($3/$6 USD) - 2016/11/27 12:37:15 ET
Table 'Mattiaca' 10-max Seat #10 is the button
Seat 7: VolkovDmitri ($152.88 in chips)
Seat 10: mylifeluvsol ($38.98 in chips)
mylifeluvsol: posts small blind $1
ice0034: is sitting out
VolkovDmitri: posts big blind $3
*** HOLE CARDS ***
mylifeluvsol: folds
Uncalled bet ($2) returned to VolkovDmitri
VolkovDmitri collected $2 from pot
VolkovDmitri: doesn't show hand
*** SUMMARY ***
Total pot $2 | Rake $0
Seat 7: VolkovDmitri (big blind) collected ($2)
Seat 10: mylifeluvsol (button) (small blind) folded before Flop


PokerStars Hand #162045048479:  Hold'em Limit ($3/$6 USD) - 2016/11/27 12:37:21 ET
Table 'Mattiaca' 10-max Seat #7 is the button
Seat 7: VolkovDmitri ($153.88 in chips)
Seat 10: mylifeluvsol ($37.98 in chips)
VolkovDmitri: posts small blind $1
mylifeluvsol: posts big blind $3
*** HOLE CARDS ***
VolkovDmitri: raises $3 to $6
mylifeluvsol: folds
Uncalled bet ($3) returned to VolkovDmitri
VolkovDmitri collected $6 from pot
VolkovDmitri: doesn't show hand
*** SUMMARY ***
Total pot $6 | Rake $0
Seat 7: VolkovDmitri (button) (small blind) collected ($6)
Seat 10: mylifeluvsol (big blind) folded before Flop


PokerStars Hand #162045063238:  Hold'em Limit ($3/$6 USD) - 2016/11/27 12:37:37 ET
Table 'Mattiaca' 10-max Seat #10 is the button
Seat 7: VolkovDmitri ($156.88 in chips)
Seat 10: mylifeluvsol ($34.98 in chips)
mylifeluvsol: posts small blind $1
VolkovDmitri: posts big blind $3
*** HOLE CARDS ***
mylifeluvsol: raises $3 to $6
VolkovDmitri: raises $3 to $9
mylifeluvsol: calls $3
*** FLOP *** [Qs 8d 7h]
VolkovDmitri: bets $3
mylifeluvsol: calls $3
*** TURN *** [Qs 8d 7h] [5d]
VolkovDmitri: bets $6
mylifeluvsol: raises $6 to $12
VolkovDmitri: raises $6 to $18
mylifeluvsol: raises $4.98 to $22.98 and is all-in
Betting is capped
VolkovDmitri: calls $4.98
*** RIVER *** [Qs 8d 7h 5d] [3h]
*** SHOW DOWN ***
VolkovDmitri: shows [Jh Qh] (a pair of Queens)
mylifeluvsol: shows [2c 2d] (a pair of Deuces)
VolkovDmitri collected $69.46 from pot
*** SUMMARY ***
Total pot $69.96 | Rake $0.50
Board [Qs 8d 7h 5d 3h]
Seat 7: VolkovDmitri (big blind) showed [Jh Qh] and won ($69.46) with a pair of Queens
Seat 10: mylifeluvsol (button) (small blind) showed [2c 2d] and lost with a pair of Deuces


