PokerStars Hand #169967765968:  Hold'em Limit ($3/$6 USD) - 2017/05/04 21:09:53 ET
Table 'Matterania' 6-max Seat #1 is the button
Seat 1: sismos404 ($58.51 in chips)
Seat 5: TinaTurner72 ($124 in chips)
sismos404: posts small blind $1
TinaTurner72: posts big blind $3
*** HOLE CARDS ***
sismos404: raises $3 to $6
TinaTurner72: folds
Uncalled bet ($3) returned to sismos404
sismos404 collected $6 from pot
*** SUMMARY ***
Total pot $6 | Rake $0
Seat 1: sismos404 (button) (small blind) collected ($6)
Seat 5: TinaTurner72 (big blind) folded before Flop


PokerStars Hand #169967769209:  Hold'em Limit ($3/$6 USD) - 2017/05/04 21:10:00 ET
Table 'Matterania' 6-max Seat #5 is the button
Seat 1: sismos404 ($61.51 in chips)
Seat 5: TinaTurner72 ($121 in chips)
TinaTurner72: posts small blind $1
sismos404: posts big blind $3
*** HOLE CARDS ***
TinaTurner72: raises $3 to $6
sismos404: calls $3
*** FLOP *** [2s 7s Ks]
sismos404: checks
TinaTurner72: bets $3
sismos404: raises $3 to $6
TinaTurner72: folds
Uncalled bet ($3) returned to sismos404
sismos404 collected $17.64 from pot
*** SUMMARY ***
Total pot $18 | Rake $0.36
Board [2s 7s Ks]
Seat 1: sismos404 (big blind) collected ($17.64)
Seat 5: TinaTurner72 (button) (small blind) folded on the Flop


PokerStars Hand #169967762114:  Hold'em Limit ($3/$6 USD) - 2017/05/04 21:09:44 ET
Table 'Matterania' 6-max Seat #5 is the button
Seat 1: sismos404 ($61.51 in chips)
Seat 5: TinaTurner72 ($121 in chips)
TinaTurner72: posts small blind $1
sismos404: posts big blind $3
*** HOLE CARDS ***
TinaTurner72: raises $3 to $6
sismos404: folds
Uncalled bet ($3) returned to TinaTurner72
TinaTurner72 collected $6 from pot
TinaTurner72: doesn't show hand
*** SUMMARY ***
Total pot $6 | Rake $0
Seat 1: sismos404 (big blind) folded before Flop
Seat 5: TinaTurner72 (button) (small blind) collected ($6)


PokerStars Hand #169967783703:  Hold'em Limit ($3/$6 USD) - 2017/05/04 21:10:34 ET
Table 'Matterania' 6-max Seat #5 is the button
Seat 1: sismos404 ($75.91 in chips)
Seat 5: TinaTurner72 ($106 in chips)
TinaTurner72: posts small blind $1
sismos404: posts big blind $3
*** HOLE CARDS ***
TinaTurner72: raises $3 to $6
sismos404: calls $3
*** FLOP *** [9h 7s 2s]
sismos404: checks
TinaTurner72: bets $3
sismos404: raises $3 to $6
TinaTurner72: calls $3
*** TURN *** [9h 7s 2s] [Jd]
sismos404: bets $6
TinaTurner72: raises $6 to $12
sismos404: calls $6
*** RIVER *** [9h 7s 2s Jd] [3h]
sismos404: checks
TinaTurner72: checks
*** SHOW DOWN ***
sismos404: shows [Ah 7d] (a pair of Sevens)
TinaTurner72: shows [9c 5s] (a pair of Nines)
TinaTurner72 collected $47.50 from pot
*** SUMMARY ***
Total pot $48 | Rake $0.50
Board [9h 7s 2s Jd 3h]
Seat 1: sismos404 (big blind) showed [Ah 7d] and lost with a pair of Sevens
Seat 5: TinaTurner72 (button) (small blind) showed [9c 5s] and won ($47.50) with a pair of Nines


PokerStars Hand #169967776140:  Hold'em Limit ($3/$6 USD) - 2017/05/04 21:10:16 ET
Table 'Matterania' 6-max Seat #1 is the button
Seat 1: sismos404 ($70.15 in chips)
Seat 5: TinaTurner72 ($112 in chips)
sismos404: posts small blind $1
TinaTurner72: posts big blind $3
*** HOLE CARDS ***
sismos404: raises $3 to $6
TinaTurner72: calls $3
*** FLOP *** [4h Kh 4d]
TinaTurner72: checks
sismos404: checks
*** TURN *** [4h Kh 4d] [8d]
TinaTurner72: checks
sismos404: bets $6
TinaTurner72: folds
Uncalled bet ($6) returned to sismos404
sismos404 collected $11.76 from pot
*** SUMMARY ***
Total pot $12 | Rake $0.24
Board [4h Kh 4d 8d]
Seat 1: sismos404 (button) (small blind) collected ($11.76)
Seat 5: TinaTurner72 (big blind) folded on the Turn


PokerStars Hand #169967793603:  Hold'em Limit ($3/$6 USD) - 2017/05/04 21:10:57 ET
Table 'Matterania' 6-max Seat #1 is the button
Seat 1: sismos404 ($51.91 in chips)
Seat 5: TinaTurner72 ($129.50 in chips)
sismos404: posts small blind $1
TinaTurner72: posts big blind $3
*** HOLE CARDS ***
sismos404: raises $3 to $6
hairy1961 joins the table at seat #3
TinaTurner72: calls $3
*** FLOP *** [Kh Qc Jc]
TinaTurner72: checks
sismos404: bets $3
TinaTurner72: raises $3 to $6
sismos404: calls $3
*** TURN *** [Kh Qc Jc] [Jd]
TinaTurner72: bets $6
sismos404: calls $6
*** RIVER *** [Kh Qc Jc Jd] [Ks]
TinaTurner72: bets $6
sismos404: raises $6 to $12
TinaTurner72: calls $6
*** SHOW DOWN ***
sismos404: shows [5d Kd] (a full house, Kings full of Jacks)
TinaTurner72: mucks hand
sismos404 collected $59.50 from pot
*** SUMMARY ***
Total pot $60 | Rake $0.50
Board [Kh Qc Jc Jd Ks]
Seat 1: sismos404 (button) (small blind) showed [5d Kd] and won ($59.50) with a full house, Kings full of Jacks
Seat 5: TinaTurner72 (big blind) mucked


PokerStars Hand #169967811327:  Hold'em Limit ($3/$6 USD) - 2017/05/04 21:11:38 ET
Table 'Matterania' 6-max Seat #5 is the button
Seat 1: sismos404 ($81.41 in chips)
Seat 5: TinaTurner72 ($99.50 in chips)
TinaTurner72: posts small blind $1
sismos404: posts big blind $3
*** HOLE CARDS ***
TinaTurner72: raises $3 to $6
sismos404: calls $3
*** FLOP *** [Qc 3h Qs]
sismos404: checks
TinaTurner72: bets $3
sismos404: raises $3 to $6
TinaTurner72: calls $3
*** TURN *** [Qc 3h Qs] [3d]
sismos404: bets $6
TinaTurner72: folds
Uncalled bet ($6) returned to sismos404
sismos404 collected $23.52 from pot
*** SUMMARY ***
Total pot $24 | Rake $0.48
Board [Qc 3h Qs 3d]
Seat 1: sismos404 (big blind) collected ($23.52)
Seat 5: TinaTurner72 (button) (small blind) folded on the Turn


PokerStars Hand #169967886378:  Hold'em Limit ($3/$6 USD) - 2017/05/04 21:14:34 ET
Table 'Matterania' 6-max Seat #1 is the button
Seat 1: sismos404 ($167.94 in chips)
Seat 5: TinaTurner72 ($115.50 in chips)
sismos404: posts small blind $1
TinaTurner72: posts big blind $3
*** HOLE CARDS ***
sismos404: raises $3 to $6
hairy1961 leaves the table
TinaTurner72: calls $3
*** FLOP *** [2c Jd 2d]
TinaTurner72: checks
sismos404: bets $3
TinaTurner72: folds
Uncalled bet ($3) returned to sismos404
sismos404 collected $11.76 from pot
*** SUMMARY ***
Total pot $12 | Rake $0.24
Board [2c Jd 2d]
Seat 1: sismos404 (button) (small blind) collected ($11.76)
Seat 5: TinaTurner72 (big blind) folded on the Flop


PokerStars Hand #169967904104:  Hold'em Limit ($3/$6 USD) - 2017/05/04 21:15:16 ET
Table 'Matterania' 6-max Seat #1 is the button
Seat 1: sismos404 ($152.70 in chips)
Seat 5: TinaTurner72 ($130 in chips)
sismos404: posts small blind $1
TinaTurner72: posts big blind $3
*** HOLE CARDS ***
sismos404: folds
Uncalled bet ($2) returned to TinaTurner72
TinaTurner72 collected $2 from pot
TinaTurner72: doesn't show hand
*** SUMMARY ***
Total pot $2 | Rake $0
Seat 1: sismos404 (button) (small blind) folded before Flop
Seat 5: TinaTurner72 (big blind) collected ($2)


PokerStars Hand #169967891536:  Hold'em Limit ($3/$6 USD) - 2017/05/04 21:14:46 ET
Table 'Matterania' 6-max Seat #5 is the button
Seat 1: sismos404 ($173.70 in chips)
Seat 5: TinaTurner72 ($109.50 in chips)
TinaTurner72: posts small blind $1
sismos404: posts big blind $3
*** HOLE CARDS ***
TinaTurner72: raises $3 to $6
sismos404: calls $3
*** FLOP *** [Jd 8h Td]
sismos404: checks
TinaTurner72: bets $3
sismos404: raises $3 to $6
TinaTurner72: raises $3 to $9
sismos404: calls $3
*** TURN *** [Jd 8h Td] [5c]
sismos404: checks
TinaTurner72: checks
*** RIVER *** [Jd 8h Td 5c] [As]
sismos404: bets $6
TinaTurner72: raises $6 to $12
sismos404: folds
Uncalled bet ($6) returned to TinaTurner72
TinaTurner72 collected $41.50 from pot
TinaTurner72: doesn't show hand
*** SUMMARY ***
Total pot $42 | Rake $0.50
Board [Jd 8h Td 5c As]
Seat 1: sismos404 (big blind) folded on the River
Seat 5: TinaTurner72 (button) (small blind) collected ($41.50)


PokerStars Hand #169967909179:  Hold'em Limit ($3/$6 USD) - 2017/05/04 21:15:28 ET
Table 'Matterania' 6-max Seat #1 is the button
Seat 1: sismos404 ($148.70 in chips)
Seat 5: TinaTurner72 ($134 in chips)
sismos404: posts small blind $1
TinaTurner72: posts big blind $3
*** HOLE CARDS ***
sismos404: folds
Uncalled bet ($2) returned to TinaTurner72
sismos404 leaves the table
TinaTurner72 collected $2 from pot
TinaTurner72: doesn't show hand
*** SUMMARY ***
Total pot $2 | Rake $0
Seat 1: sismos404 (button) (small blind) folded before Flop
Seat 5: TinaTurner72 (big blind) collected ($2)


PokerStars Hand #169967906681:  Hold'em Limit ($3/$6 USD) - 2017/05/04 21:15:22 ET
Table 'Matterania' 6-max Seat #5 is the button
Seat 1: sismos404 ($151.70 in chips)
Seat 5: TinaTurner72 ($131 in chips)
TinaTurner72: posts small blind $1
sismos404: posts big blind $3
*** HOLE CARDS ***
TinaTurner72: raises $3 to $6
sismos404: folds
Uncalled bet ($3) returned to TinaTurner72
TinaTurner72 collected $6 from pot
TinaTurner72: doesn't show hand
*** SUMMARY ***
Total pot $6 | Rake $0
Seat 1: sismos404 (big blind) folded before Flop
Seat 5: TinaTurner72 (button) (small blind) collected ($6)


PokerStars Hand #169967932320:  Hold'em Limit ($3/$6 USD) - 2017/05/04 21:16:23 ET
Table 'Matterania' 6-max Seat #4 is the button
Seat 4: Snuffymo ($117 in chips)
Seat 5: TinaTurner72 ($138 in chips)
Snuffymo: posts small blind $1
TinaTurner72: posts big blind $3
*** HOLE CARDS ***
Snuffymo: raises $3 to $6
TinaTurner72: calls $3
*** FLOP *** [4c 7s 5c]
TinaTurner72: checks
Snuffymo: bets $3
TinaTurner72: raises $3 to $6
Snuffymo: raises $3 to $9
TinaTurner72: raises $3 to $12
Betting is capped
Snuffymo: calls $3
*** TURN *** [4c 7s 5c] [Ac]
TinaTurner72: bets $6
Snuffymo: raises $6 to $12
TinaTurner72: calls $6
*** RIVER *** [4c 7s 5c Ac] [4h]
TinaTurner72: checks
Snuffymo: bets $6
TinaTurner72: calls $6
*** SHOW DOWN ***
Snuffymo: shows [Kc As] (two pair, Aces and Fours)
TinaTurner72: mucks hand
Snuffymo collected $71.50 from pot
*** SUMMARY ***
Total pot $72 | Rake $0.50
Board [4c 7s 5c Ac 4h]
Seat 4: Snuffymo (button) (small blind) showed [Kc As] and won ($71.50) with two pair, Aces and Fours
Seat 5: TinaTurner72 (big blind) mucked


PokerStars Hand #169967944787:  Hold'em Limit ($3/$6 USD) - 2017/05/04 21:16:53 ET
Table 'Matterania' 6-max Seat #5 is the button
Seat 4: Snuffymo ($152.50 in chips)
Seat 5: TinaTurner72 ($102 in chips)
TinaTurner72: posts small blind $1
Snuffymo: posts big blind $3
*** HOLE CARDS ***
TinaTurner72: raises $3 to $6
Snuffymo: raises $3 to $9
TinaTurner72: calls $3
*** FLOP *** [2d 9s 9c]
Snuffymo: bets $3
TinaTurner72: calls $3
*** TURN *** [2d 9s 9c] [7d]
Snuffymo: bets $6
TinaTurner72: raises $6 to $12
Snuffymo: raises $6 to $18
TinaTurner72: calls $6
*** RIVER *** [2d 9s 9c 7d] [8s]
Snuffymo: bets $6
TinaTurner72: calls $6
*** SHOW DOWN ***
Snuffymo: shows [9d 4d] (three of a kind, Nines)
TinaTurner72: mucks hand
Snuffymo collected $71.50 from pot
*** SUMMARY ***
Total pot $72 | Rake $0.50
Board [2d 9s 9c 7d 8s]
Seat 4: Snuffymo (big blind) showed [9d 4d] and won ($71.50) with three of a kind, Nines
Seat 5: TinaTurner72 (button) (small blind) mucked


PokerStars Hand #169967954816:  Hold'em Limit ($3/$6 USD) - 2017/05/04 21:17:16 ET
Table 'Matterania' 6-max Seat #4 is the button
Seat 4: Snuffymo ($188 in chips)
Seat 5: TinaTurner72 ($66 in chips)
Snuffymo: posts small blind $1
TinaTurner72: posts big blind $3
*** HOLE CARDS ***
Snuffymo: folds
Uncalled bet ($2) returned to TinaTurner72
TinaTurner72 collected $2 from pot
TinaTurner72: doesn't show hand
*** SUMMARY ***
Total pot $2 | Rake $0
Seat 4: Snuffymo (button) (small blind) folded before Flop
Seat 5: TinaTurner72 (big blind) collected ($2)


PokerStars Hand #169967983137:  Hold'em Limit ($3/$6 USD) - 2017/05/04 21:18:23 ET
Table 'Matterania' 6-max Seat #4 is the button
Seat 4: Snuffymo ($184 in chips)
Seat 5: TinaTurner72 ($130 in chips)
Snuffymo: posts small blind $1
TinaTurner72: posts big blind $3
*** HOLE CARDS ***
Zubasa07 joins the table at seat #6
Snuffymo has timed out
Snuffymo: folds
Uncalled bet ($2) returned to TinaTurner72
TinaTurner72 collected $2 from pot
TinaTurner72: doesn't show hand
*** SUMMARY ***
Total pot $2 | Rake $0
Seat 4: Snuffymo (button) (small blind) folded before Flop
Seat 5: TinaTurner72 (big blind) collected ($2)


PokerStars Hand #169971726642:  Hold'em Limit ($3/$6 USD) - 2017/05/05 0:21:39 ET
Table 'Matterania' 6-max Seat #3 is the button
Seat 3: bekooi ($80.98 in chips)
Seat 5: TbIP-TbIP 88 ($264.48 in chips)
bekooi: posts small blind $1
TbIP-TbIP 88: posts big blind $3
*** HOLE CARDS ***
bekooi: folds
Uncalled bet ($2) returned to TbIP-TbIP 88
TbIP-TbIP 88 collected $2 from pot
TbIP-TbIP 88: doesn't show hand
*** SUMMARY ***
Total pot $2 | Rake $0
Seat 3: bekooi (button) (small blind) folded before Flop
Seat 5: TbIP-TbIP 88 (big blind) collected ($2)


PokerStars Hand #169971723993:  Hold'em Limit ($3/$6 USD) - 2017/05/05 0:21:30 ET
Table 'Matterania' 6-max Seat #5 is the button
Seat 3: bekooi ($79.98 in chips)
Seat 5: TbIP-TbIP 88 ($265.48 in chips)
TbIP-TbIP 88: posts small blind $1
bekooi: posts big blind $3
*** HOLE CARDS ***
TbIP-TbIP 88: folds
Uncalled bet ($2) returned to bekooi
bekooi collected $2 from pot
*** SUMMARY ***
Total pot $2 | Rake $0
Seat 3: bekooi (big blind) collected ($2)
Seat 5: TbIP-TbIP 88 (button) (small blind) folded before Flop


PokerStars Hand #169971722479:  Hold'em Limit ($3/$6 USD) - 2017/05/05 0:21:24 ET
Table 'Matterania' 6-max Seat #3 is the button
Seat 3: bekooi ($80.98 in chips)
Seat 5: TbIP-TbIP 88 ($264.48 in chips)
bekooi: posts small blind $1
TbIP-TbIP 88: posts big blind $3
*** HOLE CARDS ***
bekooi: folds
Uncalled bet ($2) returned to TbIP-TbIP 88
TbIP-TbIP 88 collected $2 from pot
TbIP-TbIP 88: doesn't show hand
*** SUMMARY ***
Total pot $2 | Rake $0
Seat 3: bekooi (button) (small blind) folded before Flop
Seat 5: TbIP-TbIP 88 (big blind) collected ($2)


PokerStars Hand #169971728157:  Hold'em Limit ($3/$6 USD) - 2017/05/05 0:21:45 ET
Table 'Matterania' 6-max Seat #5 is the button
Seat 3: bekooi ($79.98 in chips)
Seat 5: TbIP-TbIP 88 ($265.48 in chips)
TbIP-TbIP 88: posts small blind $1
bekooi: posts big blind $3
*** HOLE CARDS ***
TbIP-TbIP 88: raises $3 to $6
bekooi: calls $3
*** FLOP *** [Jd 8c Js]
bekooi: checks
TbIP-TbIP 88: bets $3
bekooi: calls $3
*** TURN *** [Jd 8c Js] [Td]
bekooi: checks
TbIP-TbIP 88: bets $6
bekooi: calls $6
*** RIVER *** [Jd 8c Js Td] [2h]
bekooi: checks
TbIP-TbIP 88: bets $6
bekooi: calls $6
*** SHOW DOWN ***
TbIP-TbIP 88: shows [6d 3d] (a pair of Jacks)
bekooi: shows [5c 8h] (two pair, Jacks and Eights)
bekooi collected $41.50 from pot
*** SUMMARY ***
Total pot $42 | Rake $0.50
Board [Jd 8c Js Td 2h]
Seat 3: bekooi (big blind) showed [5c 8h] and won ($41.50) with two pair, Jacks and Eights
Seat 5: TbIP-TbIP 88 (button) (small blind) showed [6d 3d] and lost with a pair of Jacks


PokerStars Hand #169971740221:  Hold'em Limit ($3/$6 USD) - 2017/05/05 0:22:29 ET
Table 'Matterania' 6-max Seat #5 is the button
Seat 3: bekooi ($106.24 in chips)
Seat 5: TbIP-TbIP 88 ($238.48 in chips)
TbIP-TbIP 88: posts small blind $1
bekooi: posts big blind $3
*** HOLE CARDS ***
TbIP-TbIP 88: raises $3 to $6
bekooi: calls $3
*** FLOP *** [Kh Td 9c]
bekooi: checks
TbIP-TbIP 88: bets $3
bekooi: folds
Uncalled bet ($3) returned to TbIP-TbIP 88
TbIP-TbIP 88 collected $11.76 from pot
TbIP-TbIP 88: doesn't show hand
*** SUMMARY ***
Total pot $12 | Rake $0.24
Board [Kh Td 9c]
Seat 3: bekooi (big blind) folded on the Flop
Seat 5: TbIP-TbIP 88 (button) (small blind) collected ($11.76)


PokerStars Hand #169971734990:  Hold'em Limit ($3/$6 USD) - 2017/05/05 0:22:10 ET
Table 'Matterania' 6-max Seat #3 is the button
Seat 3: bekooi ($100.48 in chips)
Seat 5: TbIP-TbIP 88 ($244.48 in chips)
bekooi: posts small blind $1
TbIP-TbIP 88: posts big blind $3
*** HOLE CARDS ***
bekooi: raises $3 to $6
TbIP-TbIP 88: calls $3
*** FLOP *** [8h 9h Kd]
TbIP-TbIP 88: checks
bekooi: bets $3
TbIP-TbIP 88: folds
Uncalled bet ($3) returned to bekooi
bekooi collected $11.76 from pot
*** SUMMARY ***
Total pot $12 | Rake $0.24
Board [8h 9h Kd]
Seat 3: bekooi (button) (small blind) collected ($11.76)
Seat 5: TbIP-TbIP 88 (big blind) folded on the Flop


PokerStars Hand #169973291561:  Hold'em Limit ($3/$6 USD) - 2017/05/05 2:00:47 ET
Table 'Matterania' 6-max Seat #1 is the button
Seat 1: CharginWapos ($185.59 in chips)
Seat 5: bmbclt ($129.09 in chips)
CharginWapos: posts small blind $1
bmbclt: posts big blind $3
*** HOLE CARDS ***
CharginWapos: folds
Uncalled bet ($2) returned to bmbclt
HasThaHustle leaves the table
bmbclt collected $2 from pot
bmbclt: doesn't show hand
*** SUMMARY ***
Total pot $2 | Rake $0
Seat 1: CharginWapos (button) (small blind) folded before Flop
Seat 5: bmbclt (big blind) collected ($2)


PokerStars Hand #169973303438:  Hold'em Limit ($3/$6 USD) - 2017/05/05 2:01:34 ET
Table 'Matterania' 6-max Seat #5 is the button
Seat 1: CharginWapos ($198.09 in chips)
Seat 5: bmbclt ($116.09 in chips)
bmbclt: posts small blind $1
CharginWapos: posts big blind $3
*** HOLE CARDS ***
bmbclt: calls $2
CharginWapos: checks
*** FLOP *** [Ad Ah 2d]
CharginWapos: checks
bmbclt: bets $3
CharginWapos: folds
Uncalled bet ($3) returned to bmbclt
bmbclt collected $5.88 from pot
bmbclt: doesn't show hand
*** SUMMARY ***
Total pot $6 | Rake $0.12
Board [Ad Ah 2d]
Seat 1: CharginWapos (big blind) folded on the Flop
Seat 5: bmbclt (button) (small blind) collected ($5.88)


PokerStars Hand #169973293305:  Hold'em Limit ($3/$6 USD) - 2017/05/05 2:00:54 ET
Table 'Matterania' 6-max Seat #5 is the button
Seat 1: CharginWapos ($184.59 in chips)
Seat 5: bmbclt ($130.09 in chips)
bmbclt: posts small blind $1
CharginWapos: posts big blind $3
*** HOLE CARDS ***
bmbclt: calls $2
CharginWapos: raises $3 to $6
bmbclt: calls $3
*** FLOP *** [7c 4s 6d]
CharginWapos: bets $3
bmbclt: calls $3
*** TURN *** [7c 4s 6d] [5c]
CharginWapos: checks
bmbclt: checks
*** RIVER *** [7c 4s 6d 5c] [8s]
CharginWapos: bets $6
bmbclt: calls $6
*** SHOW DOWN ***
CharginWapos: shows [9h 9s] (a straight, Five to Nine)
bmbclt: mucks hand
CharginWapos collected $29.50 from pot
*** SUMMARY ***
Total pot $30 | Rake $0.50
Board [7c 4s 6d 5c 8s]
Seat 1: CharginWapos (big blind) showed [9h 9s] and won ($29.50) with a straight, Five to Nine
Seat 5: bmbclt (button) (small blind) mucked


PokerStars Hand #169973300835:  Hold'em Limit ($3/$6 USD) - 2017/05/05 2:01:24 ET
Table 'Matterania' 6-max Seat #1 is the button
Seat 1: CharginWapos ($199.09 in chips)
Seat 5: bmbclt ($115.09 in chips)
CharginWapos: posts small blind $1
bmbclt: posts big blind $3
*** HOLE CARDS ***
CharginWapos: folds
Uncalled bet ($2) returned to bmbclt
bmbclt collected $2 from pot
bmbclt: doesn't show hand
*** SUMMARY ***
Total pot $2 | Rake $0
Seat 1: CharginWapos (button) (small blind) folded before Flop
Seat 5: bmbclt (big blind) collected ($2)


