PokerStars Hand #145633342587:  Hold'em Limit ($3/$6 USD) - 2015/12/20 9:41:59 ET
Table 'Mattiaca III' 6-max Seat #5 is the button
Seat 3: neastrum ($34 in chips)
Seat 5: Mordnilap ($80.64 in chips)
Mordnilap: posts small blind $1
neastrum: posts big blind $3
*** HOLE CARDS ***
Mordnilap: raises $3 to $6
scorpio04 joins the table at seat #2
neastrum: calls $3
*** FLOP *** [6h Qc 3c]
neastrum: checks
Mordnilap: bets $3
neastrum: raises $3 to $6
Mordnilap: calls $3
*** TURN *** [6h Qc 3c] [3d]
neastrum: bets $6
Mordnilap: folds
Uncalled bet ($6) returned to neastrum
neastrum collected $23.52 from pot
*** SUMMARY ***
Total pot $24 | Rake $0.48
Board [6h Qc 3c 3d]
Seat 3: neastrum (big blind) collected ($23.52)
Seat 5: Mordnilap (button) (small blind) folded on the Turn


PokerStars Hand #145635252208:  Hold'em Limit ($3/$6 USD) - 2015/12/20 10:24:18 ET
Table 'Mattiaca III' 6-max Seat #2 is the button
Seat 2: scorpio04 ($185.12 in chips)
Seat 4: Red revoluti ($45.37 in chips)
scorpio04: posts small blind $1
korrnel: is sitting out
Red revoluti: posts big blind $3
*** HOLE CARDS ***
scorpio04: raises $3 to $6
Red revoluti: raises $3 to $9
korrnel leaves the table
scorpio04: calls $3
*** FLOP *** [2c 8s Qh]
Red revoluti: bets $3
scorpio04: calls $3
*** TURN *** [2c 8s Qh] [Ad]
Red revoluti: bets $6
scorpio04: calls $6
*** RIVER *** [2c 8s Qh Ad] [3d]
Red revoluti: checks
scorpio04: checks
*** SHOW DOWN ***
Red revoluti: shows [Jh Kh] (high card Ace)
scorpio04: shows [8h 6s] (a pair of Eights)
scorpio04 collected $35.50 from pot
*** SUMMARY ***
Total pot $36 | Rake $0.50
Board [2c 8s Qh Ad 3d]
Seat 2: scorpio04 (button) (small blind) showed [8h 6s] and won ($35.50) with a pair of Eights
Seat 4: Red revoluti (big blind) showed [Jh Kh] and lost with high card Ace


PokerStars Hand #145635276666:  Hold'em Limit ($3/$6 USD) - 2015/12/20 10:24:49 ET
Table 'Mattiaca III' 6-max Seat #4 is the button
Seat 2: scorpio04 ($202.62 in chips)
Seat 4: Red revoluti ($27.37 in chips)
Red revoluti: posts small blind $1
scorpio04: posts big blind $3
*** HOLE CARDS ***
Red revoluti: raises $3 to $6
scorpio04: raises $3 to $9
Red revoluti: calls $3
*** FLOP *** [As 4h 5s]
scorpio04: bets $3
Red revoluti: calls $3
*** TURN *** [As 4h 5s] [4s]
scorpio04: bets $6
Red revoluti: raises $6 to $12
scorpio04: calls $6
*** RIVER *** [As 4h 5s 4s] [Jd]
scorpio04: checks
Red revoluti: bets $3.37 and is all-in
scorpio04: calls $3.37
*** SHOW DOWN ***
Red revoluti: shows [6s 9s] (a flush, Ace high)
scorpio04: shows [2h Ah] (two pair, Aces and Fours)
Red revoluti collected $54.24 from pot
*** SUMMARY ***
Total pot $54.74 | Rake $0.50
Board [As 4h 5s 4s Jd]
Seat 2: scorpio04 (big blind) showed [2h Ah] and lost with two pair, Aces and Fours
Seat 4: Red revoluti (button) (small blind) showed [6s 9s] and won ($54.24) with a flush, Ace high


PokerStars Hand #145635346778:  Hold'em Limit ($3/$6 USD) - 2015/12/20 10:26:16 ET
Table 'Mattiaca III' 6-max Seat #4 is the button
Seat 2: scorpio04 ($175 in chips)
Seat 4: Red revoluti ($53.99 in chips)
Red revoluti: posts small blind $1
scorpio04: posts big blind $3
*** HOLE CARDS ***
Red revoluti: folds
Uncalled bet ($2) returned to scorpio04
scorpio04 collected $2 from pot
scorpio04: doesn't show hand
*** SUMMARY ***
Total pot $2 | Rake $0
Seat 2: scorpio04 (big blind) collected ($2)
Seat 4: Red revoluti (button) (small blind) folded before Flop


PokerStars Hand #145635312850:  Hold'em Limit ($3/$6 USD) - 2015/12/20 10:25:34 ET
Table 'Mattiaca III' 6-max Seat #2 is the button
Seat 2: scorpio04 ($175.25 in chips)
Seat 4: Red revoluti ($54.24 in chips)
scorpio04: posts small blind $1
Red revoluti: posts big blind $3
*** HOLE CARDS ***
scorpio04: raises $3 to $6
Red revoluti: raises $3 to $9
scorpio04: calls $3
*** FLOP *** [4c 9c 8h]
Red revoluti: bets $3
scorpio04: calls $3
*** TURN *** [4c 9c 8h] [7d]
Red revoluti: bets $6
scorpio04: raises $6 to $12
Red revoluti: raises $6 to $18
scorpio04: calls $6
*** RIVER *** [4c 9c 8h 7d] [6s]
Red revoluti: bets $6
scorpio04: raises $6 to $12
Red revoluti: calls $6
*** SHOW DOWN ***
scorpio04: shows [Ts 9h] (a straight, Six to Ten)
Red revoluti: shows [7c Tc] (a straight, Six to Ten)
Red revoluti collected $41.75 from pot
scorpio04 collected $41.75 from pot
*** SUMMARY ***
Total pot $84 | Rake $0.50
Board [4c 9c 8h 7d 6s]
Seat 2: scorpio04 (button) (small blind) showed [Ts 9h] and won ($41.75) with a straight, Six to Ten
Seat 4: Red revoluti (big blind) showed [7c Tc] and won ($41.75) with a straight, Six to Ten


PokerStars Hand #145635351932:  Hold'em Limit ($3/$6 USD) - 2015/12/20 10:26:22 ET
Table 'Mattiaca III' 6-max Seat #2 is the button
Seat 2: scorpio04 ($176 in chips)
Seat 4: Red revoluti ($52.99 in chips)
scorpio04: posts small blind $1
Red revoluti: posts big blind $3
*** HOLE CARDS ***
scorpio04: raises $3 to $6
Red revoluti: folds
Uncalled bet ($3) returned to scorpio04
scorpio04 collected $6 from pot
scorpio04: doesn't show hand
*** SUMMARY ***
Total pot $6 | Rake $0
Seat 2: scorpio04 (button) (small blind) collected ($6)
Seat 4: Red revoluti (big blind) folded before Flop


PokerStars Hand #145635358830:  Hold'em Limit ($3/$6 USD) - 2015/12/20 10:26:31 ET
Table 'Mattiaca III' 6-max Seat #4 is the button
Seat 2: scorpio04 ($179 in chips)
Seat 4: Red revoluti ($49.99 in chips)
Red revoluti: posts small blind $1
scorpio04: posts big blind $3
*** HOLE CARDS ***
Red revoluti: raises $3 to $6
scorpio04: calls $3
*** FLOP *** [Kc 9h Jc]
scorpio04: checks
Red revoluti: bets $3
scorpio04: folds
Uncalled bet ($3) returned to Red revoluti
Red revoluti collected $11.76 from pot
Red revoluti: doesn't show hand
*** SUMMARY ***
Total pot $12 | Rake $0.24
Board [Kc 9h Jc]
Seat 2: scorpio04 (big blind) folded on the Flop
Seat 4: Red revoluti (button) (small blind) collected ($11.76)


PokerStars Hand #145635381373:  Hold'em Limit ($3/$6 USD) - 2015/12/20 10:26:59 ET
Table 'Mattiaca III' 6-max Seat #2 is the button
Seat 2: scorpio04 ($173 in chips)
Seat 4: Red revoluti ($55.75 in chips)
scorpio04: posts small blind $1
Red revoluti: posts big blind $3
*** HOLE CARDS ***
scorpio04: folds
Uncalled bet ($2) returned to Red revoluti
Red revoluti collected $2 from pot
Red revoluti: doesn't show hand
*** SUMMARY ***
Total pot $2 | Rake $0
Seat 2: scorpio04 (button) (small blind) folded before Flop
Seat 4: Red revoluti (big blind) collected ($2)


PokerStars Hand #145635377366:  Hold'em Limit ($3/$6 USD) - 2015/12/20 10:26:54 ET
Table 'Mattiaca III' 6-max Seat #4 is the button
Seat 2: scorpio04 ($172 in chips)
Seat 4: Red revoluti ($56.75 in chips)
Red revoluti: posts small blind $1
scorpio04: posts big blind $3
*** HOLE CARDS ***
Red revoluti: folds
Uncalled bet ($2) returned to scorpio04
scorpio04 collected $2 from pot
scorpio04: doesn't show hand
*** SUMMARY ***
Total pot $2 | Rake $0
Seat 2: scorpio04 (big blind) collected ($2)
Seat 4: Red revoluti (button) (small blind) folded before Flop


PokerStars Hand #145635372731:  Hold'em Limit ($3/$6 USD) - 2015/12/20 10:26:48 ET
Table 'Mattiaca III' 6-max Seat #2 is the button
Seat 2: scorpio04 ($173 in chips)
Seat 4: Red revoluti ($55.75 in chips)
scorpio04: posts small blind $1
Red revoluti: posts big blind $3
*** HOLE CARDS ***
scorpio04: folds
Uncalled bet ($2) returned to Red revoluti
Red revoluti collected $2 from pot
Red revoluti: doesn't show hand
*** SUMMARY ***
Total pot $2 | Rake $0
Seat 2: scorpio04 (button) (small blind) folded before Flop
Seat 4: Red revoluti (big blind) collected ($2)


PokerStars Hand #145635389724:  Hold'em Limit ($3/$6 USD) - 2015/12/20 10:27:09 ET
Table 'Mattiaca III' 6-max Seat #4 is the button
Seat 2: scorpio04 ($172 in chips)
Seat 4: Red revoluti ($56.75 in chips)
Red revoluti: posts small blind $1
scorpio04: posts big blind $3
*** HOLE CARDS ***
Red revoluti: raises $3 to $6
scorpio04: calls $3
*** FLOP *** [Th Kc Qh]
scorpio04: checks
Red revoluti: bets $3
scorpio04: folds
Uncalled bet ($3) returned to Red revoluti
Red revoluti collected $11.76 from pot
Red revoluti: doesn't show hand
*** SUMMARY ***
Total pot $12 | Rake $0.24
Board [Th Kc Qh]
Seat 2: scorpio04 (big blind) folded on the Flop
Seat 4: Red revoluti (button) (small blind) collected ($11.76)


