PokerStars Hand #145932517523:  Hold'em Limit ($3/$6 USD) - 2015/12/26 3:42:48 ET
Table 'Mattiaca' 6-max Seat #4 is the button
Seat 4: Shara.Vi ($49.05 in chips)
Seat 5: krytalex ($141.50 in chips)
Shara.Vi: posts small blind $1
krytalex: posts big blind $3
*** HOLE CARDS ***
Shara.Vi: folds
Uncalled bet ($2) returned to krytalex
krytalex collected $2 from pot
poherstar777 joins the table at seat #6
*** SUMMARY ***
Total pot $2 | Rake $0
Seat 4: Shara.Vi (button) (small blind) folded before Flop
Seat 5: krytalex (big blind) collected ($2)


PokerStars Hand #145932507748:  Hold'em Limit ($3/$6 USD) - 2015/12/26 3:42:20 ET
Table 'Mattiaca' 6-max Seat #5 is the button
Seat 4: Shara.Vi ($70.05 in chips)
Seat 5: krytalex ($121 in chips)
krytalex: posts small blind $1
Shara.Vi: posts big blind $3
*** HOLE CARDS ***
krytalex: raises $3 to $6
Shara.Vi: calls $3
*** FLOP *** [Tc 4h 2s]
Shara.Vi: checks
krytalex: bets $3
Shara.Vi: calls $3
*** TURN *** [Tc 4h 2s] [6h]
Shara.Vi: checks
krytalex: bets $6
Shara.Vi: calls $6
*** RIVER *** [Tc 4h 2s 6h] [Kh]
Shara.Vi: bets $6
krytalex: calls $6
*** SHOW DOWN ***
Shara.Vi: shows [2d 7c] (a pair of Deuces)
krytalex: shows [Ks Qd] (a pair of Kings)
krytalex collected $41.50 from pot
*** SUMMARY ***
Total pot $42 | Rake $0.50
Board [Tc 4h 2s 6h Kh]
Seat 4: Shara.Vi (big blind) showed [2d 7c] and lost with a pair of Deuces
Seat 5: krytalex (button) (small blind) showed [Ks Qd] and won ($41.50) with a pair of Kings


PokerStars Hand #145932503585:  Hold'em Limit ($3/$6 USD) - 2015/12/26 3:42:08 ET
Table 'Mattiaca' 6-max Seat #4 is the button
Seat 4: Shara.Vi ($71.05 in chips)
Seat 5: krytalex ($120 in chips)
Shara.Vi: posts small blind $1
krytalex: posts big blind $3
*** HOLE CARDS ***
Shara.Vi: folds
Uncalled bet ($2) returned to krytalex
krytalex collected $2 from pot
*** SUMMARY ***
Total pot $2 | Rake $0
Seat 4: Shara.Vi (button) (small blind) folded before Flop
Seat 5: krytalex (big blind) collected ($2)


PokerStars Hand #145940431502:  Hold'em Limit ($3/$6 USD) - 2015/12/26 8:05:33 ET
Table 'Mattiaca' 6-max Seat #4 is the button
Seat 2: vitesse3 ($179.71 in chips)
Seat 4: HAL9QQQ ($202.58 in chips)
HAL9QQQ: posts small blind $1
krytalex: is sitting out
BuzovaPro: is sitting out
vitesse3: posts big blind $3
*** HOLE CARDS ***
HAL9QQQ: raises $3 to $6
vitesse3: calls $3
*** FLOP *** [Jh Td As]
krytalex leaves the table
BuzovaPro leaves the table
vitesse3: checks
HAL9QQQ: bets $3
vitesse3: calls $3
*** TURN *** [Jh Td As] [4c]
vitesse3: checks
HAL9QQQ: bets $6
vitesse3: calls $6
*** RIVER *** [Jh Td As 4c] [7d]
vitesse3: checks
HAL9QQQ: bets $6
vitesse3: folds
Uncalled bet ($6) returned to HAL9QQQ
HAL9QQQ collected $29.50 from pot
HAL9QQQ: doesn't show hand
*** SUMMARY ***
Total pot $30 | Rake $0.50
Board [Jh Td As 4c 7d]
Seat 2: vitesse3 (big blind) folded on the River
Seat 4: HAL9QQQ (button) (small blind) collected ($29.50)


