PokerStars Hand #147327952153:  Hold'em Limit ($3/$6 USD) - 2016/01/19 15:24:59 ET
Table 'Mattiaca III' 6-max Seat #2 is the button
Seat 1: VolkovDmitri ($140.50 in chips)
Seat 2: ChicagoBull4 ($99 in chips)
ChicagoBull4: posts small blind $1
VolkovDmitri: posts big blind $3
*** HOLE CARDS ***
ChicagoBull4: folds
Uncalled bet ($2) returned to VolkovDmitri
VolkovDmitri collected $2 from pot
VolkovDmitri: doesn't show hand
*** SUMMARY ***
Total pot $2 | Rake $0
Seat 1: VolkovDmitri (big blind) collected ($2)
Seat 2: ChicagoBull4 (button) (small blind) folded before Flop


PokerStars Hand #147327946857:  Hold'em Limit ($3/$6 USD) - 2016/01/19 15:24:54 ET
Table 'Mattiaca III' 6-max Seat #1 is the button
Seat 1: VolkovDmitri ($141.50 in chips)
Seat 2: ChicagoBull4 ($98 in chips)
VolkovDmitri: posts small blind $1
ChicagoBull4: posts big blind $3
*** HOLE CARDS ***
VolkovDmitri: folds
Uncalled bet ($2) returned to ChicagoBull4
ChicagoBull4 collected $2 from pot
ChicagoBull4: doesn't show hand
*** SUMMARY ***
Total pot $2 | Rake $0
Seat 1: VolkovDmitri (button) (small blind) folded before Flop
Seat 2: ChicagoBull4 (big blind) collected ($2)


PokerStars Hand #147327896941:  Hold'em Limit ($3/$6 USD) - 2016/01/19 15:24:10 ET
Table 'Mattiaca III' 6-max Seat #2 is the button
Seat 1: VolkovDmitri ($127 in chips)
Seat 2: ChicagoBull4 ($113 in chips)
ChicagoBull4: posts small blind $1
VolkovDmitri: posts big blind $3
*** HOLE CARDS ***
ChicagoBull4: raises $3 to $6
VolkovDmitri: raises $3 to $9
ChicagoBull4: calls $3
*** FLOP *** [3c Kh 6c]
VolkovDmitri: bets $3
ChicagoBull4: raises $3 to $6
VolkovDmitri: calls $3
*** TURN *** [3c Kh 6c] [Ad]
VolkovDmitri: bets $6
ChicagoBull4: folds
Uncalled bet ($6) returned to VolkovDmitri
VolkovDmitri collected $29.50 from pot
VolkovDmitri: doesn't show hand
*** SUMMARY ***
Total pot $30 | Rake $0.50
Board [3c Kh 6c Ad]
Seat 1: VolkovDmitri (big blind) collected ($29.50)
Seat 2: ChicagoBull4 (button) (small blind) folded on the Turn


