PokerStars Hand #153679032687:  Hold'em Limit ($3/$6 USD) - 2016/05/22 10:16:05 ET
Table 'Mauderli' 6-max Seat #3 is the button
Seat 3: bigbdjon ($34.99 in chips)
Seat 4: Pti4ka_Tucan ($102.73 in chips)
bigbdjon: posts small blind $1
Pti4ka_Tucan: posts big blind $3
*** HOLE CARDS ***
bigbdjon: calls $2
Pti4ka_Tucan: raises $3 to $6
bigbdjon: calls $3
*** FLOP *** [3c Ac Jc]
Pti4ka_Tucan: bets $3
bigbdjon: calls $3
*** TURN *** [3c Ac Jc] [9c]
Pti4ka_Tucan: checks
artecris joins the table at seat #2
bigbdjon: bets $6
Pti4ka_Tucan: folds
Uncalled bet ($6) returned to bigbdjon
bigbdjon collected $17.64 from pot
bigbdjon: doesn't show hand
*** SUMMARY ***
Total pot $18 | Rake $0.36
Board [3c Ac Jc 9c]
Seat 3: bigbdjon (button) (small blind) collected ($17.64)
Seat 4: Pti4ka_Tucan (big blind) folded on the Turn


PokerStars Hand #153679012114:  Hold'em Limit ($3/$6 USD) - 2016/05/22 10:15:36 ET
Table 'Mauderli' 6-max Seat #4 is the button
Seat 3: bigbdjon ($37.99 in chips)
Seat 4: Pti4ka_Tucan ($99.85 in chips)
Pti4ka_Tucan: posts small blind $1
bigbdjon: posts big blind $3
*** HOLE CARDS ***
Pti4ka_Tucan: calls $2
bigbdjon: checks
*** FLOP *** [5c 7h 8d]
bigbdjon: checks
Pti4ka_Tucan: checks
*** TURN *** [5c 7h 8d] [9c]
bigbdjon: checks
Pti4ka_Tucan: checks
*** RIVER *** [5c 7h 8d 9c] [Ac]
bigbdjon: checks
Pti4ka_Tucan: checks
*** SHOW DOWN ***
bigbdjon: shows [3d 5s] (a pair of Fives)
Pti4ka_Tucan: shows [5h Qc] (a pair of Fives - Ace+Queen kicker)
Pti4ka_Tucan collected $5.88 from pot
*** SUMMARY ***
Total pot $6 | Rake $0.12
Board [5c 7h 8d 9c Ac]
Seat 3: bigbdjon (big blind) showed [3d 5s] and lost with a pair of Fives
Seat 4: Pti4ka_Tucan (button) (small blind) showed [5h Qc] and won ($5.88) with a pair of Fives


