PokerStars Hand #149736710480:  Hold'em Limit ($3/$6 USD) - 2016/03/02 15:49:50 ET
Table 'Mauderli' 6-max Seat #4 is the button
Seat 1: Dohwsun31 ($59.76 in chips)
Seat 4: BuzovaPro ($73 in chips)
BuzovaPro: posts small blind $1
Dohwsun31: posts big blind $3
*** HOLE CARDS ***
BuzovaPro: raises $3 to $6
Dohwsun31: calls $3
*** FLOP *** [Td 3s As]
Dohwsun31: checks
BuzovaPro: bets $3
Dohwsun31: folds
Uncalled bet ($3) returned to BuzovaPro
vovojc joins the table at seat #3
BuzovaPro collected $11.76 from pot
BuzovaPro: doesn't show hand
*** SUMMARY ***
Total pot $12 | Rake $0.24
Board [Td 3s As]
Seat 1: Dohwsun31 (big blind) folded on the Flop
Seat 4: BuzovaPro (button) (small blind) collected ($11.76)


PokerStars Hand #149736917447:  Hold'em Limit ($3/$6 USD) - 2016/03/02 15:53:23 ET
Table 'Mauderli' 6-max Seat #4 is the button
Seat 1: Dohwsun31 ($78.07 in chips)
Seat 4: BuzovaPro ($110.88 in chips)
BuzovaPro: posts small blind $1
Dohwsun31: posts big blind $3
*** HOLE CARDS ***
BuzovaPro: folds
Uncalled bet ($2) returned to Dohwsun31
Dohwsun31 collected $2 from pot
Dohwsun31: shows [7h As] (high card Ace)
*** SUMMARY ***
Total pot $2 | Rake $0
Seat 1: Dohwsun31 (big blind) collected ($2)
Seat 4: BuzovaPro (button) (small blind) folded before Flop


PokerStars Hand #149736911513:  Hold'em Limit ($3/$6 USD) - 2016/03/02 15:53:17 ET
Table 'Mauderli' 6-max Seat #1 is the button
Seat 1: Dohwsun31 ($75.07 in chips)
Seat 4: BuzovaPro ($113.88 in chips)
Dohwsun31: posts small blind $1
BuzovaPro: posts big blind $3
*** HOLE CARDS ***
Dohwsun31: raises $3 to $6
vovojc leaves the table
BuzovaPro: folds
Uncalled bet ($3) returned to Dohwsun31
Dohwsun31 collected $6 from pot
Dohwsun31: doesn't show hand
*** SUMMARY ***
Total pot $6 | Rake $0
Seat 1: Dohwsun31 (button) (small blind) collected ($6)
Seat 4: BuzovaPro (big blind) folded before Flop


