PokerStars Hand #173250920571:  Hold'em Limit ($3/$6 USD) - 2017/07/19 16:26:53 ET
Table 'Mauritia' 6-max Seat #5 is the button
Seat 1: Zubasa07 ($305.76 in chips)
Seat 5: faxe93 ($94 in chips)
faxe93: posts small blind $1
Zubasa07: posts big blind $3
*** HOLE CARDS ***
faxe93: raises $3 to $6
Zubasa07: calls $3
*** FLOP *** [Ac 8c Ts]
Zubasa07: checks
faxe93: bets $3
Zubasa07: folds
Uncalled bet ($3) returned to faxe93
faxe93 collected $11.76 from pot
*** SUMMARY ***
Total pot $12 | Rake $0.24
Board [Ac 8c Ts]
Seat 1: Zubasa07 (big blind) folded on the Flop
Seat 5: faxe93 (button) (small blind) collected ($11.76)


PokerStars Hand #173250895622:  Hold'em Limit ($3/$6 USD) - 2017/07/19 16:26:22 ET
Table 'Mauritia' 6-max Seat #1 is the button
Seat 1: Zubasa07 ($300 in chips)
Seat 5: faxe93 ($100 in chips)
Zubasa07: posts small blind $1
faxe93: posts big blind $3
*** HOLE CARDS ***
Zubasa07: raises $3 to $6
faxe93: calls $3
*** FLOP *** [Qs 2c 3c]
faxe93: checks
Zubasa07: bets $3
faxe93: folds
Uncalled bet ($3) returned to Zubasa07
Zubasa07 collected $11.76 from pot
Zubasa07: doesn't show hand
*** SUMMARY ***
Total pot $12 | Rake $0.24
Board [Qs 2c 3c]
Seat 1: Zubasa07 (button) (small blind) collected ($11.76)
Seat 5: faxe93 (big blind) folded on the Flop


PokerStars Hand #173250940648:  Hold'em Limit ($3/$6 USD) - 2017/07/19 16:27:17 ET
Table 'Mauritia' 6-max Seat #1 is the button
Seat 1: Zubasa07 ($299.76 in chips)
Seat 5: faxe93 ($99.76 in chips)
Zubasa07: posts small blind $1
faxe93: posts big blind $3
*** HOLE CARDS ***
Zubasa07: raises $3 to $6
faxe93: folds
Uncalled bet ($3) returned to Zubasa07
Zubasa07 collected $6 from pot
Zubasa07: doesn't show hand
*** SUMMARY ***
Total pot $6 | Rake $0
Seat 1: Zubasa07 (button) (small blind) collected ($6)
Seat 5: faxe93 (big blind) folded before Flop


PokerStars Hand #173250948915:  Hold'em Limit ($3/$6 USD) - 2017/07/19 16:27:27 ET
Table 'Mauritia' 6-max Seat #5 is the button
Seat 1: Zubasa07 ($302.76 in chips)
Seat 5: faxe93 ($96.76 in chips)
faxe93: posts small blind $1
Zubasa07: posts big blind $3
*** HOLE CARDS ***
faxe93: raises $3 to $6
Zubasa07: calls $3
*** FLOP *** [Ad 2h Kc]
Zubasa07: checks
faxe93: bets $3
Zubasa07: folds
Uncalled bet ($3) returned to faxe93
faxe93 collected $11.76 from pot
*** SUMMARY ***
Total pot $12 | Rake $0.24
Board [Ad 2h Kc]
Seat 1: Zubasa07 (big blind) folded on the Flop
Seat 5: faxe93 (button) (small blind) collected ($11.76)


PokerStars Hand #173250967958:  Hold'em Limit ($3/$6 USD) - 2017/07/19 16:27:51 ET
Table 'Mauritia' 6-max Seat #1 is the button
Seat 1: Zubasa07 ($296.76 in chips)
Seat 5: faxe93 ($102.52 in chips)
Zubasa07: posts small blind $1
faxe93: posts big blind $3
*** HOLE CARDS ***
Zubasa07: raises $3 to $6
faxe93: calls $3
*** FLOP *** [3d Qc 5c]
faxe93: bets $3
Zubasa07: raises $3 to $6
artecris joins the table at seat #3
faxe93: calls $3
*** TURN *** [3d Qc 5c] [8d]
faxe93: checks
Zubasa07: checks
*** RIVER *** [3d Qc 5c 8d] [7s]
faxe93: bets $6
Zubasa07: calls $6
*** SHOW DOWN ***
faxe93: shows [7h 5d] (two pair, Sevens and Fives)
Zubasa07: mucks hand
faxe93 collected $35.50 from pot
*** SUMMARY ***
Total pot $36 | Rake $0.50
Board [3d Qc 5c 8d 7s]
Seat 1: Zubasa07 (button) (small blind) mucked
Seat 5: faxe93 (big blind) showed [7h 5d] and won ($35.50) with two pair, Sevens and Fives


PokerStars Hand #173251000415:  Hold'em Limit ($3/$6 USD) - 2017/07/19 16:28:31 ET
Table 'Mauritia' 6-max Seat #5 is the button
Seat 1: Zubasa07 ($278.76 in chips)
Seat 5: faxe93 ($120.02 in chips)
faxe93: posts small blind $1
Zubasa07: posts big blind $3
*** HOLE CARDS ***
faxe93: calls $2
Velbor107 joins the table at seat #4
Zubasa07: raises $3 to $6
faxe93: calls $3
*** FLOP *** [7h Jc Ts]
Zubasa07: bets $3
faxe93: folds
Uncalled bet ($3) returned to Zubasa07
Zubasa07 collected $11.76 from pot
Zubasa07: doesn't show hand
*** SUMMARY ***
Total pot $12 | Rake $0.24
Board [7h Jc Ts]
Seat 1: Zubasa07 (big blind) collected ($11.76)
Seat 5: faxe93 (button) (small blind) folded on the Flop


