PokerStars Hand #159562963978:  Hold'em Limit ($3/$6 USD) - 2016/10/06 14:24:47 ET
Table 'Mavis' 6-max Seat #3 is the button
Seat 3: k1dj0ker ($54.77 in chips)
Seat 5: Great_Kang ($120 in chips)
k1dj0ker: posts small blind $1
Great_Kang: posts big blind $3
*** HOLE CARDS ***
k1dj0ker: raises $3 to $6
Great_Kang: raises $3 to $9
k1dj0ker: calls $3
*** FLOP *** [3h 6h 5s]
Great_Kang: bets $3
k1dj0ker: calls $3
*** TURN *** [3h 6h 5s] [4s]
Great_Kang: bets $6
k1dj0ker: calls $6
*** RIVER *** [3h 6h 5s 4s] [9h]
Great_Kang: bets $6
k1dj0ker: raises $6 to $12
Great_Kang: calls $6
*** SHOW DOWN ***
k1dj0ker: shows [9d 6d] (two pair, Nines and Sixes)
Great_Kang: shows [7s Ad] (a straight, Three to Seven)
Great_Kang collected $59.50 from pot
*** SUMMARY ***
Total pot $60 | Rake $0.50
Board [3h 6h 5s 4s 9h]
Seat 3: k1dj0ker (button) (small blind) showed [9d 6d] and lost with two pair, Nines and Sixes
Seat 5: Great_Kang (big blind) showed [7s Ad] and won ($59.50) with a straight, Three to Seven


PokerStars Hand #159562978812:  Hold'em Limit ($3/$6 USD) - 2016/10/06 14:25:05 ET
Table 'Mavis' 6-max Seat #5 is the button
Seat 3: k1dj0ker ($24.77 in chips)
Seat 5: Great_Kang ($149.50 in chips)
Great_Kang: posts small blind $1
k1dj0ker: posts big blind $3
*** HOLE CARDS ***
Great_Kang: raises $3 to $6
k1dj0ker: calls $3
*** FLOP *** [5d 5h 3d]
k1dj0ker: checks
Great_Kang: bets $3
k1dj0ker: calls $3
*** TURN *** [5d 5h 3d] [2d]
k1dj0ker: checks
Great_Kang: bets $6
k1dj0ker: calls $6
*** RIVER *** [5d 5h 3d 2d] [2h]
k1dj0ker: checks
Great_Kang: bets $6
k1dj0ker: calls $6
*** SHOW DOWN ***
Great_Kang: shows [Qd 9d] (a flush, Queen high)
k1dj0ker: mucks hand
Great_Kang collected $41.50 from pot
*** SUMMARY ***
Total pot $42 | Rake $0.50
Board [5d 5h 3d 2d 2h]
Seat 3: k1dj0ker (big blind) mucked
Seat 5: Great_Kang (button) (small blind) showed [Qd 9d] and won ($41.50) with a flush, Queen high


PokerStars Hand #159562994989:  Hold'em Limit ($3/$6 USD) - 2016/10/06 14:25:24 ET
Table 'Mavis' 6-max Seat #3 is the button
Seat 3: k1dj0ker ($3.77 in chips)
Seat 5: Great_Kang ($170 in chips)
k1dj0ker: posts small blind $1
Great_Kang: posts big blind $3
*** HOLE CARDS ***
k1dj0ker: raises $0.77 to $3.77 and is all-in
Great_Kang: calls $0.77
*** FLOP *** [As Ac 6d]
*** TURN *** [As Ac 6d] [8h]
*** RIVER *** [As Ac 6d 8h] [7h]
*** SHOW DOWN ***
Great_Kang: shows [2h 8d] (two pair, Aces and Eights)
k1dj0ker: shows [4c 5c] (a straight, Four to Eight)
k1dj0ker collected $7.39 from pot
*** SUMMARY ***
Total pot $7.54 | Rake $0.15
Board [As Ac 6d 8h 7h]
Seat 3: k1dj0ker (button) (small blind) showed [4c 5c] and won ($7.39) with a straight, Four to Eight
Seat 5: Great_Kang (big blind) showed [2h 8d] and lost with two pair, Aces and Eights


PokerStars Hand #159563006508:  Hold'em Limit ($3/$6 USD) - 2016/10/06 14:25:38 ET
Table 'Mavis' 6-max Seat #5 is the button
Seat 3: k1dj0ker ($7.39 in chips)
Seat 5: Great_Kang ($166.23 in chips)
Great_Kang: posts small blind $1
k1dj0ker: posts big blind $3
*** HOLE CARDS ***
Great_Kang: raises $3 to $6
k1dj0ker: raises $1.39 to $7.39 and is all-in
Great_Kang: calls $1.39
*** FLOP *** [4h 2s Jh]
*** TURN *** [4h 2s Jh] [9c]
*** RIVER *** [4h 2s Jh 9c] [8d]
*** SHOW DOWN ***
k1dj0ker: shows [Jc Kh] (a pair of Jacks)
Great_Kang: shows [4d 7d] (a pair of Fours)
k1dj0ker collected $14.48 from pot
*** SUMMARY ***
Total pot $14.78 | Rake $0.30
Board [4h 2s Jh 9c 8d]
Seat 3: k1dj0ker (big blind) showed [Jc Kh] and won ($14.48) with a pair of Jacks
Seat 5: Great_Kang (button) (small blind) showed [4d 7d] and lost with a pair of Fours


PokerStars Hand #159563041884:  Hold'em Limit ($3/$6 USD) - 2016/10/06 14:26:21 ET
Table 'Mavis' 6-max Seat #3 is the button
Seat 3: k1dj0ker ($14.36 in chips)
Seat 5: Great_Kang ($158.84 in chips)
k1dj0ker: posts small blind $1
Great_Kang: posts big blind $3
*** HOLE CARDS ***
k1dj0ker: raises $3 to $6
Great_Kang: calls $3
*** FLOP *** [4c Qc Qs]
Great_Kang: checks
k1dj0ker: bets $3
Great_Kang: calls $3
*** TURN *** [4c Qc Qs] [Jd]
Great_Kang: checks
k1dj0ker: bets $5.36 and is all-in
Great_Kang: calls $5.36
*** RIVER *** [4c Qc Qs Jd] [3s]
*** SHOW DOWN ***
Great_Kang: shows [Qh 7d] (three of a kind, Queens)
k1dj0ker: shows [Tc 9s] (a pair of Queens)
Great_Kang collected $28.22 from pot
*** SUMMARY ***
Total pot $28.72 | Rake $0.50
Board [4c Qc Qs Jd 3s]
Seat 3: k1dj0ker (button) (small blind) showed [Tc 9s] and lost with a pair of Queens
Seat 5: Great_Kang (big blind) showed [Qh 7d] and won ($28.22) with three of a kind, Queens


PokerStars Hand #159563036831:  Hold'em Limit ($3/$6 USD) - 2016/10/06 14:26:15 ET
Table 'Mavis' 6-max Seat #5 is the button
Seat 3: k1dj0ker ($17.36 in chips)
Seat 5: Great_Kang ($155.84 in chips)
Great_Kang: posts small blind $1
k1dj0ker: posts big blind $3
*** HOLE CARDS ***
Great_Kang: raises $3 to $6
k1dj0ker: folds
Uncalled bet ($3) returned to Great_Kang
Great_Kang collected $6 from pot
Great_Kang: doesn't show hand
*** SUMMARY ***
Total pot $6 | Rake $0
Seat 3: k1dj0ker (big blind) folded before Flop
Seat 5: Great_Kang (button) (small blind) collected ($6)


PokerStars Hand #159563021671:  Hold'em Limit ($3/$6 USD) - 2016/10/06 14:25:57 ET
Table 'Mavis' 6-max Seat #3 is the button
Seat 3: k1dj0ker ($14.48 in chips)
Seat 5: Great_Kang ($158.84 in chips)
k1dj0ker: posts small blind $1
Great_Kang: posts big blind $3
*** HOLE CARDS ***
k1dj0ker: calls $2
Great_Kang: checks
*** FLOP *** [7s Kh 2s]
Great_Kang: checks
k1dj0ker: bets $3
Great_Kang: folds
Uncalled bet ($3) returned to k1dj0ker
k1dj0ker collected $5.88 from pot
k1dj0ker: doesn't show hand
*** SUMMARY ***
Total pot $6 | Rake $0.12
Board [7s Kh 2s]
Seat 3: k1dj0ker (button) (small blind) collected ($5.88)
Seat 5: Great_Kang (big blind) folded on the Flop


