PokerStars Hand #173114887991:  Hold'em Limit ($3/$6 USD) - 2017/07/16 14:15:31 ET
Table 'Mavis' 6-max Seat #4 is the button
Seat 3: yaxont77 ($120 in chips)
Seat 4: vestimokrec ($120 in chips)
vestimokrec: posts small blind $1
GoliafUa: is sitting out
yaxont77: posts big blind $3
*** HOLE CARDS ***
vestimokrec: folds
Uncalled bet ($2) returned to yaxont77
yaxont77 collected $2 from pot
yaxont77: doesn't show hand
*** SUMMARY ***
Total pot $2 | Rake $0
Seat 3: yaxont77 (big blind) collected ($2)
Seat 4: vestimokrec (button) (small blind) folded before Flop


PokerStars Hand #173114896295:  Hold'em Limit ($3/$6 USD) - 2017/07/16 14:15:40 ET
Table 'Mavis' 6-max Seat #3 is the button
Seat 3: yaxont77 ($121 in chips)
Seat 4: vestimokrec ($119 in chips)
yaxont77: posts small blind $1
vestimokrec: posts big blind $3
*** HOLE CARDS ***
yaxont77: raises $3 to $6
vestimokrec: calls $3
*** FLOP *** [Jd 5c Kd]
vestimokrec: checks
yaxont77: checks
*** TURN *** [Jd 5c Kd] [7d]
vestimokrec: checks
yaxont77: bets $6
vestimokrec: folds
Uncalled bet ($6) returned to yaxont77
yaxont77 collected $11.76 from pot
yaxont77: doesn't show hand
*** SUMMARY ***
Total pot $12 | Rake $0.24
Board [Jd 5c Kd 7d]
Seat 3: yaxont77 (button) (small blind) collected ($11.76)
Seat 4: vestimokrec (big blind) folded on the Turn


PokerStars Hand #173117854688:  Hold'em Limit ($3/$6 USD) - 2017/07/16 15:09:47 ET
Table 'Mavis' 6-max Seat #3 is the button
Seat 3: Those_Bros ($144.50 in chips)
Seat 4: AzureCaper ($72 in chips)
Those_Bros: posts small blind $1
AzureCaper: posts big blind $3
*** HOLE CARDS ***
Those_Bros: raises $3 to $6
AzureCaper: folds
Uncalled bet ($3) returned to Those_Bros
Those_Bros collected $6 from pot
Those_Bros: doesn't show hand
*** SUMMARY ***
Total pot $6 | Rake $0
Seat 3: Those_Bros (button) (small blind) collected ($6)
Seat 4: AzureCaper (big blind) folded before Flop


PokerStars Hand #173119052687:  Hold'em Limit ($3/$6 USD) - 2017/07/16 15:29:59 ET
Table 'Mavis' 6-max Seat #5 is the button
Seat 5: uglyghost101 ($54.46 in chips)
Seat 6: krytalex ($120 in chips)
uglyghost101: posts small blind $1
krytalex: posts big blind $3
*** HOLE CARDS ***
uglyghost101: raises $3 to $6
krytalex: calls $3
*** FLOP *** [Qs Ac Jh]
krytalex: checks
uglyghost101: bets $3
krytalex: raises $3 to $6
uglyghost101: calls $3
*** TURN *** [Qs Ac Jh] [9s]
krytalex: bets $6
uglyghost101: calls $6
*** RIVER *** [Qs Ac Jh 9s] [3s]
krytalex: bets $6
uglyghost101: calls $6
*** SHOW DOWN ***
krytalex: shows [9d Ah] (two pair, Aces and Nines)
uglyghost101: mucks hand
krytalex collected $47.50 from pot
*** SUMMARY ***
Total pot $48 | Rake $0.50
Board [Qs Ac Jh 9s 3s]
Seat 5: uglyghost101 (button) (small blind) mucked
Seat 6: krytalex (big blind) showed [9d Ah] and won ($47.50) with two pair, Aces and Nines


PokerStars Hand #173119078689:  Hold'em Limit ($3/$6 USD) - 2017/07/16 15:30:26 ET
Table 'Mavis' 6-max Seat #6 is the button
Seat 5: uglyghost101 ($30.46 in chips)
Seat 6: krytalex ($143.50 in chips)
krytalex: posts small blind $1
uglyghost101: posts big blind $3
*** HOLE CARDS ***
krytalex: raises $3 to $6
uglyghost101: folds
Uncalled bet ($3) returned to krytalex
krytalex collected $6 from pot
*** SUMMARY ***
Total pot $6 | Rake $0
Seat 5: uglyghost101 (big blind) folded before Flop
Seat 6: krytalex (button) (small blind) collected ($6)


PokerStars Hand #173119087267:  Hold'em Limit ($3/$6 USD) - 2017/07/16 15:30:35 ET
Table 'Mavis' 6-max Seat #5 is the button
Seat 5: uglyghost101 ($27.46 in chips)
Seat 6: krytalex ($146.50 in chips)
uglyghost101: posts small blind $1
krytalex: posts big blind $3
*** HOLE CARDS ***
uglyghost101: raises $3 to $6
krytalex: calls $3
*** FLOP *** [Qc 9s 2d]
krytalex: checks
uglyghost101: bets $3
krytalex: calls $3
*** TURN *** [Qc 9s 2d] [6d]
krytalex: checks
uglyghost101: bets $6
krytalex: calls $6
*** RIVER *** [Qc 9s 2d 6d] [9c]
krytalex: checks
uglyghost101: bets $6
krytalex: calls $6
*** SHOW DOWN ***
uglyghost101: shows [8s 9d] (three of a kind, Nines)
krytalex: mucks hand
uglyghost101 collected $41.50 from pot
*** SUMMARY ***
Total pot $42 | Rake $0.50
Board [Qc 9s 2d 6d 9c]
Seat 5: uglyghost101 (button) (small blind) showed [8s 9d] and won ($41.50) with three of a kind, Nines
Seat 6: krytalex (big blind) mucked


PokerStars Hand #173119146158:  Hold'em Limit ($3/$6 USD) - 2017/07/16 15:31:36 ET
Table 'Mavis' 6-max Seat #6 is the button
Seat 5: uglyghost101 ($107.96 in chips)
Seat 6: krytalex ($125.50 in chips)
krytalex: posts small blind $1
uglyghost101: posts big blind $3
*** HOLE CARDS ***
krytalex: raises $3 to $6
uglyghost101: folds
Uncalled bet ($3) returned to krytalex
krytalex collected $6 from pot
*** SUMMARY ***
Total pot $6 | Rake $0
Seat 5: uglyghost101 (big blind) folded before Flop
Seat 6: krytalex (button) (small blind) collected ($6)


PokerStars Hand #173119167797:  Hold'em Limit ($3/$6 USD) - 2017/07/16 15:31:58 ET
Table 'Mavis' 6-max Seat #5 is the button
Seat 5: uglyghost101 ($104.96 in chips)
Seat 6: krytalex ($128.50 in chips)
uglyghost101: posts small blind $1
krytalex: posts big blind $3
*** HOLE CARDS ***
uglyghost101: raises $3 to $6
krytalex: calls $3
*** FLOP *** [Jh Ah 2d]
krytalex: checks
uglyghost101: bets $3
krytalex: calls $3
*** TURN *** [Jh Ah 2d] [6h]
krytalex: checks
uglyghost101: checks
*** RIVER *** [Jh Ah 2d 6h] [4s]
krytalex: checks
uglyghost101: checks
*** SHOW DOWN ***
krytalex: shows [6d Ks] (a pair of Sixes)
uglyghost101: mucks hand
krytalex collected $17.64 from pot
*** SUMMARY ***
Total pot $18 | Rake $0.36
Board [Jh Ah 2d 6h 4s]
Seat 5: uglyghost101 (button) (small blind) mucked
Seat 6: krytalex (big blind) showed [6d Ks] and won ($17.64) with a pair of Sixes


PokerStars Hand #173119200509:  Hold'em Limit ($3/$6 USD) - 2017/07/16 15:32:32 ET
Table 'Mavis' 6-max Seat #6 is the button
Seat 5: uglyghost101 ($95.96 in chips)
Seat 6: krytalex ($137.14 in chips)
krytalex: posts small blind $1
uglyghost101: posts big blind $3
*** HOLE CARDS ***
krytalex: raises $3 to $6
uglyghost101: calls $3
*** FLOP *** [Ts Ad Ks]
uglyghost101: checks
krytalex: bets $3
uglyghost101: calls $3
*** TURN *** [Ts Ad Ks] [6c]
uglyghost101: checks
krytalex: bets $6
uglyghost101: calls $6
*** RIVER *** [Ts Ad Ks 6c] [Kc]
uglyghost101: checks
krytalex: bets $6
uglyghost101: folds
Uncalled bet ($6) returned to krytalex
krytalex collected $29.50 from pot
*** SUMMARY ***
Total pot $30 | Rake $0.50
Board [Ts Ad Ks 6c Kc]
Seat 5: uglyghost101 (big blind) folded on the River
Seat 6: krytalex (button) (small blind) collected ($29.50)


PokerStars Hand #173119242340:  Hold'em Limit ($3/$6 USD) - 2017/07/16 15:33:15 ET
Table 'Mavis' 6-max Seat #5 is the button
Seat 5: uglyghost101 ($80.96 in chips)
Seat 6: krytalex ($151.64 in chips)
uglyghost101: posts small blind $1
krytalex: posts big blind $3
*** HOLE CARDS ***
uglyghost101: raises $3 to $6
krytalex: calls $3
*** FLOP *** [Ad 2s 5s]
krytalex: checks
uglyghost101: bets $3
krytalex: calls $3
*** TURN *** [Ad 2s 5s] [8d]
krytalex: checks
uglyghost101: checks
*** RIVER *** [Ad 2s 5s 8d] [Qh]
krytalex: checks
uglyghost101: checks
*** SHOW DOWN ***
krytalex: shows [Kd 3c] (high card Ace)
uglyghost101: shows [9c Kc] (high card Ace - King+Queen+Nine kicker)
uglyghost101 collected $17.64 from pot
*** SUMMARY ***
Total pot $18 | Rake $0.36
Board [Ad 2s 5s 8d Qh]
Seat 5: uglyghost101 (button) (small blind) showed [9c Kc] and won ($17.64) with high card Ace
Seat 6: krytalex (big blind) showed [Kd 3c] and lost with high card Ace


PokerStars Hand #173119304117:  Hold'em Limit ($3/$6 USD) - 2017/07/16 15:34:18 ET
Table 'Mavis' 6-max Seat #6 is the button
Seat 5: uglyghost101 ($89.60 in chips)
Seat 6: krytalex ($142.64 in chips)
krytalex: posts small blind $1
uglyghost101: posts big blind $3
*** HOLE CARDS ***
krytalex: raises $3 to $6
uglyghost101: calls $3
*** FLOP *** [5s Jh 6c]
uglyghost101: bets $3
krytalex: calls $3
*** TURN *** [5s Jh 6c] [5c]
uglyghost101: bets $6
krytalex: folds
Uncalled bet ($6) returned to uglyghost101
uglyghost101 collected $17.64 from pot
uglyghost101: doesn't show hand
*** SUMMARY ***
Total pot $18 | Rake $0.36
Board [5s Jh 6c 5c]
Seat 5: uglyghost101 (big blind) collected ($17.64)
Seat 6: krytalex (button) (small blind) folded on the Turn


PokerStars Hand #173119383236:  Hold'em Limit ($3/$6 USD) - 2017/07/16 15:35:39 ET
Table 'Mavis' 6-max Seat #6 is the button
Seat 5: uglyghost101 ($104 in chips)
Seat 6: krytalex ($127.64 in chips)
krytalex: posts small blind $1
uglyghost101: posts big blind $3
*** HOLE CARDS ***
krytalex: folds
Uncalled bet ($2) returned to uglyghost101
uglyghost101 collected $2 from pot
uglyghost101: doesn't show hand
*** SUMMARY ***
Total pot $2 | Rake $0
Seat 5: uglyghost101 (big blind) collected ($2)
Seat 6: krytalex (button) (small blind) folded before Flop


PokerStars Hand #173119354698:  Hold'em Limit ($3/$6 USD) - 2017/07/16 15:35:10 ET
Table 'Mavis' 6-max Seat #5 is the button
Seat 5: uglyghost101 ($98.24 in chips)
Seat 6: krytalex ($133.64 in chips)
uglyghost101: posts small blind $1
krytalex: posts big blind $3
*** HOLE CARDS ***
uglyghost101: raises $3 to $6
krytalex: calls $3
*** FLOP *** [Ks 2s Th]
krytalex: checks
uglyghost101: bets $3
krytalex: folds
Uncalled bet ($3) returned to uglyghost101
uglyghost101 collected $11.76 from pot
uglyghost101: doesn't show hand
*** SUMMARY ***
Total pot $12 | Rake $0.24
Board [Ks 2s Th]
Seat 5: uglyghost101 (button) (small blind) collected ($11.76)
Seat 6: krytalex (big blind) folded on the Flop


PokerStars Hand #173119389846:  Hold'em Limit ($3/$6 USD) - 2017/07/16 15:35:46 ET
Table 'Mavis' 6-max Seat #5 is the button
Seat 5: uglyghost101 ($105 in chips)
Seat 6: krytalex ($126.64 in chips)
uglyghost101: posts small blind $1
krytalex: posts big blind $3
*** HOLE CARDS ***
uglyghost101: folds
Uncalled bet ($2) returned to krytalex
krytalex collected $2 from pot
*** SUMMARY ***
Total pot $2 | Rake $0
Seat 5: uglyghost101 (button) (small blind) folded before Flop
Seat 6: krytalex (big blind) collected ($2)


PokerStars Hand #173119396647:  Hold'em Limit ($3/$6 USD) - 2017/07/16 15:35:53 ET
Table 'Mavis' 6-max Seat #6 is the button
Seat 5: uglyghost101 ($104 in chips)
Seat 6: krytalex ($127.64 in chips)
krytalex: posts small blind $1
uglyghost101: posts big blind $3
*** HOLE CARDS ***
krytalex: raises $3 to $6
uglyghost101: calls $3
*** FLOP *** [3s 6s 4d]
uglyghost101: checks
krytalex: bets $3
uglyghost101: calls $3
*** TURN *** [3s 6s 4d] [Jd]
uglyghost101: checks
krytalex: bets $6
uglyghost101: calls $6
*** RIVER *** [3s 6s 4d Jd] [Kc]
uglyghost101: checks
krytalex: checks
*** SHOW DOWN ***
uglyghost101: shows [Ad Tc] (high card Ace)
krytalex: shows [3d 2d] (a pair of Threes)
krytalex collected $29.50 from pot
*** SUMMARY ***
Total pot $30 | Rake $0.50
Board [3s 6s 4d Jd Kc]
Seat 5: uglyghost101 (big blind) showed [Ad Tc] and lost with high card Ace
Seat 6: krytalex (button) (small blind) showed [3d 2d] and won ($29.50) with a pair of Threes


PokerStars Hand #173119485404:  Hold'em Limit ($3/$6 USD) - 2017/07/16 15:37:24 ET
Table 'Mavis' 6-max Seat #5 is the button
Seat 5: uglyghost101 ($86 in chips)
Seat 6: krytalex ($144.90 in chips)
uglyghost101: posts small blind $1
krytalex: posts big blind $3
*** HOLE CARDS ***
uglyghost101: folds
Uncalled bet ($2) returned to krytalex
krytalex collected $2 from pot
*** SUMMARY ***
Total pot $2 | Rake $0
Seat 5: uglyghost101 (button) (small blind) folded before Flop
Seat 6: krytalex (big blind) collected ($2)


PokerStars Hand #173119455154:  Hold'em Limit ($3/$6 USD) - 2017/07/16 15:36:53 ET
Table 'Mavis' 6-max Seat #6 is the button
Seat 5: uglyghost101 ($92 in chips)
Seat 6: krytalex ($139.14 in chips)
krytalex: posts small blind $1
uglyghost101: posts big blind $3
*** HOLE CARDS ***
krytalex: raises $3 to $6
uglyghost101: calls $3
*** FLOP *** [Kc 8s 8d]
uglyghost101: checks
krytalex: bets $3
uglyghost101: folds
Uncalled bet ($3) returned to krytalex
krytalex collected $11.76 from pot
*** SUMMARY ***
Total pot $12 | Rake $0.24
Board [Kc 8s 8d]
Seat 5: uglyghost101 (big blind) folded on the Flop
Seat 6: krytalex (button) (small blind) collected ($11.76)


PokerStars Hand #173119439622:  Hold'em Limit ($3/$6 USD) - 2017/07/16 15:36:37 ET
Table 'Mavis' 6-max Seat #5 is the button
Seat 5: uglyghost101 ($89 in chips)
Seat 6: krytalex ($142.14 in chips)
uglyghost101: posts small blind $1
krytalex: posts big blind $3
*** HOLE CARDS ***
uglyghost101: raises $3 to $6
krytalex: folds
Uncalled bet ($3) returned to uglyghost101
uglyghost101 collected $6 from pot
*** SUMMARY ***
Total pot $6 | Rake $0
Seat 5: uglyghost101 (button) (small blind) collected ($6)
Seat 6: krytalex (big blind) folded before Flop


PokerStars Hand #173119515548:  Hold'em Limit ($3/$6 USD) - 2017/07/16 15:37:55 ET
Table 'Mavis' 6-max Seat #5 is the button
Seat 5: uglyghost101 ($82 in chips)
Seat 6: krytalex ($148.90 in chips)
uglyghost101: posts small blind $1
krytalex: posts big blind $3
*** HOLE CARDS ***
uglyghost101: raises $3 to $6
krytalex: calls $3
*** FLOP *** [8s Qc 6d]
krytalex: checks
uglyghost101: bets $3
krytalex: raises $3 to $6
uglyghost101: folds
Uncalled bet ($3) returned to krytalex
krytalex collected $17.64 from pot
*** SUMMARY ***
Total pot $18 | Rake $0.36
Board [8s Qc 6d]
Seat 5: uglyghost101 (button) (small blind) folded on the Flop
Seat 6: krytalex (big blind) collected ($17.64)


PokerStars Hand #173119506767:  Hold'em Limit ($3/$6 USD) - 2017/07/16 15:37:46 ET
Table 'Mavis' 6-max Seat #6 is the button
Seat 5: uglyghost101 ($85 in chips)
Seat 6: krytalex ($145.90 in chips)
krytalex: posts small blind $1
uglyghost101: posts big blind $3
*** HOLE CARDS ***
krytalex: raises $3 to $6
uglyghost101: folds
Uncalled bet ($3) returned to krytalex
krytalex collected $6 from pot
*** SUMMARY ***
Total pot $6 | Rake $0
Seat 5: uglyghost101 (big blind) folded before Flop
Seat 6: krytalex (button) (small blind) collected ($6)


PokerStars Hand #173119593549:  Hold'em Limit ($3/$6 USD) - 2017/07/16 15:39:17 ET
Table 'Mavis' 6-max Seat #6 is the button
Seat 5: uglyghost101 ($89.50 in chips)
Seat 6: krytalex ($140.54 in chips)
krytalex: posts small blind $1
uglyghost101: posts big blind $3
*** HOLE CARDS ***
krytalex: folds
Uncalled bet ($2) returned to uglyghost101
uglyghost101 collected $2 from pot
uglyghost101: doesn't show hand
*** SUMMARY ***
Total pot $2 | Rake $0
Seat 5: uglyghost101 (big blind) collected ($2)
Seat 6: krytalex (button) (small blind) folded before Flop


PokerStars Hand #173119586481:  Hold'em Limit ($3/$6 USD) - 2017/07/16 15:39:09 ET
Table 'Mavis' 6-max Seat #5 is the button
Seat 5: uglyghost101 ($90.50 in chips)
Seat 6: krytalex ($139.54 in chips)
uglyghost101: posts small blind $1
krytalex: posts big blind $3
*** HOLE CARDS ***
uglyghost101: folds
Uncalled bet ($2) returned to krytalex
krytalex collected $2 from pot
*** SUMMARY ***
Total pot $2 | Rake $0
Seat 5: uglyghost101 (button) (small blind) folded before Flop
Seat 6: krytalex (big blind) collected ($2)


PokerStars Hand #173119544119:  Hold'em Limit ($3/$6 USD) - 2017/07/16 15:38:25 ET
Table 'Mavis' 6-max Seat #6 is the button
Seat 5: uglyghost101 ($73 in chips)
Seat 6: krytalex ($157.54 in chips)
krytalex: posts small blind $1
uglyghost101: posts big blind $3
*** HOLE CARDS ***
krytalex: raises $3 to $6
uglyghost101: calls $3
*** FLOP *** [2s 4s 4d]
uglyghost101: bets $3
krytalex: raises $3 to $6
uglyghost101: calls $3
*** TURN *** [2s 4s 4d] [As]
uglyghost101: checks
krytalex: checks
*** RIVER *** [2s 4s 4d As] [3h]
uglyghost101: bets $6
krytalex: calls $6
*** SHOW DOWN ***
uglyghost101: shows [3d 3c] (a full house, Threes full of Fours)
krytalex: mucks hand
uglyghost101 collected $35.50 from pot
*** SUMMARY ***
Total pot $36 | Rake $0.50
Board [2s 4s 4d As 3h]
Seat 5: uglyghost101 (big blind) showed [3d 3c] and won ($35.50) with a full house, Threes full of Fours
Seat 6: krytalex (button) (small blind) mucked


PokerStars Hand #173119629326:  Hold'em Limit ($3/$6 USD) - 2017/07/16 15:39:53 ET
Table 'Mavis' 6-max Seat #6 is the button
Seat 5: uglyghost101 ($81.50 in chips)
Seat 6: krytalex ($148.18 in chips)
krytalex: posts small blind $1
uglyghost101: posts big blind $3
*** HOLE CARDS ***
krytalex: folds
Uncalled bet ($2) returned to uglyghost101
uglyghost101 collected $2 from pot
uglyghost101: doesn't show hand
*** SUMMARY ***
Total pot $2 | Rake $0
Seat 5: uglyghost101 (big blind) collected ($2)
Seat 6: krytalex (button) (small blind) folded before Flop


PokerStars Hand #173119605556:  Hold'em Limit ($3/$6 USD) - 2017/07/16 15:39:29 ET
Table 'Mavis' 6-max Seat #5 is the button
Seat 5: uglyghost101 ($90.50 in chips)
Seat 6: krytalex ($139.54 in chips)
uglyghost101: posts small blind $1
krytalex: posts big blind $3
*** HOLE CARDS ***
uglyghost101: raises $3 to $6
krytalex: calls $3
*** FLOP *** [6c 2s Js]
krytalex: checks
uglyghost101: bets $3
krytalex: raises $3 to $6
uglyghost101: folds
Uncalled bet ($3) returned to krytalex
krytalex collected $17.64 from pot
*** SUMMARY ***
Total pot $18 | Rake $0.36
Board [6c 2s Js]
Seat 5: uglyghost101 (button) (small blind) folded on the Flop
Seat 6: krytalex (big blind) collected ($17.64)


PokerStars Hand #173129091916:  Hold'em Limit ($3/$6 USD) - 2017/07/16 18:49:01 ET
Table 'Mavis' 6-max Seat #3 is the button
Seat 3: Jamdamn ($47.46 in chips)
Seat 6: krytalex ($72 in chips)
Jamdamn: posts small blind $1
krytalex: posts big blind $3
*** HOLE CARDS ***
Jamdamn: folds
Uncalled bet ($2) returned to krytalex
krytalex collected $2 from pot
*** SUMMARY ***
Total pot $2 | Rake $0
Seat 3: Jamdamn (button) (small blind) folded before Flop
Seat 6: krytalex (big blind) collected ($2)


PokerStars Hand #173129748121:  Hold'em Limit ($3/$6 USD) - 2017/07/16 19:06:41 ET
Table 'Mavis' 6-max Seat #6 is the button
Seat 3: Jamdamn ($133.51 in chips)
Seat 6: krytalex ($85.89 in chips)
krytalex: posts small blind $1
Jamdamn: posts big blind $3
*** HOLE CARDS ***
krytalex: raises $3 to $6
Jamdamn: folds
Uncalled bet ($3) returned to krytalex
krytalex collected $6 from pot
*** SUMMARY ***
Total pot $6 | Rake $0
Seat 3: Jamdamn (big blind) folded before Flop
Seat 6: krytalex (button) (small blind) collected ($6)


PokerStars Hand #173129753179:  Hold'em Limit ($3/$6 USD) - 2017/07/16 19:06:49 ET
Table 'Mavis' 6-max Seat #3 is the button
Seat 3: Jamdamn ($130.51 in chips)
Seat 6: krytalex ($88.89 in chips)
Jamdamn: posts small blind $1
krytalex: posts big blind $3
*** HOLE CARDS ***
Jamdamn: calls $2
krytalex: raises $3 to $6
Jamdamn: calls $3
*** FLOP *** [5h Js 2h]
krytalex: bets $3
Jamdamn: calls $3
*** TURN *** [5h Js 2h] [3c]
krytalex: bets $6
Jamdamn: folds
Uncalled bet ($6) returned to krytalex
krytalex collected $17.64 from pot
*** SUMMARY ***
Total pot $18 | Rake $0.36
Board [5h Js 2h 3c]
Seat 3: Jamdamn (button) (small blind) folded on the Turn
Seat 6: krytalex (big blind) collected ($17.64)


PokerStars Hand #173129821945:  Hold'em Limit ($3/$6 USD) - 2017/07/16 19:08:35 ET
Table 'Mavis' 6-max Seat #4 is the button
Seat 4: Vitalisek ($66.11 in chips)
Seat 6: krytalex ($112.03 in chips)
Vitalisek: posts small blind $1
krytalex: posts big blind $3
*** HOLE CARDS ***
Vitalisek: folds
Uncalled bet ($2) returned to krytalex
krytalex collected $2 from pot
*** SUMMARY ***
Total pot $2 | Rake $0
Seat 4: Vitalisek (button) (small blind) folded before Flop
Seat 6: krytalex (big blind) collected ($2)


PokerStars Hand #173129799318:  Hold'em Limit ($3/$6 USD) - 2017/07/16 19:08:00 ET
Table 'Mavis' 6-max Seat #6 is the button
Seat 4: Vitalisek ($81.11 in chips)
Seat 6: krytalex ($97.53 in chips)
krytalex: posts small blind $1
Vitalisek: posts big blind $3
*** HOLE CARDS ***
krytalex: raises $3 to $6
Vitalisek: calls $3
*** FLOP *** [8c Qs Kd]
Vitalisek: checks
krytalex: bets $3
Vitalisek: calls $3
*** TURN *** [8c Qs Kd] [Th]
Vitalisek: checks
krytalex: bets $6
Vitalisek: calls $6
*** RIVER *** [8c Qs Kd Th] [9c]
Vitalisek: checks
krytalex: checks
*** SHOW DOWN ***
Vitalisek: shows [Qd 4s] (a pair of Queens)
krytalex: shows [2c Kc] (a pair of Kings)
krytalex collected $29.50 from pot
*** SUMMARY ***
Total pot $30 | Rake $0.50
Board [8c Qs Kd Th 9c]
Seat 4: Vitalisek (big blind) showed [Qd 4s] and lost with a pair of Queens
Seat 6: krytalex (button) (small blind) showed [2c Kc] and won ($29.50) with a pair of Kings


PokerStars Hand #173129851435:  Hold'em Limit ($3/$6 USD) - 2017/07/16 19:09:21 ET
Table 'Mavis' 6-max Seat #4 is the button
Seat 4: Vitalisek ($52.11 in chips)
Seat 6: krytalex ($125.67 in chips)
Vitalisek: posts small blind $1
krytalex: posts big blind $3
*** HOLE CARDS ***
Vitalisek: raises $3 to $6
krytalex: folds
Uncalled bet ($3) returned to Vitalisek
Vitalisek collected $6 from pot
Vitalisek: doesn't show hand
*** SUMMARY ***
Total pot $6 | Rake $0
Seat 4: Vitalisek (button) (small blind) collected ($6)
Seat 6: krytalex (big blind) folded before Flop


PokerStars Hand #173129846729:  Hold'em Limit ($3/$6 USD) - 2017/07/16 19:09:13 ET
Table 'Mavis' 6-max Seat #6 is the button
Seat 4: Vitalisek ($55.11 in chips)
Seat 6: krytalex ($122.67 in chips)
krytalex: posts small blind $1
Vitalisek: posts big blind $3
*** HOLE CARDS ***
krytalex: raises $3 to $6
Vitalisek: folds
Uncalled bet ($3) returned to krytalex
krytalex collected $6 from pot
*** SUMMARY ***
Total pot $6 | Rake $0
Seat 4: Vitalisek (big blind) folded before Flop
Seat 6: krytalex (button) (small blind) collected ($6)


PokerStars Hand #173129843542:  Hold'em Limit ($3/$6 USD) - 2017/07/16 19:09:09 ET
Table 'Mavis' 6-max Seat #4 is the button
Seat 4: Vitalisek ($56.11 in chips)
Seat 6: krytalex ($121.67 in chips)
Vitalisek: posts small blind $1
krytalex: posts big blind $3
*** HOLE CARDS ***
Vitalisek: folds
Uncalled bet ($2) returned to krytalex
krytalex collected $2 from pot
*** SUMMARY ***
Total pot $2 | Rake $0
Seat 4: Vitalisek (button) (small blind) folded before Flop
Seat 6: krytalex (big blind) collected ($2)


PokerStars Hand #173129830169:  Hold'em Limit ($3/$6 USD) - 2017/07/16 19:08:48 ET
Table 'Mavis' 6-max Seat #6 is the button
Seat 4: Vitalisek ($65.11 in chips)
Seat 6: krytalex ($113.03 in chips)
krytalex: posts small blind $1
Vitalisek: posts big blind $3
*** HOLE CARDS ***
krytalex: raises $3 to $6
Vitalisek: calls $3
*** FLOP *** [2d 6h 9c]
Vitalisek: checks
krytalex: bets $3
Vitalisek: calls $3
*** TURN *** [2d 6h 9c] [9s]
Vitalisek: checks
krytalex: bets $6
Vitalisek: folds
Uncalled bet ($6) returned to krytalex
krytalex collected $17.64 from pot
*** SUMMARY ***
Total pot $18 | Rake $0.36
Board [2d 6h 9c 9s]
Seat 4: Vitalisek (big blind) folded on the Turn
Seat 6: krytalex (button) (small blind) collected ($17.64)


PokerStars Hand #173129910533:  Hold'em Limit ($3/$6 USD) - 2017/07/16 19:10:53 ET
Table 'Mavis' 6-max Seat #4 is the button
Seat 4: Vitalisek ($62.63 in chips)
Seat 6: krytalex ($114.67 in chips)
Vitalisek: posts small blind $1
krytalex: posts big blind $3
*** HOLE CARDS ***
Vitalisek: raises $3 to $6
krytalex: folds
Uncalled bet ($3) returned to Vitalisek
Vitalisek collected $6 from pot
Vitalisek: doesn't show hand
*** SUMMARY ***
Total pot $6 | Rake $0
Seat 4: Vitalisek (button) (small blind) collected ($6)
Seat 6: krytalex (big blind) folded before Flop


PokerStars Hand #173129891625:  Hold'em Limit ($3/$6 USD) - 2017/07/16 19:10:23 ET
Table 'Mavis' 6-max Seat #6 is the button
Seat 4: Vitalisek ($65.63 in chips)
Seat 6: krytalex ($111.67 in chips)
krytalex: posts small blind $1
Vitalisek: posts big blind $3
*** HOLE CARDS ***
krytalex: raises $3 to $6
Vitalisek: folds
Uncalled bet ($3) returned to krytalex
krytalex collected $6 from pot
*** SUMMARY ***
Total pot $6 | Rake $0
Seat 4: Vitalisek (big blind) folded before Flop
Seat 6: krytalex (button) (small blind) collected ($6)


PokerStars Hand #173129888367:  Hold'em Limit ($3/$6 USD) - 2017/07/16 19:10:18 ET
Table 'Mavis' 6-max Seat #4 is the button
Seat 4: Vitalisek ($66.63 in chips)
Seat 6: krytalex ($110.67 in chips)
Vitalisek: posts small blind $1
krytalex: posts big blind $3
*** HOLE CARDS ***
Vitalisek: folds
Uncalled bet ($2) returned to krytalex
krytalex collected $2 from pot
*** SUMMARY ***
Total pot $2 | Rake $0
Seat 4: Vitalisek (button) (small blind) folded before Flop
Seat 6: krytalex (big blind) collected ($2)


PokerStars Hand #173129855940:  Hold'em Limit ($3/$6 USD) - 2017/07/16 19:09:28 ET
Table 'Mavis' 6-max Seat #6 is the button
Seat 4: Vitalisek ($55.11 in chips)
Seat 6: krytalex ($122.67 in chips)
krytalex: posts small blind $1
Vitalisek: posts big blind $3
*** HOLE CARDS ***
krytalex: raises $3 to $6
Vitalisek: calls $3
*** FLOP *** [5d 6h Td]
Vitalisek: checks
krytalex: checks
*** TURN *** [5d 6h Td] [8s]
Vitalisek: bets $6
krytalex: calls $6
*** RIVER *** [5d 6h Td 8s] [Ks]
Vitalisek: checks
krytalex: checks
*** SHOW DOWN ***
Vitalisek: shows [2s Ac] (high card Ace)
krytalex: mucks hand
Vitalisek collected $23.52 from pot
*** SUMMARY ***
Total pot $24 | Rake $0.48
Board [5d 6h Td 8s Ks]
Seat 4: Vitalisek (big blind) showed [2s Ac] and won ($23.52) with high card Ace
Seat 6: krytalex (button) (small blind) mucked


PokerStars Hand #173129950933:  Hold'em Limit ($3/$6 USD) - 2017/07/16 19:11:56 ET
Table 'Mavis' 6-max Seat #4 is the button
Seat 4: Vitalisek ($58.38 in chips)
Seat 6: krytalex ($118.18 in chips)
Vitalisek: posts small blind $1
krytalex: posts big blind $3
*** HOLE CARDS ***
Vitalisek: folds
Uncalled bet ($2) returned to krytalex
krytalex collected $2 from pot
*** SUMMARY ***
Total pot $2 | Rake $0
Seat 4: Vitalisek (button) (small blind) folded before Flop
Seat 6: krytalex (big blind) collected ($2)


PokerStars Hand #173129947011:  Hold'em Limit ($3/$6 USD) - 2017/07/16 19:11:50 ET
Table 'Mavis' 6-max Seat #6 is the button
Seat 4: Vitalisek ($57.38 in chips)
Seat 6: krytalex ($119.18 in chips)
krytalex: posts small blind $1
Vitalisek: posts big blind $3
*** HOLE CARDS ***
krytalex: folds
Uncalled bet ($2) returned to Vitalisek
Vitalisek collected $2 from pot
Vitalisek: doesn't show hand
*** SUMMARY ***
Total pot $2 | Rake $0
Seat 4: Vitalisek (big blind) collected ($2)
Seat 6: krytalex (button) (small blind) folded before Flop


PokerStars Hand #173129943729:  Hold'em Limit ($3/$6 USD) - 2017/07/16 19:11:45 ET
Table 'Mavis' 6-max Seat #4 is the button
Seat 4: Vitalisek ($58.38 in chips)
Seat 6: krytalex ($118.18 in chips)
Vitalisek: posts small blind $1
krytalex: posts big blind $3
*** HOLE CARDS ***
Vitalisek: folds
Uncalled bet ($2) returned to krytalex
krytalex collected $2 from pot
*** SUMMARY ***
Total pot $2 | Rake $0
Seat 4: Vitalisek (button) (small blind) folded before Flop
Seat 6: krytalex (big blind) collected ($2)


PokerStars Hand #173129933961:  Hold'em Limit ($3/$6 USD) - 2017/07/16 19:11:30 ET
Table 'Mavis' 6-max Seat #6 is the button
Seat 4: Vitalisek ($64.38 in chips)
Seat 6: krytalex ($112.42 in chips)
krytalex: posts small blind $1
Vitalisek: posts big blind $3
*** HOLE CARDS ***
krytalex: raises $3 to $6
Vitalisek: calls $3
*** FLOP *** [Jh 8h 5h]
Vitalisek: checks
krytalex: bets $3
Vitalisek: folds
Uncalled bet ($3) returned to krytalex
krytalex collected $11.76 from pot
*** SUMMARY ***
Total pot $12 | Rake $0.24
Board [Jh 8h 5h]
Seat 4: Vitalisek (big blind) folded on the Flop
Seat 6: krytalex (button) (small blind) collected ($11.76)


PokerStars Hand #173129930737:  Hold'em Limit ($3/$6 USD) - 2017/07/16 19:11:24 ET
Table 'Mavis' 6-max Seat #4 is the button
Seat 4: Vitalisek ($65.38 in chips)
Seat 6: krytalex ($111.42 in chips)
Vitalisek: posts small blind $1
krytalex: posts big blind $3
*** HOLE CARDS ***
Vitalisek: folds
Uncalled bet ($2) returned to krytalex
krytalex collected $2 from pot
*** SUMMARY ***
Total pot $2 | Rake $0
Seat 4: Vitalisek (button) (small blind) folded before Flop
Seat 6: krytalex (big blind) collected ($2)


PokerStars Hand #173129917370:  Hold'em Limit ($3/$6 USD) - 2017/07/16 19:11:04 ET
Table 'Mavis' 6-max Seat #6 is the button
Seat 4: Vitalisek ($65.63 in chips)
Seat 6: krytalex ($111.67 in chips)
krytalex: posts small blind $1
Vitalisek: posts big blind $3
*** HOLE CARDS ***
krytalex: raises $3 to $6
Vitalisek: calls $3
*** FLOP *** [As 5d Jh]
Vitalisek: checks
krytalex: bets $3
Vitalisek: calls $3
*** TURN *** [As 5d Jh] [2c]
Vitalisek: checks
krytalex: bets $6
Vitalisek: calls $6
*** RIVER *** [As 5d Jh 2c] [6c]
Vitalisek: checks
krytalex: bets $6
Vitalisek: calls $6
*** SHOW DOWN ***
krytalex: shows [Ah 3d] (a pair of Aces)
Vitalisek: shows [4h Ac] (a pair of Aces)
Vitalisek collected $20.75 from pot
krytalex collected $20.75 from pot
*** SUMMARY ***
Total pot $42 | Rake $0.50
Board [As 5d Jh 2c 6c]
Seat 4: Vitalisek (big blind) showed [4h Ac] and won ($20.75) with a pair of Aces
Seat 6: krytalex (button) (small blind) showed [Ah 3d] and won ($20.75) with a pair of Aces


PokerStars Hand #173129968057:  Hold'em Limit ($3/$6 USD) - 2017/07/16 19:12:23 ET
Table 'Mavis' 6-max Seat #4 is the button
Seat 4: Vitalisek ($58.38 in chips)
Seat 6: krytalex ($118.18 in chips)
Vitalisek: posts small blind $1
krytalex: posts big blind $3
*** HOLE CARDS ***
Vitalisek: folds
Uncalled bet ($2) returned to krytalex
krytalex collected $2 from pot
*** SUMMARY ***
Total pot $2 | Rake $0
Seat 4: Vitalisek (button) (small blind) folded before Flop
Seat 6: krytalex (big blind) collected ($2)


PokerStars Hand #173129961979:  Hold'em Limit ($3/$6 USD) - 2017/07/16 19:12:13 ET
Table 'Mavis' 6-max Seat #6 is the button
Seat 4: Vitalisek ($57.38 in chips)
Seat 6: krytalex ($119.18 in chips)
krytalex: posts small blind $1
Vitalisek: posts big blind $3
*** HOLE CARDS ***
krytalex: folds
Uncalled bet ($2) returned to Vitalisek
Vitalisek collected $2 from pot
Vitalisek: doesn't show hand
*** SUMMARY ***
Total pot $2 | Rake $0
Seat 4: Vitalisek (big blind) collected ($2)
Seat 6: krytalex (button) (small blind) folded before Flop


PokerStars Hand #173129958452:  Hold'em Limit ($3/$6 USD) - 2017/07/16 19:12:08 ET
Table 'Mavis' 6-max Seat #4 is the button
Seat 4: Vitalisek ($58.38 in chips)
Seat 6: krytalex ($118.18 in chips)
Vitalisek: posts small blind $1
krytalex: posts big blind $3
*** HOLE CARDS ***
Vitalisek: folds
Uncalled bet ($2) returned to krytalex
krytalex collected $2 from pot
*** SUMMARY ***
Total pot $2 | Rake $0
Seat 4: Vitalisek (button) (small blind) folded before Flop
Seat 6: krytalex (big blind) collected ($2)


PokerStars Hand #173129954103:  Hold'em Limit ($3/$6 USD) - 2017/07/16 19:12:01 ET
Table 'Mavis' 6-max Seat #6 is the button
Seat 4: Vitalisek ($57.38 in chips)
Seat 6: krytalex ($119.18 in chips)
krytalex: posts small blind $1
Vitalisek: posts big blind $3
*** HOLE CARDS ***
krytalex: folds
Uncalled bet ($2) returned to Vitalisek
Vitalisek collected $2 from pot
Vitalisek: doesn't show hand
*** SUMMARY ***
Total pot $2 | Rake $0
Seat 4: Vitalisek (big blind) collected ($2)
Seat 6: krytalex (button) (small blind) folded before Flop


PokerStars Hand #173129996554:  Hold'em Limit ($3/$6 USD) - 2017/07/16 19:13:07 ET
Table 'Mavis' 6-max Seat #4 is the button
Seat 4: Vitalisek ($33.38 in chips)
Seat 6: krytalex ($142.68 in chips)
Vitalisek: posts small blind $1
krytalex: posts big blind $3
*** HOLE CARDS ***
Vitalisek: raises $3 to $6
krytalex: calls $3
*** FLOP *** [5h Js As]
krytalex: checks
Vitalisek: bets $3
krytalex: folds
Uncalled bet ($3) returned to Vitalisek
Vitalisek collected $11.76 from pot
Vitalisek: doesn't show hand
*** SUMMARY ***
Total pot $12 | Rake $0.24
Board [5h Js As]
Seat 4: Vitalisek (button) (small blind) collected ($11.76)
Seat 6: krytalex (big blind) folded on the Flop


PokerStars Hand #173129971626:  Hold'em Limit ($3/$6 USD) - 2017/07/16 19:12:29 ET
Table 'Mavis' 6-max Seat #6 is the button
Seat 4: Vitalisek ($57.38 in chips)
Seat 6: krytalex ($119.18 in chips)
krytalex: posts small blind $1
Vitalisek: posts big blind $3
*** HOLE CARDS ***
krytalex: raises $3 to $6
Vitalisek: calls $3
*** FLOP *** [Tc 4c 3d]
Vitalisek: checks
krytalex: bets $3
Vitalisek: raises $3 to $6
krytalex: calls $3
*** TURN *** [Tc 4c 3d] [5s]
Vitalisek: bets $6
krytalex: calls $6
*** RIVER *** [Tc 4c 3d 5s] [Kd]
Vitalisek: bets $6
krytalex: calls $6
*** SHOW DOWN ***
Vitalisek: shows [2c 9c] (high card King)
krytalex: shows [4s Qc] (a pair of Fours)
krytalex collected $47.50 from pot
*** SUMMARY ***
Total pot $48 | Rake $0.50
Board [Tc 4c 3d 5s Kd]
Seat 4: Vitalisek (big blind) showed [2c 9c] and lost with high card King
Seat 6: krytalex (button) (small blind) showed [4s Qc] and won ($47.50) with a pair of Fours


PokerStars Hand #173130037627:  Hold'em Limit ($3/$6 USD) - 2017/07/16 19:14:12 ET
Table 'Mavis' 6-max Seat #4 is the button
Seat 4: Vitalisek ($47.78 in chips)
Seat 6: krytalex ($127.68 in chips)
Vitalisek: posts small blind $1
krytalex: posts big blind $3
*** HOLE CARDS ***
Vitalisek: folds
Uncalled bet ($2) returned to krytalex
krytalex collected $2 from pot
*** SUMMARY ***
Total pot $2 | Rake $0
Seat 4: Vitalisek (button) (small blind) folded before Flop
Seat 6: krytalex (big blind) collected ($2)


PokerStars Hand #173130023691:  Hold'em Limit ($3/$6 USD) - 2017/07/16 19:13:50 ET
Table 'Mavis' 6-max Seat #6 is the button
Seat 4: Vitalisek ($39.14 in chips)
Seat 6: krytalex ($136.68 in chips)
krytalex: posts small blind $1
Vitalisek: posts big blind $3
*** HOLE CARDS ***
krytalex: raises $3 to $6
Vitalisek: raises $3 to $9
krytalex: calls $3
*** FLOP *** [9d 4d Ts]
Vitalisek: bets $3
krytalex: folds
Uncalled bet ($3) returned to Vitalisek
Vitalisek collected $17.64 from pot
Vitalisek: doesn't show hand
*** SUMMARY ***
Total pot $18 | Rake $0.36
Board [9d 4d Ts]
Seat 4: Vitalisek (big blind) collected ($17.64)
Seat 6: krytalex (button) (small blind) folded on the Flop


PokerStars Hand #173130088776:  Hold'em Limit ($3/$6 USD) - 2017/07/16 19:15:34 ET
Table 'Mavis' 6-max Seat #6 is the button
Seat 4: Vitalisek ($61.10 in chips)
Seat 6: krytalex ($113.50 in chips)
krytalex: posts small blind $1
Vitalisek: posts big blind $3
*** HOLE CARDS ***
krytalex: raises $3 to $6
Vitalisek: calls $3
*** FLOP *** [7h Qc 4s]
Vitalisek: checks
krytalex: bets $3
Vitalisek: raises $3 to $6
krytalex: calls $3
*** TURN *** [7h Qc 4s] [6d]
Vitalisek: bets $6
krytalex: calls $6
*** RIVER *** [7h Qc 4s 6d] [Ts]
Vitalisek: checks
krytalex: bets $6
Vitalisek: calls $6
*** SHOW DOWN ***
krytalex: shows [9d Qs] (a pair of Queens)
Vitalisek: shows [7c 6c] (two pair, Sevens and Sixes)
Vitalisek collected $47.50 from pot
*** SUMMARY ***
Total pot $48 | Rake $0.50
Board [7h Qc 4s 6d Ts]
Seat 4: Vitalisek (big blind) showed [7c 6c] and won ($47.50) with two pair, Sevens and Sixes
Seat 6: krytalex (button) (small blind) showed [9d Qs] and lost with a pair of Queens


PokerStars Hand #173130075530:  Hold'em Limit ($3/$6 USD) - 2017/07/16 19:15:12 ET
Table 'Mavis' 6-max Seat #4 is the button
Seat 4: Vitalisek ($46.60 in chips)
Seat 6: krytalex ($128.50 in chips)
Vitalisek: posts small blind $1
krytalex: posts big blind $3
*** HOLE CARDS ***
Vitalisek: raises $3 to $6
krytalex: calls $3
*** FLOP *** [Kc 9d 5d]
krytalex: checks
Vitalisek: bets $3
krytalex: calls $3
*** TURN *** [Kc 9d 5d] [8s]
krytalex: checks
Vitalisek: bets $6
krytalex: calls $6
*** RIVER *** [Kc 9d 5d 8s] [As]
krytalex: checks
Vitalisek: checks
*** SHOW DOWN ***
krytalex: shows [Jh Tc] (high card Ace)
Vitalisek: shows [Qc 9s] (a pair of Nines)
Vitalisek collected $29.50 from pot
*** SUMMARY ***
Total pot $30 | Rake $0.50
Board [Kc 9d 5d 8s As]
Seat 4: Vitalisek (button) (small blind) showed [Qc 9s] and won ($29.50) with a pair of Nines
Seat 6: krytalex (big blind) showed [Jh Tc] and lost with high card Ace


PokerStars Hand #173130042174:  Hold'em Limit ($3/$6 USD) - 2017/07/16 19:14:19 ET
Table 'Mavis' 6-max Seat #6 is the button
Seat 4: Vitalisek ($46.78 in chips)
Seat 6: krytalex ($128.68 in chips)
krytalex: posts small blind $1
Vitalisek: posts big blind $3
*** HOLE CARDS ***
krytalex: raises $3 to $6
Vitalisek: calls $3
*** FLOP *** [Qs Td 9h]
Vitalisek: checks
krytalex: bets $3
Vitalisek: calls $3
*** TURN *** [Qs Td 9h] [6d]
Vitalisek: checks
krytalex: checks
*** RIVER *** [Qs Td 9h 6d] [Ac]
Vitalisek: checks
krytalex: checks
*** SHOW DOWN ***
Vitalisek: shows [5c Kc] (high card Ace)
krytalex: shows [8d Kh] (high card Ace)
Vitalisek collected $8.82 from pot
krytalex collected $8.82 from pot
*** SUMMARY ***
Total pot $18 | Rake $0.36
Board [Qs Td 9h 6d Ac]
Seat 4: Vitalisek (big blind) showed [5c Kc] and won ($8.82) with high card Ace
Seat 6: krytalex (button) (small blind) showed [8d Kh] and won ($8.82) with high card Ace


PokerStars Hand #173130132225:  Hold'em Limit ($3/$6 USD) - 2017/07/16 19:16:43 ET
Table 'Mavis' 6-max Seat #4 is the button
Seat 4: Vitalisek ($79.60 in chips)
Seat 6: krytalex ($94.26 in chips)
Vitalisek: posts small blind $1
krytalex: posts big blind $3
*** HOLE CARDS ***
Vitalisek: raises $3 to $6
krytalex: calls $3
*** FLOP *** [Js 9s Ah]
krytalex: checks
Vitalisek: bets $3
krytalex: folds
Uncalled bet ($3) returned to Vitalisek
Vitalisek collected $11.76 from pot
Vitalisek: doesn't show hand
*** SUMMARY ***
Total pot $12 | Rake $0.24
Board [Js 9s Ah]
Seat 4: Vitalisek (button) (small blind) collected ($11.76)
Seat 6: krytalex (big blind) folded on the Flop


PokerStars Hand #173130128020:  Hold'em Limit ($3/$6 USD) - 2017/07/16 19:16:36 ET
Table 'Mavis' 6-max Seat #6 is the button
Seat 4: Vitalisek ($78.60 in chips)
Seat 6: krytalex ($95.26 in chips)
krytalex: posts small blind $1
Vitalisek: posts big blind $3
*** HOLE CARDS ***
krytalex: folds
Uncalled bet ($2) returned to Vitalisek
Vitalisek collected $2 from pot
Vitalisek: doesn't show hand
*** SUMMARY ***
Total pot $2 | Rake $0
Seat 4: Vitalisek (big blind) collected ($2)
Seat 6: krytalex (button) (small blind) folded before Flop


PokerStars Hand #173130125014:  Hold'em Limit ($3/$6 USD) - 2017/07/16 19:16:31 ET
Table 'Mavis' 6-max Seat #4 is the button
Seat 4: Vitalisek ($79.60 in chips)
Seat 6: krytalex ($94.26 in chips)
Vitalisek: posts small blind $1
krytalex: posts big blind $3
*** HOLE CARDS ***
Vitalisek: folds
Uncalled bet ($2) returned to krytalex
krytalex collected $2 from pot
*** SUMMARY ***
Total pot $2 | Rake $0
Seat 4: Vitalisek (button) (small blind) folded before Flop
Seat 6: krytalex (big blind) collected ($2)


PokerStars Hand #173130120593:  Hold'em Limit ($3/$6 USD) - 2017/07/16 19:16:24 ET
Table 'Mavis' 6-max Seat #6 is the button
Seat 4: Vitalisek ($78.60 in chips)
Seat 6: krytalex ($95.26 in chips)
krytalex: posts small blind $1
Vitalisek: posts big blind $3
*** HOLE CARDS ***
krytalex: folds
Uncalled bet ($2) returned to Vitalisek
Vitalisek collected $2 from pot
Vitalisek: doesn't show hand
*** SUMMARY ***
Total pot $2 | Rake $0
Seat 4: Vitalisek (big blind) collected ($2)
Seat 6: krytalex (button) (small blind) folded before Flop


PokerStars Hand #173130107412:  Hold'em Limit ($3/$6 USD) - 2017/07/16 19:16:03 ET
Table 'Mavis' 6-max Seat #4 is the button
Seat 4: Vitalisek ($84.60 in chips)
Seat 6: krytalex ($89.50 in chips)
Vitalisek: posts small blind $1
krytalex: posts big blind $3
*** HOLE CARDS ***
Vitalisek: calls $2
krytalex: raises $3 to $6
Vitalisek: calls $3
*** FLOP *** [Ks Jh 8d]
krytalex: bets $3
Vitalisek: folds
Uncalled bet ($3) returned to krytalex
krytalex collected $11.76 from pot
*** SUMMARY ***
Total pot $12 | Rake $0.24
Board [Ks Jh 8d]
Seat 4: Vitalisek (button) (small blind) folded on the Flop
Seat 6: krytalex (big blind) collected ($11.76)


PokerStars Hand #173130156868:  Hold'em Limit ($3/$6 USD) - 2017/07/16 19:17:23 ET
Table 'Mavis' 6-max Seat #6 is the button
Seat 4: Vitalisek ($78.36 in chips)
Seat 6: krytalex ($95.02 in chips)
krytalex: posts small blind $1
Vitalisek: posts big blind $3
*** HOLE CARDS ***
krytalex: raises $3 to $6
Vitalisek: calls $3
*** FLOP *** [6s Jh Ks]
Vitalisek: checks
krytalex: bets $3
Vitalisek: folds
Uncalled bet ($3) returned to krytalex
krytalex collected $11.76 from pot
*** SUMMARY ***
Total pot $12 | Rake $0.24
Board [6s Jh Ks]
Seat 4: Vitalisek (big blind) folded on the Flop
Seat 6: krytalex (button) (small blind) collected ($11.76)


PokerStars Hand #173130153814:  Hold'em Limit ($3/$6 USD) - 2017/07/16 19:17:18 ET
Table 'Mavis' 6-max Seat #4 is the button
Seat 4: Vitalisek ($79.36 in chips)
Seat 6: krytalex ($94.02 in chips)
Vitalisek: posts small blind $1
krytalex: posts big blind $3
*** HOLE CARDS ***
Vitalisek: folds
Uncalled bet ($2) returned to krytalex
krytalex collected $2 from pot
*** SUMMARY ***
Total pot $2 | Rake $0
Seat 4: Vitalisek (button) (small blind) folded before Flop
Seat 6: krytalex (big blind) collected ($2)


PokerStars Hand #173130139744:  Hold'em Limit ($3/$6 USD) - 2017/07/16 19:16:55 ET
Table 'Mavis' 6-max Seat #6 is the button
Seat 4: Vitalisek ($85.36 in chips)
Seat 6: krytalex ($88.26 in chips)
krytalex: posts small blind $1
Vitalisek: posts big blind $3
*** HOLE CARDS ***
krytalex: raises $3 to $6
Vitalisek: calls $3
*** FLOP *** [5h Js 3h]
Vitalisek: checks
krytalex: bets $3
Vitalisek: folds
Uncalled bet ($3) returned to krytalex
krytalex collected $11.76 from pot
*** SUMMARY ***
Total pot $12 | Rake $0.24
Board [5h Js 3h]
Seat 4: Vitalisek (big blind) folded on the Flop
Seat 6: krytalex (button) (small blind) collected ($11.76)


PokerStars Hand #173130195170:  Hold'em Limit ($3/$6 USD) - 2017/07/16 19:18:25 ET
Table 'Mavis' 6-max Seat #4 is the button
Seat 4: Vitalisek ($51.36 in chips)
Seat 6: krytalex ($121.28 in chips)
Vitalisek: posts small blind $1
krytalex: posts big blind $3
*** HOLE CARDS ***
Vitalisek: raises $3 to $6
krytalex: calls $3
*** FLOP *** [5s 3d 2h]
krytalex: checks
Vitalisek: bets $3
krytalex: calls $3
*** TURN *** [5s 3d 2h] [Th]
krytalex: checks
Vitalisek: checks
*** RIVER *** [5s 3d 2h Th] [Kh]
krytalex: checks
Vitalisek: checks
*** SHOW DOWN ***
krytalex: shows [6s 8s] (high card King)
Vitalisek: shows [Jc Qs] (high card King - Queen kicker)
Vitalisek collected $17.64 from pot
*** SUMMARY ***
Total pot $18 | Rake $0.36
Board [5s 3d 2h Th Kh]
Seat 4: Vitalisek (button) (small blind) showed [Jc Qs] and won ($17.64) with high card King
Seat 6: krytalex (big blind) showed [6s 8s] and lost with high card King


PokerStars Hand #173130187581:  Hold'em Limit ($3/$6 USD) - 2017/07/16 19:18:12 ET
Table 'Mavis' 6-max Seat #6 is the button
Seat 4: Vitalisek ($54.36 in chips)
Seat 6: krytalex ($118.28 in chips)
krytalex: posts small blind $1
Vitalisek: posts big blind $3
*** HOLE CARDS ***
riekes46 joins the table at seat #1
krytalex: raises $3 to $6
Vitalisek: folds
Uncalled bet ($3) returned to krytalex
krytalex collected $6 from pot
*** SUMMARY ***
Total pot $6 | Rake $0
Seat 4: Vitalisek (big blind) folded before Flop
Seat 6: krytalex (button) (small blind) collected ($6)


PokerStars Hand #173130166896:  Hold'em Limit ($3/$6 USD) - 2017/07/16 19:17:39 ET
Table 'Mavis' 6-max Seat #4 is the button
Seat 4: Vitalisek ($72.36 in chips)
Seat 6: krytalex ($100.78 in chips)
Vitalisek: posts small blind $1
krytalex: posts big blind $3
*** HOLE CARDS ***
Vitalisek: raises $3 to $6
krytalex: calls $3
*** FLOP *** [9s 6d 7d]
krytalex: checks
Vitalisek: bets $3
krytalex: raises $3 to $6
Vitalisek: calls $3
*** TURN *** [9s 6d 7d] [3s]
krytalex: bets $6
Vitalisek: calls $6
*** RIVER *** [9s 6d 7d 3s] [Js]
krytalex: bets $6
Vitalisek: folds
Uncalled bet ($6) returned to krytalex
krytalex collected $35.50 from pot
*** SUMMARY ***
Total pot $36 | Rake $0.50
Board [9s 6d 7d 3s Js]
Seat 4: Vitalisek (button) (small blind) folded on the River
Seat 6: krytalex (big blind) collected ($35.50)


PokerStars Hand #173130483836:  Hold'em Limit ($3/$6 USD) - 2017/07/16 19:26:23 ET
Table 'Mavis' 6-max Seat #6 is the button
Seat 1: riekes46 ($92.65 in chips)
Seat 6: krytalex ($189.27 in chips)
krytalex: posts small blind $1
riekes46: posts big blind $3
*** HOLE CARDS ***
krytalex: raises $3 to $6
riekes46: calls $3
*** FLOP *** [Jc 2c 5d]
riekes46: checks
krytalex: bets $3
riekes46: folds
Uncalled bet ($3) returned to krytalex
Vitalisek leaves the table
krytalex collected $11.76 from pot
*** SUMMARY ***
Total pot $12 | Rake $0.24
Board [Jc 2c 5d]
Seat 1: riekes46 (big blind) folded on the Flop
Seat 6: krytalex (button) (small blind) collected ($11.76)


PokerStars Hand #173130509260:  Hold'em Limit ($3/$6 USD) - 2017/07/16 19:27:06 ET
Table 'Mavis' 6-max Seat #1 is the button
Seat 1: riekes46 ($86.65 in chips)
Seat 6: krytalex ($195.03 in chips)
riekes46: posts small blind $1
krytalex: posts big blind $3
*** HOLE CARDS ***
riekes46: folds
Uncalled bet ($2) returned to krytalex
krytalex collected $2 from pot
*** SUMMARY ***
Total pot $2 | Rake $0
Seat 1: riekes46 (button) (small blind) folded before Flop
Seat 6: krytalex (big blind) collected ($2)


PokerStars Hand #173130513340:  Hold'em Limit ($3/$6 USD) - 2017/07/16 19:27:13 ET
Table 'Mavis' 6-max Seat #6 is the button
Seat 1: riekes46 ($85.65 in chips)
Seat 6: krytalex ($196.03 in chips)
krytalex: posts small blind $1
riekes46: posts big blind $3
*** HOLE CARDS ***
krytalex: raises $3 to $6
Vitalisek joins the table at seat #4
riekes46: folds
Uncalled bet ($3) returned to krytalex
krytalex collected $6 from pot
*** SUMMARY ***
Total pot $6 | Rake $0
Seat 1: riekes46 (big blind) folded before Flop
Seat 6: krytalex (button) (small blind) collected ($6)


