PokerStars Hand #145212754031:  Hold'em Limit ($3/$6 USD) - 2015/12/12 3:07:38 ET
Table 'Maximiliana' 6-max Seat #4 is the button
Seat 3: permafrost07 ($69.76 in chips)
Seat 4: DismasX ($126.78 in chips)
DismasX: posts small blind $1
permafrost07: posts big blind $3
*** HOLE CARDS ***
DismasX: folds
Uncalled bet ($2) returned to permafrost07
permafrost07 collected $2 from pot
permafrost07: doesn't show hand
*** SUMMARY ***
Total pot $2 | Rake $0
Seat 3: permafrost07 (big blind) collected ($2)
Seat 4: DismasX (button) (small blind) folded before Flop


PokerStars Hand #145212759599:  Hold'em Limit ($3/$6 USD) - 2015/12/12 3:07:55 ET
Table 'Maximiliana' 6-max Seat #4 is the button
Seat 3: permafrost07 ($76.52 in chips)
Seat 4: DismasX ($119.78 in chips)
DismasX: posts small blind $1
permafrost07: posts big blind $3
*** HOLE CARDS ***
DismasX: folds
Uncalled bet ($2) returned to permafrost07
permafrost07 collected $2 from pot
permafrost07: doesn't show hand
*** SUMMARY ***
Total pot $2 | Rake $0
Seat 3: permafrost07 (big blind) collected ($2)
Seat 4: DismasX (button) (small blind) folded before Flop


PokerStars Hand #145212755538:  Hold'em Limit ($3/$6 USD) - 2015/12/12 3:07:42 ET
Table 'Maximiliana' 6-max Seat #3 is the button
Seat 3: permafrost07 ($70.76 in chips)
Seat 4: DismasX ($125.78 in chips)
permafrost07: posts small blind $1
DismasX: posts big blind $3
*** HOLE CARDS ***
permafrost07: raises $3 to $6
DismasX: calls $3
*** FLOP *** [5h 9d Th]
DismasX: checks
permafrost07: bets $3
DismasX: folds
Uncalled bet ($3) returned to permafrost07
permafrost07 collected $11.76 from pot
permafrost07: doesn't show hand
*** SUMMARY ***
Total pot $12 | Rake $0.24
Board [5h 9d Th]
Seat 3: permafrost07 (button) (small blind) collected ($11.76)
Seat 4: DismasX (big blind) folded on the Flop


PokerStars Hand #145212767445:  Hold'em Limit ($3/$6 USD) - 2015/12/12 3:08:20 ET
Table 'Maximiliana' 6-max Seat #4 is the button
Seat 3: permafrost07 ($62.52 in chips)
Seat 4: DismasX ($133.28 in chips)
DismasX: posts small blind $1
permafrost07: posts big blind $3
*** HOLE CARDS ***
DismasX: raises $3 to $6
permafrost07: raises $3 to $9
DismasX: calls $3
*** FLOP *** [7h 2c Jh]
permafrost07: bets $3
DismasX: calls $3
*** TURN *** [7h 2c Jh] [3d]
permafrost07: bets $6
DismasX: calls $6
*** RIVER *** [7h 2c Jh 3d] [3c]
permafrost07: bets $6
DismasX: calls $6
*** SHOW DOWN ***
permafrost07: shows [3s Ts] (three of a kind, Threes)
DismasX: mucks hand
permafrost07 collected $47.50 from pot
*** SUMMARY ***
Total pot $48 | Rake $0.50
Board [7h 2c Jh 3d 3c]
Seat 3: permafrost07 (big blind) showed [3s Ts] and won ($47.50) with three of a kind, Threes
Seat 4: DismasX (button) (small blind) mucked


PokerStars Hand #145212775155:  Hold'em Limit ($3/$6 USD) - 2015/12/12 3:08:44 ET
Table 'Maximiliana' 6-max Seat #3 is the button
Seat 3: permafrost07 ($86.02 in chips)
Seat 4: DismasX ($109.28 in chips)
permafrost07: posts small blind $1
DismasX: posts big blind $3
*** HOLE CARDS ***
permafrost07: raises $3 to $6
DismasX: calls $3
*** FLOP *** [Qh Ks 4s]
DismasX: checks
permafrost07: bets $3
DismasX: calls $3
*** TURN *** [Qh Ks 4s] [8s]
DismasX: checks
permafrost07: bets $6
DismasX: calls $6
*** RIVER *** [Qh Ks 4s 8s] [4d]
DismasX: bets $6
permafrost07: calls $6
mdif joins the table at seat #5
*** SHOW DOWN ***
DismasX: shows [Jh 9c] (a pair of Fours)
permafrost07: shows [Th Ts] (two pair, Tens and Fours)
permafrost07 collected $41.50 from pot
*** SUMMARY ***
Total pot $42 | Rake $0.50
Board [Qh Ks 4s 8s 4d]
Seat 3: permafrost07 (button) (small blind) showed [Th Ts] and won ($41.50) with two pair, Tens and Fours
Seat 4: DismasX (big blind) showed [Jh 9c] and lost with a pair of Fours


