PokerStars Hand #169771615149:  Hold'em Limit ($3/$6 USD) - 2017/04/30 14:22:47 ET
Table 'May II' 6-max Seat #3 is the button
Seat 3: Scheubi88 ($163.45 in chips)
Seat 4: NewRocker ($144.60 in chips)
Scheubi88: posts small blind $1
NewRocker: posts big blind $3
*** HOLE CARDS ***
Arsenavet joins the table at seat #6
Scheubi88: raises $3 to $6
NewRocker: folds
Uncalled bet ($3) returned to Scheubi88
Scheubi88 collected $6 from pot
Scheubi88: doesn't show hand
*** SUMMARY ***
Total pot $6 | Rake $0
Seat 3: Scheubi88 (button) (small blind) collected ($6)
Seat 4: NewRocker (big blind) folded before Flop


PokerStars Hand #169771606161:  Hold'em Limit ($3/$6 USD) - 2017/04/30 14:22:37 ET
Table 'May II' 6-max Seat #4 is the button
Seat 3: Scheubi88 ($169.45 in chips)
Seat 4: NewRocker ($138.84 in chips)
NewRocker: posts small blind $1
Scheubi88: posts big blind $3
*** HOLE CARDS ***
NewRocker: raises $3 to $6
Scheubi88: calls $3
*** FLOP *** [Ks 9c Jc]
Scheubi88: checks
NewRocker: bets $3
Scheubi88: folds
Uncalled bet ($3) returned to NewRocker
NewRocker collected $11.76 from pot
NewRocker: doesn't show hand
*** SUMMARY ***
Total pot $12 | Rake $0.24
Board [Ks 9c Jc]
Seat 3: Scheubi88 (big blind) folded on the Flop
Seat 4: NewRocker (button) (small blind) collected ($11.76)


PokerStars Hand #169771598718:  Hold'em Limit ($3/$6 USD) - 2017/04/30 14:22:29 ET
Table 'May II' 6-max Seat #3 is the button
Seat 3: Scheubi88 ($166.45 in chips)
Seat 4: NewRocker ($141.84 in chips)
Scheubi88: posts small blind $1
NewRocker: posts big blind $3
*** HOLE CARDS ***
Scheubi88: raises $3 to $6
NewRocker: folds
Uncalled bet ($3) returned to Scheubi88
Scheubi88 collected $6 from pot
Scheubi88: doesn't show hand
*** SUMMARY ***
Total pot $6 | Rake $0
Seat 3: Scheubi88 (button) (small blind) collected ($6)
Seat 4: NewRocker (big blind) folded before Flop


PokerStars Hand #169772489039:  Hold'em Limit ($3/$6 USD) - 2017/04/30 14:38:42 ET
Table 'May II' 6-max Seat #6 is the button
Seat 4: Krazy90 ($120 in chips)
Seat 6: Arsenavet ($240.81 in chips)
Arsenavet: posts small blind $1
zxkz: is sitting out
Scheubi88: is sitting out
Krazy90: posts big blind $3
*** HOLE CARDS ***
Arsenavet: folds
Uncalled bet ($2) returned to Krazy90
Krazy90 collected $2 from pot
Krazy90: doesn't show hand
*** SUMMARY ***
Total pot $2 | Rake $0
Seat 4: Krazy90 (big blind) collected ($2)
Seat 6: Arsenavet (button) (small blind) folded before Flop


PokerStars Hand #169772494613:  Hold'em Limit ($3/$6 USD) - 2017/04/30 14:38:48 ET
Table 'May II' 6-max Seat #4 is the button
Seat 4: Krazy90 ($121 in chips)
Seat 6: Arsenavet ($239.81 in chips)
Krazy90: posts small blind $1
Arsenavet: posts big blind $3
*** HOLE CARDS ***
zxkz leaves the table
Krazy90: raises $3 to $6
Arsenavet: calls $3
*** FLOP *** [7h 4d 3d]
Arsenavet: checks
Krazy90: checks
*** TURN *** [7h 4d 3d] [7d]
Arsenavet: bets $6
Krazy90: folds
Uncalled bet ($6) returned to Arsenavet
Arsenavet collected $11.76 from pot
Arsenavet: doesn't show hand
*** SUMMARY ***
Total pot $12 | Rake $0.24
Board [7h 4d 3d 7d]
Seat 4: Krazy90 (button) (small blind) folded on the Turn
Seat 6: Arsenavet (big blind) collected ($11.76)


PokerStars Hand #169772508100:  Hold'em Limit ($3/$6 USD) - 2017/04/30 14:39:03 ET
Table 'May II' 6-max Seat #6 is the button
Seat 4: Krazy90 ($120 in chips)
Seat 6: Arsenavet ($245.57 in chips)
Arsenavet: posts small blind $1
Krazy90: posts big blind $3
*** HOLE CARDS ***
Arsenavet: raises $3 to $6
Krazy90: folds
Uncalled bet ($3) returned to Arsenavet
Arsenavet collected $6 from pot
Arsenavet: doesn't show hand
*** SUMMARY ***
Total pot $6 | Rake $0
Seat 4: Krazy90 (big blind) folded before Flop
Seat 6: Arsenavet (button) (small blind) collected ($6)


PokerStars Hand #169772514032:  Hold'em Limit ($3/$6 USD) - 2017/04/30 14:39:10 ET
Table 'May II' 6-max Seat #4 is the button
Seat 4: Krazy90 ($120 in chips)
Seat 6: Arsenavet ($248.57 in chips)
Krazy90: posts small blind $1
Arsenavet: posts big blind $3
*** HOLE CARDS ***
Krazy90: raises $3 to $6
Arsenavet: calls $3
*** FLOP *** [2c Td 5d]
Arsenavet: checks
Krazy90: bets $3
Arsenavet: calls $3
*** TURN *** [2c Td 5d] [7s]
Arsenavet: bets $6
Krazy90: calls $6
*** RIVER *** [2c Td 5d 7s] [Jh]
Arsenavet: checks
Krazy90: checks
*** SHOW DOWN ***
Arsenavet: shows [6c 8c] (high card Jack)
Krazy90: shows [7h 8s] (a pair of Sevens)
Krazy90 collected $29.50 from pot
*** SUMMARY ***
Total pot $30 | Rake $0.50
Board [2c Td 5d 7s Jh]
Seat 4: Krazy90 (button) (small blind) showed [7h 8s] and won ($29.50) with a pair of Sevens
Seat 6: Arsenavet (big blind) showed [6c 8c] and lost with high card Jack


PokerStars Hand #169772533146:  Hold'em Limit ($3/$6 USD) - 2017/04/30 14:39:31 ET
Table 'May II' 6-max Seat #6 is the button
Seat 4: Krazy90 ($134.50 in chips)
Seat 6: Arsenavet ($233.57 in chips)
Arsenavet: posts small blind $1
Krazy90: posts big blind $3
*** HOLE CARDS ***
Arsenavet: raises $3 to $6
Krazy90: calls $3
*** FLOP *** [6c 2d 3c]
Krazy90: checks
Arsenavet: bets $3
Scheubi88 leaves the table
Krazy90: raises $3 to $6
Arsenavet: calls $3
*** TURN *** [6c 2d 3c] [5h]
Krazy90: bets $6
Arsenavet: calls $6
*** RIVER *** [6c 2d 3c 5h] [Js]
Krazy90: bets $6
Arsenavet: calls $6
*** SHOW DOWN ***
Krazy90: shows [7d 4c] (a straight, Three to Seven)
Arsenavet: mucks hand
Krazy90 collected $47.50 from pot
*** SUMMARY ***
Total pot $48 | Rake $0.50
Board [6c 2d 3c 5h Js]
Seat 4: Krazy90 (big blind) showed [7d 4c] and won ($47.50) with a straight, Three to Seven
Seat 6: Arsenavet (button) (small blind) mucked


PokerStars Hand #169772555686:  Hold'em Limit ($3/$6 USD) - 2017/04/30 14:39:56 ET
Table 'May II' 6-max Seat #4 is the button
Seat 4: Krazy90 ($158 in chips)
Seat 6: Arsenavet ($209.57 in chips)
Krazy90: posts small blind $1
Arsenavet: posts big blind $3
*** HOLE CARDS ***
Krazy90: raises $3 to $6
Arsenavet: folds
Uncalled bet ($3) returned to Krazy90
Krazy90 collected $6 from pot
Krazy90: doesn't show hand
*** SUMMARY ***
Total pot $6 | Rake $0
Seat 4: Krazy90 (button) (small blind) collected ($6)
Seat 6: Arsenavet (big blind) folded before Flop


PokerStars Hand #169772566778:  Hold'em Limit ($3/$6 USD) - 2017/04/30 14:40:08 ET
Table 'May II' 6-max Seat #4 is the button
Seat 4: Krazy90 ($162 in chips)
Seat 6: Arsenavet ($205.57 in chips)
Krazy90: posts small blind $1
Arsenavet: posts big blind $3
*** HOLE CARDS ***
Krazy90: raises $3 to $6
Arsenavet: folds
Uncalled bet ($3) returned to Krazy90
Krazy90 collected $6 from pot
Krazy90: doesn't show hand
*** SUMMARY ***
Total pot $6 | Rake $0
Seat 4: Krazy90 (button) (small blind) collected ($6)
Seat 6: Arsenavet (big blind) folded before Flop


PokerStars Hand #169772561680:  Hold'em Limit ($3/$6 USD) - 2017/04/30 14:40:02 ET
Table 'May II' 6-max Seat #6 is the button
Seat 4: Krazy90 ($161 in chips)
Seat 6: Arsenavet ($206.57 in chips)
Arsenavet: posts small blind $1
Krazy90: posts big blind $3
*** HOLE CARDS ***
Arsenavet: folds
Uncalled bet ($2) returned to Krazy90
Krazy90 collected $2 from pot
Krazy90: doesn't show hand
*** SUMMARY ***
Total pot $2 | Rake $0
Seat 4: Krazy90 (big blind) collected ($2)
Seat 6: Arsenavet (button) (small blind) folded before Flop


PokerStars Hand #169772573907:  Hold'em Limit ($3/$6 USD) - 2017/04/30 14:40:16 ET
Table 'May II' 6-max Seat #6 is the button
Seat 4: Krazy90 ($165 in chips)
Seat 6: Arsenavet ($202.57 in chips)
Arsenavet: posts small blind $1
Krazy90: posts big blind $3
*** HOLE CARDS ***
Arsenavet: calls $2
Krazy90: checks
*** FLOP *** [4d Qd 8s]
Krazy90: checks
Arsenavet: bets $3
Krazy90: folds
Uncalled bet ($3) returned to Arsenavet
Arsenavet collected $5.88 from pot
Arsenavet: doesn't show hand
*** SUMMARY ***
Total pot $6 | Rake $0.12
Board [4d Qd 8s]
Seat 4: Krazy90 (big blind) folded on the Flop
Seat 6: Arsenavet (button) (small blind) collected ($5.88)


PokerStars Hand #169772592304:  Hold'em Limit ($3/$6 USD) - 2017/04/30 14:40:36 ET
Table 'May II' 6-max Seat #4 is the button
Seat 4: Krazy90 ($162 in chips)
Seat 6: Arsenavet ($205.45 in chips)
Krazy90: posts small blind $1
Arsenavet: posts big blind $3
*** HOLE CARDS ***
Krazy90: folds
Uncalled bet ($2) returned to Arsenavet
Arsenavet collected $2 from pot
Arsenavet: doesn't show hand
*** SUMMARY ***
Total pot $2 | Rake $0
Seat 4: Krazy90 (button) (small blind) folded before Flop
Seat 6: Arsenavet (big blind) collected ($2)


PokerStars Hand #169772599119:  Hold'em Limit ($3/$6 USD) - 2017/04/30 14:40:44 ET
Table 'May II' 6-max Seat #6 is the button
Seat 4: Krazy90 ($161 in chips)
Seat 6: Arsenavet ($206.45 in chips)
Arsenavet: posts small blind $1
Krazy90: posts big blind $3
*** HOLE CARDS ***
Arsenavet: raises $3 to $6
Krazy90: folds
Uncalled bet ($3) returned to Arsenavet
Arsenavet collected $6 from pot
Arsenavet: doesn't show hand
*** SUMMARY ***
Total pot $6 | Rake $0
Seat 4: Krazy90 (big blind) folded before Flop
Seat 6: Arsenavet (button) (small blind) collected ($6)


PokerStars Hand #169772603932:  Hold'em Limit ($3/$6 USD) - 2017/04/30 14:40:49 ET
Table 'May II' 6-max Seat #4 is the button
Seat 4: Krazy90 ($158 in chips)
Seat 6: Arsenavet ($209.45 in chips)
Krazy90: posts small blind $1
Arsenavet: posts big blind $3
*** HOLE CARDS ***
Krazy90: calls $2
Arsenavet: checks
*** FLOP *** [Th Kd Qs]
Arsenavet: checks
Krazy90: bets $3
Arsenavet: folds
Uncalled bet ($3) returned to Krazy90
Krazy90 collected $5.88 from pot
Krazy90: doesn't show hand
*** SUMMARY ***
Total pot $6 | Rake $0.12
Board [Th Kd Qs]
Seat 4: Krazy90 (button) (small blind) collected ($5.88)
Seat 6: Arsenavet (big blind) folded on the Flop


PokerStars Hand #169772617384:  Hold'em Limit ($3/$6 USD) - 2017/04/30 14:41:04 ET
Table 'May II' 6-max Seat #6 is the button
Seat 4: Krazy90 ($160.88 in chips)
Seat 6: Arsenavet ($206.45 in chips)
Arsenavet: posts small blind $1
Krazy90: posts big blind $3
*** HOLE CARDS ***
Arsenavet: raises $3 to $6
Krazy90: calls $3
*** FLOP *** [7h 3h Ac]
Krazy90: checks
Arsenavet: bets $3
Krazy90: calls $3
*** TURN *** [7h 3h Ac] [6d]
Krazy90: checks
Arsenavet: bets $6
Krazy90: calls $6
*** RIVER *** [7h 3h Ac 6d] [6c]
Krazy90: checks
Arsenavet: bets $6
Krazy90: calls $6
*** SHOW DOWN ***
Arsenavet: shows [Qc Ah] (two pair, Aces and Sixes)
Krazy90: mucks hand
Arsenavet collected $41.50 from pot
*** SUMMARY ***
Total pot $42 | Rake $0.50
Board [7h 3h Ac 6d 6c]
Seat 4: Krazy90 (big blind) mucked
Seat 6: Arsenavet (button) (small blind) showed [Qc Ah] and won ($41.50) with two pair, Aces and Sixes


PokerStars Hand #169772636845:  Hold'em Limit ($3/$6 USD) - 2017/04/30 14:41:25 ET
Table 'May II' 6-max Seat #4 is the button
Seat 4: Krazy90 ($139.88 in chips)
Seat 6: Arsenavet ($226.95 in chips)
Krazy90: posts small blind $1
Arsenavet: posts big blind $3
*** HOLE CARDS ***
Krazy90: calls $2
Arsenavet: checks
*** FLOP *** [4h Js 6h]
Arsenavet: checks
Krazy90: checks
*** TURN *** [4h Js 6h] [Ks]
Arsenavet: checks
Krazy90: checks
*** RIVER *** [4h Js 6h Ks] [Kc]
Arsenavet: checks
Krazy90: checks
*** SHOW DOWN ***
Arsenavet: shows [Th 5d] (a pair of Kings)
Krazy90: mucks hand
Arsenavet collected $5.88 from pot
*** SUMMARY ***
Total pot $6 | Rake $0.12
Board [4h Js 6h Ks Kc]
Seat 4: Krazy90 (button) (small blind) mucked
Seat 6: Arsenavet (big blind) showed [Th 5d] and won ($5.88) with a pair of Kings


PokerStars Hand #169772655867:  Hold'em Limit ($3/$6 USD) - 2017/04/30 14:41:46 ET
Table 'May II' 6-max Seat #6 is the button
Seat 4: Krazy90 ($136.88 in chips)
Seat 6: Arsenavet ($229.83 in chips)
Arsenavet: posts small blind $1
Krazy90: posts big blind $3
*** HOLE CARDS ***
Arsenavet: calls $2
Krazy90: checks
*** FLOP *** [9c 7h 8h]
Krazy90: checks
Arsenavet: bets $3
Krazy90: calls $3
*** TURN *** [9c 7h 8h] [6d]
Krazy90: checks
Arsenavet: checks
*** RIVER *** [9c 7h 8h 6d] [7d]
Krazy90: checks
Arsenavet: bets $6
Krazy90: calls $6
*** SHOW DOWN ***
Arsenavet: shows [7c 6s] (a full house, Sevens full of Sixes)
Krazy90: mucks hand
Arsenavet collected $23.52 from pot
*** SUMMARY ***
Total pot $24 | Rake $0.48
Board [9c 7h 8h 6d 7d]
Seat 4: Krazy90 (big blind) mucked
Seat 6: Arsenavet (button) (small blind) showed [7c 6s] and won ($23.52) with a full house, Sevens full of Sixes


PokerStars Hand #169772671055:  Hold'em Limit ($3/$6 USD) - 2017/04/30 14:42:02 ET
Table 'May II' 6-max Seat #4 is the button
Seat 4: Krazy90 ($124.88 in chips)
Seat 6: Arsenavet ($241.35 in chips)
Krazy90: posts small blind $1
Arsenavet: posts big blind $3
*** HOLE CARDS ***
Krazy90: folds
Uncalled bet ($2) returned to Arsenavet
Arsenavet collected $2 from pot
Arsenavet: doesn't show hand
*** SUMMARY ***
Total pot $2 | Rake $0
Seat 4: Krazy90 (button) (small blind) folded before Flop
Seat 6: Arsenavet (big blind) collected ($2)


PokerStars Hand #169772689166:  Hold'em Limit ($3/$6 USD) - 2017/04/30 14:42:22 ET
Table 'May II' 6-max Seat #4 is the button
Seat 4: Krazy90 ($135.40 in chips)
Seat 6: Arsenavet ($230.35 in chips)
Krazy90: posts small blind $1
Arsenavet: posts big blind $3
*** HOLE CARDS ***
Krazy90: raises $3 to $6
Arsenavet: folds
Uncalled bet ($3) returned to Krazy90
Krazy90 collected $6 from pot
Krazy90: doesn't show hand
*** SUMMARY ***
Total pot $6 | Rake $0
Seat 4: Krazy90 (button) (small blind) collected ($6)
Seat 6: Arsenavet (big blind) folded before Flop


PokerStars Hand #169772676583:  Hold'em Limit ($3/$6 USD) - 2017/04/30 14:42:09 ET
Table 'May II' 6-max Seat #6 is the button
Seat 4: Krazy90 ($123.88 in chips)
Seat 6: Arsenavet ($242.35 in chips)
Arsenavet: posts small blind $1
Krazy90: posts big blind $3
*** HOLE CARDS ***
Arsenavet: raises $3 to $6
Krazy90: calls $3
*** FLOP *** [2d As Ac]
Krazy90: checks
Arsenavet: checks
*** TURN *** [2d As Ac] [Js]
Krazy90: checks
Arsenavet: bets $6
Krazy90: calls $6
*** RIVER *** [2d As Ac Js] [Td]
Krazy90: checks
Arsenavet: checks
*** SHOW DOWN ***
Krazy90: shows [4h Jh] (two pair, Aces and Jacks)
Arsenavet: mucks hand
Krazy90 collected $23.52 from pot
*** SUMMARY ***
Total pot $24 | Rake $0.48
Board [2d As Ac Js Td]
Seat 4: Krazy90 (big blind) showed [4h Jh] and won ($23.52) with two pair, Aces and Jacks
Seat 6: Arsenavet (button) (small blind) mucked


PokerStars Hand #169772693320:  Hold'em Limit ($3/$6 USD) - 2017/04/30 14:42:27 ET
Table 'May II' 6-max Seat #6 is the button
Seat 4: Krazy90 ($138.40 in chips)
Seat 6: Arsenavet ($227.35 in chips)
Arsenavet: posts small blind $1
Krazy90: posts big blind $3
*** HOLE CARDS ***
Arsenavet: raises $3 to $6
Krazy90: calls $3
*** FLOP *** [Qc Qd Kd]
Krazy90: checks
Arsenavet: bets $3
Krazy90: calls $3
*** TURN *** [Qc Qd Kd] [Td]
Krazy90: checks
Arsenavet: checks
*** RIVER *** [Qc Qd Kd Td] [8h]
Krazy90: checks
Arsenavet: bets $6
Krazy90: folds
Uncalled bet ($6) returned to Arsenavet
Arsenavet collected $17.64 from pot
Arsenavet: doesn't show hand
*** SUMMARY ***
Total pot $18 | Rake $0.36
Board [Qc Qd Kd Td 8h]
Seat 4: Krazy90 (big blind) folded on the River
Seat 6: Arsenavet (button) (small blind) collected ($17.64)


