PokerStars Hand #156266628710:  Hold'em Limit ($3/$6 USD) - 2016/07/21 15:25:22 ET
Table 'May' 6-max Seat #1 is the button
Seat 1: SALZHERZ ($134.50 in chips)
Seat 3: IzGulaga ($59.83 in chips)
SALZHERZ: posts small blind $1
IzGulaga: posts big blind $3
*** HOLE CARDS ***
SALZHERZ: raises $3 to $6
IzGulaga: raises $3 to $9
SALZHERZ: calls $3
*** FLOP *** [9s 8c 7d]
vestimokrec joins the table at seat #4
IzGulaga: bets $3
SALZHERZ: folds
Uncalled bet ($3) returned to IzGulaga
IzGulaga collected $17.64 from pot
IzGulaga: doesn't show hand
*** SUMMARY ***
Total pot $18 | Rake $0.36
Board [9s 8c 7d]
Seat 1: SALZHERZ (button) (small blind) folded on the Flop
Seat 3: IzGulaga (big blind) collected ($17.64)


PokerStars Hand #156266625166:  Hold'em Limit ($3/$6 USD) - 2016/07/21 15:25:18 ET
Table 'May' 6-max Seat #3 is the button
Seat 1: SALZHERZ ($133.50 in chips)
Seat 3: IzGulaga ($60.83 in chips)
IzGulaga: posts small blind $1
SALZHERZ: posts big blind $3
*** HOLE CARDS ***
IzGulaga: folds
Uncalled bet ($2) returned to SALZHERZ
SALZHERZ collected $2 from pot
SALZHERZ: doesn't show hand
*** SUMMARY ***
Total pot $2 | Rake $0
Seat 1: SALZHERZ (big blind) collected ($2)
Seat 3: IzGulaga (button) (small blind) folded before Flop


PokerStars Hand #156266621356:  Hold'em Limit ($3/$6 USD) - 2016/07/21 15:25:13 ET
Table 'May' 6-max Seat #1 is the button
Seat 1: SALZHERZ ($134.50 in chips)
Seat 3: IzGulaga ($59.83 in chips)
SALZHERZ: posts small blind $1
IzGulaga: posts big blind $3
*** HOLE CARDS ***
SALZHERZ: folds
Uncalled bet ($2) returned to IzGulaga
IzGulaga collected $2 from pot
IzGulaga: doesn't show hand
*** SUMMARY ***
Total pot $2 | Rake $0
Seat 1: SALZHERZ (button) (small blind) folded before Flop
Seat 3: IzGulaga (big blind) collected ($2)


PokerStars Hand #156266602715:  Hold'em Limit ($3/$6 USD) - 2016/07/21 15:24:50 ET
Table 'May' 6-max Seat #3 is the button
Seat 1: SALZHERZ ($99 in chips)
Seat 3: IzGulaga ($95.83 in chips)
IzGulaga: posts small blind $1
SALZHERZ: posts big blind $3
*** HOLE CARDS ***
IzGulaga: raises $3 to $6
SALZHERZ: raises $3 to $9
IzGulaga: calls $3
*** FLOP *** [4s 5d 3d]
SALZHERZ: bets $3
IzGulaga: calls $3
*** TURN *** [4s 5d 3d] [Ad]
SALZHERZ: bets $6
IzGulaga: raises $6 to $12
SALZHERZ: raises $6 to $18
IzGulaga: calls $6
*** RIVER *** [4s 5d 3d Ad] [6d]
SALZHERZ: bets $6
IzGulaga: calls $6
*** SHOW DOWN ***
SALZHERZ: shows [Kd Td] (a flush, Ace high)
IzGulaga: mucks hand
SALZHERZ collected $71.50 from pot
*** SUMMARY ***
Total pot $72 | Rake $0.50
Board [4s 5d 3d Ad 6d]
Seat 1: SALZHERZ (big blind) showed [Kd Td] and won ($71.50) with a flush, Ace high
Seat 3: IzGulaga (button) (small blind) mucked


PokerStars Hand #156266584689:  Hold'em Limit ($3/$6 USD) - 2016/07/21 15:24:28 ET
Table 'May' 6-max Seat #1 is the button
Seat 1: SALZHERZ ($120 in chips)
Seat 3: IzGulaga ($75.33 in chips)
SALZHERZ: posts small blind $1
IzGulaga: posts big blind $3
*** HOLE CARDS ***
SALZHERZ: raises $3 to $6
IzGulaga: raises $3 to $9
SALZHERZ: calls $3
*** FLOP *** [Jc 9s 9d]
IzGulaga: checks
SALZHERZ: checks
*** TURN *** [Jc 9s 9d] [8c]
IzGulaga: bets $6
SALZHERZ: calls $6
*** RIVER *** [Jc 9s 9d 8c] [Ac]
IzGulaga: bets $6
SALZHERZ: calls $6
*** SHOW DOWN ***
IzGulaga: shows [Qc Ad] (two pair, Aces and Nines)
SALZHERZ: mucks hand
IzGulaga collected $41.50 from pot
*** SUMMARY ***
Total pot $42 | Rake $0.50
Board [Jc 9s 9d 8c Ac]
Seat 1: SALZHERZ (button) (small blind) mucked
Seat 3: IzGulaga (big blind) showed [Qc Ad] and won ($41.50) with two pair, Aces and Nines


PokerStars Hand #156266673835:  Hold'em Limit ($3/$6 USD) - 2016/07/21 15:26:16 ET
Table 'May' 6-max Seat #3 is the button
Seat 1: SALZHERZ ($97.50 in chips)
Seat 3: IzGulaga ($95.73 in chips)
IzGulaga: posts small blind $1
SALZHERZ: posts big blind $3
*** HOLE CARDS ***
IzGulaga: raises $3 to $6
SALZHERZ: raises $3 to $9
IzGulaga: raises $3 to $12
Betting is capped
SALZHERZ: calls $3
*** FLOP *** [Th Qh 7h]
SALZHERZ: checks
IzGulaga: checks
*** TURN *** [Th Qh 7h] [4c]
SALZHERZ: checks
IzGulaga: bets $6
SALZHERZ: calls $6
*** RIVER *** [Th Qh 7h 4c] [8s]
SALZHERZ: checks
IzGulaga: bets $6
SALZHERZ: folds
Uncalled bet ($6) returned to IzGulaga
IzGulaga collected $35.50 from pot
IzGulaga: doesn't show hand
*** SUMMARY ***
Total pot $36 | Rake $0.50
Board [Th Qh 7h 4c 8s]
Seat 1: SALZHERZ (big blind) folded on the River
Seat 3: IzGulaga (button) (small blind) collected ($35.50)


PokerStars Hand #156266669155:  Hold'em Limit ($3/$6 USD) - 2016/07/21 15:26:11 ET
Table 'May' 6-max Seat #1 is the button
Seat 1: SALZHERZ ($94.50 in chips)
Seat 3: IzGulaga ($98.73 in chips)
SALZHERZ: posts small blind $1
IzGulaga: posts big blind $3
*** HOLE CARDS ***
SALZHERZ: raises $3 to $6
IzGulaga: folds
Uncalled bet ($3) returned to SALZHERZ
SALZHERZ collected $6 from pot
SALZHERZ: doesn't show hand
*** SUMMARY ***
Total pot $6 | Rake $0
Seat 1: SALZHERZ (button) (small blind) collected ($6)
Seat 3: IzGulaga (big blind) folded before Flop


PokerStars Hand #156266656821:  Hold'em Limit ($3/$6 USD) - 2016/07/21 15:25:56 ET
Table 'May' 6-max Seat #3 is the button
Seat 1: SALZHERZ ($118.50 in chips)
Seat 3: IzGulaga ($75.23 in chips)
IzGulaga: posts small blind $1
SALZHERZ: posts big blind $3
*** HOLE CARDS ***
IzGulaga: raises $3 to $6
SALZHERZ: raises $3 to $9
IzGulaga: calls $3
*** FLOP *** [9d 3c Kc]
SALZHERZ: bets $3
IzGulaga: calls $3
*** TURN *** [9d 3c Kc] [4c]
SALZHERZ: bets $6
IzGulaga: calls $6
*** RIVER *** [9d 3c Kc 4c] [7c]
SALZHERZ: bets $6
IzGulaga: calls $6
*** SHOW DOWN ***
SALZHERZ: shows [7d 7s] (three of a kind, Sevens)
IzGulaga: shows [Ad 8c] (a flush, King high)
IzGulaga collected $47.50 from pot
*** SUMMARY ***
Total pot $48 | Rake $0.50
Board [9d 3c Kc 4c 7c]
Seat 1: SALZHERZ (big blind) showed [7d 7s] and lost with three of a kind, Sevens
Seat 3: IzGulaga (button) (small blind) showed [Ad 8c] and won ($47.50) with a flush, King high


PokerStars Hand #156266652937:  Hold'em Limit ($3/$6 USD) - 2016/07/21 15:25:51 ET
Table 'May' 6-max Seat #1 is the button
Seat 1: SALZHERZ ($119.50 in chips)
Seat 3: IzGulaga ($74.23 in chips)
SALZHERZ: posts small blind $1
IzGulaga: posts big blind $3
*** HOLE CARDS ***
SALZHERZ: folds
Uncalled bet ($2) returned to IzGulaga
IzGulaga collected $2 from pot
IzGulaga: doesn't show hand
*** SUMMARY ***
Total pot $2 | Rake $0
Seat 1: SALZHERZ (button) (small blind) folded before Flop
Seat 3: IzGulaga (big blind) collected ($2)


PokerStars Hand #156266638200:  Hold'em Limit ($3/$6 USD) - 2016/07/21 15:25:33 ET
Table 'May' 6-max Seat #3 is the button
Seat 1: SALZHERZ ($125.50 in chips)
Seat 3: IzGulaga ($68.47 in chips)
IzGulaga: posts small blind $1
SALZHERZ: posts big blind $3
*** HOLE CARDS ***
IzGulaga: raises $3 to $6
SALZHERZ: calls $3
*** FLOP *** [5s Jh Jd]
SALZHERZ: checks
IzGulaga: checks
*** TURN *** [5s Jh Jd] [2h]
SALZHERZ: checks
IzGulaga: bets $6
SALZHERZ: folds
Uncalled bet ($6) returned to IzGulaga
IzGulaga collected $11.76 from pot
IzGulaga: doesn't show hand
*** SUMMARY ***
Total pot $12 | Rake $0.24
Board [5s Jh Jd 2h]
Seat 1: SALZHERZ (big blind) folded on the Turn
Seat 3: IzGulaga (button) (small blind) collected ($11.76)


PokerStars Hand #156266741232:  Hold'em Limit ($3/$6 USD) - 2016/07/21 15:27:26 ET
Table 'May' 6-max Seat #1 is the button
Seat 1: SALZHERZ ($71.38 in chips)
Seat 3: IzGulaga ($120.73 in chips)
SALZHERZ: posts small blind $1
IzGulaga: posts big blind $3
*** HOLE CARDS ***
SALZHERZ: folds
Uncalled bet ($2) returned to IzGulaga
IzGulaga collected $2 from pot
IzGulaga: doesn't show hand
*** SUMMARY ***
Total pot $2 | Rake $0
Seat 1: SALZHERZ (button) (small blind) folded before Flop
Seat 3: IzGulaga (big blind) collected ($2)


PokerStars Hand #156266730972:  Hold'em Limit ($3/$6 USD) - 2016/07/21 15:27:13 ET
Table 'May' 6-max Seat #3 is the button
Seat 1: SALZHERZ ($68.50 in chips)
Seat 3: IzGulaga ($123.73 in chips)
IzGulaga: posts small blind $1
SALZHERZ: posts big blind $3
*** HOLE CARDS ***
IzGulaga: calls $2
SALZHERZ: checks
*** FLOP *** [6c 5h Td]
SALZHERZ: checks
IzGulaga: checks
*** TURN *** [6c 5h Td] [7h]
SALZHERZ: bets $6
IzGulaga: folds
Uncalled bet ($6) returned to SALZHERZ
SALZHERZ collected $5.88 from pot
SALZHERZ: doesn't show hand
*** SUMMARY ***
Total pot $6 | Rake $0.12
Board [6c 5h Td 7h]
Seat 1: SALZHERZ (big blind) collected ($5.88)
Seat 3: IzGulaga (button) (small blind) folded on the Turn


PokerStars Hand #156266754067:  Hold'em Limit ($3/$6 USD) - 2016/07/21 15:27:41 ET
Table 'May' 6-max Seat #3 is the button
Seat 1: SALZHERZ ($66.38 in chips)
Seat 3: IzGulaga ($125.73 in chips)
IzGulaga: posts small blind $1
SALZHERZ: posts big blind $3
*** HOLE CARDS ***
IzGulaga: raises $3 to $6
SALZHERZ: calls $3
*** FLOP *** [2c Js Ks]
SALZHERZ: checks
IzGulaga: bets $3
SALZHERZ: calls $3
*** TURN *** [2c Js Ks] [5s]
SALZHERZ: checks
IzGulaga: bets $6
Actionni13 joins the table at seat #2
SALZHERZ: calls $6
*** RIVER *** [2c Js Ks 5s] [Qh]
vestimokrec was removed from the table for failing to post
GoliafUa was removed from the table for failing to post
SALZHERZ: checks
IzGulaga: bets $6
SALZHERZ: calls $6
*** SHOW DOWN ***
IzGulaga: shows [Ac Kc] (a pair of Kings)
SALZHERZ: mucks hand
IzGulaga collected $41.50 from pot
*** SUMMARY ***
Total pot $42 | Rake $0.50
Board [2c Js Ks 5s Qh]
Seat 1: SALZHERZ (big blind) mucked
Seat 3: IzGulaga (button) (small blind) showed [Ac Kc] and won ($41.50) with a pair of Kings


PokerStars Hand #156266750425:  Hold'em Limit ($3/$6 USD) - 2016/07/21 15:27:37 ET
Table 'May' 6-max Seat #1 is the button
Seat 1: SALZHERZ ($67.38 in chips)
Seat 3: IzGulaga ($124.73 in chips)
SALZHERZ: posts small blind $1
IzGulaga: posts big blind $3
*** HOLE CARDS ***
SALZHERZ: folds
Uncalled bet ($2) returned to IzGulaga
IzGulaga collected $2 from pot
IzGulaga: doesn't show hand
*** SUMMARY ***
Total pot $2 | Rake $0
Seat 1: SALZHERZ (button) (small blind) folded before Flop
Seat 3: IzGulaga (big blind) collected ($2)


PokerStars Hand #156266745132:  Hold'em Limit ($3/$6 USD) - 2016/07/21 15:27:30 ET
Table 'May' 6-max Seat #3 is the button
Seat 1: SALZHERZ ($70.38 in chips)
Seat 3: IzGulaga ($121.73 in chips)
IzGulaga: posts small blind $1
SALZHERZ: posts big blind $3
*** HOLE CARDS ***
IzGulaga: raises $3 to $6
SALZHERZ: folds
Uncalled bet ($3) returned to IzGulaga
IzGulaga collected $6 from pot
IzGulaga: doesn't show hand
*** SUMMARY ***
Total pot $6 | Rake $0
Seat 1: SALZHERZ (big blind) folded before Flop
Seat 3: IzGulaga (button) (small blind) collected ($6)


PokerStars Hand #156266701610:  Hold'em Limit ($3/$6 USD) - 2016/07/21 15:26:38 ET
Table 'May' 6-max Seat #1 is the button
Seat 1: SALZHERZ ($79.50 in chips)
Seat 3: IzGulaga ($113.23 in chips)
SALZHERZ: posts small blind $1
IzGulaga: posts big blind $3
*** HOLE CARDS ***
SALZHERZ: folds
Uncalled bet ($2) returned to IzGulaga
IzGulaga collected $2 from pot
IzGulaga: doesn't show hand
*** SUMMARY ***
Total pot $2 | Rake $0
Seat 1: SALZHERZ (button) (small blind) folded before Flop
Seat 3: IzGulaga (big blind) collected ($2)


PokerStars Hand #156266705531:  Hold'em Limit ($3/$6 USD) - 2016/07/21 15:26:43 ET
Table 'May' 6-max Seat #3 is the button
Seat 1: SALZHERZ ($78.50 in chips)
Seat 3: IzGulaga ($114.23 in chips)
IzGulaga: posts small blind $1
SALZHERZ: posts big blind $3
*** HOLE CARDS ***
IzGulaga: folds
Uncalled bet ($2) returned to SALZHERZ
SALZHERZ collected $2 from pot
SALZHERZ: doesn't show hand
*** SUMMARY ***
Total pot $2 | Rake $0
Seat 1: SALZHERZ (big blind) collected ($2)
Seat 3: IzGulaga (button) (small blind) folded before Flop


PokerStars Hand #156266711597:  Hold'em Limit ($3/$6 USD) - 2016/07/21 15:26:50 ET
Table 'May' 6-max Seat #1 is the button
Seat 1: SALZHERZ ($79.50 in chips)
Seat 3: IzGulaga ($113.23 in chips)
SALZHERZ: posts small blind $1
IzGulaga: posts big blind $3
*** HOLE CARDS ***
SALZHERZ: raises $3 to $6
IzGulaga: calls $3
*** FLOP *** [6h Kc 9s]
IzGulaga: checks
SALZHERZ: bets $3
IzGulaga: calls $3
*** TURN *** [6h Kc 9s] [7h]
IzGulaga: checks
SALZHERZ: checks
*** RIVER *** [6h Kc 9s 7h] [As]
IzGulaga: bets $6
SALZHERZ: calls $6
*** SHOW DOWN ***
IzGulaga: shows [Kd Ts] (a pair of Kings)
SALZHERZ: mucks hand
IzGulaga collected $29.50 from pot
*** SUMMARY ***
Total pot $30 | Rake $0.50
Board [6h Kc 9s 7h As]
Seat 1: SALZHERZ (button) (small blind) mucked
Seat 3: IzGulaga (big blind) showed [Kd Ts] and won ($29.50) with a pair of Kings


PokerStars Hand #156267274902:  Hold'em Limit ($3/$6 USD) - 2016/07/21 15:38:12 ET
Table 'May' 6-max Seat #6 is the button
Seat 5: Hi Im Alexey ($99.28 in chips)
Seat 6: wobetting ($100.57 in chips)
wobetting: posts small blind $1
Actionni13: is sitting out
Hi Im Alexey: posts big blind $3
*** HOLE CARDS ***
wobetting: folds
Uncalled bet ($2) returned to Hi Im Alexey
Hi Im Alexey collected $2 from pot
*** SUMMARY ***
Total pot $2 | Rake $0
Seat 5: Hi Im Alexey (big blind) collected ($2)
Seat 6: wobetting (button) (small blind) folded before Flop


