PokerStars Hand #162666671753:  Hold'em Limit ($3/$6 USD) - 2016/12/09 11:41:23 ET
Table 'Mayall' 6-max Seat #4 is the button
Seat 1: Auge72 ($123 in chips)
Seat 4: Agrotait ($69 in chips)
Agrotait: posts small blind $1
Auge72: posts big blind $3
*** HOLE CARDS ***
Agrotait: raises $3 to $6
Auge72: raises $3 to $9
Agrotait: calls $3
*** FLOP *** [Ah 7h 8c]
Auge72: bets $3
Agrotait: calls $3
*** TURN *** [Ah 7h 8c] [9h]
Auge72: checks
Agrotait: bets $6
Auge72: calls $6
*** RIVER *** [Ah 7h 8c 9h] [As]
Auge72: checks
Agrotait: bets $6
Auge72: calls $6
*** SHOW DOWN ***
Agrotait: shows [Qd 8h] (two pair, Aces and Eights)
Auge72: shows [Qs 8s] (two pair, Aces and Eights)
Auge72 collected $23.75 from pot
Agrotait collected $23.75 from pot
*** SUMMARY ***
Total pot $48 | Rake $0.50
Board [Ah 7h 8c 9h As]
Seat 1: Auge72 (big blind) showed [Qs 8s] and won ($23.75) with two pair, Aces and Eights
Seat 4: Agrotait (button) (small blind) showed [Qd 8h] and won ($23.75) with two pair, Aces and Eights


PokerStars Hand #162666661662:  Hold'em Limit ($3/$6 USD) - 2016/12/09 11:41:10 ET
Table 'Mayall' 6-max Seat #1 is the button
Seat 1: Auge72 ($120 in chips)
Seat 4: Agrotait ($72 in chips)
Auge72: posts small blind $1
Agrotait: posts big blind $3
*** HOLE CARDS ***
Auge72: raises $3 to $6
RockKillerTY joins the table at seat #2
Agrotait: folds
Uncalled bet ($3) returned to Auge72
Auge72 collected $6 from pot
Auge72: doesn't show hand
*** SUMMARY ***
Total pot $6 | Rake $0
Seat 1: Auge72 (button) (small blind) collected ($6)
Seat 4: Agrotait (big blind) folded before Flop


PokerStars Hand #162668797398:  Hold'em Limit ($3/$6 USD) - 2016/12/09 12:26:17 ET
Table 'Mayall' 6-max Seat #1 is the button
Seat 1: feilinho ($330.80 in chips)
Seat 6: LolDnkaments ($96.20 in chips)
feilinho: posts small blind $1
LolDnkaments: posts big blind $3
*** HOLE CARDS ***
RockKillerTY leaves the table
feilinho: raises $3 to $6
LolDnkaments: raises $3 to $9
feilinho: calls $3
*** FLOP *** [Qd Ah 5d]
LolDnkaments: bets $3
feilinho: folds
Uncalled bet ($3) returned to LolDnkaments
LolDnkaments collected $17.64 from pot
LolDnkaments: doesn't show hand
*** SUMMARY ***
Total pot $18 | Rake $0.36
Board [Qd Ah 5d]
Seat 1: feilinho (button) (small blind) folded on the Flop
Seat 6: LolDnkaments (big blind) collected ($17.64)


PokerStars Hand #162675659674:  Hold'em Limit ($3/$6 USD) - 2016/12/09 14:36:57 ET
Table 'Mayall' 6-max Seat #3 is the button
Seat 3: liza3008 ($120 in chips)
Seat 4: vestimokrec ($120 in chips)
liza3008: posts small blind $1
vestimokrec: posts big blind $3
*** HOLE CARDS ***
liza3008: raises $3 to $6
vestimokrec: calls $3
*** FLOP *** [Jc Th Td]
vestimokrec: checks
liza3008: checks
*** TURN *** [Jc Th Td] [5c]
vestimokrec: bets $6
liza3008: calls $6
*** RIVER *** [Jc Th Td 5c] [6d]
vestimokrec: checks
liza3008: bets $6
vestimokrec: folds
Uncalled bet ($6) returned to liza3008
liza3008 collected $23.52 from pot
liza3008: doesn't show hand
*** SUMMARY ***
Total pot $24 | Rake $0.48
Board [Jc Th Td 5c 6d]
Seat 3: liza3008 (button) (small blind) collected ($23.52)
Seat 4: vestimokrec (big blind) folded on the River


PokerStars Hand #162675717961:  Hold'em Limit ($3/$6 USD) - 2016/12/09 14:38:00 ET
Table 'Mayall' 6-max Seat #3 is the button
Seat 3: liza3008 ($107.52 in chips)
Seat 4: vestimokrec ($131.50 in chips)
liza3008: posts small blind $1
vestimokrec: posts big blind $3
*** HOLE CARDS ***
liza3008: raises $3 to $6
vestimokrec: folds
Uncalled bet ($3) returned to liza3008
liza3008 collected $6 from pot
liza3008: doesn't show hand
*** SUMMARY ***
Total pot $6 | Rake $0
Seat 3: liza3008 (button) (small blind) collected ($6)
Seat 4: vestimokrec (big blind) folded before Flop


PokerStars Hand #162675681228:  Hold'em Limit ($3/$6 USD) - 2016/12/09 14:37:20 ET
Table 'Mayall' 6-max Seat #4 is the button
Seat 3: liza3008 ($131.52 in chips)
Seat 4: vestimokrec ($108 in chips)
vestimokrec: posts small blind $1
liza3008: posts big blind $3
*** HOLE CARDS ***
vestimokrec: raises $3 to $6
liza3008: raises $3 to $9
vestimokrec: calls $3
*** FLOP *** [Ac 9h 6c]
liza3008: bets $3
vestimokrec: calls $3
*** TURN *** [Ac 9h 6c] [7s]
liza3008: bets $6
vestimokrec: calls $6
*** RIVER *** [Ac 9h 6c 7s] [2c]
liza3008: bets $6
Auge72 joins the table at seat #6
vestimokrec: calls $6
*** SHOW DOWN ***
liza3008: shows [Qc Kd] (high card Ace)
vestimokrec: shows [6s Tc] (a pair of Sixes)
vestimokrec collected $47.50 from pot
*** SUMMARY ***
Total pot $48 | Rake $0.50
Board [Ac 9h 6c 7s 2c]
Seat 3: liza3008 (big blind) showed [Qc Kd] and lost with high card Ace
Seat 4: vestimokrec (button) (small blind) showed [6s Tc] and won ($47.50) with a pair of Sixes


PokerStars Hand #162677593740:  Hold'em Limit ($3/$6 USD) - 2016/12/09 15:12:07 ET
Table 'Mayall' 6-max Seat #5 is the button
Seat 3: silja4 ($152.70 in chips)
Seat 5: Chessnok ($144.37 in chips)
Chessnok: posts small blind $1
feilinho: is sitting out
silja4: posts big blind $3
*** HOLE CARDS ***
Chessnok: raises $3 to $6
silja4: calls $3
*** FLOP *** [8s 4c 8h]
feilinho leaves the table
silja4: checks
Chessnok: bets $3
silja4: raises $3 to $6
Chessnok: calls $3
*** TURN *** [8s 4c 8h] [Td]
silja4: bets $6
Chessnok: calls $6
*** RIVER *** [8s 4c 8h Td] [Kd]
silja4: checks
Chessnok: bets $6
silja4: folds
Uncalled bet ($6) returned to Chessnok
Chessnok collected $35.50 from pot
Chessnok: doesn't show hand
*** SUMMARY ***
Total pot $36 | Rake $0.50
Board [8s 4c 8h Td Kd]
Seat 3: silja4 (big blind) folded on the River
Seat 5: Chessnok (button) (small blind) collected ($35.50)


PokerStars Hand #162677622266:  Hold'em Limit ($3/$6 USD) - 2016/12/09 15:12:36 ET
Table 'Mayall' 6-max Seat #3 is the button
Seat 3: silja4 ($134.70 in chips)
Seat 5: Chessnok ($161.87 in chips)
silja4: posts small blind $1
Chessnok: posts big blind $3
*** HOLE CARDS ***
silja4: folds
Uncalled bet ($2) returned to Chessnok
Chessnok collected $2 from pot
Chessnok: doesn't show hand
*** SUMMARY ***
Total pot $2 | Rake $0
Seat 3: silja4 (button) (small blind) folded before Flop
Seat 5: Chessnok (big blind) collected ($2)


