PokerStars Hand #156544304436:  Hold'em Limit ($3/$6 USD) - 2016/07/28 7:04:04 ET
Table 'Mayall' 6-max Seat #2 is the button
Seat 1: VolkovDmitri ($120 in chips)
Seat 2: cornetc ($97.89 in chips)
cornetc: posts small blind $1
VolkovDmitri: posts big blind $3
*** HOLE CARDS ***
cornetc: raises $3 to $6
VolkovDmitri: raises $3 to $9
cornetc: calls $3
*** FLOP *** [Qs 6s 4c]
VolkovDmitri: bets $3
cornetc: raises $3 to $6
VolkovDmitri: calls $3
*** TURN *** [Qs 6s 4c] [Kc]
VolkovDmitri: checks
cornetc: checks
*** RIVER *** [Qs 6s 4c Kc] [9c]
VolkovDmitri: bets $6
cornetc: calls $6
*** SHOW DOWN ***
VolkovDmitri: shows [5h 5s] (a pair of Fives)
cornetc: shows [Qd 8d] (a pair of Queens)
cornetc collected $41.50 from pot
*** SUMMARY ***
Total pot $42 | Rake $0.50
Board [Qs 6s 4c Kc 9c]
Seat 1: VolkovDmitri (big blind) showed [5h 5s] and lost with a pair of Fives
Seat 2: cornetc (button) (small blind) showed [Qd 8d] and won ($41.50) with a pair of Queens


PokerStars Hand #156544296986:  Hold'em Limit ($3/$6 USD) - 2016/07/28 7:03:45 ET
Table 'Mayall' 6-max Seat #1 is the button
Seat 1: VolkovDmitri ($120 in chips)
Seat 2: cornetc ($83.39 in chips)
VolkovDmitri: posts small blind $1
cornetc: posts big blind $3
*** HOLE CARDS ***
VolkovDmitri: raises $3 to $6
cornetc: calls $3
*** FLOP *** [Jc 5c 3s]
cornetc: checks
VolkovDmitri: bets $3
cornetc: calls $3
*** TURN *** [Jc 5c 3s] [3c]
cornetc: checks
VolkovDmitri: bets $6
cornetc: raises $6 to $12
VolkovDmitri: folds
Uncalled bet ($6) returned to cornetc
cornetc collected $29.50 from pot
cornetc: doesn't show hand
*** SUMMARY ***
Total pot $30 | Rake $0.50
Board [Jc 5c 3s 3c]
Seat 1: VolkovDmitri (button) (small blind) folded on the Turn
Seat 2: cornetc (big blind) collected ($29.50)


PokerStars Hand #156544313272:  Hold'em Limit ($3/$6 USD) - 2016/07/28 7:04:26 ET
Table 'Mayall' 6-max Seat #1 is the button
Seat 1: VolkovDmitri ($120 in chips)
Seat 2: cornetc ($118.39 in chips)
VolkovDmitri: posts small blind $1
cornetc: posts big blind $3
*** HOLE CARDS ***
VolkovDmitri: raises $3 to $6
cornetc: raises $3 to $9
VolkovDmitri: calls $3
*** FLOP *** [4h Kc As]
cornetc: bets $3
VolkovDmitri: calls $3
*** TURN *** [4h Kc As] [2h]
cornetc: bets $6
VolkovDmitri: calls $6
*** RIVER *** [4h Kc As 2h] [3d]
cornetc: checks
VolkovDmitri: checks
*** SHOW DOWN ***
cornetc: shows [Ts Td] (a pair of Tens)
VolkovDmitri: shows [8d Ks] (a pair of Kings)
VolkovDmitri collected $35.50 from pot
*** SUMMARY ***
Total pot $36 | Rake $0.50
Board [4h Kc As 2h 3d]
Seat 1: VolkovDmitri (button) (small blind) showed [8d Ks] and won ($35.50) with a pair of Kings
Seat 2: cornetc (big blind) showed [Ts Td] and lost with a pair of Tens


PokerStars Hand #156544332649:  Hold'em Limit ($3/$6 USD) - 2016/07/28 7:05:13 ET
Table 'Mayall' 6-max Seat #1 is the button
Seat 1: VolkovDmitri ($165 in chips)
Seat 2: cornetc ($72.39 in chips)
VolkovDmitri: posts small blind $1
cornetc: posts big blind $3
*** HOLE CARDS ***
VolkovDmitri: raises $3 to $6
cornetc: calls $3
*** FLOP *** [2c 6c Tc]
cornetc: checks
VolkovDmitri: bets $3
cornetc: folds
Uncalled bet ($3) returned to VolkovDmitri
VolkovDmitri collected $11.76 from pot
VolkovDmitri: doesn't show hand
*** SUMMARY ***
Total pot $12 | Rake $0.24
Board [2c 6c Tc]
Seat 1: VolkovDmitri (button) (small blind) collected ($11.76)
Seat 2: cornetc (big blind) folded on the Flop


PokerStars Hand #156544330751:  Hold'em Limit ($3/$6 USD) - 2016/07/28 7:05:09 ET
Table 'Mayall' 6-max Seat #2 is the button
Seat 1: VolkovDmitri ($164 in chips)
Seat 2: cornetc ($73.39 in chips)
cornetc: posts small blind $1
VolkovDmitri: posts big blind $3
*** HOLE CARDS ***
cornetc: folds
Uncalled bet ($2) returned to VolkovDmitri
VolkovDmitri collected $2 from pot
VolkovDmitri: doesn't show hand
*** SUMMARY ***
Total pot $2 | Rake $0
Seat 1: VolkovDmitri (big blind) collected ($2)
Seat 2: cornetc (button) (small blind) folded before Flop


PokerStars Hand #156544328624:  Hold'em Limit ($3/$6 USD) - 2016/07/28 7:05:04 ET
Table 'Mayall' 6-max Seat #1 is the button
Seat 1: VolkovDmitri ($161 in chips)
Seat 2: cornetc ($76.39 in chips)
VolkovDmitri: posts small blind $1
cornetc: posts big blind $3
*** HOLE CARDS ***
VolkovDmitri: raises $3 to $6
cornetc: folds
Uncalled bet ($3) returned to VolkovDmitri
VolkovDmitri collected $6 from pot
VolkovDmitri: doesn't show hand
*** SUMMARY ***
Total pot $6 | Rake $0
Seat 1: VolkovDmitri (button) (small blind) collected ($6)
Seat 2: cornetc (big blind) folded before Flop


PokerStars Hand #156544342436:  Hold'em Limit ($3/$6 USD) - 2016/07/28 7:05:38 ET
Table 'Mayall' 6-max Seat #1 is the button
Seat 1: VolkovDmitri ($158.76 in chips)
Seat 2: cornetc ($77.91 in chips)
VolkovDmitri: posts small blind $1
cornetc: posts big blind $3
*** HOLE CARDS ***
VolkovDmitri: raises $3 to $6
cornetc: folds
Uncalled bet ($3) returned to VolkovDmitri
VolkovDmitri collected $6 from pot
VolkovDmitri: doesn't show hand
*** SUMMARY ***
Total pot $6 | Rake $0
Seat 1: VolkovDmitri (button) (small blind) collected ($6)
Seat 2: cornetc (big blind) folded before Flop


PokerStars Hand #156544336506:  Hold'em Limit ($3/$6 USD) - 2016/07/28 7:05:23 ET
Table 'Mayall' 6-max Seat #2 is the button
Seat 1: VolkovDmitri ($170.76 in chips)
Seat 2: cornetc ($66.39 in chips)
cornetc: posts small blind $1
VolkovDmitri: posts big blind $3
*** HOLE CARDS ***
cornetc: raises $3 to $6
VolkovDmitri: calls $3
*** FLOP *** [4h 5c 4s]
VolkovDmitri: checks
cornetc: checks
*** TURN *** [4h 5c 4s] [7s]
VolkovDmitri: bets $6
cornetc: calls $6
*** RIVER *** [4h 5c 4s 7s] [Ac]
VolkovDmitri: checks
cornetc: checks
*** SHOW DOWN ***
VolkovDmitri: shows [6d Jd] (a pair of Fours)
cornetc: shows [Qd Kc] (a pair of Fours - Ace+King kicker)
cornetc collected $23.52 from pot
*** SUMMARY ***
Total pot $24 | Rake $0.48
Board [4h 5c 4s 7s Ac]
Seat 1: VolkovDmitri (big blind) showed [6d Jd] and lost with a pair of Fours
Seat 2: cornetc (button) (small blind) showed [Qd Kc] and won ($23.52) with a pair of Fours


PokerStars Hand #156544321657:  Hold'em Limit ($3/$6 USD) - 2016/07/28 7:04:46 ET
Table 'Mayall' 6-max Seat #2 is the button
Seat 1: VolkovDmitri ($137.50 in chips)
Seat 2: cornetc ($100.39 in chips)
cornetc: posts small blind $1
VolkovDmitri: posts big blind $3
*** HOLE CARDS ***
cornetc: raises $3 to $6
VolkovDmitri: raises $3 to $9
cornetc: calls $3
*** FLOP *** [Ks Ad 9d]
VolkovDmitri: bets $3
cornetc: calls $3
*** TURN *** [Ks Ad 9d] [Td]
VolkovDmitri: checks
cornetc: bets $6
VolkovDmitri: calls $6
*** RIVER *** [Ks Ad 9d Td] [Qs]
VolkovDmitri: bets $6
cornetc: calls $6
*** SHOW DOWN ***
VolkovDmitri: shows [Jd Jh] (a straight, Ten to Ace)
cornetc: mucks hand
VolkovDmitri collected $47.50 from pot
*** SUMMARY ***
Total pot $48 | Rake $0.50
Board [Ks Ad 9d Td Qs]
Seat 1: VolkovDmitri (big blind) showed [Jd Jh] and won ($47.50) with a straight, Ten to Ace
Seat 2: cornetc (button) (small blind) mucked


PokerStars Hand #156544362717:  Hold'em Limit ($3/$6 USD) - 2016/07/28 7:06:28 ET
Table 'Mayall' 6-max Seat #1 is the button
Seat 1: VolkovDmitri ($164.26 in chips)
Seat 2: cornetc ($71.41 in chips)
VolkovDmitri: posts small blind $1
cornetc: posts big blind $3
*** HOLE CARDS ***
VolkovDmitri: raises $3 to $6
cornetc: calls $3
*** FLOP *** [7c Ts Ac]
cornetc: checks
VolkovDmitri: bets $3
cornetc: calls $3
*** TURN *** [7c Ts Ac] [8s]
cornetc: checks
VolkovDmitri: bets $6
cornetc: calls $6
*** RIVER *** [7c Ts Ac 8s] [Jc]
cornetc: checks
VolkovDmitri: checks
*** SHOW DOWN ***
cornetc: shows [8h Jh] (two pair, Jacks and Eights)
VolkovDmitri: shows [Ah Th] (two pair, Aces and Tens)
VolkovDmitri collected $29.50 from pot
*** SUMMARY ***
Total pot $30 | Rake $0.50
Board [7c Ts Ac 8s Jc]
Seat 1: VolkovDmitri (button) (small blind) showed [Ah Th] and won ($29.50) with two pair, Aces and Tens
Seat 2: cornetc (big blind) showed [8h Jh] and lost with two pair, Jacks and Eights


PokerStars Hand #156544353038:  Hold'em Limit ($3/$6 USD) - 2016/07/28 7:06:04 ET
Table 'Mayall' 6-max Seat #2 is the button
Seat 1: VolkovDmitri ($194.26 in chips)
Seat 2: cornetc ($41.91 in chips)
cornetc: posts small blind $1
VolkovDmitri: posts big blind $3
*** HOLE CARDS ***
cornetc: raises $3 to $6
VolkovDmitri: raises $3 to $9
cornetc: calls $3
*** FLOP *** [9c Ah 4c]
VolkovDmitri: bets $3
cornetc: calls $3
*** TURN *** [9c Ah 4c] [8c]
VolkovDmitri: bets $6
cornetc: raises $6 to $12
VolkovDmitri: calls $6
*** RIVER *** [9c Ah 4c 8c] [3c]
VolkovDmitri: checks
cornetc: bets $6
VolkovDmitri: calls $6
*** SHOW DOWN ***
cornetc: shows [Ac Ts] (a flush, Ace high)
VolkovDmitri: mucks hand
cornetc collected $59.50 from pot
*** SUMMARY ***
Total pot $60 | Rake $0.50
Board [9c Ah 4c 8c 3c]
Seat 1: VolkovDmitri (big blind) mucked
Seat 2: cornetc (button) (small blind) showed [Ac Ts] and won ($59.50) with a flush, Ace high


PokerStars Hand #156544369664:  Hold'em Limit ($3/$6 USD) - 2016/07/28 7:06:45 ET
Table 'Mayall' 6-max Seat #2 is the button
Seat 1: VolkovDmitri ($178.76 in chips)
Seat 2: cornetc ($56.41 in chips)
cornetc: posts small blind $1
VolkovDmitri: posts big blind $3
*** HOLE CARDS ***
cornetc: folds
Uncalled bet ($2) returned to VolkovDmitri
VolkovDmitri collected $2 from pot
VolkovDmitri: doesn't show hand
*** SUMMARY ***
Total pot $2 | Rake $0
Seat 1: VolkovDmitri (big blind) collected ($2)
Seat 2: cornetc (button) (small blind) folded before Flop


PokerStars Hand #156544350926:  Hold'em Limit ($3/$6 USD) - 2016/07/28 7:05:59 ET
Table 'Mayall' 6-max Seat #1 is the button
Seat 1: VolkovDmitri ($191.26 in chips)
Seat 2: cornetc ($44.91 in chips)
VolkovDmitri: posts small blind $1
cornetc: posts big blind $3
*** HOLE CARDS ***
VolkovDmitri: raises $3 to $6
cornetc: folds
Uncalled bet ($3) returned to VolkovDmitri
VolkovDmitri collected $6 from pot
VolkovDmitri: doesn't show hand
*** SUMMARY ***
Total pot $6 | Rake $0
Seat 1: VolkovDmitri (button) (small blind) collected ($6)
Seat 2: cornetc (big blind) folded before Flop


PokerStars Hand #156544344714:  Hold'em Limit ($3/$6 USD) - 2016/07/28 7:05:43 ET
Table 'Mayall' 6-max Seat #2 is the button
Seat 1: VolkovDmitri ($161.76 in chips)
Seat 2: cornetc ($74.91 in chips)
cornetc: posts small blind $1
VolkovDmitri: posts big blind $3
*** HOLE CARDS ***
cornetc: raises $3 to $6
VolkovDmitri: calls $3
*** FLOP *** [2h 9h 2d]
VolkovDmitri: checks
cornetc: checks
*** TURN *** [2h 9h 2d] [Qd]
VolkovDmitri: bets $6
cornetc: raises $6 to $12
VolkovDmitri: raises $6 to $18
cornetc: calls $6
*** RIVER *** [2h 9h 2d Qd] [6d]
VolkovDmitri: bets $6
cornetc: calls $6
*** SHOW DOWN ***
VolkovDmitri: shows [9s Qc] (two pair, Queens and Nines)
cornetc: mucks hand
VolkovDmitri collected $59.50 from pot
*** SUMMARY ***
Total pot $60 | Rake $0.50
Board [2h 9h 2d Qd 6d]
Seat 1: VolkovDmitri (big blind) showed [9s Qc] and won ($59.50) with two pair, Queens and Nines
Seat 2: cornetc (button) (small blind) mucked


PokerStars Hand #156544389536:  Hold'em Limit ($3/$6 USD) - 2016/07/28 7:07:34 ET
Table 'Mayall' 6-max Seat #2 is the button
Seat 1: VolkovDmitri ($227.76 in chips)
Seat 2: cornetc ($6.41 in chips)
cornetc: posts small blind $1
VolkovDmitri: posts big blind $3
*** HOLE CARDS ***
cornetc: raises $3 to $6
VolkovDmitri: raises $3 to $9
cornetc: calls $0.41 and is all-in
Uncalled bet ($2.59) returned to VolkovDmitri
*** FLOP *** [Kh 6h 3c]
*** TURN *** [Kh 6h 3c] [Jh]
*** RIVER *** [Kh 6h 3c Jh] [5c]
*** SHOW DOWN ***
VolkovDmitri: shows [6d Kc] (two pair, Kings and Sixes)
cornetc: shows [Ad Td] (high card Ace)
VolkovDmitri collected $12.56 from pot
*** SUMMARY ***
Total pot $12.82 | Rake $0.26
Board [Kh 6h 3c Jh 5c]
Seat 1: VolkovDmitri (big blind) showed [6d Kc] and won ($12.56) with two pair, Kings and Sixes
Seat 2: cornetc (button) (small blind) showed [Ad Td] and lost with high card Ace


PokerStars Hand #156544379477:  Hold'em Limit ($3/$6 USD) - 2016/07/28 7:07:09 ET
Table 'Mayall' 6-max Seat #2 is the button
Seat 1: VolkovDmitri ($203.26 in chips)
Seat 2: cornetc ($31.41 in chips)
cornetc: posts small blind $1
VolkovDmitri: posts big blind $3
*** HOLE CARDS ***
cornetc: folds
Uncalled bet ($2) returned to VolkovDmitri
VolkovDmitri collected $2 from pot
VolkovDmitri: doesn't show hand
*** SUMMARY ***
Total pot $2 | Rake $0
Seat 1: VolkovDmitri (big blind) collected ($2)
Seat 2: cornetc (button) (small blind) folded before Flop


PokerStars Hand #156544371590:  Hold'em Limit ($3/$6 USD) - 2016/07/28 7:06:50 ET
Table 'Mayall' 6-max Seat #1 is the button
Seat 1: VolkovDmitri ($179.76 in chips)
Seat 2: cornetc ($55.41 in chips)
VolkovDmitri: posts small blind $1
cornetc: posts big blind $3
*** HOLE CARDS ***
VolkovDmitri: raises $3 to $6
cornetc: raises $3 to $9
VolkovDmitri: calls $3
*** FLOP *** [8h 9s 4h]
cornetc: checks
VolkovDmitri: bets $3
cornetc: calls $3
*** TURN *** [8h 9s 4h] [2c]
cornetc: checks
VolkovDmitri: bets $6
cornetc: calls $6
*** RIVER *** [8h 9s 4h 2c] [6s]
cornetc: checks
VolkovDmitri: bets $6
cornetc: calls $6
*** SHOW DOWN ***
VolkovDmitri: shows [8d Td] (a pair of Eights)
cornetc: mucks hand
VolkovDmitri collected $47.50 from pot
*** SUMMARY ***
Total pot $48 | Rake $0.50
Board [8h 9s 4h 2c 6s]
Seat 1: VolkovDmitri (button) (small blind) showed [8d Td] and won ($47.50) with a pair of Eights
Seat 2: cornetc (big blind) mucked


PokerStars Hand #156544381523:  Hold'em Limit ($3/$6 USD) - 2016/07/28 7:07:14 ET
Table 'Mayall' 6-max Seat #1 is the button
Seat 1: VolkovDmitri ($204.26 in chips)
Seat 2: cornetc ($30.41 in chips)
VolkovDmitri: posts small blind $1
cornetc: posts big blind $3
*** HOLE CARDS ***
VolkovDmitri: raises $3 to $6
cornetc: calls $3
*** FLOP *** [2d 6s 4s]
cornetc: checks
VolkovDmitri: bets $3
cornetc: raises $3 to $6
VolkovDmitri: calls $3
*** TURN *** [2d 6s 4s] [Kh]
cornetc: checks
VolkovDmitri: bets $6
cornetc: calls $6
*** RIVER *** [2d 6s 4s Kh] [7h]
cornetc: checks
VolkovDmitri: bets $6
cornetc: calls $6
*** SHOW DOWN ***
VolkovDmitri: shows [Kc Th] (a pair of Kings)
cornetc: mucks hand
VolkovDmitri collected $47.50 from pot
*** SUMMARY ***
Total pot $48 | Rake $0.50
Board [2d 6s 4s Kh 7h]
Seat 1: VolkovDmitri (button) (small blind) showed [Kc Th] and won ($47.50) with a pair of Kings
Seat 2: cornetc (big blind) mucked


