PokerStars Hand #146867713131:  Hold'em Limit ($3/$6 USD) - 2016/01/11 13:44:09 ET
Table 'McElroy' 2-max Seat #1 is the button
Seat 1: StoneFace007 ($103.64 in chips)
Seat 2: las59 ($87.50 in chips)
StoneFace007: posts small blind $1
las59: posts big blind $3
*** HOLE CARDS ***
StoneFace007: raises $3 to $6
las59: calls $3
*** FLOP *** [5d 6s 2c]
las59: checks
StoneFace007: checks
*** TURN *** [5d 6s 2c] [2h]
las59: bets $6
StoneFace007: raises $6 to $12
las59: folds
Uncalled bet ($6) returned to StoneFace007
StoneFace007 collected $23.52 from pot
StoneFace007: doesn't show hand
*** SUMMARY ***
Total pot $24 | Rake $0.48
Board [5d 6s 2c 2h]
Seat 1: StoneFace007 (button) (small blind) collected ($23.52)
Seat 2: las59 (big blind) folded on the Turn


PokerStars Hand #146867777237:  Hold'em Limit ($3/$6 USD) - 2016/01/11 13:45:11 ET
Table 'McElroy' 2-max Seat #1 is the button
Seat 1: StoneFace007 ($120.80 in chips)
Seat 2: las59 ($69.26 in chips)
StoneFace007: posts small blind $1
las59: posts big blind $3
*** HOLE CARDS ***
StoneFace007: raises $3 to $6
las59: calls $3
*** FLOP *** [Qc 7d 3h]
las59: bets $3
StoneFace007: calls $3
*** TURN *** [Qc 7d 3h] [2s]
las59: bets $6
StoneFace007: raises $6 to $12
las59: calls $6
*** RIVER *** [Qc 7d 3h 2s] [Kd]
las59: checks
StoneFace007: bets $6
las59: calls $6
*** SHOW DOWN ***
StoneFace007: shows [4c 5h] (high card King)
las59: shows [7s 4s] (a pair of Sevens)
las59 collected $53.50 from pot
*** SUMMARY ***
Total pot $54 | Rake $0.50
Board [Qc 7d 3h 2s Kd]
Seat 1: StoneFace007 (button) (small blind) showed [4c 5h] and lost with high card King
Seat 2: las59 (big blind) showed [7s 4s] and won ($53.50) with a pair of Sevens


PokerStars Hand #146867767284:  Hold'em Limit ($3/$6 USD) - 2016/01/11 13:45:01 ET
Table 'McElroy' 2-max Seat #2 is the button
Seat 1: StoneFace007 ($126.80 in chips)
Seat 2: las59 ($63.50 in chips)
las59: posts small blind $1
StoneFace007: posts big blind $3
*** HOLE CARDS ***
las59: raises $3 to $6
StoneFace007: calls $3
*** FLOP *** [Ad 3d Kd]
StoneFace007: checks
las59: bets $3
StoneFace007: folds
Uncalled bet ($3) returned to las59
las59 collected $11.76 from pot
*** SUMMARY ***
Total pot $12 | Rake $0.24
Board [Ad 3d Kd]
Seat 1: StoneFace007 (big blind) folded on the Flop
Seat 2: las59 (button) (small blind) collected ($11.76)


PokerStars Hand #146867737911:  Hold'em Limit ($3/$6 USD) - 2016/01/11 13:44:33 ET
Table 'McElroy' 2-max Seat #2 is the button
Seat 1: StoneFace007 ($115.16 in chips)
Seat 2: las59 ($75.50 in chips)
las59: posts small blind $1
StoneFace007: posts big blind $3
*** HOLE CARDS ***
las59: raises $3 to $6
StoneFace007: calls $3
*** FLOP *** [3s 9h 8h]
StoneFace007: checks
las59: bets $3
StoneFace007: calls $3
*** TURN *** [3s 9h 8h] [3h]
StoneFace007: checks
las59: checks
*** RIVER *** [3s 9h 8h 3h] [4c]
StoneFace007: bets $6
las59: folds
Uncalled bet ($6) returned to StoneFace007
StoneFace007 collected $17.64 from pot
StoneFace007: doesn't show hand
*** SUMMARY ***
Total pot $18 | Rake $0.36
Board [3s 9h 8h 3h 4c]
Seat 1: StoneFace007 (big blind) collected ($17.64)
Seat 2: las59 (button) (small blind) folded on the River


PokerStars Hand #146867761345:  Hold'em Limit ($3/$6 USD) - 2016/01/11 13:44:56 ET
Table 'McElroy' 2-max Seat #1 is the button
Seat 1: StoneFace007 ($123.80 in chips)
Seat 2: las59 ($66.50 in chips)
StoneFace007: posts small blind $1
las59: posts big blind $3
*** HOLE CARDS ***
StoneFace007: raises $3 to $6
las59: folds
Uncalled bet ($3) returned to StoneFace007
StoneFace007 collected $6 from pot
StoneFace007: doesn't show hand
*** SUMMARY ***
Total pot $6 | Rake $0
Seat 1: StoneFace007 (button) (small blind) collected ($6)
Seat 2: las59 (big blind) folded before Flop


PokerStars Hand #146867835243:  Hold'em Limit ($3/$6 USD) - 2016/01/11 13:46:07 ET
Table 'McElroy' 2-max Seat #1 is the button
Seat 1: StoneFace007 ($105.32 in chips)
Seat 2: las59 ($83.76 in chips)
StoneFace007: posts small blind $1
las59: posts big blind $3
*** HOLE CARDS ***
StoneFace007: raises $3 to $6
las59: raises $3 to $9
StoneFace007: calls $3
*** FLOP *** [Jc 4h 6d]
las59: bets $3
StoneFace007: raises $3 to $6
las59: raises $3 to $9
StoneFace007: calls $3
*** TURN *** [Jc 4h 6d] [2d]
las59: bets $6
StoneFace007: raises $6 to $12
las59: folds
Uncalled bet ($6) returned to StoneFace007
StoneFace007 collected $47.50 from pot
StoneFace007: doesn't show hand
*** SUMMARY ***
Total pot $48 | Rake $0.50
Board [Jc 4h 6d 2d]
Seat 1: StoneFace007 (button) (small blind) collected ($47.50)
Seat 2: las59 (big blind) folded on the Turn


PokerStars Hand #146867807853:  Hold'em Limit ($3/$6 USD) - 2016/01/11 13:45:41 ET
Table 'McElroy' 2-max Seat #2 is the button
Seat 1: StoneFace007 ($93.80 in chips)
Seat 2: las59 ($95.76 in chips)
las59: posts small blind $1
StoneFace007: posts big blind $3
*** HOLE CARDS ***
las59: raises $3 to $6
StoneFace007: raises $3 to $9
las59: calls $3
*** FLOP *** [Jh Qc Ad]
StoneFace007: bets $3
las59: calls $3
*** TURN *** [Jh Qc Ad] [4d]
StoneFace007: bets $6
las59: folds
Uncalled bet ($6) returned to StoneFace007
StoneFace007 collected $23.52 from pot
StoneFace007: doesn't show hand
*** SUMMARY ***
Total pot $24 | Rake $0.48
Board [Jh Qc Ad 4d]
Seat 1: StoneFace007 (big blind) collected ($23.52)
Seat 2: las59 (button) (small blind) folded on the Turn


PokerStars Hand #146867854091:  Hold'em Limit ($3/$6 USD) - 2016/01/11 13:46:25 ET
Table 'McElroy' 2-max Seat #2 is the button
Seat 1: StoneFace007 ($128.82 in chips)
Seat 2: las59 ($59.76 in chips)
las59: posts small blind $1
StoneFace007: posts big blind $3
*** HOLE CARDS ***
las59: raises $3 to $6
StoneFace007: calls $3
*** FLOP *** [2c 2h 6h]
StoneFace007: checks
las59: bets $3
StoneFace007: calls $3
*** TURN *** [2c 2h 6h] [6s]
StoneFace007: checks
las59: bets $6
StoneFace007: calls $6
*** RIVER *** [2c 2h 6h 6s] [Qh]
StoneFace007: checks
las59: checks
*** SHOW DOWN ***
StoneFace007: shows [5h Qs] (two pair, Queens and Sixes)
las59: mucks hand
StoneFace007 collected $29.50 from pot
*** SUMMARY ***
Total pot $30 | Rake $0.50
Board [2c 2h 6h 6s Qh]
Seat 1: StoneFace007 (big blind) showed [5h Qs] and won ($29.50) with two pair, Queens and Sixes
Seat 2: las59 (button) (small blind) mucked


PokerStars Hand #146867876418:  Hold'em Limit ($3/$6 USD) - 2016/01/11 13:46:47 ET
Table 'McElroy' 2-max Seat #1 is the button
Seat 1: StoneFace007 ($143.32 in chips)
Seat 2: las59 ($44.76 in chips)
StoneFace007: posts small blind $1
las59: posts big blind $3
*** HOLE CARDS ***
StoneFace007: raises $3 to $6
las59: raises $3 to $9
StoneFace007: calls $3
*** FLOP *** [Qc 9c Ts]
las59: checks
StoneFace007: checks
*** TURN *** [Qc 9c Ts] [Ad]
las59: bets $6
StoneFace007: calls $6
*** RIVER *** [Qc 9c Ts Ad] [2c]
las59: bets $6
StoneFace007: calls $6
*** SHOW DOWN ***
las59: shows [Td Th] (three of a kind, Tens)
StoneFace007: mucks hand
las59 collected $41.50 from pot
*** SUMMARY ***
Total pot $42 | Rake $0.50
Board [Qc 9c Ts Ad 2c]
Seat 1: StoneFace007 (button) (small blind) mucked
Seat 2: las59 (big blind) showed [Td Th] and won ($41.50) with three of a kind, Tens


PokerStars Hand #146867898782:  Hold'em Limit ($3/$6 USD) - 2016/01/11 13:47:04 ET
Table 'McElroy' 2-max Seat #2 is the button
Seat 1: StoneFace007 ($122.32 in chips)
Seat 2: las59 ($65.26 in chips)
las59: posts small blind $1
StoneFace007: posts big blind $3
*** HOLE CARDS ***
las59: raises $3 to $6
StoneFace007: calls $3
*** FLOP *** [6h 9h 8h]
StoneFace007: checks
las59: checks
*** TURN *** [6h 9h 8h] [3h]
StoneFace007: checks
las59: checks
*** RIVER *** [6h 9h 8h 3h] [4h]
StoneFace007: bets $6
las59: calls $6
*** SHOW DOWN ***
StoneFace007: shows [Kc 3c] (a flush, Nine high)
las59: shows [5c 4d] (a flush, Nine high)
StoneFace007 collected $11.76 from pot
las59 collected $11.76 from pot
*** SUMMARY ***
Total pot $24 | Rake $0.48
Board [6h 9h 8h 3h 4h]
Seat 1: StoneFace007 (big blind) showed [Kc 3c] and won ($11.76) with a flush, Nine high
Seat 2: las59 (button) (small blind) showed [5c 4d] and won ($11.76) with a flush, Nine high


PokerStars Hand #146867936105:  Hold'em Limit ($3/$6 USD) - 2016/01/11 13:47:36 ET
Table 'McElroy' 2-max Seat #1 is the button
Seat 1: StoneFace007 ($122.08 in chips)
Seat 2: las59 ($65.02 in chips)
StoneFace007: posts small blind $1
las59: posts big blind $3
*** HOLE CARDS ***
StoneFace007: raises $3 to $6
las59: raises $3 to $9
StoneFace007: calls $3
*** FLOP *** [Qh Ac Ts]
las59: bets $3
StoneFace007: calls $3
*** TURN *** [Qh Ac Ts] [Kc]
las59: bets $6
StoneFace007: calls $6
*** RIVER *** [Qh Ac Ts Kc] [5c]
las59: bets $6
StoneFace007: calls $6
*** SHOW DOWN ***
las59: shows [As 7s] (a pair of Aces)
StoneFace007: mucks hand
las59 collected $47.50 from pot
*** SUMMARY ***
Total pot $48 | Rake $0.50
Board [Qh Ac Ts Kc 5c]
Seat 1: StoneFace007 (button) (small blind) mucked
Seat 2: las59 (big blind) showed [As 7s] and won ($47.50) with a pair of Aces


PokerStars Hand #146867967940:  Hold'em Limit ($3/$6 USD) - 2016/01/11 13:48:02 ET
Table 'McElroy' 2-max Seat #2 is the button
Seat 1: StoneFace007 ($98.08 in chips)
Seat 2: las59 ($88.52 in chips)
las59: posts small blind $1
StoneFace007: posts big blind $3
*** HOLE CARDS ***
las59: raises $3 to $6
StoneFace007: calls $3
*** FLOP *** [Th 9d Js]
StoneFace007: checks
las59: bets $3
StoneFace007: calls $3
*** TURN *** [Th 9d Js] [2c]
StoneFace007: checks
las59: bets $6
StoneFace007: calls $6
*** RIVER *** [Th 9d Js 2c] [Kc]
StoneFace007: checks
las59: checks
*** SHOW DOWN ***
StoneFace007: shows [9c 7h] (a pair of Nines)
las59: shows [Ts As] (a pair of Tens)
las59 collected $29.50 from pot
*** SUMMARY ***
Total pot $30 | Rake $0.50
Board [Th 9d Js 2c Kc]
Seat 1: StoneFace007 (big blind) showed [9c 7h] and lost with a pair of Nines
Seat 2: las59 (button) (small blind) showed [Ts As] and won ($29.50) with a pair of Tens


PokerStars Hand #146867990046:  Hold'em Limit ($3/$6 USD) - 2016/01/11 13:48:24 ET
Table 'McElroy' 2-max Seat #1 is the button
Seat 1: StoneFace007 ($83.08 in chips)
Seat 2: las59 ($103.02 in chips)
StoneFace007: posts small blind $1
las59: posts big blind $3
*** HOLE CARDS ***
StoneFace007: folds
Uncalled bet ($2) returned to las59
las59 collected $2 from pot
*** SUMMARY ***
Total pot $2 | Rake $0
Seat 1: StoneFace007 (button) (small blind) folded before Flop
Seat 2: las59 (big blind) collected ($2)


PokerStars Hand #146867994460:  Hold'em Limit ($3/$6 USD) - 2016/01/11 13:48:28 ET
Table 'McElroy' 2-max Seat #2 is the button
Seat 1: StoneFace007 ($82.08 in chips)
Seat 2: las59 ($104.02 in chips)
las59: posts small blind $1
StoneFace007: posts big blind $3
*** HOLE CARDS ***
las59: raises $3 to $6
StoneFace007: calls $3
*** FLOP *** [5c 8d 3s]
StoneFace007: checks
las59: bets $3
StoneFace007: calls $3
*** TURN *** [5c 8d 3s] [6h]
StoneFace007: checks
las59: checks
*** RIVER *** [5c 8d 3s 6h] [4d]
StoneFace007: checks
las59: bets $6
StoneFace007: calls $6
*** SHOW DOWN ***
las59: shows [Ts 7c] (a straight, Four to Eight)
StoneFace007: mucks hand
las59 collected $29.50 from pot
*** SUMMARY ***
Total pot $30 | Rake $0.50
Board [5c 8d 3s 6h 4d]
Seat 1: StoneFace007 (big blind) mucked
Seat 2: las59 (button) (small blind) showed [Ts 7c] and won ($29.50) with a straight, Four to Eight


PokerStars Hand #146868040850:  Hold'em Limit ($3/$6 USD) - 2016/01/11 13:49:14 ET
Table 'McElroy' 2-max Seat #1 is the button
Seat 1: StoneFace007 ($67.08 in chips)
Seat 2: las59 ($118.52 in chips)
StoneFace007: posts small blind $1
las59: posts big blind $3
*** HOLE CARDS ***
StoneFace007: raises $3 to $6
las59: raises $3 to $9
StoneFace007: calls $3
*** FLOP *** [5s 5c 7d]
las59: bets $3
StoneFace007: calls $3
*** TURN *** [5s 5c 7d] [Kh]
las59: bets $6
StoneFace007: folds
Uncalled bet ($6) returned to las59
las59 collected $23.52 from pot
*** SUMMARY ***
Total pot $24 | Rake $0.48
Board [5s 5c 7d Kh]
Seat 1: StoneFace007 (button) (small blind) folded on the Turn
Seat 2: las59 (big blind) collected ($23.52)


PokerStars Hand #146868055156:  Hold'em Limit ($3/$6 USD) - 2016/01/11 13:49:29 ET
Table 'McElroy' 2-max Seat #2 is the button
Seat 1: StoneFace007 ($55.08 in chips)
Seat 2: las59 ($130.04 in chips)
las59: posts small blind $1
StoneFace007: posts big blind $3
*** HOLE CARDS ***
las59: raises $3 to $6
StoneFace007: calls $3
*** FLOP *** [9s As 8d]
StoneFace007: checks
las59: bets $3
StoneFace007: calls $3
*** TURN *** [9s As 8d] [7s]
StoneFace007: checks
las59: bets $6
StoneFace007: calls $6
*** RIVER *** [9s As 8d 7s] [9h]
StoneFace007: checks
las59: bets $6
StoneFace007: calls $6
*** SHOW DOWN ***
las59: shows [4c 5s] (a pair of Nines)
StoneFace007: shows [8h Qd] (two pair, Nines and Eights)
StoneFace007 collected $41.50 from pot
*** SUMMARY ***
Total pot $42 | Rake $0.50
Board [9s As 8d 7s 9h]
Seat 1: StoneFace007 (big blind) showed [8h Qd] and won ($41.50) with two pair, Nines and Eights
Seat 2: las59 (button) (small blind) showed [4c 5s] and lost with a pair of Nines


PokerStars Hand #146868090477:  Hold'em Limit ($3/$6 USD) - 2016/01/11 13:50:04 ET
Table 'McElroy' 2-max Seat #1 is the button
Seat 1: StoneFace007 ($75.58 in chips)
Seat 2: las59 ($109.04 in chips)
StoneFace007: posts small blind $1
las59: posts big blind $3
*** HOLE CARDS ***
StoneFace007: raises $3 to $6
las59: calls $3
*** FLOP *** [2d Td 7d]
las59: bets $3
StoneFace007: calls $3
*** TURN *** [2d Td 7d] [7h]
las59: bets $6
StoneFace007: folds
Uncalled bet ($6) returned to las59
las59 collected $17.64 from pot
*** SUMMARY ***
Total pot $18 | Rake $0.36
Board [2d Td 7d 7h]
Seat 1: StoneFace007 (button) (small blind) folded on the Turn
Seat 2: las59 (big blind) collected ($17.64)


PokerStars Hand #146868107667:  Hold'em Limit ($3/$6 USD) - 2016/01/11 13:50:21 ET
Table 'McElroy' 2-max Seat #2 is the button
Seat 1: StoneFace007 ($66.58 in chips)
Seat 2: las59 ($117.68 in chips)
las59: posts small blind $1
StoneFace007: posts big blind $3
*** HOLE CARDS ***
las59: raises $3 to $6
StoneFace007: raises $3 to $9
las59: calls $3
*** FLOP *** [Kc Qh 8d]
StoneFace007: bets $3
las59: calls $3
*** TURN *** [Kc Qh 8d] [Ac]
StoneFace007: bets $6
las59: calls $6
*** RIVER *** [Kc Qh 8d Ac] [9h]
StoneFace007: bets $6
las59: calls $6
*** SHOW DOWN ***
StoneFace007: shows [As Jh] (a pair of Aces)
las59: mucks hand
StoneFace007 collected $47.50 from pot
*** SUMMARY ***
Total pot $48 | Rake $0.50
Board [Kc Qh 8d Ac 9h]
Seat 1: StoneFace007 (big blind) showed [As Jh] and won ($47.50) with a pair of Aces
Seat 2: las59 (button) (small blind) mucked


PokerStars Hand #146868142891:  Hold'em Limit ($3/$6 USD) - 2016/01/11 13:50:55 ET
Table 'McElroy' 2-max Seat #1 is the button
Seat 1: StoneFace007 ($90.08 in chips)
Seat 2: las59 ($93.68 in chips)
StoneFace007: posts small blind $1
las59: posts big blind $3
*** HOLE CARDS ***
StoneFace007: raises $3 to $6
las59: calls $3
*** FLOP *** [3h 3s 5d]
las59: checks
StoneFace007: bets $3
las59: calls $3
*** TURN *** [3h 3s 5d] [4s]
las59: checks
StoneFace007: bets $6
las59: calls $6
*** RIVER *** [3h 3s 5d 4s] [9h]
las59: checks
StoneFace007: bets $6
las59: folds
Uncalled bet ($6) returned to StoneFace007
StoneFace007 collected $29.50 from pot
StoneFace007: doesn't show hand
*** SUMMARY ***
Total pot $30 | Rake $0.50
Board [3h 3s 5d 4s 9h]
Seat 1: StoneFace007 (button) (small blind) collected ($29.50)
Seat 2: las59 (big blind) folded on the River


PokerStars Hand #146868167962:  Hold'em Limit ($3/$6 USD) - 2016/01/11 13:51:21 ET
Table 'McElroy' 2-max Seat #2 is the button
Seat 1: StoneFace007 ($104.58 in chips)
Seat 2: las59 ($78.68 in chips)
las59: posts small blind $1
StoneFace007: posts big blind $3
*** HOLE CARDS ***
las59: raises $3 to $6
StoneFace007: raises $3 to $9
las59: raises $3 to $12
Betting is capped
StoneFace007: calls $3
*** FLOP *** [2s 9c Jd]
StoneFace007: checks
las59: checks
*** TURN *** [2s 9c Jd] [Kh]
StoneFace007: checks
las59: bets $6
StoneFace007: calls $6
*** RIVER *** [2s 9c Jd Kh] [4s]
StoneFace007: checks
las59: bets $6
StoneFace007: calls $6
*** SHOW DOWN ***
las59: shows [9h 9d] (three of a kind, Nines)
StoneFace007: mucks hand
las59 collected $47.50 from pot
*** SUMMARY ***
Total pot $48 | Rake $0.50
Board [2s 9c Jd Kh 4s]
Seat 1: StoneFace007 (big blind) mucked
Seat 2: las59 (button) (small blind) showed [9h 9d] and won ($47.50) with three of a kind, Nines


PokerStars Hand #146868189142:  Hold'em Limit ($3/$6 USD) - 2016/01/11 13:51:42 ET
Table 'McElroy' 2-max Seat #1 is the button
Seat 1: StoneFace007 ($80.58 in chips)
Seat 2: las59 ($102.18 in chips)
StoneFace007: posts small blind $1
las59: posts big blind $3
*** HOLE CARDS ***
StoneFace007: raises $3 to $6
las59: calls $3
*** FLOP *** [8h Kd 3h]
las59: checks
StoneFace007: bets $3
las59: calls $3
*** TURN *** [8h Kd 3h] [Ts]
las59: checks
StoneFace007: bets $6
las59: calls $6
*** RIVER *** [8h Kd 3h Ts] [Kh]
las59: checks
StoneFace007: checks
*** SHOW DOWN ***
las59: shows [8d 2h] (two pair, Kings and Eights)
StoneFace007: mucks hand
las59 collected $29.50 from pot
*** SUMMARY ***
Total pot $30 | Rake $0.50
Board [8h Kd 3h Ts Kh]
Seat 1: StoneFace007 (button) (small blind) mucked
Seat 2: las59 (big blind) showed [8d 2h] and won ($29.50) with two pair, Kings and Eights


PokerStars Hand #146868206086:  Hold'em Limit ($3/$6 USD) - 2016/01/11 13:51:58 ET
Table 'McElroy' 2-max Seat #2 is the button
Seat 1: StoneFace007 ($65.58 in chips)
Seat 2: las59 ($116.68 in chips)
las59: posts small blind $1
StoneFace007: posts big blind $3
*** HOLE CARDS ***
las59: raises $3 to $6
StoneFace007: folds
Uncalled bet ($3) returned to las59
las59 collected $6 from pot
*** SUMMARY ***
Total pot $6 | Rake $0
Seat 1: StoneFace007 (big blind) folded before Flop
Seat 2: las59 (button) (small blind) collected ($6)


PokerStars Hand #146868217819:  Hold'em Limit ($3/$6 USD) - 2016/01/11 13:52:09 ET
Table 'McElroy' 2-max Seat #1 is the button
Seat 1: StoneFace007 ($62.58 in chips)
Seat 2: las59 ($119.68 in chips)
StoneFace007: posts small blind $1
las59: posts big blind $3
*** HOLE CARDS ***
StoneFace007: raises $3 to $6
las59: raises $3 to $9
StoneFace007: calls $3
*** FLOP *** [3s Kc 4s]
las59: checks
StoneFace007: checks
*** TURN *** [3s Kc 4s] [6d]
las59: checks
StoneFace007: bets $6
las59: folds
Uncalled bet ($6) returned to StoneFace007
StoneFace007 collected $17.64 from pot
StoneFace007: doesn't show hand
*** SUMMARY ***
Total pot $18 | Rake $0.36
Board [3s Kc 4s 6d]
Seat 1: StoneFace007 (button) (small blind) collected ($17.64)
Seat 2: las59 (big blind) folded on the Turn


PokerStars Hand #146868645159:  Hold'em Limit ($3/$6 USD) - 2016/01/11 14:00:14 ET
Table 'McElroy' 2-max Seat #1 is the button
Seat 1: StoneFace007 ($149.70 in chips)
Seat 2: las59 ($302.42 in chips)
StoneFace007: posts small blind $1
las59: posts big blind $3
*** HOLE CARDS ***
StoneFace007: raises $3 to $6
las59: raises $3 to $9
StoneFace007: calls $3
*** FLOP *** [3d 8c 2d]
las59: checks
StoneFace007: bets $3
las59: raises $3 to $6
StoneFace007: raises $3 to $9
las59: calls $3
*** TURN *** [3d 8c 2d] [5d]
las59: checks
StoneFace007: bets $6
las59: calls $6
*** RIVER *** [3d 8c 2d 5d] [7c]
las59: checks
StoneFace007: bets $6
las59: calls $6
*** SHOW DOWN ***
StoneFace007: shows [8h 8d] (three of a kind, Eights)
las59: mucks hand
StoneFace007 collected $59.50 from pot
*** SUMMARY ***
Total pot $60 | Rake $0.50
Board [3d 8c 2d 5d 7c]
Seat 1: StoneFace007 (button) (small blind) showed [8h 8d] and won ($59.50) with three of a kind, Eights
Seat 2: las59 (big blind) mucked


PokerStars Hand #146868641214:  Hold'em Limit ($3/$6 USD) - 2016/01/11 14:00:09 ET
Table 'McElroy' 2-max Seat #2 is the button
Seat 1: StoneFace007 ($148.70 in chips)
Seat 2: las59 ($303.42 in chips)
las59: posts small blind $1
StoneFace007: posts big blind $3
*** HOLE CARDS ***
las59: folds
Uncalled bet ($2) returned to StoneFace007
StoneFace007 collected $2 from pot
StoneFace007: doesn't show hand
*** SUMMARY ***
Total pot $2 | Rake $0
Seat 1: StoneFace007 (big blind) collected ($2)
Seat 2: las59 (button) (small blind) folded before Flop


PokerStars Hand #146868621668:  Hold'em Limit ($3/$6 USD) - 2016/01/11 13:59:46 ET
Table 'McElroy' 2-max Seat #1 is the button
Seat 1: StoneFace007 ($137.18 in chips)
Seat 2: las59 ($315.42 in chips)
StoneFace007: posts small blind $1
las59: posts big blind $3
*** HOLE CARDS ***
StoneFace007: raises $3 to $6
las59: raises $3 to $9
StoneFace007: calls $3
*** FLOP *** [5h 2c Ks]
las59: bets $3
StoneFace007: calls $3
*** TURN *** [5h 2c Ks] [Td]
las59: checks
StoneFace007: checks
*** RIVER *** [5h 2c Ks Td] [4c]
las59: checks
StoneFace007: checks
*** SHOW DOWN ***
las59: shows [6c Js] (high card King)
StoneFace007: shows [Jc Ac] (high card Ace)
StoneFace007 collected $23.52 from pot
*** SUMMARY ***
Total pot $24 | Rake $0.48
Board [5h 2c Ks Td 4c]
Seat 1: StoneFace007 (button) (small blind) showed [Jc Ac] and won ($23.52) with high card Ace
Seat 2: las59 (big blind) showed [6c Js] and lost with high card King


PokerStars Hand #146868698181:  Hold'em Limit ($3/$6 USD) - 2016/01/11 14:01:14 ET
Table 'McElroy' 2-max Seat #2 is the button
Seat 1: StoneFace007 ($211.70 in chips)
Seat 2: las59 ($239.42 in chips)
las59: posts small blind $1
StoneFace007: posts big blind $3
*** HOLE CARDS ***
las59: raises $3 to $6
StoneFace007: calls $3
*** FLOP *** [7c 5c 9d]
StoneFace007: checks
las59: checks
*** TURN *** [7c 5c 9d] [7s]
StoneFace007: bets $6
las59: folds
Uncalled bet ($6) returned to StoneFace007
StoneFace007 collected $11.76 from pot
StoneFace007: doesn't show hand
*** SUMMARY ***
Total pot $12 | Rake $0.24
Board [7c 5c 9d 7s]
Seat 1: StoneFace007 (big blind) collected ($11.76)
Seat 2: las59 (button) (small blind) folded on the Turn


PokerStars Hand #146868676301:  Hold'em Limit ($3/$6 USD) - 2016/01/11 14:00:50 ET
Table 'McElroy' 2-max Seat #1 is the button
Seat 1: StoneFace007 ($176.20 in chips)
Seat 2: las59 ($275.42 in chips)
StoneFace007: posts small blind $1
las59: posts big blind $3
*** HOLE CARDS ***
StoneFace007: raises $3 to $6
las59: raises $3 to $9
StoneFace007: calls $3
*** FLOP *** [4h 8h 4d]
las59: bets $3
StoneFace007: calls $3
*** TURN *** [4h 8h 4d] [8c]
las59: bets $6
StoneFace007: raises $6 to $12
las59: raises $6 to $18
StoneFace007: calls $6
*** RIVER *** [4h 8h 4d 8c] [Kh]
las59: bets $6
StoneFace007: raises $6 to $12
las59: folds
Uncalled bet ($6) returned to StoneFace007
StoneFace007 collected $71.50 from pot
StoneFace007: doesn't show hand
*** SUMMARY ***
Total pot $72 | Rake $0.50
Board [4h 8h 4d 8c Kh]
Seat 1: StoneFace007 (button) (small blind) collected ($71.50)
Seat 2: las59 (big blind) folded on the River


PokerStars Hand #146868669320:  Hold'em Limit ($3/$6 USD) - 2016/01/11 14:00:41 ET
Table 'McElroy' 2-max Seat #2 is the button
Seat 1: StoneFace007 ($179.20 in chips)
Seat 2: las59 ($272.42 in chips)
las59: posts small blind $1
StoneFace007: posts big blind $3
*** HOLE CARDS ***
las59: raises $3 to $6
StoneFace007: folds
Uncalled bet ($3) returned to las59
las59 collected $6 from pot
*** SUMMARY ***
Total pot $6 | Rake $0
Seat 1: StoneFace007 (big blind) folded before Flop
Seat 2: las59 (button) (small blind) collected ($6)


