PokerStars Hand #165801549798:  Hold'em Limit ($3/$6 USD) - 2017/02/06 17:46:07 ET
Table 'Mebsuta' 6-max Seat #3 is the button
Seat 3: Marnix101 ($35.64 in chips)
Seat 4: belik555 ($93.52 in chips)
Marnix101: posts small blind $1
belik555: posts big blind $3
*** HOLE CARDS ***
Marnix101: raises $3 to $6
belik555: raises $3 to $9
Marnix101: calls $3
*** FLOP *** [9c Js 3c]
belik555: bets $3
Marnix101: raises $3 to $6
belik555: raises $3 to $9
Marnix101: raises $3 to $12
Betting is capped
belik555: calls $3
*** TURN *** [9c Js 3c] [Ks]
belik555: checks
Marnix101: bets $6
belik555: calls $6
*** RIVER *** [9c Js 3c Ks] [2d]
belik555: checks
Marnix101: bets $6
belik555: folds
Uncalled bet ($6) returned to Marnix101
Marnix101 collected $53.50 from pot
Marnix101: doesn't show hand
*** SUMMARY ***
Total pot $54 | Rake $0.50
Board [9c Js 3c Ks 2d]
Seat 3: Marnix101 (button) (small blind) collected ($53.50)
Seat 4: belik555 (big blind) folded on the River


PokerStars Hand #165801539496:  Hold'em Limit ($3/$6 USD) - 2017/02/06 17:45:55 ET
Table 'Mebsuta' 6-max Seat #4 is the button
Seat 3: Marnix101 ($27 in chips)
Seat 4: belik555 ($102.52 in chips)
belik555: posts small blind $1
Marnix101: posts big blind $3
*** HOLE CARDS ***
belik555: raises $3 to $6
Marnix101: raises $3 to $9
belik555: calls $3
*** FLOP *** [Kc Jd 7h]
Marnix101: bets $3
belik555: folds
Uncalled bet ($3) returned to Marnix101
Marnix101 collected $17.64 from pot
Marnix101: doesn't show hand
*** SUMMARY ***
Total pot $18 | Rake $0.36
Board [Kc Jd 7h]
Seat 3: Marnix101 (big blind) collected ($17.64)
Seat 4: belik555 (button) (small blind) folded on the Flop


PokerStars Hand #165801535416:  Hold'em Limit ($3/$6 USD) - 2017/02/06 17:45:51 ET
Table 'Mebsuta' 6-max Seat #3 is the button
Seat 3: Marnix101 ($28 in chips)
Seat 4: belik555 ($101.52 in chips)
Marnix101: posts small blind $1
belik555: posts big blind $3
*** HOLE CARDS ***
Marnix101: folds
Uncalled bet ($2) returned to belik555
belik555 collected $2 from pot
belik555: doesn't show hand
*** SUMMARY ***
Total pot $2 | Rake $0
Seat 3: Marnix101 (button) (small blind) folded before Flop
Seat 4: belik555 (big blind) collected ($2)


PokerStars Hand #165801510202:  Hold'em Limit ($3/$6 USD) - 2017/02/06 17:45:22 ET
Table 'Mebsuta' 6-max Seat #4 is the button
Seat 3: Marnix101 ($40 in chips)
Seat 4: belik555 ($90 in chips)
belik555: posts small blind $1
GoliafUa: is sitting out
Marnix101: posts big blind $3
*** HOLE CARDS ***
belik555: raises $3 to $6
Marnix101: calls $3
*** FLOP *** [Jd 3d Qd]
Marnix101: checks
belik555: bets $3
Marnix101: raises $3 to $6
belik555: raises $3 to $9
Marnix101: folds
Uncalled bet ($3) returned to belik555
belik555 collected $23.52 from pot
belik555: doesn't show hand
*** SUMMARY ***
Total pot $24 | Rake $0.48
Board [Jd 3d Qd]
Seat 3: Marnix101 (big blind) folded on the Flop
Seat 4: belik555 (button) (small blind) collected ($23.52)


PokerStars Hand #165801623498:  Hold'em Limit ($3/$6 USD) - 2017/02/06 17:47:30 ET
Table 'Mebsuta' 6-max Seat #4 is the button
Seat 3: Marnix101 ($79.64 in chips)
Seat 4: belik555 ($98.64 in chips)
belik555: posts small blind $1
Marnix101: posts big blind $3
*** HOLE CARDS ***
belik555: raises $3 to $6
Marnix101: raises $3 to $9
belik555: calls $3
*** FLOP *** [2c Kh Ad]
Marnix101: bets $3
belik555: calls $3
*** TURN *** [2c Kh Ad] [5d]
Marnix101: bets $6
belik555: folds
Uncalled bet ($6) returned to Marnix101
Marnix101 collected $23.52 from pot
Marnix101: doesn't show hand
*** SUMMARY ***
Total pot $24 | Rake $0.48
Board [2c Kh Ad 5d]
Seat 3: Marnix101 (big blind) collected ($23.52)
Seat 4: belik555 (button) (small blind) folded on the Turn


PokerStars Hand #165801610287:  Hold'em Limit ($3/$6 USD) - 2017/02/06 17:47:16 ET
Table 'Mebsuta' 6-max Seat #3 is the button
Seat 3: Marnix101 ($88.64 in chips)
Seat 4: belik555 ($90 in chips)
Marnix101: posts small blind $1
belik555: posts big blind $3
*** HOLE CARDS ***
Marnix101: raises $3 to $6
belik555: raises $3 to $9
Marnix101: calls $3
*** FLOP *** [8h 3h Jc]
belik555: bets $3
Marnix101: folds
Uncalled bet ($3) returned to belik555
belik555 collected $17.64 from pot
belik555: doesn't show hand
*** SUMMARY ***
Total pot $18 | Rake $0.36
Board [8h 3h Jc]
Seat 3: Marnix101 (button) (small blind) folded on the Flop
Seat 4: belik555 (big blind) collected ($17.64)


PokerStars Hand #165801577822:  Hold'em Limit ($3/$6 USD) - 2017/02/06 17:46:39 ET
Table 'Mebsuta' 6-max Seat #4 is the button
Seat 3: Marnix101 ($62.14 in chips)
Seat 4: belik555 ($90 in chips)
belik555: posts small blind $1
Marnix101: posts big blind $3
*** HOLE CARDS ***
belik555: raises $3 to $6
Marnix101: raises $3 to $9
belik555: calls $3
*** FLOP *** [6s 4s Kd]
Marnix101: bets $3
belik555: raises $3 to $6
Marnix101: raises $3 to $9
belik555: raises $3 to $12
Betting is capped
Marnix101: calls $3
*** TURN *** [6s 4s Kd] [Th]
Marnix101: bets $6
belik555: calls $6
*** RIVER *** [6s 4s Kd Th] [2d]
Marnix101: bets $6
belik555: folds
Uncalled bet ($6) returned to Marnix101
Marnix101 collected $53.50 from pot
Marnix101: doesn't show hand
*** SUMMARY ***
Total pot $54 | Rake $0.50
Board [6s 4s Kd Th 2d]
Seat 3: Marnix101 (big blind) collected ($53.50)
Seat 4: belik555 (button) (small blind) folded on the River


PokerStars Hand #165801689401:  Hold'em Limit ($3/$6 USD) - 2017/02/06 17:48:40 ET
Table 'Mebsuta' 6-max Seat #4 is the button
Seat 3: Marnix101 ($65.16 in chips)
Seat 4: belik555 ($115.26 in chips)
belik555: posts small blind $1
Marnix101: posts big blind $3
*** HOLE CARDS ***
belik555: raises $3 to $6
Marnix101: folds
Uncalled bet ($3) returned to belik555
belik555 collected $6 from pot
belik555: doesn't show hand
*** SUMMARY ***
Total pot $6 | Rake $0
Seat 3: Marnix101 (big blind) folded before Flop
Seat 4: belik555 (button) (small blind) collected ($6)


PokerStars Hand #165801685390:  Hold'em Limit ($3/$6 USD) - 2017/02/06 17:48:36 ET
Table 'Mebsuta' 6-max Seat #3 is the button
Seat 3: Marnix101 ($66.16 in chips)
Seat 4: belik555 ($114.26 in chips)
Marnix101: posts small blind $1
belik555: posts big blind $3
*** HOLE CARDS ***
Marnix101: folds
Uncalled bet ($2) returned to belik555
belik555 collected $2 from pot
belik555: doesn't show hand
*** SUMMARY ***
Total pot $2 | Rake $0
Seat 3: Marnix101 (button) (small blind) folded before Flop
Seat 4: belik555 (big blind) collected ($2)


PokerStars Hand #165801675343:  Hold'em Limit ($3/$6 USD) - 2017/02/06 17:48:29 ET
Table 'Mebsuta' 6-max Seat #4 is the button
Seat 3: Marnix101 ($69.16 in chips)
Seat 4: belik555 ($111.26 in chips)
belik555: posts small blind $1
Marnix101: posts big blind $3
*** HOLE CARDS ***
belik555: raises $3 to $6
Marnix101: folds
Uncalled bet ($3) returned to belik555
belik555 collected $6 from pot
belik555: doesn't show hand
*** SUMMARY ***
Total pot $6 | Rake $0
Seat 3: Marnix101 (big blind) folded before Flop
Seat 4: belik555 (button) (small blind) collected ($6)


PokerStars Hand #165801651592:  Hold'em Limit ($3/$6 USD) - 2017/02/06 17:48:02 ET
Table 'Mebsuta' 6-max Seat #3 is the button
Seat 3: Marnix101 ($84.16 in chips)
Seat 4: belik555 ($96.76 in chips)
Marnix101: posts small blind $1
belik555: posts big blind $3
*** HOLE CARDS ***
Marnix101: raises $3 to $6
belik555: calls $3
*** FLOP *** [9h 7d 2d]
belik555: checks
Marnix101: bets $3
belik555: calls $3
*** TURN *** [9h 7d 2d] [6h]
belik555: checks
Marnix101: bets $6
belik555: calls $6
*** RIVER *** [9h 7d 2d 6h] [Tc]
belik555: bets $6
Marnix101: folds
Uncalled bet ($6) returned to belik555
belik555 collected $29.50 from pot
belik555: doesn't show hand
*** SUMMARY ***
Total pot $30 | Rake $0.50
Board [9h 7d 2d 6h Tc]
Seat 3: Marnix101 (button) (small blind) folded on the River
Seat 4: belik555 (big blind) collected ($29.50)


PokerStars Hand #165801640716:  Hold'em Limit ($3/$6 USD) - 2017/02/06 17:47:50 ET
Table 'Mebsuta' 6-max Seat #4 is the button
Seat 3: Marnix101 ($90.16 in chips)
Seat 4: belik555 ($91 in chips)
belik555: posts small blind $1
Marnix101: posts big blind $3
*** HOLE CARDS ***
belik555: raises $3 to $6
Marnix101: calls $3
*** FLOP *** [Ks 7h 8h]
Marnix101: checks
belik555: bets $3
Marnix101: folds
Uncalled bet ($3) returned to belik555
belik555 collected $11.76 from pot
belik555: doesn't show hand
*** SUMMARY ***
Total pot $12 | Rake $0.24
Board [Ks 7h 8h]
Seat 3: Marnix101 (big blind) folded on the Flop
Seat 4: belik555 (button) (small blind) collected ($11.76)


PokerStars Hand #165801634551:  Hold'em Limit ($3/$6 USD) - 2017/02/06 17:47:43 ET
Table 'Mebsuta' 6-max Seat #3 is the button
Seat 3: Marnix101 ($91.16 in chips)
Seat 4: belik555 ($90 in chips)
Marnix101: posts small blind $1
belik555: posts big blind $3
*** HOLE CARDS ***
Marnix101: folds
Uncalled bet ($2) returned to belik555
belik555 collected $2 from pot
belik555: doesn't show hand
*** SUMMARY ***
Total pot $2 | Rake $0
Seat 3: Marnix101 (button) (small blind) folded before Flop
Seat 4: belik555 (big blind) collected ($2)


PokerStars Hand #165801737871:  Hold'em Limit ($3/$6 USD) - 2017/02/06 17:49:36 ET
Table 'Mebsuta' 6-max Seat #4 is the button
Seat 3: Marnix101 ($32.92 in chips)
Seat 4: belik555 ($146.76 in chips)
belik555: posts small blind $1
Marnix101: posts big blind $3
*** HOLE CARDS ***
belik555: folds
Uncalled bet ($2) returned to Marnix101
Marnix101 collected $2 from pot
Marnix101: doesn't show hand
*** SUMMARY ***
Total pot $2 | Rake $0
Seat 3: Marnix101 (big blind) collected ($2)
Seat 4: belik555 (button) (small blind) folded before Flop


PokerStars Hand #165801733187:  Hold'em Limit ($3/$6 USD) - 2017/02/06 17:49:30 ET
Table 'Mebsuta' 6-max Seat #3 is the button
Seat 3: Marnix101 ($33.92 in chips)
Seat 4: belik555 ($145.76 in chips)
Marnix101: posts small blind $1
belik555: posts big blind $3
*** HOLE CARDS ***
Marnix101: folds
Uncalled bet ($2) returned to belik555
belik555 collected $2 from pot
belik555: doesn't show hand
*** SUMMARY ***
Total pot $2 | Rake $0
Seat 3: Marnix101 (button) (small blind) folded before Flop
Seat 4: belik555 (big blind) collected ($2)


PokerStars Hand #165801726620:  Hold'em Limit ($3/$6 USD) - 2017/02/06 17:49:23 ET
Table 'Mebsuta' 6-max Seat #4 is the button
Seat 3: Marnix101 ($36.92 in chips)
Seat 4: belik555 ($142.76 in chips)
belik555: posts small blind $1
Marnix101: posts big blind $3
*** HOLE CARDS ***
belik555: raises $3 to $6
Marnix101: folds
Uncalled bet ($3) returned to belik555
belik555 collected $6 from pot
belik555: doesn't show hand
*** SUMMARY ***
Total pot $6 | Rake $0
Seat 3: Marnix101 (big blind) folded before Flop
Seat 4: belik555 (button) (small blind) collected ($6)


PokerStars Hand #165801718735:  Hold'em Limit ($3/$6 USD) - 2017/02/06 17:49:14 ET
Table 'Mebsuta' 6-max Seat #3 is the button
Seat 3: Marnix101 ($31.16 in chips)
Seat 4: belik555 ($148.76 in chips)
Marnix101: posts small blind $1
belik555: posts big blind $3
*** HOLE CARDS ***
Marnix101: raises $3 to $6
belik555: calls $3
*** FLOP *** [Jd Ah Ks]
belik555: checks
Marnix101: bets $3
belik555: folds
Uncalled bet ($3) returned to Marnix101
Marnix101 collected $11.76 from pot
Marnix101: doesn't show hand
*** SUMMARY ***
Total pot $12 | Rake $0.24
Board [Jd Ah Ks]
Seat 3: Marnix101 (button) (small blind) collected ($11.76)
Seat 4: belik555 (big blind) folded on the Flop


PokerStars Hand #165801698865:  Hold'em Limit ($3/$6 USD) - 2017/02/06 17:48:51 ET
Table 'Mebsuta' 6-max Seat #4 is the button
Seat 3: Marnix101 ($61.16 in chips)
Seat 4: belik555 ($119.26 in chips)
belik555: posts small blind $1
Marnix101: posts big blind $3
*** HOLE CARDS ***
belik555: raises $3 to $6
Marnix101: raises $3 to $9
belik555: calls $3
*** FLOP *** [3c 2h 7c]
Marnix101: bets $3
belik555: raises $3 to $6
Marnix101: raises $3 to $9
belik555: calls $3
*** TURN *** [3c 2h 7c] [6c]
Marnix101: bets $6
belik555: calls $6
*** RIVER *** [3c 2h 7c 6c] [2s]
Marnix101: bets $6
belik555: calls $6
*** SHOW DOWN ***
Marnix101: shows [Jd Qc] (a pair of Deuces)
belik555: shows [8h 7d] (two pair, Sevens and Deuces)
belik555 collected $59.50 from pot
*** SUMMARY ***
Total pot $60 | Rake $0.50
Board [3c 2h 7c 6c 2s]
Seat 3: Marnix101 (big blind) showed [Jd Qc] and lost with a pair of Deuces
Seat 4: belik555 (button) (small blind) showed [8h 7d] and won ($59.50) with two pair, Sevens and Deuces


PokerStars Hand #165801694862:  Hold'em Limit ($3/$6 USD) - 2017/02/06 17:48:47 ET
Table 'Mebsuta' 6-max Seat #3 is the button
Seat 3: Marnix101 ($62.16 in chips)
Seat 4: belik555 ($118.26 in chips)
Marnix101: posts small blind $1
belik555: posts big blind $3
*** HOLE CARDS ***
Marnix101: folds
Uncalled bet ($2) returned to belik555
belik555 collected $2 from pot
belik555: doesn't show hand
*** SUMMARY ***
Total pot $2 | Rake $0
Seat 3: Marnix101 (button) (small blind) folded before Flop
Seat 4: belik555 (big blind) collected ($2)


PokerStars Hand #165801741973:  Hold'em Limit ($3/$6 USD) - 2017/02/06 17:49:40 ET
Table 'Mebsuta' 6-max Seat #3 is the button
Seat 3: Marnix101 ($33.92 in chips)
Seat 4: belik555 ($145.76 in chips)
Marnix101: posts small blind $1
belik555: posts big blind $3
*** HOLE CARDS ***
Marnix101: raises $3 to $6
belik555: calls $3
*** FLOP *** [Jh Th 7c]
belik555: checks
Marnix101: bets $3
belik555: raises $3 to $6
Marnix101: raises $3 to $9
belik555: calls $3
*** TURN *** [Jh Th 7c] [Td]
belik555: checks
Marnix101: bets $6
belik555: raises $6 to $12
Marnix101: raises $6 to $18
belik555: raises $6 to $24
Betting is capped
Marnix101: calls $0.92 and is all-in
Uncalled bet ($5.08) returned to belik555
*** RIVER *** [Jh Th 7c Td] [6h]
*** SHOW DOWN ***
belik555: shows [Ts 6d] (a full house, Tens full of Sixes)
Marnix101: shows [7s Ad] (two pair, Tens and Sevens)
belik555 collected $67.34 from pot
*** SUMMARY ***
Total pot $67.84 | Rake $0.50
Board [Jh Th 7c Td 6h]
Seat 3: Marnix101 (button) (small blind) showed [7s Ad] and lost with two pair, Tens and Sevens
Seat 4: belik555 (big blind) showed [Ts 6d] and won ($67.34) with a full house, Tens full of Sixes


