PokerStars Hand #173613253891:  Hold'em Limit ($3/$6 USD) - 2017/07/28 8:45:34 ET
Table 'Mebsuta II' 6-max Seat #1 is the button
Seat 1: mmmm144 ($72 in chips)
Seat 4: VolkovDmitri ($120 in chips)
mmmm144: posts small blind $1
VolkovDmitri: posts big blind $3
*** HOLE CARDS ***
mmmm144: raises $3 to $6
VolkovDmitri is disconnected
VolkovDmitri has timed out while disconnected
VolkovDmitri: folds
Uncalled bet ($3) returned to mmmm144
mmmm144 collected $6 from pot
mmmm144: doesn't show hand
*** SUMMARY ***
Total pot $6 | Rake $0
Seat 1: mmmm144 (button) (small blind) collected ($6)
Seat 4: VolkovDmitri (big blind) folded before Flop


PokerStars Hand #173613288141:  Hold'em Limit ($3/$6 USD) - 2017/07/28 8:46:47 ET
Table 'Mebsuta II' 6-max Seat #4 is the button
Seat 1: mmmm144 ($79 in chips)
Seat 4: VolkovDmitri ($120 in chips)
VolkovDmitri: posts small blind $1
mmmm144: posts big blind $3
*** HOLE CARDS ***
VolkovDmitri: raises $3 to $6
mmmm144: calls $3
*** FLOP *** [9s 6s Ah]
mmmm144: checks
VolkovDmitri: bets $3
mmmm144: calls $3
*** TURN *** [9s 6s Ah] [5d]
mmmm144: checks
VolkovDmitri: bets $6
mmmm144: raises $6 to $12
VolkovDmitri: folds
Uncalled bet ($6) returned to mmmm144
mmmm144 collected $29.50 from pot
mmmm144: doesn't show hand
*** SUMMARY ***
Total pot $30 | Rake $0.50
Board [9s 6s Ah 5d]
Seat 1: mmmm144 (big blind) collected ($29.50)
Seat 4: VolkovDmitri (button) (small blind) folded on the Turn


PokerStars Hand #173613311642:  Hold'em Limit ($3/$6 USD) - 2017/07/28 8:47:38 ET
Table 'Mebsuta II' 6-max Seat #4 is the button
Seat 1: mmmm144 ($92.50 in chips)
Seat 4: VolkovDmitri ($121 in chips)
VolkovDmitri: posts small blind $1
mmmm144: posts big blind $3
*** HOLE CARDS ***
VolkovDmitri: raises $3 to $6
mmmm144: calls $3
*** FLOP *** [9c Td 4s]
mmmm144: checks
VolkovDmitri: bets $3
mmmm144: calls $3
*** TURN *** [9c Td 4s] [Ts]
mmmm144: checks
VolkovDmitri: bets $6
mmmm144: calls $6
*** RIVER *** [9c Td 4s Ts] [Jh]
mmmm144: checks
VolkovDmitri: checks
*** SHOW DOWN ***
mmmm144: shows [Th 2s] (three of a kind, Tens)
VolkovDmitri: mucks hand
mmmm144 collected $29.50 from pot
*** SUMMARY ***
Total pot $30 | Rake $0.50
Board [9c Td 4s Ts Jh]
Seat 1: mmmm144 (big blind) showed [Th 2s] and won ($29.50) with three of a kind, Tens
Seat 4: VolkovDmitri (button) (small blind) mucked


PokerStars Hand #173613339239:  Hold'em Limit ($3/$6 USD) - 2017/07/28 8:48:36 ET
Table 'Mebsuta II' 6-max Seat #4 is the button
Seat 1: mmmm144 ($112.76 in chips)
Seat 4: VolkovDmitri ($120 in chips)
VolkovDmitri: posts small blind $1
mmmm144: posts big blind $3
*** HOLE CARDS ***
VolkovDmitri: raises $3 to $6
mmmm144: calls $3
*** FLOP *** [Ac 7d Qh]
mmmm144: checks
VolkovDmitri: bets $3
mmmm144: folds
Uncalled bet ($3) returned to VolkovDmitri
VolkovDmitri collected $11.76 from pot
VolkovDmitri: doesn't show hand
*** SUMMARY ***
Total pot $12 | Rake $0.24
Board [Ac 7d Qh]
Seat 1: mmmm144 (big blind) folded on the Flop
Seat 4: VolkovDmitri (button) (small blind) collected ($11.76)


PokerStars Hand #173613330943:  Hold'em Limit ($3/$6 USD) - 2017/07/28 8:48:19 ET
Table 'Mebsuta II' 6-max Seat #1 is the button
Seat 1: mmmm144 ($107 in chips)
Seat 4: VolkovDmitri ($120 in chips)
mmmm144: posts small blind $1
VolkovDmitri: posts big blind $3
*** HOLE CARDS ***
mmmm144: raises $3 to $6
VolkovDmitri: calls $3
*** FLOP *** [Tc 6h 8c]
VolkovDmitri: checks
mmmm144: bets $3
VolkovDmitri: folds
Uncalled bet ($3) returned to mmmm144
mmmm144 collected $11.76 from pot
mmmm144: doesn't show hand
*** SUMMARY ***
Total pot $12 | Rake $0.24
Board [Tc 6h 8c]
Seat 1: mmmm144 (button) (small blind) collected ($11.76)
Seat 4: VolkovDmitri (big blind) folded on the Flop


PokerStars Hand #173613349251:  Hold'em Limit ($3/$6 USD) - 2017/07/28 8:48:57 ET
Table 'Mebsuta II' 6-max Seat #1 is the button
Seat 1: mmmm144 ($106.76 in chips)
Seat 4: VolkovDmitri ($125.76 in chips)
mmmm144: posts small blind $1
VolkovDmitri: posts big blind $3
*** HOLE CARDS ***
mmmm144: raises $3 to $6
VolkovDmitri: calls $3
*** FLOP *** [2d As 4h]
VolkovDmitri: checks
mmmm144: bets $3
VolkovDmitri: raises $3 to $6
mmmm144: calls $3
*** TURN *** [2d As 4h] [4s]
VolkovDmitri: checks
mmmm144: bets $6
VolkovDmitri: folds
Uncalled bet ($6) returned to mmmm144
mmmm144 collected $23.52 from pot
mmmm144: doesn't show hand
*** SUMMARY ***
Total pot $24 | Rake $0.48
Board [2d As 4h 4s]
Seat 1: mmmm144 (button) (small blind) collected ($23.52)
Seat 4: VolkovDmitri (big blind) folded on the Turn


PokerStars Hand #173613385997:  Hold'em Limit ($3/$6 USD) - 2017/07/28 8:50:15 ET
Table 'Mebsuta II' 6-max Seat #1 is the button
Seat 1: mmmm144 ($118.03 in chips)
Seat 4: VolkovDmitri ($120 in chips)
mmmm144: posts small blind $1
VolkovDmitri: posts big blind $3
*** HOLE CARDS ***
mmmm144: raises $3 to $6
VolkovDmitri: raises $3 to $9
mmmm144: calls $3
*** FLOP *** [6c 3d 7c]
VolkovDmitri: bets $3
mmmm144: calls $3
*** TURN *** [6c 3d 7c] [Th]
VolkovDmitri: checks
mmmm144: bets $6
VolkovDmitri: calls $6
*** RIVER *** [6c 3d 7c Th] [7h]
VolkovDmitri: checks
mmmm144: bets $6
VolkovDmitri: calls $6
*** SHOW DOWN ***
mmmm144: shows [Ac Tc] (two pair, Tens and Sevens)
VolkovDmitri: mucks hand
mmmm144 collected $47.50 from pot
*** SUMMARY ***
Total pot $48 | Rake $0.50
Board [6c 3d 7c Th 7h]
Seat 1: mmmm144 (button) (small blind) showed [Ac Tc] and won ($47.50) with two pair, Tens and Sevens
Seat 4: VolkovDmitri (big blind) mucked


PokerStars Hand #173613363069:  Hold'em Limit ($3/$6 USD) - 2017/07/28 8:49:27 ET
Table 'Mebsuta II' 6-max Seat #4 is the button
Seat 1: mmmm144 ($118.28 in chips)
Seat 4: VolkovDmitri ($120 in chips)
VolkovDmitri: posts small blind $1
mmmm144: posts big blind $3
*** HOLE CARDS ***
VolkovDmitri: raises $3 to $6
mmmm144: calls $3
*** FLOP *** [8h Qc 3c]
mmmm144: checks
VolkovDmitri: bets $3
mmmm144: calls $3
*** TURN *** [8h Qc 3c] [Jd]
mmmm144: checks
VolkovDmitri: checks
*** RIVER *** [8h Qc 3c Jd] [Td]
mmmm144: bets $6
VolkovDmitri: raises $6 to $12
mmmm144: raises $6 to $18
VolkovDmitri: calls $6
*** SHOW DOWN ***
mmmm144: shows [Ad 9d] (a straight, Eight to Queen)
VolkovDmitri: shows [9s As] (a straight, Eight to Queen)
mmmm144 collected $26.75 from pot
VolkovDmitri collected $26.75 from pot
*** SUMMARY ***
Total pot $54 | Rake $0.50
Board [8h Qc 3c Jd Td]
Seat 1: mmmm144 (big blind) showed [Ad 9d] and won ($26.75) with a straight, Eight to Queen
Seat 4: VolkovDmitri (button) (small blind) showed [9s As] and won ($26.75) with a straight, Eight to Queen


PokerStars Hand #173613416654:  Hold'em Limit ($3/$6 USD) - 2017/07/28 8:51:21 ET
Table 'Mebsuta II' 6-max Seat #1 is the button
Seat 1: mmmm144 ($126.53 in chips)
Seat 4: VolkovDmitri ($134.50 in chips)
mmmm144: posts small blind $1
VolkovDmitri: posts big blind $3
*** HOLE CARDS ***
mmmm144: folds
Uncalled bet ($2) returned to VolkovDmitri
VolkovDmitri collected $2 from pot
VolkovDmitri: doesn't show hand
mmmm144 leaves the table
*** SUMMARY ***
Total pot $2 | Rake $0
Seat 1: mmmm144 (button) (small blind) folded before Flop
Seat 4: VolkovDmitri (big blind) collected ($2)


PokerStars Hand #173613399807:  Hold'em Limit ($3/$6 USD) - 2017/07/28 8:50:45 ET
Table 'Mebsuta II' 6-max Seat #4 is the button
Seat 1: mmmm144 ($141.53 in chips)
Seat 4: VolkovDmitri ($120 in chips)
VolkovDmitri: posts small blind $1
mmmm144: posts big blind $3
*** HOLE CARDS ***
VolkovDmitri: raises $3 to $6
mmmm144: calls $3
*** FLOP *** [Qs 6d 4s]
mmmm144: checks
VolkovDmitri: bets $3
mmmm144: calls $3
*** TURN *** [Qs 6d 4s] [9s]
mmmm144: checks
VolkovDmitri: bets $6
mmmm144: calls $6
*** RIVER *** [Qs 6d 4s 9s] [8s]
mmmm144: checks
VolkovDmitri: checks
*** SHOW DOWN ***
mmmm144: shows [Kc 8c] (a pair of Eights)
VolkovDmitri: shows [2h Qc] (a pair of Queens)
VolkovDmitri collected $29.50 from pot
*** SUMMARY ***
Total pot $30 | Rake $0.50
Board [Qs 6d 4s 9s 8s]
Seat 1: mmmm144 (big blind) showed [Kc 8c] and lost with a pair of Eights
Seat 4: VolkovDmitri (button) (small blind) showed [2h Qc] and won ($29.50) with a pair of Queens


