PokerStars Hand #145718974110:  Hold'em Limit ($3/$6 USD) - 2015/12/21 20:54:05 ET
Table 'Mebsuta' 10-max Seat #9 is the button
Seat 5: Dok2920 ($334.11 in chips)
Seat 9: CrotchSnifer ($398.36 in chips)
CrotchSnifer: posts small blind $1
Dok2920: posts big blind $3
*** HOLE CARDS ***
CrotchSnifer: calls $2
Dok2920: checks
*** FLOP *** [4h 3s Kh]
Dok2920: checks
CrotchSnifer: bets $3
Dok2920: folds
Uncalled bet ($3) returned to CrotchSnifer
CrotchSnifer collected $5.88 from pot
*** SUMMARY ***
Total pot $6 | Rake $0.12
Board [4h 3s Kh]
Seat 5: Dok2920 (big blind) folded on the Flop
Seat 9: CrotchSnifer (button) (small blind) collected ($5.88)


PokerStars Hand #145718983757:  Hold'em Limit ($3/$6 USD) - 2015/12/21 20:54:25 ET
Table 'Mebsuta' 10-max Seat #9 is the button
Seat 5: Dok2920 ($334.11 in chips)
Seat 9: CrotchSnifer ($398.24 in chips)
CrotchSnifer: posts small blind $1
Dok2920: posts big blind $3
*** HOLE CARDS ***
CrotchSnifer: raises $3 to $6
Dok2920: folds
Uncalled bet ($3) returned to CrotchSnifer
CrotchSnifer collected $6 from pot
*** SUMMARY ***
Total pot $6 | Rake $0
Seat 5: Dok2920 (big blind) folded before Flop
Seat 9: CrotchSnifer (button) (small blind) collected ($6)


PokerStars Hand #145718986184:  Hold'em Limit ($3/$6 USD) - 2015/12/21 20:54:30 ET
Table 'Mebsuta' 10-max Seat #5 is the button
Seat 5: Dok2920 ($331.11 in chips)
Seat 9: CrotchSnifer ($401.24 in chips)
Dok2920: posts small blind $1
CrotchSnifer: posts big blind $3
*** HOLE CARDS ***
Dok2920: raises $3 to $6
CrotchSnifer: calls $3
*** FLOP *** [8c 9d Ad]
CrotchSnifer: checks
Dok2920: bets $3
CrotchSnifer: folds
Uncalled bet ($3) returned to Dok2920
Dok2920 collected $11.76 from pot
*** SUMMARY ***
Total pot $12 | Rake $0.24
Board [8c 9d Ad]
Seat 5: Dok2920 (button) (small blind) collected ($11.76)
Seat 9: CrotchSnifer (big blind) folded on the Flop


PokerStars Hand #145718980447:  Hold'em Limit ($3/$6 USD) - 2015/12/21 20:54:18 ET
Table 'Mebsuta' 10-max Seat #5 is the button
Seat 5: Dok2920 ($331.11 in chips)
Seat 9: CrotchSnifer ($401.24 in chips)
Dok2920: posts small blind $1
CrotchSnifer: posts big blind $3
*** HOLE CARDS ***
Dok2920: raises $3 to $6
CrotchSnifer: folds
Uncalled bet ($3) returned to Dok2920
Dok2920 collected $6 from pot
*** SUMMARY ***
Total pot $6 | Rake $0
Seat 5: Dok2920 (button) (small blind) collected ($6)
Seat 9: CrotchSnifer (big blind) folded before Flop


