PokerStars Hand #151202535583:  Hold'em Limit ($3/$6 USD) - 2016/03/31 2:44:55 ET
Table 'Mebsuta II' 6-max Seat #2 is the button
Seat 2: zeelogic666 ($33.02 in chips)
Seat 3: Agrotait ($72 in chips)
zeelogic666: posts small blind $1
Agrotait: posts big blind $3
*** HOLE CARDS ***
zeelogic666: raises $3 to $6
Agrotait: raises $3 to $9
zeelogic666: calls $3
*** FLOP *** [Qs 6d 7c]
Agrotait: bets $3
zeelogic666: calls $3
*** TURN *** [Qs 6d 7c] [3c]
Agrotait: checks
zeelogic666: bets $6
Agrotait: calls $6
*** RIVER *** [Qs 6d 7c 3c] [6s]
Agrotait: checks
zeelogic666: bets $6
Agrotait: calls $6
*** SHOW DOWN ***
zeelogic666: shows [Th 9c] (a pair of Sixes)
Agrotait: shows [9d 9h] (two pair, Nines and Sixes)
Agrotait collected $47.50 from pot
*** SUMMARY ***
Total pot $48 | Rake $0.50
Board [Qs 6d 7c 3c 6s]
Seat 2: zeelogic666 (button) (small blind) showed [Th 9c] and lost with a pair of Sixes
Seat 3: Agrotait (big blind) showed [9d 9h] and won ($47.50) with two pair, Nines and Sixes


PokerStars Hand #151202546181:  Hold'em Limit ($3/$6 USD) - 2016/03/31 2:45:32 ET
Table 'Mebsuta II' 6-max Seat #3 is the button
Seat 2: zeelogic666 ($9.02 in chips)
Seat 3: Agrotait ($95.50 in chips)
Agrotait: posts small blind $1
zeelogic666: posts big blind $3
*** HOLE CARDS ***
Agrotait: raises $3 to $6
zeelogic666: raises $3 to $9
Agrotait: calls $3
*** FLOP *** [2s 6c Kh]
zeelogic666: bets $0.02 and is all-in
Agrotait: calls $0.02
*** TURN *** [2s 6c Kh] [Kc]
*** RIVER *** [2s 6c Kh Kc] [9h]
*** SHOW DOWN ***
zeelogic666: shows [Ad 2d] (two pair, Kings and Deuces)
Agrotait: shows [Ts 8h] (a pair of Kings)
zeelogic666 collected $17.68 from pot
*** SUMMARY ***
Total pot $18.04 | Rake $0.36
Board [2s 6c Kh Kc 9h]
Seat 2: zeelogic666 (big blind) showed [Ad 2d] and won ($17.68) with two pair, Kings and Deuces
Seat 3: Agrotait (button) (small blind) showed [Ts 8h] and lost with a pair of Kings


PokerStars Hand #151202556714:  Hold'em Limit ($3/$6 USD) - 2016/03/31 2:46:09 ET
Table 'Mebsuta II' 6-max Seat #2 is the button
Seat 2: zeelogic666 ($17.68 in chips)
Seat 3: Agrotait ($86.48 in chips)
zeelogic666: posts small blind $1
Agrotait: posts big blind $3
*** HOLE CARDS ***
zeelogic666: raises $3 to $6
Agrotait: calls $3
*** FLOP *** [3h Kd As]
Agrotait: checks
zeelogic666: bets $3
Agrotait: folds
Uncalled bet ($3) returned to zeelogic666
zeelogic666 collected $11.76 from pot
zeelogic666: doesn't show hand
*** SUMMARY ***
Total pot $12 | Rake $0.24
Board [3h Kd As]
Seat 2: zeelogic666 (button) (small blind) collected ($11.76)
Seat 3: Agrotait (big blind) folded on the Flop


PokerStars Hand #151202561907:  Hold'em Limit ($3/$6 USD) - 2016/03/31 2:46:27 ET
Table 'Mebsuta II' 6-max Seat #3 is the button
Seat 2: zeelogic666 ($23.44 in chips)
Seat 3: Agrotait ($80.48 in chips)
Agrotait: posts small blind $1
zeelogic666: posts big blind $3
*** HOLE CARDS ***
Agrotait: raises $3 to $6
zeelogic666: calls $3
*** FLOP *** [Jd Th 2c]
zeelogic666: checks
Agrotait: bets $3
zeelogic666: calls $3
*** TURN *** [Jd Th 2c] [Qh]
zeelogic666: checks
Agrotait: bets $6
zeelogic666: calls $6
*** RIVER *** [Jd Th 2c Qh] [8s]
zeelogic666: checks
Agrotait: checks
*** SHOW DOWN ***
zeelogic666: shows [6d Jh] (a pair of Jacks)
Agrotait: mucks hand
zeelogic666 collected $29.50 from pot
*** SUMMARY ***
Total pot $30 | Rake $0.50
Board [Jd Th 2c Qh 8s]
Seat 2: zeelogic666 (big blind) showed [6d Jh] and won ($29.50) with a pair of Jacks
Seat 3: Agrotait (button) (small blind) mucked


PokerStars Hand #151202580080:  Hold'em Limit ($3/$6 USD) - 2016/03/31 2:47:30 ET
Table 'Mebsuta II' 6-max Seat #3 is the button
Seat 2: zeelogic666 ($46.58 in chips)
Seat 3: Agrotait ($72 in chips)
Agrotait: posts small blind $1
zeelogic666: posts big blind $3
*** HOLE CARDS ***
Agrotait: folds
Uncalled bet ($2) returned to zeelogic666
zeelogic666 collected $2 from pot
zeelogic666: doesn't show hand
*** SUMMARY ***
Total pot $2 | Rake $0
Seat 2: zeelogic666 (big blind) collected ($2)
Seat 3: Agrotait (button) (small blind) folded before Flop


PokerStars Hand #151202571892:  Hold'em Limit ($3/$6 USD) - 2016/03/31 2:47:01 ET
Table 'Mebsuta II' 6-max Seat #2 is the button
Seat 2: zeelogic666 ($37.94 in chips)
Seat 3: Agrotait ($65.48 in chips)
zeelogic666: posts small blind $1
Agrotait: posts big blind $3
*** HOLE CARDS ***
zeelogic666: raises $3 to $6
Agrotait: calls $3
*** FLOP *** [8d 8s 3s]
Agrotait: checks
zeelogic666: bets $3
Agrotait: calls $3
*** TURN *** [8d 8s 3s] [6h]
Agrotait: checks
zeelogic666: checks
*** RIVER *** [8d 8s 3s 6h] [9c]
Agrotait: checks
zeelogic666: checks
*** SHOW DOWN ***
Agrotait: shows [As 7h] (a pair of Eights)
zeelogic666: shows [Td Ah] (a pair of Eights - Ace+Ten kicker)
zeelogic666 collected $17.64 from pot
*** SUMMARY ***
Total pot $18 | Rake $0.36
Board [8d 8s 3s 6h 9c]
Seat 2: zeelogic666 (button) (small blind) showed [Td Ah] and won ($17.64) with a pair of Eights
Seat 3: Agrotait (big blind) showed [As 7h] and lost with a pair of Eights


PokerStars Hand #151202594108:  Hold'em Limit ($3/$6 USD) - 2016/03/31 2:48:18 ET
Table 'Mebsuta II' 6-max Seat #3 is the button
Seat 2: zeelogic666 ($41.58 in chips)
Seat 3: Agrotait ($76.76 in chips)
Agrotait: posts small blind $1
zeelogic666: posts big blind $3
*** HOLE CARDS ***
Agrotait: raises $3 to $6
zeelogic666: calls $3
*** FLOP *** [Kc 4c Jc]
zeelogic666: checks
Agrotait: bets $3
zeelogic666: folds
Uncalled bet ($3) returned to Agrotait
Agrotait collected $11.76 from pot
Agrotait: doesn't show hand
*** SUMMARY ***
Total pot $12 | Rake $0.24
Board [Kc 4c Jc]
Seat 2: zeelogic666 (big blind) folded on the Flop
Seat 3: Agrotait (button) (small blind) collected ($11.76)


PokerStars Hand #151202583281:  Hold'em Limit ($3/$6 USD) - 2016/03/31 2:47:41 ET
Table 'Mebsuta II' 6-max Seat #2 is the button
Seat 2: zeelogic666 ($47.58 in chips)
Seat 3: Agrotait ($71 in chips)
zeelogic666: posts small blind $1
Agrotait: posts big blind $3
*** HOLE CARDS ***
zeelogic666: raises $3 to $6
Agrotait: calls $3
*** FLOP *** [Qc 9h 7s]
Agrotait: checks
zeelogic666: checks
*** TURN *** [Qc 9h 7s] [Kd]
Agrotait: bets $6
zeelogic666: folds
Uncalled bet ($6) returned to Agrotait
Agrotait collected $11.76 from pot
Agrotait: doesn't show hand
*** SUMMARY ***
Total pot $12 | Rake $0.24
Board [Qc 9h 7s Kd]
Seat 2: zeelogic666 (button) (small blind) folded on the Turn
Seat 3: Agrotait (big blind) collected ($11.76)


PokerStars Hand #151202604422:  Hold'em Limit ($3/$6 USD) - 2016/03/31 2:48:54 ET
Table 'Mebsuta II' 6-max Seat #2 is the button
Seat 2: zeelogic666 ($35.58 in chips)
Seat 3: Agrotait ($82.52 in chips)
zeelogic666: posts small blind $1
Agrotait: posts big blind $3
*** HOLE CARDS ***
zeelogic666: folds
Uncalled bet ($2) returned to Agrotait
Agrotait collected $2 from pot
Agrotait: doesn't show hand
*** SUMMARY ***
Total pot $2 | Rake $0
Seat 2: zeelogic666 (button) (small blind) folded before Flop
Seat 3: Agrotait (big blind) collected ($2)


PokerStars Hand #151202613871:  Hold'em Limit ($3/$6 USD) - 2016/03/31 2:49:27 ET
Table 'Mebsuta II' 6-max Seat #2 is the button
Seat 2: zeelogic666 ($43.22 in chips)
Seat 3: Agrotait ($74.52 in chips)
zeelogic666: posts small blind $1
Agrotait: posts big blind $3
*** HOLE CARDS ***
zeelogic666: raises $3 to $6
Agrotait: calls $3
*** FLOP *** [8d 5h 2d]
Agrotait: bets $3
zeelogic666: calls $3
*** TURN *** [8d 5h 2d] [Qh]
Agrotait: bets $6
zeelogic666: calls $6
*** RIVER *** [8d 5h 2d Qh] [Ks]
Agrotait: bets $6
zeelogic666: folds
Uncalled bet ($6) returned to Agrotait
Agrotait collected $29.50 from pot
Agrotait: doesn't show hand
*** SUMMARY ***
Total pot $30 | Rake $0.50
Board [8d 5h 2d Qh Ks]
Seat 2: zeelogic666 (button) (small blind) folded on the River
Seat 3: Agrotait (big blind) collected ($29.50)


PokerStars Hand #151202605924:  Hold'em Limit ($3/$6 USD) - 2016/03/31 2:48:59 ET
Table 'Mebsuta II' 6-max Seat #3 is the button
Seat 2: zeelogic666 ($34.58 in chips)
Seat 3: Agrotait ($83.52 in chips)
Agrotait: posts small blind $1
zeelogic666: posts big blind $3
*** HOLE CARDS ***
Agrotait: raises $3 to $6
zeelogic666: calls $3
*** FLOP *** [7d 9c 8h]
zeelogic666: checks
Agrotait: bets $3
zeelogic666: calls $3
*** TURN *** [7d 9c 8h] [6h]
zeelogic666: bets $6
Agrotait: folds
Uncalled bet ($6) returned to zeelogic666
zeelogic666 collected $17.64 from pot
zeelogic666: doesn't show hand
*** SUMMARY ***
Total pot $18 | Rake $0.36
Board [7d 9c 8h 6h]
Seat 2: zeelogic666 (big blind) collected ($17.64)
Seat 3: Agrotait (button) (small blind) folded on the Turn


PokerStars Hand #151202628098:  Hold'em Limit ($3/$6 USD) - 2016/03/31 2:50:16 ET
Table 'Mebsuta II' 6-max Seat #2 is the button
Seat 2: zeelogic666 ($22.22 in chips)
Seat 3: Agrotait ($94.78 in chips)
zeelogic666: posts small blind $1
Agrotait: posts big blind $3
*** HOLE CARDS ***
zeelogic666: raises $3 to $6
Agrotait: calls $3
*** FLOP *** [5c Qc Qh]
Agrotait: checks
zeelogic666: bets $3
Agrotait: folds
Uncalled bet ($3) returned to zeelogic666
zeelogic666 collected $11.76 from pot
zeelogic666: doesn't show hand
*** SUMMARY ***
Total pot $12 | Rake $0.24
Board [5c Qc Qh]
Seat 2: zeelogic666 (button) (small blind) collected ($11.76)
Seat 3: Agrotait (big blind) folded on the Flop


PokerStars Hand #151202623667:  Hold'em Limit ($3/$6 USD) - 2016/03/31 2:50:00 ET
Table 'Mebsuta II' 6-max Seat #3 is the button
Seat 2: zeelogic666 ($28.22 in chips)
Seat 3: Agrotait ($89.02 in chips)
Agrotait: posts small blind $1
zeelogic666: posts big blind $3
*** HOLE CARDS ***
Agrotait: raises $3 to $6
zeelogic666: calls $3
*** FLOP *** [8d 9d Ts]
zeelogic666: checks
Agrotait: bets $3
zeelogic666: folds
Uncalled bet ($3) returned to Agrotait
Agrotait collected $11.76 from pot
Agrotait: doesn't show hand
*** SUMMARY ***
Total pot $12 | Rake $0.24
Board [8d 9d Ts]
Seat 2: zeelogic666 (big blind) folded on the Flop
Seat 3: Agrotait (button) (small blind) collected ($11.76)


PokerStars Hand #151202645922:  Hold'em Limit ($3/$6 USD) - 2016/03/31 2:51:18 ET
Table 'Mebsuta II' 6-max Seat #2 is the button
Seat 2: zeelogic666 ($9.98 in chips)
Seat 3: Agrotait ($106.28 in chips)
zeelogic666: posts small blind $1
Agrotait: posts big blind $3
*** HOLE CARDS ***
zeelogic666: raises $3 to $6
Agrotait: folds
Uncalled bet ($3) returned to zeelogic666
zeelogic666 collected $6 from pot
zeelogic666: doesn't show hand
*** SUMMARY ***
Total pot $6 | Rake $0
Seat 2: zeelogic666 (button) (small blind) collected ($6)
Seat 3: Agrotait (big blind) folded before Flop


PokerStars Hand #151202661008:  Hold'em Limit ($3/$6 USD) - 2016/03/31 2:52:10 ET
Table 'Mebsuta II' 6-max Seat #2 is the button
Seat 2: zeelogic666 ($25.46 in chips)
Seat 3: Agrotait ($90.30 in chips)
zeelogic666: posts small blind $1
Agrotait: posts big blind $3
*** HOLE CARDS ***
zeelogic666: folds
Uncalled bet ($2) returned to Agrotait
Agrotait collected $2 from pot
Agrotait: doesn't show hand
*** SUMMARY ***
Total pot $2 | Rake $0
Seat 2: zeelogic666 (button) (small blind) folded before Flop
Seat 3: Agrotait (big blind) collected ($2)


PokerStars Hand #151202651179:  Hold'em Limit ($3/$6 USD) - 2016/03/31 2:51:36 ET
Table 'Mebsuta II' 6-max Seat #3 is the button
Seat 2: zeelogic666 ($12.98 in chips)
Seat 3: Agrotait ($103.28 in chips)
Agrotait: posts small blind $1
zeelogic666: posts big blind $3
*** HOLE CARDS ***
Agrotait: raises $3 to $6
zeelogic666: raises $3 to $9
Agrotait: raises $3 to $12
Betting is capped
zeelogic666: calls $3
*** FLOP *** [5h 2c 4d]
zeelogic666: bets $0.98 and is all-in
Agrotait: calls $0.98
*** TURN *** [5h 2c 4d] [Kh]
*** RIVER *** [5h 2c 4d Kh] [3h]
*** SHOW DOWN ***
zeelogic666: shows [6d 6c] (a straight, Deuce to Six)
Agrotait: shows [Ac Jd] (a straight, Ace to Five)
zeelogic666 collected $25.46 from pot
*** SUMMARY ***
Total pot $25.96 | Rake $0.50
Board [5h 2c 4d Kh 3h]
Seat 2: zeelogic666 (big blind) showed [6d 6c] and won ($25.46) with a straight, Deuce to Six
Seat 3: Agrotait (button) (small blind) showed [Ac Jd] and lost with a straight, Ace to Five


PokerStars Hand #151202634268:  Hold'em Limit ($3/$6 USD) - 2016/03/31 2:50:38 ET
Table 'Mebsuta II' 6-max Seat #3 is the button
Seat 2: zeelogic666 ($27.98 in chips)
Seat 3: Agrotait ($88.78 in chips)
Agrotait: posts small blind $1
zeelogic666: posts big blind $3
*** HOLE CARDS ***
Agrotait: raises $3 to $6
zeelogic666: raises $3 to $9
Agrotait: calls $3
*** FLOP *** [Ks Jc Kd]
zeelogic666: bets $3
Agrotait: calls $3
*** TURN *** [Ks Jc Kd] [7c]
zeelogic666: bets $6
Agrotait: raises $6 to $12
zeelogic666: folds
Uncalled bet ($6) returned to Agrotait
Agrotait collected $35.50 from pot
Agrotait: doesn't show hand
*** SUMMARY ***
Total pot $36 | Rake $0.50
Board [Ks Jc Kd 7c]
Seat 2: zeelogic666 (big blind) folded on the Turn
Seat 3: Agrotait (button) (small blind) collected ($35.50)


PokerStars Hand #151202662477:  Hold'em Limit ($3/$6 USD) - 2016/03/31 2:52:15 ET
Table 'Mebsuta II' 6-max Seat #3 is the button
Seat 2: zeelogic666 ($24.46 in chips)
Seat 3: Agrotait ($91.30 in chips)
Agrotait: posts small blind $1
zeelogic666: posts big blind $3
*** HOLE CARDS ***
Agrotait: raises $3 to $6
zeelogic666: calls $3
*** FLOP *** [5d 3d 2c]
zeelogic666: checks
Agrotait: bets $3
zeelogic666: folds
Uncalled bet ($3) returned to Agrotait
Agrotait collected $11.76 from pot
Agrotait: doesn't show hand
*** SUMMARY ***
Total pot $12 | Rake $0.24
Board [5d 3d 2c]
Seat 2: zeelogic666 (big blind) folded on the Flop
Seat 3: Agrotait (button) (small blind) collected ($11.76)


PokerStars Hand #151202677676:  Hold'em Limit ($3/$6 USD) - 2016/03/31 2:53:08 ET
Table 'Mebsuta II' 6-max Seat #3 is the button
Seat 2: zeelogic666 ($24.22 in chips)
Seat 3: Agrotait ($91.06 in chips)
Agrotait: posts small blind $1
zeelogic666: posts big blind $3
*** HOLE CARDS ***
Agrotait: raises $3 to $6
zeelogic666: folds
Uncalled bet ($3) returned to Agrotait
Agrotait collected $6 from pot
Agrotait: doesn't show hand
*** SUMMARY ***
Total pot $6 | Rake $0
Seat 2: zeelogic666 (big blind) folded before Flop
Seat 3: Agrotait (button) (small blind) collected ($6)


PokerStars Hand #151202666168:  Hold'em Limit ($3/$6 USD) - 2016/03/31 2:52:28 ET
Table 'Mebsuta II' 6-max Seat #2 is the button
Seat 2: zeelogic666 ($18.46 in chips)
Seat 3: Agrotait ($97.06 in chips)
zeelogic666: posts small blind $1
Agrotait: posts big blind $3
*** HOLE CARDS ***
zeelogic666: raises $3 to $6
Agrotait: calls $3
*** FLOP *** [Tc 3s Kd]
Agrotait: checks
zeelogic666: checks
*** TURN *** [Tc 3s Kd] [6h]
Agrotait: checks
zeelogic666: bets $6
Agrotait: folds
Uncalled bet ($6) returned to zeelogic666
zeelogic666 collected $11.76 from pot
zeelogic666: doesn't show hand
*** SUMMARY ***
Total pot $12 | Rake $0.24
Board [Tc 3s Kd 6h]
Seat 2: zeelogic666 (button) (small blind) collected ($11.76)
Seat 3: Agrotait (big blind) folded on the Turn


PokerStars Hand #151202691158:  Hold'em Limit ($3/$6 USD) - 2016/03/31 2:53:55 ET
Table 'Mebsuta II' 6-max Seat #2 is the button
Seat 2: zeelogic666 ($26.74 in chips)
Seat 3: Agrotait ($87.82 in chips)
zeelogic666: posts small blind $1
Agrotait: posts big blind $3
*** HOLE CARDS ***
zeelogic666: raises $3 to $6
Agrotait: folds
Uncalled bet ($3) returned to zeelogic666
zeelogic666 collected $6 from pot
zeelogic666: doesn't show hand
*** SUMMARY ***
Total pot $6 | Rake $0
Seat 2: zeelogic666 (button) (small blind) collected ($6)
Seat 3: Agrotait (big blind) folded before Flop


PokerStars Hand #151202689375:  Hold'em Limit ($3/$6 USD) - 2016/03/31 2:53:49 ET
Table 'Mebsuta II' 6-max Seat #3 is the button
Seat 2: zeelogic666 ($29.74 in chips)
Seat 3: Agrotait ($84.82 in chips)
Agrotait: posts small blind $1
zeelogic666: posts big blind $3
*** HOLE CARDS ***
Agrotait: raises $3 to $6
zeelogic666: folds
Uncalled bet ($3) returned to Agrotait
Agrotait collected $6 from pot
Agrotait: doesn't show hand
*** SUMMARY ***
Total pot $6 | Rake $0
Seat 2: zeelogic666 (big blind) folded before Flop
Seat 3: Agrotait (button) (small blind) collected ($6)


PokerStars Hand #151202686998:  Hold'em Limit ($3/$6 USD) - 2016/03/31 2:53:41 ET
Table 'Mebsuta II' 6-max Seat #2 is the button
Seat 2: zeelogic666 ($26.74 in chips)
Seat 3: Agrotait ($87.82 in chips)
zeelogic666: posts small blind $1
Agrotait: posts big blind $3
*** HOLE CARDS ***
zeelogic666: raises $3 to $6
Agrotait: folds
Uncalled bet ($3) returned to zeelogic666
zeelogic666 collected $6 from pot
zeelogic666: doesn't show hand
*** SUMMARY ***
Total pot $6 | Rake $0
Seat 2: zeelogic666 (button) (small blind) collected ($6)
Seat 3: Agrotait (big blind) folded before Flop


PokerStars Hand #151202682596:  Hold'em Limit ($3/$6 USD) - 2016/03/31 2:53:26 ET
Table 'Mebsuta II' 6-max Seat #3 is the button
Seat 2: zeelogic666 ($15.22 in chips)
Seat 3: Agrotait ($99.82 in chips)
Agrotait: posts small blind $1
zeelogic666: posts big blind $3
*** HOLE CARDS ***
Agrotait: raises $3 to $6
zeelogic666: raises $3 to $9
Agrotait: calls $3
*** FLOP *** [6d Jh Qs]
zeelogic666: bets $3
Agrotait: calls $3
*** TURN *** [6d Jh Qs] [5d]
zeelogic666: bets $3.22 and is all-in
Agrotait: folds
Uncalled bet ($3.22) returned to zeelogic666
zeelogic666 collected $23.52 from pot
zeelogic666: doesn't show hand
*** SUMMARY ***
Total pot $24 | Rake $0.48
Board [6d Jh Qs 5d]
Seat 2: zeelogic666 (big blind) collected ($23.52)
Seat 3: Agrotait (button) (small blind) folded on the Turn


PokerStars Hand #151202679304:  Hold'em Limit ($3/$6 USD) - 2016/03/31 2:53:14 ET
Table 'Mebsuta II' 6-max Seat #2 is the button
Seat 2: zeelogic666 ($21.22 in chips)
Seat 3: Agrotait ($94.06 in chips)
zeelogic666: posts small blind $1
Agrotait: posts big blind $3
*** HOLE CARDS ***
zeelogic666: raises $3 to $6
Agrotait: calls $3
*** FLOP *** [Th 4s Js]
Agrotait: checks
zeelogic666: checks
*** TURN *** [Th 4s Js] [Ad]
Agrotait: bets $6
zeelogic666: folds
Uncalled bet ($6) returned to Agrotait
Agrotait collected $11.76 from pot
Agrotait: doesn't show hand
*** SUMMARY ***
Total pot $12 | Rake $0.24
Board [Th 4s Js Ad]
Seat 2: zeelogic666 (button) (small blind) folded on the Turn
Seat 3: Agrotait (big blind) collected ($11.76)


PokerStars Hand #151202699492:  Hold'em Limit ($3/$6 USD) - 2016/03/31 2:54:25 ET
Table 'Mebsuta II' 6-max Seat #2 is the button
Seat 2: zeelogic666 ($47.24 in chips)
Seat 3: Agrotait ($66.82 in chips)
zeelogic666: posts small blind $1
Agrotait: posts big blind $3
*** HOLE CARDS ***
zeelogic666: calls $2
Agrotait: raises $3 to $6
zeelogic666: raises $3 to $9
Agrotait: calls $3
*** FLOP *** [3s Td 2c]
Agrotait: checks
zeelogic666: bets $3
Agrotait said, "AA"
Agrotait: folds
Uncalled bet ($3) returned to zeelogic666
zeelogic666 collected $17.64 from pot
zeelogic666: doesn't show hand
*** SUMMARY ***
Total pot $18 | Rake $0.36
Board [3s Td 2c]
Seat 2: zeelogic666 (button) (small blind) collected ($17.64)
Seat 3: Agrotait (big blind) folded on the Flop


PokerStars Hand #151202693373:  Hold'em Limit ($3/$6 USD) - 2016/03/31 2:54:03 ET
Table 'Mebsuta II' 6-max Seat #3 is the button
Seat 2: zeelogic666 ($29.74 in chips)
Seat 3: Agrotait ($84.82 in chips)
Agrotait: posts small blind $1
zeelogic666: posts big blind $3
*** HOLE CARDS ***
Agrotait: raises $3 to $6
zeelogic666: raises $3 to $9
Agrotait: calls $3
*** FLOP *** [8c Jc As]
zeelogic666: checks
Agrotait: bets $3
zeelogic666: calls $3
*** TURN *** [8c Jc As] [Kc]
zeelogic666: checks
Agrotait: checks
*** RIVER *** [8c Jc As Kc] [7d]
zeelogic666: bets $6
Agrotait: calls $6
*** SHOW DOWN ***
zeelogic666: shows [Qs Ac] (a pair of Aces)
Agrotait: mucks hand
zeelogic666 collected $35.50 from pot
*** SUMMARY ***
Total pot $36 | Rake $0.50
Board [8c Jc As Kc 7d]
Seat 2: zeelogic666 (big blind) showed [Qs Ac] and won ($35.50) with a pair of Aces
Seat 3: Agrotait (button) (small blind) mucked


PokerStars Hand #151202707844:  Hold'em Limit ($3/$6 USD) - 2016/03/31 2:54:54 ET
Table 'Mebsuta II' 6-max Seat #3 is the button
Seat 2: zeelogic666 ($55.88 in chips)
Seat 3: Agrotait ($72 in chips)
Agrotait: posts small blind $1
zeelogic666: posts big blind $3
*** HOLE CARDS ***
Agrotait: raises $3 to $6
zeelogic666 said, "nope"
zeelogic666: calls $3
*** FLOP *** [5s 9d 8c]
zeelogic666: checks
Agrotait: bets $3
zeelogic666: calls $3
*** TURN *** [5s 9d 8c] [Tc]
zeelogic666: checks
Agrotait: bets $6
zeelogic666: calls $6
*** RIVER *** [5s 9d 8c Tc] [Jh]
zeelogic666: checks
Agrotait: bets $6
zeelogic666: calls $6
*** SHOW DOWN ***
Agrotait: shows [9h 8s] (two pair, Nines and Eights)
zeelogic666: shows [8h 7h] (a straight, Seven to Jack)
zeelogic666 collected $41.50 from pot
*** SUMMARY ***
Total pot $42 | Rake $0.50
Board [5s 9d 8c Tc Jh]
Seat 2: zeelogic666 (big blind) showed [8h 7h] and won ($41.50) with a straight, Seven to Jack
Seat 3: Agrotait (button) (small blind) showed [9h 8s] and lost with two pair, Nines and Eights


PokerStars Hand #151202716843:  Hold'em Limit ($3/$6 USD) - 2016/03/31 2:55:28 ET
Table 'Mebsuta II' 6-max Seat #3 is the button
Seat 2: zeelogic666 ($75.38 in chips)
Seat 3: Agrotait ($73 in chips)
Agrotait: posts small blind $1
zeelogic666: posts big blind $3
*** HOLE CARDS ***
Agrotait: raises $3 to $6
zeelogic666: calls $3
*** FLOP *** [7d Kh Qs]
zeelogic666: checks
Agrotait: bets $3
zeelogic666: folds
Uncalled bet ($3) returned to Agrotait
Agrotait collected $11.76 from pot
Agrotait: doesn't show hand
*** SUMMARY ***
Total pot $12 | Rake $0.24
Board [7d Kh Qs]
Seat 2: zeelogic666 (big blind) folded on the Flop
Seat 3: Agrotait (button) (small blind) collected ($11.76)


PokerStars Hand #151202715136:  Hold'em Limit ($3/$6 USD) - 2016/03/31 2:55:21 ET
Table 'Mebsuta II' 6-max Seat #2 is the button
Seat 2: zeelogic666 ($76.38 in chips)
Seat 3: Agrotait ($72 in chips)
zeelogic666: posts small blind $1
Agrotait: posts big blind $3
*** HOLE CARDS ***
zeelogic666: folds
Uncalled bet ($2) returned to Agrotait
Agrotait collected $2 from pot
Agrotait: doesn't show hand
*** SUMMARY ***
Total pot $2 | Rake $0
Seat 2: zeelogic666 (button) (small blind) folded before Flop
Seat 3: Agrotait (big blind) collected ($2)


PokerStars Hand #151202719476:  Hold'em Limit ($3/$6 USD) - 2016/03/31 2:55:38 ET
Table 'Mebsuta II' 6-max Seat #2 is the button
Seat 2: zeelogic666 ($69.38 in chips)
Seat 3: Agrotait ($78.76 in chips)
zeelogic666: posts small blind $1
Agrotait: posts big blind $3
*** HOLE CARDS ***
zeelogic666: raises $3 to $6
Agrotait: calls $3
*** FLOP *** [8h 7c 3d]
Agrotait: checks
zeelogic666: checks
*** TURN *** [8h 7c 3d] [Kh]
Agrotait: bets $6
zeelogic666: folds
Uncalled bet ($6) returned to Agrotait
Agrotait collected $11.76 from pot
Agrotait: doesn't show hand
*** SUMMARY ***
Total pot $12 | Rake $0.24
Board [8h 7c 3d Kh]
Seat 2: zeelogic666 (button) (small blind) folded on the Turn
Seat 3: Agrotait (big blind) collected ($11.76)


PokerStars Hand #151202722681:  Hold'em Limit ($3/$6 USD) - 2016/03/31 2:55:51 ET
Table 'Mebsuta II' 6-max Seat #3 is the button
Seat 2: zeelogic666 ($63.38 in chips)
Seat 3: Agrotait ($84.52 in chips)
Agrotait: posts small blind $1
zeelogic666: posts big blind $3
*** HOLE CARDS ***
Agrotait: raises $3 to $6
zeelogic666: calls $3
*** FLOP *** [2h 5h 4d]
zeelogic666: bets $3
Agrotait: calls $3
*** TURN *** [2h 5h 4d] [Js]
zeelogic666: bets $6
Agrotait: folds
Uncalled bet ($6) returned to zeelogic666
zeelogic666 collected $17.64 from pot
zeelogic666: doesn't show hand
*** SUMMARY ***
Total pot $18 | Rake $0.36
Board [2h 5h 4d Js]
Seat 2: zeelogic666 (big blind) collected ($17.64)
Seat 3: Agrotait (button) (small blind) folded on the Turn


PokerStars Hand #151202725884:  Hold'em Limit ($3/$6 USD) - 2016/03/31 2:56:03 ET
Table 'Mebsuta II' 6-max Seat #2 is the button
Seat 2: zeelogic666 ($72.02 in chips)
Seat 3: Agrotait ($75.52 in chips)
zeelogic666: posts small blind $1
Agrotait: posts big blind $3
*** HOLE CARDS ***
zeelogic666: folds
Uncalled bet ($2) returned to Agrotait
Agrotait collected $2 from pot
Agrotait: doesn't show hand
*** SUMMARY ***
Total pot $2 | Rake $0
Seat 2: zeelogic666 (button) (small blind) folded before Flop
Seat 3: Agrotait (big blind) collected ($2)


PokerStars Hand #151202727238:  Hold'em Limit ($3/$6 USD) - 2016/03/31 2:56:09 ET
Table 'Mebsuta II' 6-max Seat #3 is the button
Seat 2: zeelogic666 ($71.02 in chips)
Seat 3: Agrotait ($76.52 in chips)
Agrotait: posts small blind $1
zeelogic666: posts big blind $3
*** HOLE CARDS ***
Agrotait: raises $3 to $6
zeelogic666: calls $3
*** FLOP *** [7h 3h 2h]
zeelogic666: checks
Agrotait: bets $3
zeelogic666: raises $3 to $6
Agrotait: calls $3
*** TURN *** [7h 3h 2h] [Td]
zeelogic666: bets $6
Agrotait: raises $6 to $12
zeelogic666: calls $6
*** RIVER *** [7h 3h 2h Td] [5h]
zeelogic666: bets $6
Agrotait: raises $6 to $12
zeelogic666: calls $6
*** SHOW DOWN ***
Agrotait: shows [Ah Th] (a flush, Ace high)
zeelogic666: mucks hand
Agrotait collected $71.50 from pot
*** SUMMARY ***
Total pot $72 | Rake $0.50
Board [7h 3h 2h Td 5h]
Seat 2: zeelogic666 (big blind) mucked
Seat 3: Agrotait (button) (small blind) showed [Ah Th] and won ($71.50) with a flush, Ace high


PokerStars Hand #151202736707:  Hold'em Limit ($3/$6 USD) - 2016/03/31 2:56:46 ET
Table 'Mebsuta II' 6-max Seat #2 is the button
Seat 2: zeelogic666 ($35.02 in chips)
Seat 3: Agrotait ($112.02 in chips)
zeelogic666: posts small blind $1
Agrotait: posts big blind $3
*** HOLE CARDS ***
zeelogic666: raises $3 to $6
Agrotait: raises $3 to $9
zeelogic666: calls $3
*** FLOP *** [8d 9c Ah]
Agrotait: bets $3
zeelogic666: folds
Uncalled bet ($3) returned to Agrotait
Agrotait collected $17.64 from pot
Agrotait: doesn't show hand
*** SUMMARY ***
Total pot $18 | Rake $0.36
Board [8d 9c Ah]
Seat 2: zeelogic666 (button) (small blind) folded on the Flop
Seat 3: Agrotait (big blind) collected ($17.64)


PokerStars Hand #151202740760:  Hold'em Limit ($3/$6 USD) - 2016/03/31 2:57:01 ET
Table 'Mebsuta II' 6-max Seat #3 is the button
Seat 2: zeelogic666 ($26.02 in chips)
Seat 3: Agrotait ($120.66 in chips)
Agrotait: posts small blind $1
zeelogic666: posts big blind $3
*** HOLE CARDS ***
Agrotait: raises $3 to $6
zeelogic666: raises $3 to $9
Agrotait: calls $3
*** FLOP *** [5h 9h Ad]
zeelogic666: bets $3
Agrotait: folds
Uncalled bet ($3) returned to zeelogic666
zeelogic666 collected $17.64 from pot
zeelogic666: doesn't show hand
*** SUMMARY ***
Total pot $18 | Rake $0.36
Board [5h 9h Ad]
Seat 2: zeelogic666 (big blind) collected ($17.64)
Seat 3: Agrotait (button) (small blind) folded on the Flop


PokerStars Hand #151202756089:  Hold'em Limit ($3/$6 USD) - 2016/03/31 2:58:00 ET
Table 'Mebsuta II' 6-max Seat #2 is the button
Seat 2: zeelogic666 ($64.80 in chips)
Seat 3: Agrotait ($80.66 in chips)
zeelogic666: posts small blind $1
Agrotait: posts big blind $3
*** HOLE CARDS ***
zeelogic666: folds
Uncalled bet ($2) returned to Agrotait
Agrotait collected $2 from pot
Agrotait: doesn't show hand
*** SUMMARY ***
Total pot $2 | Rake $0
Seat 2: zeelogic666 (button) (small blind) folded before Flop
Seat 3: Agrotait (big blind) collected ($2)


PokerStars Hand #151202751690:  Hold'em Limit ($3/$6 USD) - 2016/03/31 2:57:43 ET
Table 'Mebsuta II' 6-max Seat #3 is the button
Seat 2: zeelogic666 ($56.16 in chips)
Seat 3: Agrotait ($89.66 in chips)
Agrotait: posts small blind $1
zeelogic666: posts big blind $3
*** HOLE CARDS ***
Agrotait: raises $3 to $6
zeelogic666: calls $3
*** FLOP *** [2d Qd 3s]
zeelogic666: checks
Agrotait: bets $3
zeelogic666: calls $3
*** TURN *** [2d Qd 3s] [8c]
zeelogic666: checks
Agrotait: checks
*** RIVER *** [2d Qd 3s 8c] [6d]
zeelogic666: checks
Agrotait: checks
*** SHOW DOWN ***
zeelogic666: shows [9h 2h] (a pair of Deuces)
Agrotait: mucks hand
zeelogic666 collected $17.64 from pot
*** SUMMARY ***
Total pot $18 | Rake $0.36
Board [2d Qd 3s 8c 6d]
Seat 2: zeelogic666 (big blind) showed [9h 2h] and won ($17.64) with a pair of Deuces
Seat 3: Agrotait (button) (small blind) mucked


PokerStars Hand #151202750393:  Hold'em Limit ($3/$6 USD) - 2016/03/31 2:57:38 ET
Table 'Mebsuta II' 6-max Seat #2 is the button
Seat 2: zeelogic666 ($57.16 in chips)
Seat 3: Agrotait ($88.66 in chips)
zeelogic666: posts small blind $1
Agrotait: posts big blind $3
*** HOLE CARDS ***
zeelogic666: folds
Uncalled bet ($2) returned to Agrotait
Agrotait collected $2 from pot
Agrotait: doesn't show hand
*** SUMMARY ***
Total pot $2 | Rake $0
Seat 2: zeelogic666 (button) (small blind) folded before Flop
Seat 3: Agrotait (big blind) collected ($2)


PokerStars Hand #151202745022:  Hold'em Limit ($3/$6 USD) - 2016/03/31 2:57:17 ET
Table 'Mebsuta II' 6-max Seat #3 is the button
Seat 2: zeelogic666 ($33.66 in chips)
Seat 3: Agrotait ($112.66 in chips)
Agrotait: posts small blind $1
zeelogic666: posts big blind $3
*** HOLE CARDS ***
Agrotait: raises $3 to $6
zeelogic666: raises $3 to $9
Agrotait: calls $3
*** FLOP *** [Ac 5s 2h]
zeelogic666: bets $3
Agrotait: calls $3
*** TURN *** [Ac 5s 2h] [As]
zeelogic666: bets $6
Agrotait: calls $6
*** RIVER *** [Ac 5s 2h As] [4s]
zeelogic666: bets $6
Agrotait: calls $6
*** SHOW DOWN ***
zeelogic666: shows [Qs 8s] (a flush, Ace high)
Agrotait: mucks hand
zeelogic666 collected $47.50 from pot
*** SUMMARY ***
Total pot $48 | Rake $0.50
Board [Ac 5s 2h As 4s]
Seat 2: zeelogic666 (big blind) showed [Qs 8s] and won ($47.50) with a flush, Ace high
Seat 3: Agrotait (button) (small blind) mucked


PokerStars Hand #151202743450:  Hold'em Limit ($3/$6 USD) - 2016/03/31 2:57:11 ET
Table 'Mebsuta II' 6-max Seat #2 is the button
Seat 2: zeelogic666 ($34.66 in chips)
Seat 3: Agrotait ($111.66 in chips)
zeelogic666: posts small blind $1
Agrotait: posts big blind $3
*** HOLE CARDS ***
zeelogic666: folds
Uncalled bet ($2) returned to Agrotait
Agrotait collected $2 from pot
Agrotait: doesn't show hand
*** SUMMARY ***
Total pot $2 | Rake $0
Seat 2: zeelogic666 (button) (small blind) folded before Flop
Seat 3: Agrotait (big blind) collected ($2)


PokerStars Hand #151202768737:  Hold'em Limit ($3/$6 USD) - 2016/03/31 2:58:48 ET
Table 'Mebsuta II' 6-max Seat #2 is the button
Seat 2: zeelogic666 ($87.30 in chips)
Seat 3: Agrotait ($72 in chips)
zeelogic666: posts small blind $1
Agrotait: posts big blind $3
*** HOLE CARDS ***
zeelogic666: folds
Uncalled bet ($2) returned to Agrotait
Agrotait collected $2 from pot
Agrotait: doesn't show hand
*** SUMMARY ***
Total pot $2 | Rake $0
Seat 2: zeelogic666 (button) (small blind) folded before Flop
Seat 3: Agrotait (big blind) collected ($2)


PokerStars Hand #151202757447:  Hold'em Limit ($3/$6 USD) - 2016/03/31 2:58:05 ET
Table 'Mebsuta II' 6-max Seat #3 is the button
Seat 2: zeelogic666 ($63.80 in chips)
Seat 3: Agrotait ($81.66 in chips)
Agrotait: posts small blind $1
zeelogic666: posts big blind $3
*** HOLE CARDS ***
Agrotait: raises $3 to $6
zeelogic666: raises $3 to $9
Agrotait: calls $3
*** FLOP *** [2s 8d Qh]
zeelogic666: bets $3
Agrotait: calls $3
*** TURN *** [2s 8d Qh] [6c]
zeelogic666: bets $6
Agrotait: calls $6
*** RIVER *** [2s 8d Qh 6c] [4s]
zeelogic666: bets $6
Agrotait: calls $6
*** SHOW DOWN ***
zeelogic666: shows [Qs Ah] (a pair of Queens)
Agrotait: mucks hand
zeelogic666 collected $47.50 from pot
*** SUMMARY ***
Total pot $48 | Rake $0.50
Board [2s 8d Qh 6c 4s]
Seat 2: zeelogic666 (big blind) showed [Qs Ah] and won ($47.50) with a pair of Queens
Seat 3: Agrotait (button) (small blind) mucked


PokerStars Hand #151202770085:  Hold'em Limit ($3/$6 USD) - 2016/03/31 2:58:54 ET
Table 'Mebsuta II' 6-max Seat #3 is the button
Seat 2: zeelogic666 ($86.30 in chips)
Seat 3: Agrotait ($73 in chips)
Agrotait: posts small blind $1
zeelogic666: posts big blind $3
*** HOLE CARDS ***
Agrotait: raises $3 to $6
zeelogic666: raises $3 to $9
Agrotait: calls $3
*** FLOP *** [Ac 5c 4c]
zeelogic666: bets $3
Agrotait: folds
Uncalled bet ($3) returned to zeelogic666
zeelogic666 collected $17.64 from pot
zeelogic666: doesn't show hand
*** SUMMARY ***
Total pot $18 | Rake $0.36
Board [Ac 5c 4c]
Seat 2: zeelogic666 (big blind) collected ($17.64)
Seat 3: Agrotait (button) (small blind) folded on the Flop


PokerStars Hand #151202773588:  Hold'em Limit ($3/$6 USD) - 2016/03/31 2:59:07 ET
Table 'Mebsuta II' 6-max Seat #2 is the button
Seat 2: zeelogic666 ($94.94 in chips)
Seat 3: Agrotait ($64 in chips)
zeelogic666: posts small blind $1
Agrotait: posts big blind $3
*** HOLE CARDS ***
zeelogic666: raises $3 to $6
Agrotait: calls $3
*** FLOP *** [Ts Qd As]
Agrotait: checks
zeelogic666: checks
*** TURN *** [Ts Qd As] [Jd]
Agrotait: bets $6
zeelogic666: calls $6
*** RIVER *** [Ts Qd As Jd] [9d]
Agrotait: checks
zeelogic666: bets $6
Agrotait: folds
Uncalled bet ($6) returned to zeelogic666
zeelogic666 collected $23.52 from pot
zeelogic666: doesn't show hand
*** SUMMARY ***
Total pot $24 | Rake $0.48
Board [Ts Qd As Jd 9d]
Seat 2: zeelogic666 (button) (small blind) collected ($23.52)
Seat 3: Agrotait (big blind) folded on the River


PokerStars Hand #151202777889:  Hold'em Limit ($3/$6 USD) - 2016/03/31 2:59:24 ET
Table 'Mebsuta II' 6-max Seat #3 is the button
Seat 2: zeelogic666 ($106.46 in chips)
Seat 3: Agrotait ($72 in chips)
Agrotait: posts small blind $1
zeelogic666: posts big blind $3
*** HOLE CARDS ***
Agrotait: raises $3 to $6
zeelogic666: calls $3
*** FLOP *** [6d 3c As]
zeelogic666: checks
Agrotait: bets $3
zeelogic666: calls $3
*** TURN *** [6d 3c As] [Js]
zeelogic666: checks
Agrotait: bets $6
zeelogic666: calls $6
*** RIVER *** [6d 3c As Js] [8c]
zeelogic666: checks
Agrotait: bets $6
zeelogic666: folds
Uncalled bet ($6) returned to Agrotait
Agrotait collected $29.50 from pot
Agrotait: doesn't show hand
*** SUMMARY ***
Total pot $30 | Rake $0.50
Board [6d 3c As Js 8c]
Seat 2: zeelogic666 (big blind) folded on the River
Seat 3: Agrotait (button) (small blind) collected ($29.50)


PokerStars Hand #151202802904:  Hold'em Limit ($3/$6 USD) - 2016/03/31 3:00:57 ET
Table 'Mebsuta II' 6-max Seat #2 is the button
Seat 2: zeelogic666 ($110.71 in chips)
Seat 3: Agrotait ($66.25 in chips)
zeelogic666: posts small blind $1
Agrotait: posts big blind $3
*** HOLE CARDS ***
zeelogic666: folds
Uncalled bet ($2) returned to Agrotait
Agrotait collected $2 from pot
Agrotait: doesn't show hand
*** SUMMARY ***
Total pot $2 | Rake $0
Seat 2: zeelogic666 (button) (small blind) folded before Flop
Seat 3: Agrotait (big blind) collected ($2)


PokerStars Hand #151202792433:  Hold'em Limit ($3/$6 USD) - 2016/03/31 3:00:19 ET
Table 'Mebsuta II' 6-max Seat #3 is the button
Seat 2: zeelogic666 ($91.21 in chips)
Seat 3: Agrotait ($86.25 in chips)
Agrotait: posts small blind $1
zeelogic666: posts big blind $3
*** HOLE CARDS ***
Agrotait: raises $3 to $6
zeelogic666: folds
Uncalled bet ($3) returned to Agrotait
Agrotait collected $6 from pot
Agrotait: doesn't show hand
*** SUMMARY ***
Total pot $6 | Rake $0
Seat 2: zeelogic666 (big blind) folded before Flop
Seat 3: Agrotait (button) (small blind) collected ($6)


PokerStars Hand #151202785133:  Hold'em Limit ($3/$6 USD) - 2016/03/31 2:59:52 ET
Table 'Mebsuta II' 6-max Seat #2 is the button
Seat 2: zeelogic666 ($91.46 in chips)
Seat 3: Agrotait ($86.50 in chips)
zeelogic666: posts small blind $1
Agrotait: posts big blind $3
*** HOLE CARDS ***
zeelogic666: calls $2
Agrotait: raises $3 to $6
zeelogic666: raises $3 to $9
Agrotait said, "AA"
Agrotait: calls $3
*** FLOP *** [6h 8c 7s]
Agrotait: checks
zeelogic666: bets $3
Agrotait: calls $3
*** TURN *** [6h 8c 7s] [9c]
Agrotait: checks
zeelogic666: bets $6
Agrotait: calls $6
*** RIVER *** [6h 8c 7s 9c] [Ts]
Agrotait: checks
zeelogic666: checks
*** SHOW DOWN ***
Agrotait: shows [6s 8s] (a straight, Six to Ten)
zeelogic666: shows [Kd Kc] (a straight, Six to Ten)
Agrotait collected $17.75 from pot
zeelogic666 collected $17.75 from pot
*** SUMMARY ***
Total pot $36 | Rake $0.50
Board [6h 8c 7s 9c Ts]
Seat 2: zeelogic666 (button) (small blind) showed [Kd Kc] and won ($17.75) with a straight, Six to Ten
Seat 3: Agrotait (big blind) showed [6s 8s] and won ($17.75) with a straight, Six to Ten


PokerStars Hand #151202794624:  Hold'em Limit ($3/$6 USD) - 2016/03/31 3:00:27 ET
Table 'Mebsuta II' 6-max Seat #2 is the button
Seat 2: zeelogic666 ($88.21 in chips)
Seat 3: Agrotait ($89.25 in chips)
zeelogic666: posts small blind $1
Agrotait: posts big blind $3
*** HOLE CARDS ***
zeelogic666: folds
Uncalled bet ($2) returned to Agrotait
Agrotait collected $2 from pot
Agrotait: doesn't show hand
*** SUMMARY ***
Total pot $2 | Rake $0
Seat 2: zeelogic666 (button) (small blind) folded before Flop
Seat 3: Agrotait (big blind) collected ($2)


