PokerStars Hand #144851288988:  Hold'em Limit ($3/$6 USD) - 2015/12/05 6:28:24 ET
Table 'Mechthild II' 2-max Seat #1 is the button
Seat 1: MAGER911 ($72 in chips)
Seat 2: zugswang64 ($53.34 in chips)
MAGER911: posts small blind $1
zugswang64: posts big blind $3
*** HOLE CARDS ***
MAGER911: raises $3 to $6
zugswang64: folds
Uncalled bet ($3) returned to MAGER911
MAGER911 collected $6 from pot
MAGER911: doesn't show hand
*** SUMMARY ***
Total pot $6 | Rake $0
Seat 1: MAGER911 (button) (small blind) collected ($6)
Seat 2: zugswang64 (big blind) folded before Flop


PokerStars Hand #144851283144:  Hold'em Limit ($3/$6 USD) - 2015/12/05 6:28:12 ET
Table 'Mechthild II' 2-max Seat #2 is the button
Seat 1: MAGER911 ($72 in chips)
Seat 2: zugswang64 ($50.34 in chips)
zugswang64: posts small blind $1
MAGER911: posts big blind $3
*** HOLE CARDS ***
zugswang64: raises $3 to $6
MAGER911: folds
Uncalled bet ($3) returned to zugswang64
zugswang64 collected $6 from pot
zugswang64: doesn't show hand
*** SUMMARY ***
Total pot $6 | Rake $0
Seat 1: MAGER911 (big blind) folded before Flop
Seat 2: zugswang64 (button) (small blind) collected ($6)


PokerStars Hand #144851312684:  Hold'em Limit ($3/$6 USD) - 2015/12/05 6:29:11 ET
Table 'Mechthild II' 2-max Seat #1 is the button
Seat 1: MAGER911 ($97.04 in chips)
Seat 2: zugswang64 ($27.34 in chips)
MAGER911: posts small blind $1
zugswang64: posts big blind $3
*** HOLE CARDS ***
MAGER911: raises $3 to $6
zugswang64: calls $3
*** FLOP *** [Qs Kd 3s]
zugswang64: checks
MAGER911: bets $3
zugswang64: calls $3
*** TURN *** [Qs Kd 3s] [Tc]
zugswang64: checks
MAGER911: bets $6
zugswang64: calls $6
*** RIVER *** [Qs Kd 3s Tc] [2s]
zugswang64: checks
MAGER911: bets $6
zugswang64: raises $6 to $12
MAGER911: raises $6 to $18
zugswang64: calls $0.34 and is all-in
Uncalled bet ($5.66) returned to MAGER911
*** SHOW DOWN ***
MAGER911: shows [Ts Ks] (a flush, King high)
zugswang64: shows [8s 6s] (a flush, Queen high)
MAGER911 collected $54.18 from pot
*** SUMMARY ***
Total pot $54.68 | Rake $0.50
Board [Qs Kd 3s Tc 2s]
Seat 1: MAGER911 (button) (small blind) showed [Ts Ks] and won ($54.18) with a flush, King high
Seat 2: zugswang64 (big blind) showed [8s 6s] and lost with a flush, Queen high


PokerStars Hand #144851304473:  Hold'em Limit ($3/$6 USD) - 2015/12/05 6:28:54 ET
Table 'Mechthild II' 2-max Seat #2 is the button
Seat 1: MAGER911 ($85.52 in chips)
Seat 2: zugswang64 ($39.34 in chips)
zugswang64: posts small blind $1
MAGER911: posts big blind $3
*** HOLE CARDS ***
zugswang64: raises $3 to $6
MAGER911: raises $3 to $9
zugswang64: calls $3
*** FLOP *** [4h 6s 2d]
MAGER911: bets $3
zugswang64: calls $3
*** TURN *** [4h 6s 2d] [Tc]
MAGER911: bets $6
zugswang64: folds
Uncalled bet ($6) returned to MAGER911
MAGER911 collected $23.52 from pot
MAGER911: doesn't show hand
*** SUMMARY ***
Total pot $24 | Rake $0.48
Board [4h 6s 2d Tc]
Seat 1: MAGER911 (big blind) collected ($23.52)
Seat 2: zugswang64 (button) (small blind) folded on the Turn


PokerStars Hand #144851302251:  Hold'em Limit ($3/$6 USD) - 2015/12/05 6:28:50 ET
Table 'Mechthild II' 2-max Seat #1 is the button
Seat 1: MAGER911 ($86.52 in chips)
Seat 2: zugswang64 ($38.34 in chips)
MAGER911: posts small blind $1
zugswang64: posts big blind $3
*** HOLE CARDS ***
MAGER911: folds
Uncalled bet ($2) returned to zugswang64
zugswang64 collected $2 from pot
zugswang64: doesn't show hand
*** SUMMARY ***
Total pot $2 | Rake $0
Seat 1: MAGER911 (button) (small blind) folded before Flop
Seat 2: zugswang64 (big blind) collected ($2)


PokerStars Hand #144851294834:  Hold'em Limit ($3/$6 USD) - 2015/12/05 6:28:35 ET
Table 'Mechthild II' 2-max Seat #2 is the button
Seat 1: MAGER911 ($75 in chips)
Seat 2: zugswang64 ($50.34 in chips)
zugswang64: posts small blind $1
MAGER911: posts big blind $3
*** HOLE CARDS ***
zugswang64: raises $3 to $6
MAGER911: calls $3
*** FLOP *** [4s 9s 4c]
MAGER911: checks
zugswang64: bets $3
MAGER911: raises $3 to $6
zugswang64: calls $3
*** TURN *** [4s 9s 4c] [7d]
MAGER911: bets $6
zugswang64: folds
Uncalled bet ($6) returned to MAGER911
MAGER911 collected $23.52 from pot
MAGER911: doesn't show hand
*** SUMMARY ***
Total pot $24 | Rake $0.48
Board [4s 9s 4c 7d]
Seat 1: MAGER911 (big blind) collected ($23.52)
Seat 2: zugswang64 (button) (small blind) folded on the Turn


PokerStars Hand #144851619723:  Hold'em Limit ($3/$6 USD) - 2015/12/05 6:39:02 ET
Table 'Mechthild II' 2-max Seat #2 is the button
Seat 1: MAGER911 ($123.88 in chips)
Seat 2: jl45259071 ($191.02 in chips)
jl45259071: posts small blind $1
MAGER911: posts big blind $3
*** HOLE CARDS ***
jl45259071: raises $3 to $6
MAGER911: calls $3
*** FLOP *** [8h 9c 4d]
MAGER911: checks
jl45259071: bets $3
MAGER911: folds
Uncalled bet ($3) returned to jl45259071
jl45259071 collected $11.76 from pot
jl45259071: doesn't show hand
*** SUMMARY ***
Total pot $12 | Rake $0.24
Board [8h 9c 4d]
Seat 1: MAGER911 (big blind) folded on the Flop
Seat 2: jl45259071 (button) (small blind) collected ($11.76)


PokerStars Hand #144851661335:  Hold'em Limit ($3/$6 USD) - 2015/12/05 6:40:23 ET
Table 'Mechthild II' 2-max Seat #2 is the button
Seat 1: MAGER911 ($108.88 in chips)
Seat 2: jl45259071 ($205.42 in chips)
jl45259071: posts small blind $1
MAGER911: posts big blind $3
*** HOLE CARDS ***
jl45259071: calls $2
MAGER911: raises $3 to $6
jl45259071: calls $3
*** FLOP *** [9d As 2d]
MAGER911: bets $3
jl45259071: folds
Uncalled bet ($3) returned to MAGER911
MAGER911 collected $11.76 from pot
jl45259071 leaves the table
MAGER911: doesn't show hand
*** SUMMARY ***
Total pot $12 | Rake $0.24
Board [9d As 2d]
Seat 1: MAGER911 (big blind) collected ($11.76)
Seat 2: jl45259071 (button) (small blind) folded on the Flop


PokerStars Hand #144851642115:  Hold'em Limit ($3/$6 USD) - 2015/12/05 6:39:45 ET
Table 'Mechthild II' 2-max Seat #1 is the button
Seat 1: MAGER911 ($117.88 in chips)
Seat 2: jl45259071 ($196.78 in chips)
MAGER911: posts small blind $1
jl45259071: posts big blind $3
*** HOLE CARDS ***
MAGER911: raises $3 to $6
jl45259071: raises $3 to $9
MAGER911: calls $3
*** FLOP *** [5c Ah 9s]
jl45259071: bets $3
MAGER911: folds
Uncalled bet ($3) returned to jl45259071
jl45259071 collected $17.64 from pot
jl45259071: doesn't show hand
*** SUMMARY ***
Total pot $18 | Rake $0.36
Board [5c Ah 9s]
Seat 1: MAGER911 (button) (small blind) folded on the Flop
Seat 2: jl45259071 (big blind) collected ($17.64)


