PokerStars Hand #151872031831:  Hold'em Limit ($3/$6 USD) - 2016/04/13 16:06:15 ET
Table 'Mechthild II' 6-max Seat #4 is the button
Seat 4: Bonsey_1 ($53 in chips)
Seat 6: bugsbubble ($298.70 in chips)
Bonsey_1: posts small blind $1
bugsbubble: posts big blind $3
*** HOLE CARDS ***
Bonsey_1: folds
Uncalled bet ($2) returned to bugsbubble
GoliafUa leaves the table
bugsbubble collected $2 from pot
bugsbubble: doesn't show hand
*** SUMMARY ***
Total pot $2 | Rake $0
Seat 4: Bonsey_1 (button) (small blind) folded before Flop
Seat 6: bugsbubble (big blind) collected ($2)


PokerStars Hand #151872036185:  Hold'em Limit ($3/$6 USD) - 2016/04/13 16:06:20 ET
Table 'Mechthild II' 6-max Seat #6 is the button
Seat 4: Bonsey_1 ($52 in chips)
Seat 6: bugsbubble ($299.70 in chips)
bugsbubble: posts small blind $1
Bonsey_1: posts big blind $3
*** HOLE CARDS ***
bugsbubble: raises $3 to $6
Bonsey_1: raises $3 to $9
bugsbubble: calls $3
*** FLOP *** [4s 5c 8d]
Bonsey_1: bets $3
bugsbubble: calls $3
*** TURN *** [4s 5c 8d] [5h]
Bonsey_1: bets $6
bugsbubble: calls $6
*** RIVER *** [4s 5c 8d 5h] [4c]
Bonsey_1: bets $6
bugsbubble: calls $6
*** SHOW DOWN ***
Bonsey_1: shows [9c 9h] (two pair, Nines and Fives)
bugsbubble: mucks hand
Bonsey_1 collected $47.50 from pot
*** SUMMARY ***
Total pot $48 | Rake $0.50
Board [4s 5c 8d 5h 4c]
Seat 4: Bonsey_1 (big blind) showed [9c 9h] and won ($47.50) with two pair, Nines and Fives
Seat 6: bugsbubble (button) (small blind) mucked


PokerStars Hand #151873454654:  Hold'em Limit ($3/$6 USD) - 2016/04/13 16:35:20 ET
Table 'Mechthild II' 6-max Seat #3 is the button
Seat 3: hasorer ($131.52 in chips)
Seat 4: Actionni13 ($150 in chips)
hasorer: posts small blind $1
Actionni13: posts big blind $3
*** HOLE CARDS ***
hasorer: calls $2
Actionni13: checks
*** FLOP *** [Qs Ts 4d]
Actionni13: bets $3
hasorer: raises $3 to $6
Actionni13: raises $3 to $9
hasorer: raises $3 to $12
Betting is capped
Actionni13: calls $3
*** TURN *** [Qs Ts 4d] [8s]
Actionni13: checks
hasorer: bets $6
Actionni13: calls $6
*** RIVER *** [Qs Ts 4d 8s] [7d]
Actionni13: checks
hasorer: bets $6
Actionni13: calls $6
*** SHOW DOWN ***
hasorer: shows [3s 7s] (a flush, Queen high)
Actionni13: mucks hand
hasorer collected $53.50 from pot
*** SUMMARY ***
Total pot $54 | Rake $0.50
Board [Qs Ts 4d 8s 7d]
Seat 3: hasorer (button) (small blind) showed [3s 7s] and won ($53.50) with a flush, Queen high
Seat 4: Actionni13 (big blind) mucked


PokerStars Hand #151873530410:  Hold'em Limit ($3/$6 USD) - 2016/04/13 16:36:57 ET
Table 'Mechthild II' 6-max Seat #4 is the button
Seat 3: hasorer ($172.42 in chips)
Seat 4: Actionni13 ($150 in chips)
Actionni13: posts small blind $1
hasorer: posts big blind $3
*** HOLE CARDS ***
Actionni13: raises $3 to $6
hasorer: folds
Uncalled bet ($3) returned to Actionni13
Actionni13 collected $6 from pot
Actionni13: doesn't show hand
*** SUMMARY ***
Total pot $6 | Rake $0
Seat 3: hasorer (big blind) folded before Flop
Seat 4: Actionni13 (button) (small blind) collected ($6)


PokerStars Hand #151873510500:  Hold'em Limit ($3/$6 USD) - 2016/04/13 16:36:31 ET
Table 'Mechthild II' 6-max Seat #3 is the button
Seat 3: hasorer ($166.66 in chips)
Seat 4: Actionni13 ($150 in chips)
hasorer: posts small blind $1
Actionni13: posts big blind $3
*** HOLE CARDS ***
hasorer: raises $3 to $6
Actionni13: calls $3
*** FLOP *** [Kh 3s Qd]
Actionni13: checks
hasorer: checks
*** TURN *** [Kh 3s Qd] [7c]
Actionni13: checks
hasorer: checks
*** RIVER *** [Kh 3s Qd 7c] [Qs]
Actionni13: checks
hasorer: bets $6
Actionni13: folds
Uncalled bet ($6) returned to hasorer
hasorer collected $11.76 from pot
hasorer: doesn't show hand
*** SUMMARY ***
Total pot $12 | Rake $0.24
Board [Kh 3s Qd 7c Qs]
Seat 3: hasorer (button) (small blind) collected ($11.76)
Seat 4: Actionni13 (big blind) folded on the River


PokerStars Hand #151873489847:  Hold'em Limit ($3/$6 USD) - 2016/04/13 16:36:04 ET
Table 'Mechthild II' 6-max Seat #4 is the button
Seat 3: hasorer ($158.02 in chips)
Seat 4: Actionni13 ($150 in chips)
Actionni13: posts small blind $1
hasorer: posts big blind $3
*** HOLE CARDS ***
Actionni13: raises $3 to $6
hasorer: calls $3
*** FLOP *** [4c Jc 4s]
hasorer: checks
Actionni13: bets $3
hasorer: calls $3
*** TURN *** [4c Jc 4s] [Qh]
hasorer: checks
Actionni13: checks
*** RIVER *** [4c Jc 4s Qh] [Jh]
hasorer: bets $6
Actionni13: folds
Uncalled bet ($6) returned to hasorer
hasorer collected $17.64 from pot
hasorer: doesn't show hand
*** SUMMARY ***
Total pot $18 | Rake $0.36
Board [4c Jc 4s Qh Jh]
Seat 3: hasorer (big blind) collected ($17.64)
Seat 4: Actionni13 (button) (small blind) folded on the River


PokerStars Hand #151873573894:  Hold'em Limit ($3/$6 USD) - 2016/04/13 16:37:52 ET
Table 'Mechthild II' 6-max Seat #3 is the button
Seat 3: hasorer ($168.92 in chips)
Seat 4: Actionni13 ($167.50 in chips)
hasorer: posts small blind $1
Actionni13: posts big blind $3
*** HOLE CARDS ***
hasorer: folds
Uncalled bet ($2) returned to Actionni13
Actionni13 collected $2 from pot
Actionni13: doesn't show hand
*** SUMMARY ***
Total pot $2 | Rake $0
Seat 3: hasorer (button) (small blind) folded before Flop
Seat 4: Actionni13 (big blind) collected ($2)


PokerStars Hand #151873553812:  Hold'em Limit ($3/$6 USD) - 2016/04/13 16:37:27 ET
Table 'Mechthild II' 6-max Seat #4 is the button
Seat 3: hasorer ($186.92 in chips)
Seat 4: Actionni13 ($150 in chips)
Actionni13: posts small blind $1
hasorer: posts big blind $3
*** HOLE CARDS ***
Actionni13: raises $3 to $6
hasorer: calls $3
*** FLOP *** [6c 7s 7c]
hasorer: checks
Actionni13: checks
*** TURN *** [6c 7s 7c] [Td]
hasorer: bets $6
Actionni13: calls $6
*** RIVER *** [6c 7s 7c Td] [4c]
hasorer: bets $6
Actionni13: calls $6
*** SHOW DOWN ***
hasorer: shows [8c 4s] (two pair, Sevens and Fours)
Actionni13: shows [Ts 5d] (two pair, Tens and Sevens)
Actionni13 collected $35.50 from pot
*** SUMMARY ***
Total pot $36 | Rake $0.50
Board [6c 7s 7c Td 4c]
Seat 3: hasorer (big blind) showed [8c 4s] and lost with two pair, Sevens and Fours
Seat 4: Actionni13 (button) (small blind) showed [Ts 5d] and won ($35.50) with two pair, Tens and Sevens


PokerStars Hand #151873535820:  Hold'em Limit ($3/$6 USD) - 2016/04/13 16:37:03 ET
Table 'Mechthild II' 6-max Seat #3 is the button
Seat 3: hasorer ($169.42 in chips)
Seat 4: Actionni13 ($153 in chips)
hasorer: posts small blind $1
Actionni13: posts big blind $3
*** HOLE CARDS ***
hasorer: raises $3 to $6
Actionni13: calls $3
*** FLOP *** [2s 3s Td]
Actionni13: checks
hasorer: checks
*** TURN *** [2s 3s Td] [Ks]
Actionni13: bets $6
hasorer: calls $6
*** RIVER *** [2s 3s Td Ks] [Kd]
Actionni13: bets $6
hasorer: calls $6
*** SHOW DOWN ***
Actionni13: shows [Jc 5h] (a pair of Kings)
hasorer: shows [Jd Qc] (a pair of Kings - Queen kicker)
hasorer collected $35.50 from pot
*** SUMMARY ***
Total pot $36 | Rake $0.50
Board [2s 3s Td Ks Kd]
Seat 3: hasorer (button) (small blind) showed [Jd Qc] and won ($35.50) with a pair of Kings
Seat 4: Actionni13 (big blind) showed [Jc 5h] and lost with a pair of Kings


PokerStars Hand #151873632128:  Hold'em Limit ($3/$6 USD) - 2016/04/13 16:38:57 ET
Table 'Mechthild II' 6-max Seat #4 is the button
Seat 3: hasorer ($208.94 in chips)
Seat 4: Actionni13 ($150 in chips)
Actionni13: posts small blind $1
hasorer: posts big blind $3
*** HOLE CARDS ***
Actionni13: raises $3 to $6
hasorer: folds
Uncalled bet ($3) returned to Actionni13
Actionni13 collected $6 from pot
Actionni13: doesn't show hand
*** SUMMARY ***
Total pot $6 | Rake $0
Seat 3: hasorer (big blind) folded before Flop
Seat 4: Actionni13 (button) (small blind) collected ($6)


PokerStars Hand #151873600595:  Hold'em Limit ($3/$6 USD) - 2016/04/13 16:38:26 ET
Table 'Mechthild II' 6-max Seat #3 is the button
Seat 3: hasorer ($179.44 in chips)
Seat 4: Actionni13 ($156.50 in chips)
hasorer: posts small blind $1
Actionni13: posts big blind $3
*** HOLE CARDS ***
hasorer: calls $2
Actionni13: raises $3 to $6
hasorer: calls $3
*** FLOP *** [Tc 6h Js]
Actionni13: checks
hasorer: checks
*** TURN *** [Tc 6h Js] [4c]
Actionni13: bets $6
hasorer: raises $6 to $12
Actionni13: raises $6 to $18
hasorer: calls $6
*** RIVER *** [Tc 6h Js 4c] [Ts]
Actionni13: checks
hasorer: bets $6
Actionni13: calls $6
*** SHOW DOWN ***
hasorer: shows [Th 8c] (three of a kind, Tens)
Actionni13: mucks hand
hasorer collected $59.50 from pot
*** SUMMARY ***
Total pot $60 | Rake $0.50
Board [Tc 6h Js 4c Ts]
Seat 3: hasorer (button) (small blind) showed [Th 8c] and won ($59.50) with three of a kind, Tens
Seat 4: Actionni13 (big blind) mucked


PokerStars Hand #151873578114:  Hold'em Limit ($3/$6 USD) - 2016/04/13 16:37:58 ET
Table 'Mechthild II' 6-max Seat #4 is the button
Seat 3: hasorer ($167.92 in chips)
Seat 4: Actionni13 ($168.50 in chips)
Actionni13: posts small blind $1
hasorer: posts big blind $3
*** HOLE CARDS ***
Actionni13: raises $3 to $6
hasorer: raises $3 to $9
Actionni13: calls $3
*** FLOP *** [Jh 7s 3h]
hasorer: bets $3
Actionni13: calls $3
*** TURN *** [Jh 7s 3h] [Kh]
hasorer: bets $6
Actionni13: folds
Uncalled bet ($6) returned to hasorer
hasorer collected $23.52 from pot
hasorer: doesn't show hand
*** SUMMARY ***
Total pot $24 | Rake $0.48
Board [Jh 7s 3h Kh]
Seat 3: hasorer (big blind) collected ($23.52)
Seat 4: Actionni13 (button) (small blind) folded on the Turn


PokerStars Hand #151873658893:  Hold'em Limit ($3/$6 USD) - 2016/04/13 16:39:31 ET
Table 'Mechthild II' 6-max Seat #3 is the button
Seat 3: hasorer ($212.70 in chips)
Seat 4: Actionni13 ($150 in chips)
hasorer: posts small blind $1
Actionni13: posts big blind $3
*** HOLE CARDS ***
hasorer: raises $3 to $6
Actionni13: raises $3 to $9
hasorer: raises $3 to $12
Betting is capped
Actionni13: calls $3
*** FLOP *** [7c As Ah]
Actionni13: checks
hasorer: bets $3
Actionni13: calls $3
*** TURN *** [7c As Ah] [Kh]
Actionni13: checks
hasorer: bets $6
Actionni13: calls $6
*** RIVER *** [7c As Ah Kh] [4d]
Actionni13: checks
hasorer: bets $6
Actionni13: calls $6
*** SHOW DOWN ***
hasorer: shows [3d 8d] (a pair of Aces)
Actionni13: shows [9c Kc] (two pair, Aces and Kings)
Actionni13 collected $53.50 from pot
*** SUMMARY ***
Total pot $54 | Rake $0.50
Board [7c As Ah Kh 4d]
Seat 3: hasorer (button) (small blind) showed [3d 8d] and lost with a pair of Aces
Seat 4: Actionni13 (big blind) showed [9c Kc] and won ($53.50) with two pair, Aces and Kings


PokerStars Hand #151873654167:  Hold'em Limit ($3/$6 USD) - 2016/04/13 16:39:25 ET
Table 'Mechthild II' 6-max Seat #4 is the button
Seat 3: hasorer ($211.70 in chips)
Seat 4: Actionni13 ($150 in chips)
Actionni13: posts small blind $1
hasorer: posts big blind $3
*** HOLE CARDS ***
Actionni13: folds
Uncalled bet ($2) returned to hasorer
hasorer collected $2 from pot
hasorer: doesn't show hand
*** SUMMARY ***
Total pot $2 | Rake $0
Seat 3: hasorer (big blind) collected ($2)
Seat 4: Actionni13 (button) (small blind) folded before Flop


PokerStars Hand #151873638729:  Hold'em Limit ($3/$6 USD) - 2016/04/13 16:39:05 ET
Table 'Mechthild II' 6-max Seat #3 is the button
Seat 3: hasorer ($205.94 in chips)
Seat 4: Actionni13 ($153 in chips)
hasorer: posts small blind $1
Actionni13: posts big blind $3
*** HOLE CARDS ***
hasorer: raises $3 to $6
Actionni13: calls $3
*** FLOP *** [5c Ts 6d]
Actionni13: checks
hasorer: checks
*** TURN *** [5c Ts 6d] [7s]
Actionni13: checks
hasorer: checks
*** RIVER *** [5c Ts 6d 7s] [Ad]
Actionni13: checks
hasorer: bets $6
Actionni13: folds
Uncalled bet ($6) returned to hasorer
hasorer collected $11.76 from pot
hasorer: doesn't show hand
*** SUMMARY ***
Total pot $12 | Rake $0.24
Board [5c Ts 6d 7s Ad]
Seat 3: hasorer (button) (small blind) collected ($11.76)
Seat 4: Actionni13 (big blind) folded on the River


PokerStars Hand #151873718815:  Hold'em Limit ($3/$6 USD) - 2016/04/13 16:40:47 ET
Table 'Mechthild II' 6-max Seat #3 is the button
Seat 3: hasorer ($160.34 in chips)
Seat 4: Actionni13 ($201 in chips)
hasorer: posts small blind $1
Actionni13: posts big blind $3
*** HOLE CARDS ***
hasorer: raises $3 to $6
Actionni13: calls $3
*** FLOP *** [6s 9s 4s]
Actionni13: checks
hasorer: checks
*** TURN *** [6s 9s 4s] [Ks]
Actionni13: checks
hasorer: checks
*** RIVER *** [6s 9s 4s Ks] [8d]
Actionni13: checks
hasorer: checks
*** SHOW DOWN ***
Actionni13: shows [Td 4h] (a pair of Fours)
hasorer: mucks hand
Actionni13 collected $11.76 from pot
*** SUMMARY ***
Total pot $12 | Rake $0.24
Board [6s 9s 4s Ks 8d]
Seat 3: hasorer (button) (small blind) mucked
Seat 4: Actionni13 (big blind) showed [Td 4h] and won ($11.76) with a pair of Fours


PokerStars Hand #151873702675:  Hold'em Limit ($3/$6 USD) - 2016/04/13 16:40:27 ET
Table 'Mechthild II' 6-max Seat #4 is the button
Seat 3: hasorer ($193.34 in chips)
Seat 4: Actionni13 ($168.50 in chips)
Actionni13: posts small blind $1
hasorer: posts big blind $3
*** HOLE CARDS ***
Actionni13: raises $3 to $6
hasorer: calls $3
*** FLOP *** [3s 6s 8s]
hasorer: bets $3
Actionni13: calls $3
*** TURN *** [3s 6s 8s] [5c]
hasorer: bets $6
Actionni13: raises $6 to $12
hasorer: calls $6
*** RIVER *** [3s 6s 8s 5c] [Th]
hasorer: bets $6
Actionni13: raises $6 to $12
hasorer: calls $6
*** SHOW DOWN ***
Actionni13: shows [Qs Ks] (a flush, King high)
hasorer: mucks hand
Actionni13 collected $65.50 from pot
*** SUMMARY ***
Total pot $66 | Rake $0.50
Board [3s 6s 8s 5c Th]
Seat 3: hasorer (big blind) mucked
Seat 4: Actionni13 (button) (small blind) showed [Qs Ks] and won ($65.50) with a flush, King high


PokerStars Hand #151873698874:  Hold'em Limit ($3/$6 USD) - 2016/04/13 16:40:22 ET
Table 'Mechthild II' 6-max Seat #3 is the button
Seat 3: hasorer ($194.34 in chips)
Seat 4: Actionni13 ($167.50 in chips)
hasorer: posts small blind $1
Actionni13: posts big blind $3
*** HOLE CARDS ***
hasorer: folds
Uncalled bet ($2) returned to Actionni13
Actionni13 collected $2 from pot
Actionni13: doesn't show hand
*** SUMMARY ***
Total pot $2 | Rake $0
Seat 3: hasorer (button) (small blind) folded before Flop
Seat 4: Actionni13 (big blind) collected ($2)


PokerStars Hand #151873681098:  Hold'em Limit ($3/$6 USD) - 2016/04/13 16:39:59 ET
Table 'Mechthild II' 6-max Seat #4 is the button
Seat 3: hasorer ($185.70 in chips)
Seat 4: Actionni13 ($176.50 in chips)
Actionni13: posts small blind $1
hasorer: posts big blind $3
*** HOLE CARDS ***
Actionni13: raises $3 to $6
hasorer: raises $3 to $9
Actionni13: calls $3
*** FLOP *** [5c Jh Ks]
hasorer: bets $3
Actionni13: folds
Uncalled bet ($3) returned to hasorer
hasorer collected $17.64 from pot
hasorer: doesn't show hand
*** SUMMARY ***
Total pot $18 | Rake $0.36
Board [5c Jh Ks]
Seat 3: hasorer (big blind) collected ($17.64)
Seat 4: Actionni13 (button) (small blind) folded on the Flop


PokerStars Hand #151873783951:  Hold'em Limit ($3/$6 USD) - 2016/04/13 16:42:09 ET
Table 'Mechthild II' 6-max Seat #3 is the button
Seat 3: hasorer ($198.34 in chips)
Seat 4: Actionni13 ($161.76 in chips)
hasorer: posts small blind $1
Actionni13: posts big blind $3
*** HOLE CARDS ***
hasorer: folds
Uncalled bet ($2) returned to Actionni13
Actionni13 collected $2 from pot
Actionni13: doesn't show hand
shurik198760 joins the table at seat #2
*** SUMMARY ***
Total pot $2 | Rake $0
Seat 3: hasorer (button) (small blind) folded before Flop
Seat 4: Actionni13 (big blind) collected ($2)


PokerStars Hand #151873779568:  Hold'em Limit ($3/$6 USD) - 2016/04/13 16:42:04 ET
Table 'Mechthild II' 6-max Seat #4 is the button
Seat 3: hasorer ($201.34 in chips)
Seat 4: Actionni13 ($158.76 in chips)
Actionni13: posts small blind $1
hasorer: posts big blind $3
*** HOLE CARDS ***
Actionni13: raises $3 to $6
hasorer: folds
Uncalled bet ($3) returned to Actionni13
Actionni13 collected $6 from pot
Actionni13: doesn't show hand
*** SUMMARY ***
Total pot $6 | Rake $0
Seat 3: hasorer (big blind) folded before Flop
Seat 4: Actionni13 (button) (small blind) collected ($6)


PokerStars Hand #151873760023:  Hold'em Limit ($3/$6 USD) - 2016/04/13 16:41:39 ET
Table 'Mechthild II' 6-max Seat #3 is the button
Seat 3: hasorer ($186.84 in chips)
Seat 4: Actionni13 ($173.76 in chips)
hasorer: posts small blind $1
Actionni13: posts big blind $3
*** HOLE CARDS ***
hasorer: raises $3 to $6
Actionni13: calls $3
*** FLOP *** [2h 4h 8d]
Actionni13: checks
hasorer: bets $3
Actionni13: calls $3
*** TURN *** [2h 4h 8d] [7d]
Actionni13: checks
hasorer: bets $6
Actionni13: calls $6
*** RIVER *** [2h 4h 8d 7d] [Qs]
Actionni13: checks
hasorer: bets $6
Actionni13: folds
Uncalled bet ($6) returned to hasorer
hasorer collected $29.50 from pot
hasorer: doesn't show hand
*** SUMMARY ***
Total pot $30 | Rake $0.50
Board [2h 4h 8d 7d Qs]
Seat 3: hasorer (button) (small blind) collected ($29.50)
Seat 4: Actionni13 (big blind) folded on the River


PokerStars Hand #151873739789:  Hold'em Limit ($3/$6 USD) - 2016/04/13 16:41:14 ET
Table 'Mechthild II' 6-max Seat #4 is the button
Seat 3: hasorer ($154.34 in chips)
Seat 4: Actionni13 ($206.76 in chips)
Actionni13: posts small blind $1
hasorer: posts big blind $3
*** HOLE CARDS ***
Actionni13: raises $3 to $6
hasorer: calls $3
*** FLOP *** [5c 4s 9s]
hasorer: bets $3
Actionni13: calls $3
*** TURN *** [5c 4s 9s] [Kc]
hasorer: bets $6
Actionni13: calls $6
*** RIVER *** [5c 4s 9s Kc] [4c]
hasorer: bets $6
Actionni13: raises $6 to $12
hasorer: raises $6 to $18
Actionni13: calls $6
*** SHOW DOWN ***
hasorer: shows [Jc 7c] (a flush, King high)
Actionni13: mucks hand
hasorer collected $65.50 from pot
*** SUMMARY ***
Total pot $66 | Rake $0.50
Board [5c 4s 9s Kc 4c]
Seat 3: hasorer (big blind) showed [Jc 7c] and won ($65.50) with a flush, King high
Seat 4: Actionni13 (button) (small blind) mucked


PokerStars Hand #151876227846:  Hold'em Limit ($3/$6 USD) - 2016/04/13 17:29:50 ET
Table 'Mechthild II' 6-max Seat #2 is the button
Seat 2: bubsski ($135.08 in chips)
Seat 4: Actionni13 ($229.19 in chips)
bubsski: posts small blind $1
ABATAPP: is sitting out
Actionni13: posts big blind $3
*** HOLE CARDS ***
bubsski: raises $3 to $6
Actionni13: calls $3
*** FLOP *** [Ah Kh 9h]
Actionni13: checks
ABATAPP leaves the table
bubsski: bets $3
Actionni13: raises $3 to $6
bubsski: folds
Uncalled bet ($3) returned to Actionni13
Actionni13 collected $17.64 from pot
Actionni13: doesn't show hand
*** SUMMARY ***
Total pot $18 | Rake $0.36
Board [Ah Kh 9h]
Seat 2: bubsski (button) (small blind) folded on the Flop
Seat 4: Actionni13 (big blind) collected ($17.64)


PokerStars Hand #151876239209:  Hold'em Limit ($3/$6 USD) - 2016/04/13 17:30:04 ET
Table 'Mechthild II' 6-max Seat #4 is the button
Seat 2: bubsski ($126.08 in chips)
Seat 4: Actionni13 ($237.83 in chips)
Actionni13: posts small blind $1
bubsski: posts big blind $3
*** HOLE CARDS ***
Actionni13: raises $3 to $6
bubsski: calls $3
*** FLOP *** [As 6d 9s]
bubsski: checks
Actionni13: bets $3
bubsski: calls $3
*** TURN *** [As 6d 9s] [5h]
bubsski: checks
Actionni13: checks
*** RIVER *** [As 6d 9s 5h] [Ks]
bubsski: bets $6
Actionni13: calls $6
*** SHOW DOWN ***
bubsski: shows [3s Ts] (a flush, Ace high)
Actionni13: mucks hand
bubsski collected $29.50 from pot
*** SUMMARY ***
Total pot $30 | Rake $0.50
Board [As 6d 9s 5h Ks]
Seat 2: bubsski (big blind) showed [3s Ts] and won ($29.50) with a flush, Ace high
Seat 4: Actionni13 (button) (small blind) mucked


PokerStars Hand #151876263080:  Hold'em Limit ($3/$6 USD) - 2016/04/13 17:30:31 ET
Table 'Mechthild II' 6-max Seat #4 is the button
Seat 2: bubsski ($143.58 in chips)
Seat 4: Actionni13 ($219.83 in chips)
Actionni13: posts small blind $1
bubsski: posts big blind $3
*** HOLE CARDS ***
Actionni13: raises $3 to $6
bubsski: folds
Uncalled bet ($3) returned to Actionni13
Actionni13 collected $6 from pot
Actionni13: doesn't show hand
*** SUMMARY ***
Total pot $6 | Rake $0
Seat 2: bubsski (big blind) folded before Flop
Seat 4: Actionni13 (button) (small blind) collected ($6)


PokerStars Hand #151876254837:  Hold'em Limit ($3/$6 USD) - 2016/04/13 17:30:22 ET
Table 'Mechthild II' 6-max Seat #2 is the button
Seat 2: bubsski ($140.58 in chips)
Seat 4: Actionni13 ($222.83 in chips)
bubsski: posts small blind $1
Actionni13: posts big blind $3
*** HOLE CARDS ***
bubsski: raises $3 to $6
Actionni13: folds
Uncalled bet ($3) returned to bubsski
bubsski collected $6 from pot
*** SUMMARY ***
Total pot $6 | Rake $0
Seat 2: bubsski (button) (small blind) collected ($6)
Seat 4: Actionni13 (big blind) folded before Flop


PokerStars Hand #151876267941:  Hold'em Limit ($3/$6 USD) - 2016/04/13 17:30:37 ET
Table 'Mechthild II' 6-max Seat #2 is the button
Seat 2: bubsski ($140.58 in chips)
Seat 4: Actionni13 ($222.83 in chips)
bubsski: posts small blind $1
Actionni13: posts big blind $3
*** HOLE CARDS ***
bubsski: raises $3 to $6
Actionni13: calls $3
*** FLOP *** [Ts Jd Qs]
Actionni13: checks
bubsski: bets $3
Actionni13: calls $3
*** TURN *** [Ts Jd Qs] [Th]
Actionni13: checks
bubsski: bets $6
Actionni13: folds
Uncalled bet ($6) returned to bubsski
bubsski collected $17.64 from pot
*** SUMMARY ***
Total pot $18 | Rake $0.36
Board [Ts Jd Qs Th]
Seat 2: bubsski (button) (small blind) collected ($17.64)
Seat 4: Actionni13 (big blind) folded on the Turn


PokerStars Hand #151876294696:  Hold'em Limit ($3/$6 USD) - 2016/04/13 17:31:08 ET
Table 'Mechthild II' 6-max Seat #2 is the button
Seat 2: bubsski ($154.98 in chips)
Seat 4: Actionni13 ($207.83 in chips)
bubsski: posts small blind $1
Actionni13: posts big blind $3
*** HOLE CARDS ***
bubsski: folds
Uncalled bet ($2) returned to Actionni13
Actionni13 collected $2 from pot
Actionni13: doesn't show hand
*** SUMMARY ***
Total pot $2 | Rake $0
Seat 2: bubsski (button) (small blind) folded before Flop
Seat 4: Actionni13 (big blind) collected ($2)


PokerStars Hand #151876280694:  Hold'em Limit ($3/$6 USD) - 2016/04/13 17:30:52 ET
Table 'Mechthild II' 6-max Seat #4 is the button
Seat 2: bubsski ($149.22 in chips)
Seat 4: Actionni13 ($213.83 in chips)
Actionni13: posts small blind $1
bubsski: posts big blind $3
*** HOLE CARDS ***
Actionni13: raises $3 to $6
bubsski: calls $3
*** FLOP *** [3c 5h 6c]
bubsski: checks
Actionni13: checks
*** TURN *** [3c 5h 6c] [Ad]
bubsski: checks
Actionni13: checks
*** RIVER *** [3c 5h 6c Ad] [Ks]
bubsski: checks
Actionni13: checks
*** SHOW DOWN ***
bubsski: shows [9d 3d] (a pair of Threes)
Actionni13: mucks hand
bubsski collected $11.76 from pot
*** SUMMARY ***
Total pot $12 | Rake $0.24
Board [3c 5h 6c Ad Ks]
Seat 2: bubsski (big blind) showed [9d 3d] and won ($11.76) with a pair of Threes
Seat 4: Actionni13 (button) (small blind) mucked


PokerStars Hand #151876306648:  Hold'em Limit ($3/$6 USD) - 2016/04/13 17:31:22 ET
Table 'Mechthild II' 6-max Seat #4 is the button
Seat 2: bubsski ($153.98 in chips)
Seat 4: Actionni13 ($208.83 in chips)
Actionni13: posts small blind $1
bubsski: posts big blind $3
*** HOLE CARDS ***
Actionni13: folds
Uncalled bet ($2) returned to bubsski
bubsski collected $2 from pot
*** SUMMARY ***
Total pot $2 | Rake $0
Seat 2: bubsski (big blind) collected ($2)
Seat 4: Actionni13 (button) (small blind) folded before Flop


PokerStars Hand #151876302689:  Hold'em Limit ($3/$6 USD) - 2016/04/13 17:31:18 ET
Table 'Mechthild II' 6-max Seat #2 is the button
Seat 2: bubsski ($154.98 in chips)
Seat 4: Actionni13 ($207.83 in chips)
bubsski: posts small blind $1
Actionni13: posts big blind $3
*** HOLE CARDS ***
bubsski: folds
Uncalled bet ($2) returned to Actionni13
Actionni13 collected $2 from pot
Actionni13: doesn't show hand
*** SUMMARY ***
Total pot $2 | Rake $0
Seat 2: bubsski (button) (small blind) folded before Flop
Seat 4: Actionni13 (big blind) collected ($2)


PokerStars Hand #151876298841:  Hold'em Limit ($3/$6 USD) - 2016/04/13 17:31:13 ET
Table 'Mechthild II' 6-max Seat #4 is the button
Seat 2: bubsski ($153.98 in chips)
Seat 4: Actionni13 ($208.83 in chips)
Actionni13: posts small blind $1
bubsski: posts big blind $3
*** HOLE CARDS ***
Actionni13: folds
Uncalled bet ($2) returned to bubsski
bubsski collected $2 from pot
*** SUMMARY ***
Total pot $2 | Rake $0
Seat 2: bubsski (big blind) collected ($2)
Seat 4: Actionni13 (button) (small blind) folded before Flop


PokerStars Hand #151876311046:  Hold'em Limit ($3/$6 USD) - 2016/04/13 17:31:27 ET
Table 'Mechthild II' 6-max Seat #2 is the button
Seat 2: bubsski ($154.98 in chips)
Seat 4: Actionni13 ($207.83 in chips)
bubsski: posts small blind $1
Actionni13: posts big blind $3
*** HOLE CARDS ***
bubsski: folds
Uncalled bet ($2) returned to Actionni13
Actionni13 collected $2 from pot
Actionni13: doesn't show hand
*** SUMMARY ***
Total pot $2 | Rake $0
Seat 2: bubsski (button) (small blind) folded before Flop
Seat 4: Actionni13 (big blind) collected ($2)


PokerStars Hand #151876315369:  Hold'em Limit ($3/$6 USD) - 2016/04/13 17:31:32 ET
Table 'Mechthild II' 6-max Seat #4 is the button
Seat 2: bubsski ($153.98 in chips)
Seat 4: Actionni13 ($208.83 in chips)
Actionni13: posts small blind $1
bubsski: posts big blind $3
*** HOLE CARDS ***
Actionni13: raises $3 to $6
bubsski: calls $3
*** FLOP *** [Kh 9s 9h]
bubsski: checks
Actionni13: bets $3
bubsski: raises $3 to $6
Actionni13: calls $3
*** TURN *** [Kh 9s 9h] [9c]
bubsski: bets $6
Actionni13: calls $6
*** RIVER *** [Kh 9s 9h 9c] [As]
bubsski: checks
Actionni13: bets $6
bubsski: calls $6
*** SHOW DOWN ***
Actionni13: shows [6c Ad] (a full house, Nines full of Aces)
bubsski: mucks hand
Actionni13 collected $47.50 from pot
*** SUMMARY ***
Total pot $48 | Rake $0.50
Board [Kh 9s 9h 9c As]
Seat 2: bubsski (big blind) mucked
Seat 4: Actionni13 (button) (small blind) showed [6c Ad] and won ($47.50) with a full house, Nines full of Aces


PokerStars Hand #151876335387:  Hold'em Limit ($3/$6 USD) - 2016/04/13 17:31:56 ET
Table 'Mechthild II' 6-max Seat #2 is the button
Seat 2: bubsski ($129.98 in chips)
Seat 4: Actionni13 ($232.33 in chips)
bubsski: posts small blind $1
Actionni13: posts big blind $3
*** HOLE CARDS ***
bubsski: folds
Uncalled bet ($2) returned to Actionni13
Actionni13 collected $2 from pot
Actionni13: doesn't show hand
*** SUMMARY ***
Total pot $2 | Rake $0
Seat 2: bubsski (button) (small blind) folded before Flop
Seat 4: Actionni13 (big blind) collected ($2)


PokerStars Hand #151876339313:  Hold'em Limit ($3/$6 USD) - 2016/04/13 17:32:00 ET
Table 'Mechthild II' 6-max Seat #4 is the button
Seat 2: bubsski ($128.98 in chips)
Seat 4: Actionni13 ($233.33 in chips)
Actionni13: posts small blind $1
bubsski: posts big blind $3
*** HOLE CARDS ***
Actionni13: raises $3 to $6
bubsski: calls $3
*** FLOP *** [2s 8d 7s]
bubsski: checks
Actionni13: checks
*** TURN *** [2s 8d 7s] [Ad]
bubsski: bets $6
Actionni13: folds
Uncalled bet ($6) returned to bubsski
bubsski collected $11.76 from pot
*** SUMMARY ***
Total pot $12 | Rake $0.24
Board [2s 8d 7s Ad]
Seat 2: bubsski (big blind) collected ($11.76)
Seat 4: Actionni13 (button) (small blind) folded on the Turn


PokerStars Hand #151876354296:  Hold'em Limit ($3/$6 USD) - 2016/04/13 17:32:18 ET
Table 'Mechthild II' 6-max Seat #2 is the button
Seat 2: bubsski ($134.74 in chips)
Seat 4: Actionni13 ($227.33 in chips)
bubsski: posts small blind $1
Actionni13: posts big blind $3
*** HOLE CARDS ***
bubsski: raises $3 to $6
Actionni13: calls $3
*** FLOP *** [7d As Ks]
Actionni13: checks
bubsski: bets $3
Actionni13: calls $3
*** TURN *** [7d As Ks] [Jh]
Actionni13: checks
bubsski: bets $6
Actionni13: calls $6
*** RIVER *** [7d As Ks Jh] [5c]
Actionni13: checks
bubsski: checks
*** SHOW DOWN ***
Actionni13: shows [Kh 8s] (a pair of Kings)
bubsski: mucks hand
Actionni13 collected $29.50 from pot
*** SUMMARY ***
Total pot $30 | Rake $0.50
Board [7d As Ks Jh 5c]
Seat 2: bubsski (button) (small blind) mucked
Seat 4: Actionni13 (big blind) showed [Kh 8s] and won ($29.50) with a pair of Kings


PokerStars Hand #151876382251:  Hold'em Limit ($3/$6 USD) - 2016/04/13 17:32:51 ET
Table 'Mechthild II' 6-max Seat #2 is the button
Seat 2: bubsski ($120.74 in chips)
Seat 4: Actionni13 ($240.83 in chips)
bubsski: posts small blind $1
Actionni13: posts big blind $3
*** HOLE CARDS ***
bubsski: folds
Uncalled bet ($2) returned to Actionni13
Actionni13 collected $2 from pot
Actionni13: doesn't show hand
*** SUMMARY ***
Total pot $2 | Rake $0
Seat 2: bubsski (button) (small blind) folded before Flop
Seat 4: Actionni13 (big blind) collected ($2)


PokerStars Hand #151876377188:  Hold'em Limit ($3/$6 USD) - 2016/04/13 17:32:45 ET
Table 'Mechthild II' 6-max Seat #4 is the button
Seat 2: bubsski ($119.74 in chips)
Seat 4: Actionni13 ($241.83 in chips)
Actionni13: posts small blind $1
bubsski: posts big blind $3
*** HOLE CARDS ***
Actionni13: folds
Uncalled bet ($2) returned to bubsski
bubsski collected $2 from pot
*** SUMMARY ***
Total pot $2 | Rake $0
Seat 2: bubsski (big blind) collected ($2)
Seat 4: Actionni13 (button) (small blind) folded before Flop


PokerStars Hand #151876386152:  Hold'em Limit ($3/$6 USD) - 2016/04/13 17:32:56 ET
Table 'Mechthild II' 6-max Seat #4 is the button
Seat 2: bubsski ($119.74 in chips)
Seat 4: Actionni13 ($241.83 in chips)
Actionni13: posts small blind $1
bubsski: posts big blind $3
*** HOLE CARDS ***
Actionni13: raises $3 to $6
bubsski: raises $3 to $9
Actionni13: calls $3
*** FLOP *** [5h 6d 3c]
bubsski: bets $3
Actionni13: calls $3
*** TURN *** [5h 6d 3c] [2h]
bubsski: bets $6
Actionni13: raises $6 to $12
bubsski: folds
Uncalled bet ($6) returned to Actionni13
Actionni13 collected $35.50 from pot
Actionni13: doesn't show hand
*** SUMMARY ***
Total pot $36 | Rake $0.50
Board [5h 6d 3c 2h]
Seat 2: bubsski (big blind) folded on the Turn
Seat 4: Actionni13 (button) (small blind) collected ($35.50)


PokerStars Hand #151876411440:  Hold'em Limit ($3/$6 USD) - 2016/04/13 17:33:25 ET
Table 'Mechthild II' 6-max Seat #2 is the button
Seat 2: bubsski ($101.74 in chips)
Seat 4: Actionni13 ($259.33 in chips)
bubsski: posts small blind $1
Actionni13: posts big blind $3
*** HOLE CARDS ***
bubsski: raises $3 to $6
Actionni13: calls $3
*** FLOP *** [5d Kd Ac]
Actionni13: checks
bubsski: bets $3
Actionni13: raises $3 to $6
bubsski: raises $3 to $9
Actionni13: raises $3 to $12
Betting is capped
bubsski: calls $3
*** TURN *** [5d Kd Ac] [5s]
Actionni13: checks
bubsski: checks
*** RIVER *** [5d Kd Ac 5s] [2s]
perten joins the table at seat #5
Actionni13: bets $6
bubsski: folds
Uncalled bet ($6) returned to Actionni13
Actionni13 collected $35.50 from pot
Actionni13: doesn't show hand
*** SUMMARY ***
Total pot $36 | Rake $0.50
Board [5d Kd Ac 5s 2s]
Seat 2: bubsski (button) (small blind) folded on the River
Seat 4: Actionni13 (big blind) collected ($35.50)


PokerStars Hand #151876532621:  Hold'em Limit ($3/$6 USD) - 2016/04/13 17:35:49 ET
Table 'Mechthild II' 6-max Seat #2 is the button
Seat 2: bubsski ($70.74 in chips)
Seat 4: Actionni13 ($255.83 in chips)
bubsski: posts small blind $1
Actionni13: posts big blind $3
*** HOLE CARDS ***
bubsski: folds
Uncalled bet ($2) returned to Actionni13
Actionni13 collected $2 from pot
Actionni13: doesn't show hand
*** SUMMARY ***
Total pot $2 | Rake $0
Seat 2: bubsski (button) (small blind) folded before Flop
Seat 4: Actionni13 (big blind) collected ($2)


PokerStars Hand #151876527700:  Hold'em Limit ($3/$6 USD) - 2016/04/13 17:35:43 ET
Table 'Mechthild II' 6-max Seat #4 is the button
Seat 2: bubsski ($69.74 in chips)
Seat 4: Actionni13 ($256.83 in chips)
Actionni13: posts small blind $1
perten: is sitting out
perten leaves the table
bubsski: posts big blind $3
*** HOLE CARDS ***
Actionni13: folds
Uncalled bet ($2) returned to bubsski
bubsski collected $2 from pot
*** SUMMARY ***
Total pot $2 | Rake $0
Seat 2: bubsski (big blind) collected ($2)
Seat 4: Actionni13 (button) (small blind) folded before Flop


PokerStars Hand #151876588760:  Hold'em Limit ($3/$6 USD) - 2016/04/13 17:36:56 ET
Table 'Mechthild II' 6-max Seat #2 is the button
Seat 2: bubsski ($89.90 in chips)
Seat 4: Actionni13 ($235.83 in chips)
bubsski: posts small blind $1
Actionni13: posts big blind $3
*** HOLE CARDS ***
bubsski: raises $3 to $6
Actionni13: raises $3 to $9
bubsski: calls $3
*** FLOP *** [Ts Td 6s]
Actionni13: bets $3
bubsski: calls $3
*** TURN *** [Ts Td 6s] [3s]
Actionni13: bets $6
bubsski: calls $6
*** RIVER *** [Ts Td 6s 3s] [Qs]
Actionni13: bets $6
bubsski: raises $6 to $12
Actionni13: calls $6
*** SHOW DOWN ***
bubsski: shows [As 4h] (a flush, Ace high)
Actionni13: mucks hand
bubsski collected $59.50 from pot
*** SUMMARY ***
Total pot $60 | Rake $0.50
Board [Ts Td 6s 3s Qs]
Seat 2: bubsski (button) (small blind) showed [As 4h] and won ($59.50) with a flush, Ace high
Seat 4: Actionni13 (big blind) mucked


PokerStars Hand #151876572929:  Hold'em Limit ($3/$6 USD) - 2016/04/13 17:36:37 ET
Table 'Mechthild II' 6-max Seat #4 is the button
Seat 2: bubsski ($84.14 in chips)
Seat 4: Actionni13 ($241.83 in chips)
Actionni13: posts small blind $1
bubsski: posts big blind $3
*** HOLE CARDS ***
Actionni13: raises $3 to $6
bubsski: calls $3
*** FLOP *** [6h 7d 2c]
bubsski: checks
Actionni13: checks
*** TURN *** [6h 7d 2c] [Td]
bubsski: bets $6
Actionni13: folds
Uncalled bet ($6) returned to bubsski
bubsski collected $11.76 from pot
*** SUMMARY ***
Total pot $12 | Rake $0.24
Board [6h 7d 2c Td]
Seat 2: bubsski (big blind) collected ($11.76)
Seat 4: Actionni13 (button) (small blind) folded on the Turn


PokerStars Hand #151876559285:  Hold'em Limit ($3/$6 USD) - 2016/04/13 17:36:21 ET
Table 'Mechthild II' 6-max Seat #2 is the button
Seat 2: bubsski ($78.38 in chips)
Seat 4: Actionni13 ($247.83 in chips)
bubsski: posts small blind $1
Actionni13: posts big blind $3
*** HOLE CARDS ***
bubsski: raises $3 to $6
Actionni13: calls $3
*** FLOP *** [3d Qc 8h]
Actionni13: checks
bubsski: bets $3
Actionni13: folds
Uncalled bet ($3) returned to bubsski
bubsski collected $11.76 from pot
*** SUMMARY ***
Total pot $12 | Rake $0.24
Board [3d Qc 8h]
Seat 2: bubsski (button) (small blind) collected ($11.76)
Seat 4: Actionni13 (big blind) folded on the Flop


PokerStars Hand #151876536983:  Hold'em Limit ($3/$6 USD) - 2016/04/13 17:35:54 ET
Table 'Mechthild II' 6-max Seat #4 is the button
Seat 2: bubsski ($69.74 in chips)
Seat 4: Actionni13 ($256.83 in chips)
Actionni13: posts small blind $1
bubsski: posts big blind $3
*** HOLE CARDS ***
Actionni13: raises $3 to $6
bubsski: calls $3
*** FLOP *** [5h Ts Ad]
bubsski: checks
Actionni13: bets $3
bubsski: calls $3
*** TURN *** [5h Ts Ad] [Js]
bubsski: checks
Actionni13: checks
*** RIVER *** [5h Ts Ad Js] [3d]
bubsski: bets $6
Actionni13: folds
Uncalled bet ($6) returned to bubsski
bubsski collected $17.64 from pot
*** SUMMARY ***
Total pot $18 | Rake $0.36
Board [5h Ts Ad Js 3d]
Seat 2: bubsski (big blind) collected ($17.64)
Seat 4: Actionni13 (button) (small blind) folded on the River


PokerStars Hand #151876625131:  Hold'em Limit ($3/$6 USD) - 2016/04/13 17:37:40 ET
Table 'Mechthild II' 6-max Seat #4 is the button
Seat 2: bubsski ($115.40 in chips)
Seat 4: Actionni13 ($209.83 in chips)
Actionni13: posts small blind $1
bubsski: posts big blind $3
*** HOLE CARDS ***
Actionni13: raises $3 to $6
bubsski: raises $3 to $9
Actionni13: calls $3
*** FLOP *** [Qd 8d Kd]
bubsski: bets $3
Actionni13: calls $3
*** TURN *** [Qd 8d Kd] [Td]
bubsski: bets $6
Actionni13: raises $6 to $12
bubsski: folds
Uncalled bet ($6) returned to Actionni13
Actionni13 collected $35.50 from pot
Actionni13: doesn't show hand
*** SUMMARY ***
Total pot $36 | Rake $0.50
Board [Qd 8d Kd Td]
Seat 2: bubsski (big blind) folded on the Turn
Seat 4: Actionni13 (button) (small blind) collected ($35.50)


PokerStars Hand #151876621173:  Hold'em Limit ($3/$6 USD) - 2016/04/13 17:37:35 ET
Table 'Mechthild II' 6-max Seat #2 is the button
Seat 2: bubsski ($116.40 in chips)
Seat 4: Actionni13 ($208.83 in chips)
bubsski: posts small blind $1
Actionni13: posts big blind $3
*** HOLE CARDS ***
anetkaapro joins the table at seat #3
bubsski: folds
Uncalled bet ($2) returned to Actionni13
Actionni13 collected $2 from pot
Actionni13: doesn't show hand
*** SUMMARY ***
Total pot $2 | Rake $0
Seat 2: bubsski (button) (small blind) folded before Flop
Seat 4: Actionni13 (big blind) collected ($2)


PokerStars Hand #151876616491:  Hold'em Limit ($3/$6 USD) - 2016/04/13 17:37:29 ET
Table 'Mechthild II' 6-max Seat #4 is the button
Seat 2: bubsski ($119.40 in chips)
Seat 4: Actionni13 ($205.83 in chips)
Actionni13: posts small blind $1
bubsski: posts big blind $3
*** HOLE CARDS ***
Actionni13: raises $3 to $6
bubsski: folds
Uncalled bet ($3) returned to Actionni13
Actionni13 collected $6 from pot
Actionni13: doesn't show hand
*** SUMMARY ***
Total pot $6 | Rake $0
Seat 2: bubsski (big blind) folded before Flop
Seat 4: Actionni13 (button) (small blind) collected ($6)


PokerStars Hand #151876612137:  Hold'em Limit ($3/$6 USD) - 2016/04/13 17:37:24 ET
Table 'Mechthild II' 6-max Seat #2 is the button
Seat 2: bubsski ($120.40 in chips)
Seat 4: Actionni13 ($204.83 in chips)
bubsski: posts small blind $1
Actionni13: posts big blind $3
*** HOLE CARDS ***
bubsski: folds
Uncalled bet ($2) returned to Actionni13
Actionni13 collected $2 from pot
Actionni13: doesn't show hand
*** SUMMARY ***
Total pot $2 | Rake $0
Seat 2: bubsski (button) (small blind) folded before Flop
Seat 4: Actionni13 (big blind) collected ($2)


PokerStars Hand #151876607576:  Hold'em Limit ($3/$6 USD) - 2016/04/13 17:37:19 ET
Table 'Mechthild II' 6-max Seat #4 is the button
Seat 2: bubsski ($119.40 in chips)
Seat 4: Actionni13 ($205.83 in chips)
Actionni13: posts small blind $1
bubsski: posts big blind $3
*** HOLE CARDS ***
Actionni13: folds
Uncalled bet ($2) returned to bubsski
bubsski collected $2 from pot
*** SUMMARY ***
Total pot $2 | Rake $0
Seat 2: bubsski (big blind) collected ($2)
Seat 4: Actionni13 (button) (small blind) folded before Flop


PokerStars Hand #151876727295:  Hold'em Limit ($3/$6 USD) - 2016/04/13 17:39:43 ET
Table 'Mechthild II' 6-max Seat #4 is the button
Seat 3: anetkaapro ($94.10 in chips)
Seat 4: Actionni13 ($198.33 in chips)
Actionni13: posts small blind $1
anetkaapro: posts big blind $3
*** HOLE CARDS ***
Actionni13: raises $3 to $6
anetkaapro: calls $3
*** FLOP *** [9c Tc Qd]
anetkaapro: checks
Actionni13: bets $3
anetkaapro: raises $3 to $6
Actionni13: raises $3 to $9
anetkaapro: calls $3
*** TURN *** [9c Tc Qd] [3c]
anetkaapro: checks
Actionni13: bets $6
anetkaapro: calls $6
*** RIVER *** [9c Tc Qd 3c] [Jh]
anetkaapro: bets $6
Actionni13: raises $6 to $12
anetkaapro: calls $6
*** SHOW DOWN ***
Actionni13: shows [Kd Kc] (a straight, Nine to King)
anetkaapro: mucks hand
Actionni13 collected $65.50 from pot
*** SUMMARY ***
Total pot $66 | Rake $0.50
Board [9c Tc Qd 3c Jh]
Seat 3: anetkaapro (big blind) mucked
Seat 4: Actionni13 (button) (small blind) showed [Kd Kc] and won ($65.50) with a straight, Nine to King


PokerStars Hand #151876723625:  Hold'em Limit ($3/$6 USD) - 2016/04/13 17:39:39 ET
Table 'Mechthild II' 6-max Seat #3 is the button
Seat 3: anetkaapro ($95.10 in chips)
Seat 4: Actionni13 ($197.33 in chips)
anetkaapro: posts small blind $1
Actionni13: posts big blind $3
*** HOLE CARDS ***
anetkaapro: folds
Uncalled bet ($2) returned to Actionni13
Actionni13 collected $2 from pot
Actionni13: doesn't show hand
*** SUMMARY ***
Total pot $2 | Rake $0
Seat 3: anetkaapro (button) (small blind) folded before Flop
Seat 4: Actionni13 (big blind) collected ($2)


PokerStars Hand #151876703701:  Hold'em Limit ($3/$6 USD) - 2016/04/13 17:39:15 ET
Table 'Mechthild II' 6-max Seat #4 is the button
Seat 3: anetkaapro ($86.46 in chips)
Seat 4: Actionni13 ($206.33 in chips)
Actionni13: posts small blind $1
bubsski: is sitting out
anetkaapro: posts big blind $3
*** HOLE CARDS ***
Actionni13: raises $3 to $6
anetkaapro: calls $3
*** FLOP *** [Kc 9s 3h]
anetkaapro: checks
Actionni13: bets $3
anetkaapro: calls $3
*** TURN *** [Kc 9s 3h] [Tc]
anetkaapro: checks
Actionni13: checks
*** RIVER *** [Kc 9s 3h Tc] [3s]
anetkaapro: bets $6
Actionni13: folds
Uncalled bet ($6) returned to anetkaapro
anetkaapro collected $17.64 from pot
anetkaapro: doesn't show hand
*** SUMMARY ***
Total pot $18 | Rake $0.36
Board [Kc 9s 3h Tc 3s]
Seat 3: anetkaapro (big blind) collected ($17.64)
Seat 4: Actionni13 (button) (small blind) folded on the River


