PokerStars Hand #166907455202:  Hold'em Limit ($3/$6 USD) - 2017/02/28 12:28:14 ET
Table 'Mechthild III' 6-max Seat #4 is the button
Seat 4: nordschrott ($36 in chips)
Seat 5: Great_Kang ($120 in chips)
nordschrott: posts small blind $1
Great_Kang: posts big blind $3
*** HOLE CARDS ***
nordschrott: calls $2
vestimokrec joins the table at seat #6
Great_Kang: raises $3 to $6
RUNNINGMAN70 joins the table at seat #2
nordschrott: calls $3
*** FLOP *** [6s Qs 3d]
Great_Kang: bets $3
nordschrott: raises $3 to $6
Great_Kang: folds
Uncalled bet ($3) returned to nordschrott
nordschrott collected $17.64 from pot
*** SUMMARY ***
Total pot $18 | Rake $0.36
Board [6s Qs 3d]
Seat 4: nordschrott (button) (small blind) collected ($17.64)
Seat 5: Great_Kang (big blind) folded on the Flop


PokerStars Hand #166909842081:  Hold'em Limit ($3/$6 USD) - 2017/02/28 13:15:09 ET
Table 'Mechthild III' 6-max Seat #2 is the button
Seat 2: tttzzz ($117 in chips)
Seat 5: Great_Kang ($150.04 in chips)
tttzzz: posts small blind $1
vestimokrec: is sitting out
belik555: is sitting out
Great_Kang: posts big blind $3
*** HOLE CARDS ***
vestimokrec leaves the table
tttzzz: folds
Uncalled bet ($2) returned to Great_Kang
Great_Kang collected $2 from pot
Great_Kang: doesn't show hand
*** SUMMARY ***
Total pot $2 | Rake $0
Seat 2: tttzzz (button) (small blind) folded before Flop
Seat 5: Great_Kang (big blind) collected ($2)


PokerStars Hand #166909852021:  Hold'em Limit ($3/$6 USD) - 2017/02/28 13:15:19 ET
Table 'Mechthild III' 6-max Seat #5 is the button
Seat 2: tttzzz ($116 in chips)
Seat 5: Great_Kang ($151.04 in chips)
Great_Kang: posts small blind $1
tttzzz: posts big blind $3
*** HOLE CARDS ***
Great_Kang: raises $3 to $6
belik555 leaves the table
tttzzz: folds
Uncalled bet ($3) returned to Great_Kang
Great_Kang collected $6 from pot
Great_Kang: doesn't show hand
*** SUMMARY ***
Total pot $6 | Rake $0
Seat 2: tttzzz (big blind) folded before Flop
Seat 5: Great_Kang (button) (small blind) collected ($6)


