PokerStars Hand #173144595125:  Hold'em Limit ($3/$6 USD) - 2017/07/17 7:25:50 ET
Table 'Medea' 6-max Seat #5 is the button
Seat 1: JHJ25 ($122.51 in chips)
Seat 5: skanQ ($115.03 in chips)
skanQ: posts small blind $1
JHJ25: posts big blind $3
*** HOLE CARDS ***
skanQ: folds
Uncalled bet ($2) returned to JHJ25
JHJ25 collected $2 from pot
JHJ25: doesn't show hand
*** SUMMARY ***
Total pot $2 | Rake $0
Seat 1: JHJ25 (big blind) collected ($2)
Seat 5: skanQ (button) (small blind) folded before Flop


PokerStars Hand #173144590321:  Hold'em Limit ($3/$6 USD) - 2017/07/17 7:25:39 ET
Table 'Medea' 6-max Seat #1 is the button
Seat 1: JHJ25 ($128.51 in chips)
Seat 5: skanQ ($109.27 in chips)
JHJ25: posts small blind $1
skanQ: posts big blind $3
*** HOLE CARDS ***
JHJ25: raises $3 to $6
skanQ: calls $3
*** FLOP *** [4s 2d 7d]
skanQ: checks
JHJ25: checks
*** TURN *** [4s 2d 7d] [9h]
skanQ: checks
JHJ25: checks
*** RIVER *** [4s 2d 7d 9h] [Qd]
skanQ: checks
JHJ25: checks
*** SHOW DOWN ***
skanQ: shows [Kh Ts] (high card King)
JHJ25: mucks hand
skanQ collected $11.76 from pot
*** SUMMARY ***
Total pot $12 | Rake $0.24
Board [4s 2d 7d 9h Qd]
Seat 1: JHJ25 (button) (small blind) mucked
Seat 5: skanQ (big blind) showed [Kh Ts] and won ($11.76) with high card King


PokerStars Hand #173144598784:  Hold'em Limit ($3/$6 USD) - 2017/07/17 7:25:59 ET
Table 'Medea' 6-max Seat #5 is the button
Seat 1: JHJ25 ($122.51 in chips)
Seat 5: skanQ ($115.03 in chips)
skanQ: posts small blind $1
JHJ25: posts big blind $3
*** HOLE CARDS ***
skanQ: folds
Uncalled bet ($2) returned to JHJ25
JHJ25 collected $2 from pot
JHJ25: doesn't show hand
*** SUMMARY ***
Total pot $2 | Rake $0
Seat 1: JHJ25 (big blind) collected ($2)
Seat 5: skanQ (button) (small blind) folded before Flop


PokerStars Hand #173144596872:  Hold'em Limit ($3/$6 USD) - 2017/07/17 7:25:54 ET
Table 'Medea' 6-max Seat #1 is the button
Seat 1: JHJ25 ($123.51 in chips)
Seat 5: skanQ ($114.03 in chips)
JHJ25: posts small blind $1
skanQ: posts big blind $3
*** HOLE CARDS ***
JHJ25: folds
Uncalled bet ($2) returned to skanQ
skanQ collected $2 from pot
skanQ: shows [Jc]
*** SUMMARY ***
Total pot $2 | Rake $0
Seat 1: JHJ25 (button) (small blind) folded before Flop
Seat 5: skanQ (big blind) collected ($2)


PokerStars Hand #173144588511:  Hold'em Limit ($3/$6 USD) - 2017/07/17 7:25:35 ET
Table 'Medea' 6-max Seat #5 is the button
Seat 1: JHJ25 ($127.51 in chips)
Seat 5: skanQ ($110.27 in chips)
skanQ: posts small blind $1
JHJ25: posts big blind $3
*** HOLE CARDS ***
skanQ: folds
Uncalled bet ($2) returned to JHJ25
JHJ25 collected $2 from pot
JHJ25: doesn't show hand
oliwan leaves the table
*** SUMMARY ***
Total pot $2 | Rake $0
Seat 1: JHJ25 (big blind) collected ($2)
Seat 5: skanQ (button) (small blind) folded before Flop


PokerStars Hand #173144610837:  Hold'em Limit ($3/$6 USD) - 2017/07/17 7:26:27 ET
Table 'Medea' 6-max Seat #5 is the button
Seat 1: JHJ25 ($128.15 in chips)
Seat 5: skanQ ($109.03 in chips)
skanQ: posts small blind $1
JHJ25: posts big blind $3
*** HOLE CARDS ***
skanQ: folds
Uncalled bet ($2) returned to JHJ25
JHJ25 collected $2 from pot
JHJ25: doesn't show hand
*** SUMMARY ***
Total pot $2 | Rake $0
Seat 1: JHJ25 (big blind) collected ($2)
Seat 5: skanQ (button) (small blind) folded before Flop


PokerStars Hand #173144621081:  Hold'em Limit ($3/$6 USD) - 2017/07/17 7:26:51 ET
Table 'Medea' 6-max Seat #1 is the button
Seat 1: JHJ25 ($111.15 in chips)
Seat 5: skanQ ($125.53 in chips)
JHJ25: posts small blind $1
skanQ: posts big blind $3
*** HOLE CARDS ***
JHJ25: folds
Uncalled bet ($2) returned to skanQ
skanQ collected $2 from pot
*** SUMMARY ***
Total pot $2 | Rake $0
Seat 1: JHJ25 (button) (small blind) folded before Flop
Seat 5: skanQ (big blind) collected ($2)


PokerStars Hand #173144615465:  Hold'em Limit ($3/$6 USD) - 2017/07/17 7:26:38 ET
Table 'Medea' 6-max Seat #5 is the button
Seat 1: JHJ25 ($132.15 in chips)
Seat 5: skanQ ($105.03 in chips)
skanQ: posts small blind $1
JHJ25: posts big blind $3
*** HOLE CARDS ***
skanQ: raises $3 to $6
JHJ25: calls $3
*** FLOP *** [7s Qs 3c]
JHJ25: checks
skanQ: bets $3
JHJ25: calls $3
*** TURN *** [7s Qs 3c] [9d]
JHJ25: checks
skanQ: bets $6
JHJ25: calls $6
*** RIVER *** [7s Qs 3c 9d] [Th]
JHJ25: checks
skanQ: bets $6
JHJ25: calls $6
*** SHOW DOWN ***
skanQ: shows [8h Js] (a straight, Eight to Queen)
JHJ25: mucks hand
skanQ collected $41.50 from pot
*** SUMMARY ***
Total pot $42 | Rake $0.50
Board [7s Qs 3c 9d Th]
Seat 1: JHJ25 (big blind) mucked
Seat 5: skanQ (button) (small blind) showed [8h Js] and won ($41.50) with a straight, Eight to Queen


PokerStars Hand #173144608936:  Hold'em Limit ($3/$6 USD) - 2017/07/17 7:26:22 ET
Table 'Medea' 6-max Seat #1 is the button
Seat 1: JHJ25 ($129.15 in chips)
Seat 5: skanQ ($108.03 in chips)
JHJ25: posts small blind $1
skanQ: posts big blind $3
*** HOLE CARDS ***
JHJ25: folds
Uncalled bet ($2) returned to skanQ
skanQ collected $2 from pot
skanQ: doesn't show hand
*** SUMMARY ***
Total pot $2 | Rake $0
Seat 1: JHJ25 (button) (small blind) folded before Flop
Seat 5: skanQ (big blind) collected ($2)


PokerStars Hand #173144606852:  Hold'em Limit ($3/$6 USD) - 2017/07/17 7:26:18 ET
Table 'Medea' 6-max Seat #5 is the button
Seat 1: JHJ25 ($132.15 in chips)
Seat 5: skanQ ($105.03 in chips)
skanQ: posts small blind $1
JHJ25: posts big blind $3
*** HOLE CARDS ***
skanQ: raises $3 to $6
JHJ25: folds
Uncalled bet ($3) returned to skanQ
skanQ collected $6 from pot
skanQ: doesn't show hand
*** SUMMARY ***
Total pot $6 | Rake $0
Seat 1: JHJ25 (big blind) folded before Flop
Seat 5: skanQ (button) (small blind) collected ($6)


PokerStars Hand #173144600747:  Hold'em Limit ($3/$6 USD) - 2017/07/17 7:26:03 ET
Table 'Medea' 6-max Seat #1 is the button
Seat 1: JHJ25 ($123.51 in chips)
Seat 5: skanQ ($114.03 in chips)
JHJ25: posts small blind $1
skanQ: posts big blind $3
*** HOLE CARDS ***
JHJ25: raises $3 to $6
skanQ: calls $3
*** FLOP *** [Ks 8d 6d]
skanQ: checks
JHJ25: bets $3
skanQ: calls $3
*** TURN *** [Ks 8d 6d] [Kc]
skanQ: checks
JHJ25: bets $6
skanQ: folds
Uncalled bet ($6) returned to JHJ25
JHJ25 collected $17.64 from pot
JHJ25: doesn't show hand
*** SUMMARY ***
Total pot $18 | Rake $0.36
Board [Ks 8d 6d Kc]
Seat 1: JHJ25 (button) (small blind) collected ($17.64)
Seat 5: skanQ (big blind) folded on the Turn


PokerStars Hand #173144612808:  Hold'em Limit ($3/$6 USD) - 2017/07/17 7:26:32 ET
Table 'Medea' 6-max Seat #1 is the button
Seat 1: JHJ25 ($129.15 in chips)
Seat 5: skanQ ($108.03 in chips)
JHJ25: posts small blind $1
skanQ: posts big blind $3
*** HOLE CARDS ***
JHJ25: raises $3 to $6
skanQ: folds
Uncalled bet ($3) returned to JHJ25
JHJ25 collected $6 from pot
JHJ25: doesn't show hand
*** SUMMARY ***
Total pot $6 | Rake $0
Seat 1: JHJ25 (button) (small blind) collected ($6)
Seat 5: skanQ (big blind) folded before Flop


PokerStars Hand #173144632676:  Hold'em Limit ($3/$6 USD) - 2017/07/17 7:27:19 ET
Table 'Medea' 6-max Seat #5 is the button
Seat 1: JHJ25 ($117.79 in chips)
Seat 5: skanQ ($118.53 in chips)
skanQ: posts small blind $1
JHJ25: posts big blind $3
*** HOLE CARDS ***
skanQ: folds
Uncalled bet ($2) returned to JHJ25
JHJ25 collected $2 from pot
JHJ25: doesn't show hand
*** SUMMARY ***
Total pot $2 | Rake $0
Seat 1: JHJ25 (big blind) collected ($2)
Seat 5: skanQ (button) (small blind) folded before Flop


PokerStars Hand #173144630666:  Hold'em Limit ($3/$6 USD) - 2017/07/17 7:27:14 ET
Table 'Medea' 6-max Seat #1 is the button
Seat 1: JHJ25 ($118.79 in chips)
Seat 5: skanQ ($117.53 in chips)
JHJ25: posts small blind $1
skanQ: posts big blind $3
*** HOLE CARDS ***
JHJ25: folds
Uncalled bet ($2) returned to skanQ
skanQ collected $2 from pot
skanQ: shows [Jh]
*** SUMMARY ***
Total pot $2 | Rake $0
Seat 1: JHJ25 (button) (small blind) folded before Flop
Seat 5: skanQ (big blind) collected ($2)


PokerStars Hand #173144634640:  Hold'em Limit ($3/$6 USD) - 2017/07/17 7:27:23 ET
Table 'Medea' 6-max Seat #1 is the button
Seat 1: JHJ25 ($118.79 in chips)
Seat 5: skanQ ($117.53 in chips)
JHJ25: posts small blind $1
skanQ: posts big blind $3
*** HOLE CARDS ***
JHJ25: raises $3 to $6
skanQ: calls $3
*** FLOP *** [Qs 4h Kd]
skanQ: checks
JHJ25: bets $3
skanQ: calls $3
*** TURN *** [Qs 4h Kd] [Tc]
skanQ: checks
JHJ25: bets $6
skanQ: calls $6
*** RIVER *** [Qs 4h Kd Tc] [7d]
skanQ: checks
JHJ25: bets $6
skanQ: calls $6
*** SHOW DOWN ***
JHJ25: shows [Kh Jc] (a pair of Kings)
skanQ: mucks hand
JHJ25 collected $41.50 from pot
*** SUMMARY ***
Total pot $42 | Rake $0.50
Board [Qs 4h Kd Tc 7d]
Seat 1: JHJ25 (button) (small blind) showed [Kh Jc] and won ($41.50) with a pair of Kings
Seat 5: skanQ (big blind) mucked


PokerStars Hand #173144645774:  Hold'em Limit ($3/$6 USD) - 2017/07/17 7:27:49 ET
Table 'Medea' 6-max Seat #5 is the button
Seat 1: JHJ25 ($139.29 in chips)
Seat 5: skanQ ($96.53 in chips)
skanQ: posts small blind $1
JHJ25: posts big blind $3
*** HOLE CARDS ***
skanQ: raises $3 to $6
JHJ25: calls $3
*** FLOP *** [8h Kd Th]
JHJ25: checks
skanQ: bets $3
JHJ25: folds
Uncalled bet ($3) returned to skanQ
skanQ collected $11.76 from pot
skanQ: doesn't show hand
*** SUMMARY ***
Total pot $12 | Rake $0.24
Board [8h Kd Th]
Seat 1: JHJ25 (big blind) folded on the Flop
Seat 5: skanQ (button) (small blind) collected ($11.76)


PokerStars Hand #173144623069:  Hold'em Limit ($3/$6 USD) - 2017/07/17 7:26:56 ET
Table 'Medea' 6-max Seat #5 is the button
Seat 1: JHJ25 ($110.15 in chips)
Seat 5: skanQ ($126.53 in chips)
skanQ: posts small blind $1
JHJ25: posts big blind $3
*** HOLE CARDS ***
skanQ: raises $3 to $6
JHJ25: calls $3
*** FLOP *** [Jh 6d 8h]
JHJ25: checks
skanQ: bets $3
JHJ25: calls $3
*** TURN *** [Jh 6d 8h] [3h]
JHJ25: checks
skanQ: checks
*** RIVER *** [Jh 6d 8h 3h] [2d]
JHJ25: bets $6
skanQ: folds
Uncalled bet ($6) returned to JHJ25
JHJ25 collected $17.64 from pot
JHJ25: doesn't show hand
*** SUMMARY ***
Total pot $18 | Rake $0.36
Board [Jh 6d 8h 3h 2d]
Seat 1: JHJ25 (big blind) collected ($17.64)
Seat 5: skanQ (button) (small blind) folded on the River


PokerStars Hand #173144654490:  Hold'em Limit ($3/$6 USD) - 2017/07/17 7:28:10 ET
Table 'Medea' 6-max Seat #5 is the button
Seat 1: JHJ25 ($124.29 in chips)
Seat 5: skanQ ($110.93 in chips)
skanQ: posts small blind $1
JHJ25: posts big blind $3
*** HOLE CARDS ***
skanQ: folds
Uncalled bet ($2) returned to JHJ25
JHJ25 collected $2 from pot
JHJ25: doesn't show hand
*** SUMMARY ***
Total pot $2 | Rake $0
Seat 1: JHJ25 (big blind) collected ($2)
Seat 5: skanQ (button) (small blind) folded before Flop


PokerStars Hand #173144649745:  Hold'em Limit ($3/$6 USD) - 2017/07/17 7:27:59 ET
Table 'Medea' 6-max Seat #1 is the button
Seat 1: JHJ25 ($133.29 in chips)
Seat 5: skanQ ($102.29 in chips)
JHJ25: posts small blind $1
skanQ: posts big blind $3
*** HOLE CARDS ***
JHJ25: raises $3 to $6
skanQ: raises $3 to $9
JHJ25: calls $3
*** FLOP *** [3s 8s 4s]
skanQ: bets $3
JHJ25: folds
Uncalled bet ($3) returned to skanQ
skanQ collected $17.64 from pot
skanQ: doesn't show hand
*** SUMMARY ***
Total pot $18 | Rake $0.36
Board [3s 8s 4s]
Seat 1: JHJ25 (button) (small blind) folded on the Flop
Seat 5: skanQ (big blind) collected ($17.64)


PokerStars Hand #173144669179:  Hold'em Limit ($3/$6 USD) - 2017/07/17 7:28:44 ET
Table 'Medea' 6-max Seat #1 is the button
Seat 1: JHJ25 ($157.43 in chips)
Seat 5: skanQ ($76.93 in chips)
JHJ25: posts small blind $1
skanQ: posts big blind $3
*** HOLE CARDS ***
JHJ25: raises $3 to $6
skanQ: calls $3
*** FLOP *** [5c 8s 2c]
skanQ: checks
JHJ25: bets $3
skanQ: calls $3
*** TURN *** [5c 8s 2c] [Ks]
skanQ: checks
JHJ25: checks
*** RIVER *** [5c 8s 2c Ks] [Qd]
skanQ: bets $6
JHJ25: folds
Uncalled bet ($6) returned to skanQ
skanQ collected $17.64 from pot
skanQ: doesn't show hand
*** SUMMARY ***
Total pot $18 | Rake $0.36
Board [5c 8s 2c Ks Qd]
Seat 1: JHJ25 (button) (small blind) folded on the River
Seat 5: skanQ (big blind) collected ($17.64)


PokerStars Hand #173144665088:  Hold'em Limit ($3/$6 USD) - 2017/07/17 7:28:35 ET
Table 'Medea' 6-max Seat #5 is the button
Seat 1: JHJ25 ($148.79 in chips)
Seat 5: skanQ ($85.93 in chips)
skanQ: posts small blind $1
JHJ25: posts big blind $3
*** HOLE CARDS ***
skanQ: raises $3 to $6
JHJ25: raises $3 to $9
skanQ: calls $3
*** FLOP *** [Ac Kc Ks]
JHJ25: bets $3
skanQ: folds
Uncalled bet ($3) returned to JHJ25
JHJ25 collected $17.64 from pot
JHJ25: doesn't show hand
*** SUMMARY ***
Total pot $18 | Rake $0.36
Board [Ac Kc Ks]
Seat 1: JHJ25 (big blind) collected ($17.64)
Seat 5: skanQ (button) (small blind) folded on the Flop


PokerStars Hand #173144656242:  Hold'em Limit ($3/$6 USD) - 2017/07/17 7:28:14 ET
Table 'Medea' 6-max Seat #1 is the button
Seat 1: JHJ25 ($125.29 in chips)
Seat 5: skanQ ($109.93 in chips)
JHJ25: posts small blind $1
skanQ: posts big blind $3
*** HOLE CARDS ***
JHJ25: raises $3 to $6
skanQ: calls $3
*** FLOP *** [Ah Qs Ts]
skanQ: checks
JHJ25: bets $3
skanQ: raises $3 to $6
JHJ25: calls $3
*** TURN *** [Ah Qs Ts] [3d]
skanQ: bets $6
JHJ25: calls $6
*** RIVER *** [Ah Qs Ts 3d] [5d]
skanQ: bets $6
JHJ25: calls $6
*** SHOW DOWN ***
skanQ: shows [Qd 7h] (a pair of Queens)
JHJ25: shows [3s 5s] (two pair, Fives and Threes)
JHJ25 collected $47.50 from pot
*** SUMMARY ***
Total pot $48 | Rake $0.50
Board [Ah Qs Ts 3d 5d]
Seat 1: JHJ25 (button) (small blind) showed [3s 5s] and won ($47.50) with two pair, Fives and Threes
Seat 5: skanQ (big blind) showed [Qd 7h] and lost with a pair of Queens


PokerStars Hand #173144674204:  Hold'em Limit ($3/$6 USD) - 2017/07/17 7:28:56 ET
Table 'Medea' 6-max Seat #5 is the button
Seat 1: JHJ25 ($148.43 in chips)
Seat 5: skanQ ($85.57 in chips)
skanQ: posts small blind $1
JHJ25: posts big blind $3
*** HOLE CARDS ***
skanQ: raises $3 to $6
Hadart joins the table at seat #6
JHJ25: calls $3
*** FLOP *** [4d Qd Js]
JHJ25: checks
skanQ: bets $3
JHJ25: folds
Uncalled bet ($3) returned to skanQ
skanQ collected $11.76 from pot
skanQ: doesn't show hand
*** SUMMARY ***
Total pot $12 | Rake $0.24
Board [4d Qd Js]
Seat 1: JHJ25 (big blind) folded on the Flop
Seat 5: skanQ (button) (small blind) collected ($11.76)


PokerStars Hand #173144678790:  Hold'em Limit ($3/$6 USD) - 2017/07/17 7:29:07 ET
Table 'Medea' 6-max Seat #1 is the button
Seat 1: JHJ25 ($142.43 in chips)
Seat 5: skanQ ($91.33 in chips)
JHJ25: posts small blind $1
skanQ: posts big blind $3
*** HOLE CARDS ***
JHJ25: raises $3 to $6
skanQ: calls $3
*** FLOP *** [Ad 5h 9s]
skanQ: checks
JHJ25: bets $3
skanQ: raises $3 to $6
JHJ25: raises $3 to $9
skanQ: calls $3
*** TURN *** [Ad 5h 9s] [3s]
skanQ: checks
JHJ25: bets $6
skanQ: folds
Uncalled bet ($6) returned to JHJ25
JHJ25 collected $29.50 from pot
JHJ25: doesn't show hand
*** SUMMARY ***
Total pot $30 | Rake $0.50
Board [Ad 5h 9s 3s]
Seat 1: JHJ25 (button) (small blind) collected ($29.50)
Seat 5: skanQ (big blind) folded on the Turn


PokerStars Hand #173144732220:  Hold'em Limit ($3/$6 USD) - 2017/07/17 7:31:12 ET
Table 'Medea' 6-max Seat #1 is the button
Seat 1: JHJ25 ($123.93 in chips)
Seat 6: Hadart ($161.94 in chips)
JHJ25: posts small blind $1
skanQ: is sitting out
Hadart: posts big blind $3
*** HOLE CARDS ***
JHJ25: raises $3 to $6
Hadart: folds
Uncalled bet ($3) returned to JHJ25
JHJ25 collected $6 from pot
JHJ25: doesn't show hand
*** SUMMARY ***
Total pot $6 | Rake $0
Seat 1: JHJ25 (button) (small blind) collected ($6)
Seat 6: Hadart (big blind) folded before Flop


