PokerStars Hand #157999561450:  Hold'em Limit ($3/$6 USD) - 2016/08/31 20:25:49 ET
Table 'Medea' 10-max Seat #5 is the button
Seat 5: simper11 ($120 in chips)
Seat 6: Wurst2000 ($120 in chips)
simper11: posts small blind $1
Wurst2000: posts big blind $3
*** HOLE CARDS ***
simper11: raises $3 to $6
Wurst2000: calls $3
*** FLOP *** [8c 3s Td]
Wurst2000: bets $3
simper11: calls $3
*** TURN *** [8c 3s Td] [8h]
Wurst2000: bets $6
simper11: calls $6
*** RIVER *** [8c 3s Td 8h] [2c]
Wurst2000: bets $6
simper11: calls $6
*** SHOW DOWN ***
Wurst2000: shows [8s 6c] (three of a kind, Eights)
simper11: mucks hand
Wurst2000 collected $41.50 from pot
*** SUMMARY ***
Total pot $42 | Rake $0.50
Board [8c 3s Td 8h 2c]
Seat 5: simper11 (button) (small blind) mucked
Seat 6: Wurst2000 (big blind) showed [8s 6c] and won ($41.50) with three of a kind, Eights


PokerStars Hand #157999573264:  Hold'em Limit ($3/$6 USD) - 2016/08/31 20:26:15 ET
Table 'Medea' 10-max Seat #5 is the button
Seat 5: simper11 ($120 in chips)
Seat 6: Wurst2000 ($149.14 in chips)
simper11: posts small blind $1
Wurst2000: posts big blind $3
*** HOLE CARDS ***
simper11: raises $3 to $6
Wurst2000: calls $3
*** FLOP *** [Ah 2c Qs]
Wurst2000: checks
simper11: bets $3
Wurst2000: folds
Uncalled bet ($3) returned to simper11
simper11 collected $11.76 from pot
simper11: doesn't show hand
*** SUMMARY ***
Total pot $12 | Rake $0.24
Board [Ah 2c Qs]
Seat 5: simper11 (button) (small blind) collected ($11.76)
Seat 6: Wurst2000 (big blind) folded on the Flop


PokerStars Hand #157999568350:  Hold'em Limit ($3/$6 USD) - 2016/08/31 20:26:04 ET
Table 'Medea' 10-max Seat #6 is the button
Seat 5: simper11 ($120 in chips)
Seat 6: Wurst2000 ($140.50 in chips)
Wurst2000: posts small blind $1
simper11: posts big blind $3
*** HOLE CARDS ***
Wurst2000: raises $3 to $6
simper11: calls $3
*** FLOP *** [7d 3c Kh]
simper11: checks
Wurst2000: bets $3
simper11: calls $3
*** TURN *** [7d 3c Kh] [Jd]
simper11: checks
Wurst2000: bets $6
simper11: folds
Uncalled bet ($6) returned to Wurst2000
Wurst2000 collected $17.64 from pot
Wurst2000: doesn't show hand
*** SUMMARY ***
Total pot $18 | Rake $0.36
Board [7d 3c Kh Jd]
Seat 5: simper11 (big blind) folded on the Turn
Seat 6: Wurst2000 (button) (small blind) collected ($17.64)


PokerStars Hand #157999557902:  Hold'em Limit ($3/$6 USD) - 2016/08/31 20:25:41 ET
Table 'Medea' 10-max Seat #6 is the button
Seat 5: simper11 ($123 in chips)
Seat 6: Wurst2000 ($117 in chips)
Wurst2000: posts small blind $1
simper11: posts big blind $3
*** HOLE CARDS ***
Wurst2000: raises $3 to $6
simper11: folds
Uncalled bet ($3) returned to Wurst2000
Wurst2000 collected $6 from pot
Wurst2000: doesn't show hand
*** SUMMARY ***
Total pot $6 | Rake $0
Seat 5: simper11 (big blind) folded before Flop
Seat 6: Wurst2000 (button) (small blind) collected ($6)


PokerStars Hand #157999578352:  Hold'em Limit ($3/$6 USD) - 2016/08/31 20:26:27 ET
Table 'Medea' 10-max Seat #6 is the button
Seat 5: simper11 ($125.76 in chips)
Seat 6: Wurst2000 ($143.14 in chips)
Wurst2000: posts small blind $1
simper11: posts big blind $3
*** HOLE CARDS ***
Wurst2000: raises $3 to $6
simper11: calls $3
*** FLOP *** [2d 6h 9d]
simper11: checks
Wurst2000: bets $3
simper11: raises $3 to $6
Wurst2000: calls $3
*** TURN *** [2d 6h 9d] [4d]
simper11: bets $6
Wurst2000: raises $6 to $12
simper11: folds
Uncalled bet ($6) returned to Wurst2000
Wurst2000 collected $35.50 from pot
Wurst2000: doesn't show hand
*** SUMMARY ***
Total pot $36 | Rake $0.50
Board [2d 6h 9d 4d]
Seat 5: simper11 (big blind) folded on the Turn
Seat 6: Wurst2000 (button) (small blind) collected ($35.50)


PokerStars Hand #157999593733:  Hold'em Limit ($3/$6 USD) - 2016/08/31 20:27:02 ET
Table 'Medea' 10-max Seat #6 is the button
Seat 5: simper11 ($120 in chips)
Seat 6: Wurst2000 ($184.14 in chips)
Wurst2000: posts small blind $1
simper11: posts big blind $3
*** HOLE CARDS ***
Wurst2000: raises $3 to $6
simper11: calls $3
*** FLOP *** [Qh 6c 2s]
simper11: checks
Wurst2000: bets $3
simper11: folds
Uncalled bet ($3) returned to Wurst2000
Wurst2000 collected $11.76 from pot
Wurst2000: doesn't show hand
*** SUMMARY ***
Total pot $12 | Rake $0.24
Board [Qh 6c 2s]
Seat 5: simper11 (big blind) folded on the Flop
Seat 6: Wurst2000 (button) (small blind) collected ($11.76)


PokerStars Hand #157999586464:  Hold'em Limit ($3/$6 USD) - 2016/08/31 20:26:45 ET
Table 'Medea' 10-max Seat #5 is the button
Seat 5: simper11 ($120 in chips)
Seat 6: Wurst2000 ($160.64 in chips)
simper11: posts small blind $1
Wurst2000: posts big blind $3
*** HOLE CARDS ***
simper11: raises $3 to $6
Wurst2000: raises $3 to $9
simper11: calls $3
*** FLOP *** [6h 6s 6d]
Wurst2000: bets $3
simper11: calls $3
*** TURN *** [6h 6s 6d] [5s]
Wurst2000: bets $6
simper11: calls $6
*** RIVER *** [6h 6s 6d 5s] [6c]
Wurst2000: bets $6
simper11: calls $6
*** SHOW DOWN ***
Wurst2000: shows [Ac Jh] (four of a kind, Sixes)
simper11: mucks hand
Wurst2000 collected $47.50 from pot
*** SUMMARY ***
Total pot $48 | Rake $0.50
Board [6h 6s 6d 5s 6c]
Seat 5: simper11 (button) (small blind) mucked
Seat 6: Wurst2000 (big blind) showed [Ac Jh] and won ($47.50) with four of a kind, Sixes


PokerStars Hand #157999615224:  Hold'em Limit ($3/$6 USD) - 2016/08/31 20:27:50 ET
Table 'Medea' 10-max Seat #6 is the button
Seat 5: simper11 ($131.50 in chips)
Seat 6: Wurst2000 ($177.66 in chips)
Wurst2000: posts small blind $1
simper11: posts big blind $3
*** HOLE CARDS ***
Wurst2000: raises $3 to $6
simper11: calls $3
*** FLOP *** [9s Tc Jd]
simper11: checks
Wurst2000: bets $3
simper11: raises $3 to $6
Wurst2000: raises $3 to $9
simper11: calls $3
*** TURN *** [9s Tc Jd] [Qh]
simper11: checks
Wurst2000: bets $6
simper11: calls $6
*** RIVER *** [9s Tc Jd Qh] [7c]
simper11: checks
Wurst2000: bets $6
simper11: calls $6
*** SHOW DOWN ***
Wurst2000: shows [Ts 9d] (two pair, Tens and Nines)
simper11: shows [Qs 9c] (two pair, Queens and Nines)
simper11 collected $53.50 from pot
*** SUMMARY ***
Total pot $54 | Rake $0.50
Board [9s Tc Jd Qh 7c]
Seat 5: simper11 (big blind) showed [Qs 9c] and won ($53.50) with two pair, Queens and Nines
Seat 6: Wurst2000 (button) (small blind) showed [Ts 9d] and lost with two pair, Tens and Nines


PokerStars Hand #157999597719:  Hold'em Limit ($3/$6 USD) - 2016/08/31 20:27:11 ET
Table 'Medea' 10-max Seat #5 is the button
Seat 5: simper11 ($120 in chips)
Seat 6: Wurst2000 ($189.90 in chips)
simper11: posts small blind $1
Wurst2000: posts big blind $3
*** HOLE CARDS ***
simper11: raises $3 to $6
Wurst2000: calls $3
*** FLOP *** [9h 4h 6d]
Wurst2000: checks
simper11: bets $3
Wurst2000: calls $3
*** TURN *** [9h 4h 6d] [6h]
Wurst2000: checks
simper11: bets $6
Wurst2000: calls $6
*** RIVER *** [9h 4h 6d 6h] [2s]
Wurst2000: checks
simper11: bets $6
Wurst2000: folds
Uncalled bet ($6) returned to simper11
simper11 collected $29.50 from pot
simper11: doesn't show hand
*** SUMMARY ***
Total pot $30 | Rake $0.50
Board [9h 4h 6d 6h 2s]
Seat 5: simper11 (button) (small blind) collected ($29.50)
Seat 6: Wurst2000 (big blind) folded on the River


PokerStars Hand #157999612676:  Hold'em Limit ($3/$6 USD) - 2016/08/31 20:27:45 ET
Table 'Medea' 10-max Seat #5 is the button
Seat 5: simper11 ($128.50 in chips)
Seat 6: Wurst2000 ($180.66 in chips)
simper11: posts small blind $1
Wurst2000: posts big blind $3
*** HOLE CARDS ***
simper11: raises $3 to $6
Wurst2000: folds
Uncalled bet ($3) returned to simper11
simper11 collected $6 from pot
simper11: doesn't show hand
*** SUMMARY ***
Total pot $6 | Rake $0
Seat 5: simper11 (button) (small blind) collected ($6)
Seat 6: Wurst2000 (big blind) folded before Flop


PokerStars Hand #157999608184:  Hold'em Limit ($3/$6 USD) - 2016/08/31 20:27:34 ET
Table 'Medea' 10-max Seat #6 is the button
Seat 5: simper11 ($134.50 in chips)
Seat 6: Wurst2000 ($174.90 in chips)
Wurst2000: posts small blind $1
simper11: posts big blind $3
*** HOLE CARDS ***
Wurst2000: raises $3 to $6
simper11: calls $3
*** FLOP *** [3h Ad 9h]
simper11: checks
Wurst2000: bets $3
simper11: folds
Uncalled bet ($3) returned to Wurst2000
Wurst2000 collected $11.76 from pot
Wurst2000: doesn't show hand
*** SUMMARY ***
Total pot $12 | Rake $0.24
Board [3h Ad 9h]
Seat 5: simper11 (big blind) folded on the Flop
Seat 6: Wurst2000 (button) (small blind) collected ($11.76)


PokerStars Hand #157999625477:  Hold'em Limit ($3/$6 USD) - 2016/08/31 20:28:14 ET
Table 'Medea' 10-max Seat #5 is the button
Seat 5: simper11 ($158 in chips)
Seat 6: Wurst2000 ($150.66 in chips)
simper11: posts small blind $1
Wurst2000: posts big blind $3
*** HOLE CARDS ***
simper11: raises $3 to $6
Wurst2000: calls $3
*** FLOP *** [Kc Kd 3c]
Wurst2000: checks
simper11: checks
*** TURN *** [Kc Kd 3c] [5h]
Wurst2000: bets $6
simper11: folds
Uncalled bet ($6) returned to Wurst2000
Wurst2000 collected $11.76 from pot
Wurst2000: doesn't show hand
*** SUMMARY ***
Total pot $12 | Rake $0.24
Board [Kc Kd 3c 5h]
Seat 5: simper11 (button) (small blind) folded on the Turn
Seat 6: Wurst2000 (big blind) collected ($11.76)


PokerStars Hand #157999656768:  Hold'em Limit ($3/$6 USD) - 2016/08/31 20:29:25 ET
Table 'Medea' 10-max Seat #5 is the button
Seat 5: simper11 ($121 in chips)
Seat 6: Wurst2000 ($198.42 in chips)
simper11: posts small blind $1
Wurst2000: posts big blind $3
*** HOLE CARDS ***
simper11: folds
Uncalled bet ($2) returned to Wurst2000
Wurst2000 collected $2 from pot
Wurst2000: doesn't show hand
*** SUMMARY ***
Total pot $2 | Rake $0
Seat 5: simper11 (button) (small blind) folded before Flop
Seat 6: Wurst2000 (big blind) collected ($2)


PokerStars Hand #157999654627:  Hold'em Limit ($3/$6 USD) - 2016/08/31 20:29:20 ET
Table 'Medea' 10-max Seat #6 is the button
Seat 5: simper11 ($120 in chips)
Seat 6: Wurst2000 ($199.42 in chips)
Wurst2000: posts small blind $1
simper11: posts big blind $3
*** HOLE CARDS ***
Wurst2000: folds
Uncalled bet ($2) returned to simper11
simper11 collected $2 from pot
simper11: doesn't show hand
*** SUMMARY ***
Total pot $2 | Rake $0
Seat 5: simper11 (big blind) collected ($2)
Seat 6: Wurst2000 (button) (small blind) folded before Flop


PokerStars Hand #157999647231:  Hold'em Limit ($3/$6 USD) - 2016/08/31 20:29:03 ET
Table 'Medea' 10-max Seat #5 is the button
Seat 5: simper11 ($132 in chips)
Seat 6: Wurst2000 ($175.92 in chips)
simper11: posts small blind $1
Wurst2000: posts big blind $3
*** HOLE CARDS ***
simper11: raises $3 to $6
Wurst2000: raises $3 to $9
simper11: calls $3
*** FLOP *** [Ts Ah Qs]
Wurst2000: bets $3
simper11: calls $3
*** TURN *** [Ts Ah Qs] [4c]
Wurst2000: bets $6
simper11: calls $6
*** RIVER *** [Ts Ah Qs 4c] [2s]
Wurst2000: bets $6
simper11: calls $6
*** SHOW DOWN ***
Wurst2000: shows [Kc Jc] (a straight, Ten to Ace)
simper11: mucks hand
Wurst2000 collected $47.50 from pot
*** SUMMARY ***
Total pot $48 | Rake $0.50
Board [Ts Ah Qs 4c 2s]
Seat 5: simper11 (button) (small blind) mucked
Seat 6: Wurst2000 (big blind) showed [Kc Jc] and won ($47.50) with a straight, Ten to Ace


PokerStars Hand #157999645099:  Hold'em Limit ($3/$6 USD) - 2016/08/31 20:28:58 ET
Table 'Medea' 10-max Seat #6 is the button
Seat 5: simper11 ($131 in chips)
Seat 6: Wurst2000 ($176.92 in chips)
Wurst2000: posts small blind $1
simper11: posts big blind $3
*** HOLE CARDS ***
Wurst2000: folds
Uncalled bet ($2) returned to simper11
simper11 collected $2 from pot
simper11: doesn't show hand
*** SUMMARY ***
Total pot $2 | Rake $0
Seat 5: simper11 (big blind) collected ($2)
Seat 6: Wurst2000 (button) (small blind) folded before Flop


PokerStars Hand #157999637733:  Hold'em Limit ($3/$6 USD) - 2016/08/31 20:28:42 ET
Table 'Medea' 10-max Seat #5 is the button
Seat 5: simper11 ($128 in chips)
Seat 6: Wurst2000 ($179.92 in chips)
simper11: posts small blind $1
Wurst2000: posts big blind $3
*** HOLE CARDS ***
simper11: raises $3 to $6
Wurst2000: folds
Uncalled bet ($3) returned to simper11
simper11 collected $6 from pot
simper11: doesn't show hand
*** SUMMARY ***
Total pot $6 | Rake $0
Seat 5: simper11 (button) (small blind) collected ($6)
Seat 6: Wurst2000 (big blind) folded before Flop


PokerStars Hand #157999630832:  Hold'em Limit ($3/$6 USD) - 2016/08/31 20:28:26 ET
Table 'Medea' 10-max Seat #6 is the button
Seat 5: simper11 ($152 in chips)
Seat 6: Wurst2000 ($156.42 in chips)
Wurst2000: posts small blind $1
simper11: posts big blind $3
*** HOLE CARDS ***
Wurst2000: raises $3 to $6
simper11: raises $3 to $9
Wurst2000: calls $3
*** FLOP *** [8d 9c 7c]
simper11: bets $3
Wurst2000: calls $3
*** TURN *** [8d 9c 7c] [Ks]
simper11: bets $6
Wurst2000: raises $6 to $12
simper11: calls $6
*** RIVER *** [8d 9c 7c Ks] [9s]
simper11: checks
Wurst2000: bets $6
simper11: folds
Uncalled bet ($6) returned to Wurst2000
Wurst2000 collected $47.50 from pot
Wurst2000: doesn't show hand
*** SUMMARY ***
Total pot $48 | Rake $0.50
Board [8d 9c 7c Ks 9s]
Seat 5: simper11 (big blind) folded on the River
Seat 6: Wurst2000 (button) (small blind) collected ($47.50)


PokerStars Hand #157999643207:  Hold'em Limit ($3/$6 USD) - 2016/08/31 20:28:54 ET
Table 'Medea' 10-max Seat #5 is the button
Seat 5: simper11 ($132 in chips)
Seat 6: Wurst2000 ($175.92 in chips)
simper11: posts small blind $1
Wurst2000: posts big blind $3
*** HOLE CARDS ***
simper11: folds
Uncalled bet ($2) returned to Wurst2000
Wurst2000 collected $2 from pot
Wurst2000: doesn't show hand
*** SUMMARY ***
Total pot $2 | Rake $0
Seat 5: simper11 (button) (small blind) folded before Flop
Seat 6: Wurst2000 (big blind) collected ($2)


PokerStars Hand #157999640804:  Hold'em Limit ($3/$6 USD) - 2016/08/31 20:28:48 ET
Table 'Medea' 10-max Seat #6 is the button
Seat 5: simper11 ($131 in chips)
Seat 6: Wurst2000 ($176.92 in chips)
Wurst2000: posts small blind $1
simper11: posts big blind $3
*** HOLE CARDS ***
Wurst2000: folds
Uncalled bet ($2) returned to simper11
simper11 collected $2 from pot
simper11: doesn't show hand
*** SUMMARY ***
Total pot $2 | Rake $0
Seat 5: simper11 (big blind) collected ($2)
Seat 6: Wurst2000 (button) (small blind) folded before Flop


PokerStars Hand #157999676948:  Hold'em Limit ($3/$6 USD) - 2016/08/31 20:30:11 ET
Table 'Medea' 10-max Seat #6 is the button
Seat 5: simper11 ($124 in chips)
Seat 6: Wurst2000 ($227.56 in chips)
Wurst2000: posts small blind $1
simper11: posts big blind $3
*** HOLE CARDS ***
Wurst2000: raises $3 to $6
simper11: calls $3
*** FLOP *** [5d Qd Js]
simper11: checks
Wurst2000: bets $3
simper11: calls $3
*** TURN *** [5d Qd Js] [2d]
simper11: checks
Wurst2000: checks
*** RIVER *** [5d Qd Js 2d] [6h]
simper11: checks
Wurst2000: checks
*** SHOW DOWN ***
simper11: shows [9s Kc] (high card King)
Wurst2000: mucks hand
simper11 collected $17.64 from pot
*** SUMMARY ***
Total pot $18 | Rake $0.36
Board [5d Qd Js 2d 6h]
Seat 5: simper11 (big blind) showed [9s Kc] and won ($17.64) with high card King
Seat 6: Wurst2000 (button) (small blind) mucked


PokerStars Hand #157999665899:  Hold'em Limit ($3/$6 USD) - 2016/08/31 20:29:46 ET
Table 'Medea' 10-max Seat #5 is the button
Seat 5: simper11 ($120 in chips)
Seat 6: Wurst2000 ($222.92 in chips)
simper11: posts small blind $1
Wurst2000: posts big blind $3
*** HOLE CARDS ***
simper11: raises $3 to $6
Wurst2000: calls $3
*** FLOP *** [Kh Ks Ac]
Wurst2000: checks
simper11: bets $3
Wurst2000: raises $3 to $6
simper11: folds
Uncalled bet ($3) returned to Wurst2000
Wurst2000 collected $17.64 from pot
Wurst2000: doesn't show hand
*** SUMMARY ***
Total pot $18 | Rake $0.36
Board [Kh Ks Ac]
Seat 5: simper11 (button) (small blind) folded on the Flop
Seat 6: Wurst2000 (big blind) collected ($17.64)


PokerStars Hand #157999674497:  Hold'em Limit ($3/$6 USD) - 2016/08/31 20:30:05 ET
Table 'Medea' 10-max Seat #5 is the button
Seat 5: simper11 ($121 in chips)
Seat 6: Wurst2000 ($230.56 in chips)
simper11: posts small blind $1
Wurst2000: posts big blind $3
*** HOLE CARDS ***
simper11: raises $3 to $6
Wurst2000: folds
Uncalled bet ($3) returned to simper11
simper11 collected $6 from pot
simper11: doesn't show hand
*** SUMMARY ***
Total pot $6 | Rake $0
Seat 5: simper11 (button) (small blind) collected ($6)
Seat 6: Wurst2000 (big blind) folded before Flop


PokerStars Hand #157999672341:  Hold'em Limit ($3/$6 USD) - 2016/08/31 20:30:00 ET
Table 'Medea' 10-max Seat #6 is the button
Seat 5: simper11 ($120 in chips)
Seat 6: Wurst2000 ($231.56 in chips)
Wurst2000: posts small blind $1
simper11: posts big blind $3
*** HOLE CARDS ***
Wurst2000: folds
Uncalled bet ($2) returned to simper11
simper11 collected $2 from pot
simper11: doesn't show hand
*** SUMMARY ***
Total pot $2 | Rake $0
Seat 5: simper11 (big blind) collected ($2)
Seat 6: Wurst2000 (button) (small blind) folded before Flop


PokerStars Hand #157999683454:  Hold'em Limit ($3/$6 USD) - 2016/08/31 20:30:26 ET
Table 'Medea' 10-max Seat #5 is the button
Seat 5: simper11 ($132.64 in chips)
Seat 6: Wurst2000 ($218.56 in chips)
simper11: posts small blind $1
Wurst2000: posts big blind $3
*** HOLE CARDS ***
simper11: raises $3 to $6
Wurst2000: calls $3
*** FLOP *** [Qh 5d Ac]
Wurst2000: checks
simper11: bets $3
Wurst2000: calls $3
*** TURN *** [Qh 5d Ac] [9c]
Wurst2000: checks
simper11: checks
*** RIVER *** [Qh 5d Ac 9c] [8s]
Wurst2000: bets $6
simper11: calls $6
*** SHOW DOWN ***
Wurst2000: shows [Ad 3h] (a pair of Aces)
simper11: mucks hand
Wurst2000 collected $29.50 from pot
*** SUMMARY ***
Total pot $30 | Rake $0.50
Board [Qh 5d Ac 9c 8s]
Seat 5: simper11 (button) (small blind) mucked
Seat 6: Wurst2000 (big blind) showed [Ad 3h] and won ($29.50) with a pair of Aces


PokerStars Hand #157999705254:  Hold'em Limit ($3/$6 USD) - 2016/08/31 20:31:16 ET
Table 'Medea' 10-max Seat #5 is the button
Seat 5: simper11 ($121 in chips)
Seat 6: Wurst2000 ($234.58 in chips)
simper11: posts small blind $1
Wurst2000: posts big blind $3
*** HOLE CARDS ***
simper11: raises $3 to $6
Wurst2000: folds
Uncalled bet ($3) returned to simper11
simper11 collected $6 from pot
simper11: doesn't show hand
*** SUMMARY ***
Total pot $6 | Rake $0
Seat 5: simper11 (button) (small blind) collected ($6)
Seat 6: Wurst2000 (big blind) folded before Flop


PokerStars Hand #157999703365:  Hold'em Limit ($3/$6 USD) - 2016/08/31 20:31:11 ET
Table 'Medea' 10-max Seat #6 is the button
Seat 5: simper11 ($120 in chips)
Seat 6: Wurst2000 ($235.58 in chips)
Wurst2000: posts small blind $1
simper11: posts big blind $3
*** HOLE CARDS ***
Wurst2000: folds
Uncalled bet ($2) returned to simper11
simper11 collected $2 from pot
simper11: doesn't show hand
*** SUMMARY ***
Total pot $2 | Rake $0
Seat 5: simper11 (big blind) collected ($2)
Seat 6: Wurst2000 (button) (small blind) folded before Flop


PokerStars Hand #157999691208:  Hold'em Limit ($3/$6 USD) - 2016/08/31 20:30:44 ET
Table 'Medea' 10-max Seat #6 is the button
Seat 5: simper11 ($120 in chips)
Seat 6: Wurst2000 ($233.06 in chips)
Wurst2000: posts small blind $1
simper11: posts big blind $3
*** HOLE CARDS ***
Wurst2000: raises $3 to $6
simper11: calls $3
*** FLOP *** [6s Jd 9c]
simper11: checks
Wurst2000: bets $3
simper11: raises $3 to $6
Wurst2000: folds
Uncalled bet ($3) returned to simper11
simper11 collected $17.64 from pot
simper11: doesn't show hand
*** SUMMARY ***
Total pot $18 | Rake $0.36
Board [6s Jd 9c]
Seat 5: simper11 (big blind) collected ($17.64)
Seat 6: Wurst2000 (button) (small blind) folded on the Flop


PokerStars Hand #157999713741:  Hold'em Limit ($3/$6 USD) - 2016/08/31 20:31:35 ET
Table 'Medea' 10-max Seat #5 is the button
Seat 5: simper11 ($120 in chips)
Seat 6: Wurst2000 ($237.34 in chips)
simper11: posts small blind $1
Wurst2000: posts big blind $3
*** HOLE CARDS ***
simper11: raises $3 to $6
Wurst2000: raises $3 to $9
simper11: calls $3
*** FLOP *** [7s As 9s]
Brama Br joins the table at seat #4
Wurst2000: bets $3
simper11: calls $3
*** TURN *** [7s As 9s] [6s]
Wurst2000: checks
simper11: checks
*** RIVER *** [7s As 9s 6s] [2c]
Wurst2000: checks
simper11: checks
*** SHOW DOWN ***
Wurst2000: shows [Tc Qh] (high card Ace)
simper11: shows [Td 9d] (a pair of Nines)
simper11 collected $23.52 from pot
*** SUMMARY ***
Total pot $24 | Rake $0.48
Board [7s As 9s 6s 2c]
Seat 5: simper11 (button) (small blind) showed [Td 9d] and won ($23.52) with a pair of Nines
Seat 6: Wurst2000 (big blind) showed [Tc Qh] and lost with high card Ace


PokerStars Hand #157999709026:  Hold'em Limit ($3/$6 USD) - 2016/08/31 20:31:24 ET
Table 'Medea' 10-max Seat #6 is the button
Seat 5: simper11 ($124 in chips)
Seat 6: Wurst2000 ($231.58 in chips)
Wurst2000: posts small blind $1
simper11: posts big blind $3
*** HOLE CARDS ***
Wurst2000: raises $3 to $6
simper11: calls $3
*** FLOP *** [8d Tc Qc]
simper11: checks
Wurst2000: bets $3
simper11: folds
Uncalled bet ($3) returned to Wurst2000
Wurst2000 collected $11.76 from pot
Wurst2000: doesn't show hand
*** SUMMARY ***
Total pot $12 | Rake $0.24
Board [8d Tc Qc]
Seat 5: simper11 (big blind) folded on the Flop
Seat 6: Wurst2000 (button) (small blind) collected ($11.76)


PokerStars Hand #157999844218:  Hold'em Limit ($3/$6 USD) - 2016/08/31 20:36:35 ET
Table 'Medea' 10-max Seat #4 is the button
Seat 4: Brama Br ($232.87 in chips)
Seat 5: simper11 ($120 in chips)
Brama Br: posts small blind $1
simper11: posts big blind $3
*** HOLE CARDS ***
Brama Br: folds
Uncalled bet ($2) returned to simper11
simper11 collected $2 from pot
simper11: doesn't show hand
*** SUMMARY ***
Total pot $2 | Rake $0
Seat 4: Brama Br (button) (small blind) folded before Flop
Seat 5: simper11 (big blind) collected ($2)


PokerStars Hand #157999841473:  Hold'em Limit ($3/$6 USD) - 2016/08/31 20:36:29 ET
Table 'Medea' 10-max Seat #5 is the button
Seat 4: Brama Br ($231.87 in chips)
Seat 5: simper11 ($120 in chips)
simper11: posts small blind $1
Wurst2000: is sitting out
Wurst2000 leaves the table
Brama Br: posts big blind $3
*** HOLE CARDS ***
simper11: folds
Uncalled bet ($2) returned to Brama Br
Brama Br collected $2 from pot
Brama Br: doesn't show hand
*** SUMMARY ***
Total pot $2 | Rake $0
Seat 4: Brama Br (big blind) collected ($2)
Seat 5: simper11 (button) (small blind) folded before Flop


PokerStars Hand #157999847095:  Hold'em Limit ($3/$6 USD) - 2016/08/31 20:36:42 ET
Table 'Medea' 10-max Seat #5 is the button
Seat 4: Brama Br ($231.87 in chips)
Seat 5: simper11 ($121 in chips)
simper11: posts small blind $1
Brama Br: posts big blind $3
*** HOLE CARDS ***
simper11: raises $3 to $6
Brama Br: folds
Uncalled bet ($3) returned to simper11
simper11 collected $6 from pot
simper11: doesn't show hand
*** SUMMARY ***
Total pot $6 | Rake $0
Seat 4: Brama Br (big blind) folded before Flop
Seat 5: simper11 (button) (small blind) collected ($6)


PokerStars Hand #157999850717:  Hold'em Limit ($3/$6 USD) - 2016/08/31 20:36:50 ET
Table 'Medea' 10-max Seat #4 is the button
Seat 4: Brama Br ($228.87 in chips)
Seat 5: simper11 ($124 in chips)
Brama Br: posts small blind $1
simper11: posts big blind $3
*** HOLE CARDS ***
Brama Br: raises $3 to $6
simper11: calls $3
*** FLOP *** [8s Jh 6d]
simper11: checks
Brama Br: bets $3
simper11: folds
Uncalled bet ($3) returned to Brama Br
Brama Br collected $11.76 from pot
Brama Br: doesn't show hand
*** SUMMARY ***
Total pot $12 | Rake $0.24
Board [8s Jh 6d]
Seat 4: Brama Br (button) (small blind) collected ($11.76)
Seat 5: simper11 (big blind) folded on the Flop


