PokerStars Hand #152985484950:  Hold'em Limit ($3/$6 USD) - 2016/05/07 14:30:38 ET
Table 'Medea' 6-max Seat #4 is the button
Seat 1: dokaten ($120 in chips)
Seat 4: Airbag999 ($106.37 in chips)
Airbag999: posts small blind $1
dokaten: posts big blind $3
*** HOLE CARDS ***
Airbag999: raises $3 to $6
dokaten: calls $3
*** FLOP *** [4c Kc Ac]
dokaten: checks
Airbag999: bets $3
dokaten: calls $3
*** TURN *** [4c Kc Ac] [5d]
dokaten: checks
Airbag999: bets $6
dokaten: raises $6 to $12
Airbag999: raises $6 to $18
dokaten: calls $6
*** RIVER *** [4c Kc Ac 5d] [8d]
dokaten: checks
Airbag999: bets $6
dokaten: folds
Uncalled bet ($6) returned to Airbag999
JayEm82 joins the table at seat #2
Airbag999 collected $53.50 from pot
Airbag999: doesn't show hand
*** SUMMARY ***
Total pot $54 | Rake $0.50
Board [4c Kc Ac 5d 8d]
Seat 1: dokaten (big blind) folded on the River
Seat 4: Airbag999 (button) (small blind) collected ($53.50)


PokerStars Hand #152989714904:  Hold'em Limit ($3/$6 USD) - 2016/05/07 16:00:53 ET
Table 'Medea' 6-max Seat #1 is the button
Seat 1: ZinZar ($140.78 in chips)
Seat 2: Jannuh ($116 in chips)
ZinZar: posts small blind $1
Jannuh: posts big blind $3
*** HOLE CARDS ***
ZinZar: raises $3 to $6
Jannuh: calls $3
*** FLOP *** [7c Qd 3c]
Jannuh: checks
GRAILKO leaves the table
Mr10P joins the table at seat #4
ZinZar: bets $3
Jannuh: calls $3
*** TURN *** [7c Qd 3c] [8h]
RowntreWilly joins the table at seat #6
Jannuh: checks
ZinZar: checks
*** RIVER *** [7c Qd 3c 8h] [4d]
Jannuh: bets $6
ZinZar: calls $6
*** SHOW DOWN ***
Jannuh: shows [Qs 9s] (a pair of Queens)
ZinZar: mucks hand
Jannuh collected $29.50 from pot
*** SUMMARY ***
Total pot $30 | Rake $0.50
Board [7c Qd 3c 8h 4d]
Seat 1: ZinZar (button) (small blind) mucked
Seat 2: Jannuh (big blind) showed [Qs 9s] and won ($29.50) with a pair of Queens


PokerStars Hand #152989711299:  Hold'em Limit ($3/$6 USD) - 2016/05/07 16:00:48 ET
Table 'Medea' 6-max Seat #2 is the button
Seat 1: ZinZar ($139.78 in chips)
Seat 2: Jannuh ($117 in chips)
Jannuh: posts small blind $1
GRAILKO: is sitting out
ZinZar: posts big blind $3
*** HOLE CARDS ***
Jannuh: folds
Uncalled bet ($2) returned to ZinZar
ZinZar collected $2 from pot
ZinZar: doesn't show hand
*** SUMMARY ***
Total pot $2 | Rake $0
Seat 1: ZinZar (big blind) collected ($2)
Seat 2: Jannuh (button) (small blind) folded before Flop


