PokerStars Hand #176653988410:  Hold'em Limit ($3/$6 USD) - 2017/10/08 12:22:51 ET
Table 'Medea II' 6-max Seat #2 is the button
Seat 1: igorkabmw ($34 in chips)
Seat 2: B_loJkl ($72 in chips)
B_loJkl: posts small blind $1
GoliafUa: is sitting out
igorkabmw: posts big blind $3
*** HOLE CARDS ***
B_loJkl: raises $3 to $6
igorkabmw: raises $3 to $9
B_loJkl: calls $3
*** FLOP *** [Ts 3h 7h]
igorkabmw: checks
GoliafUa leaves the table
B_loJkl: bets $3
igorkabmw: calls $3
*** TURN *** [Ts 3h 7h] [Ac]
igorkabmw: checks
B_loJkl: bets $6
igorkabmw: calls $6
*** RIVER *** [Ts 3h 7h Ac] [Qs]
igorkabmw: bets $6
B_loJkl: calls $6
*** SHOW DOWN ***
igorkabmw: shows [Kd Jd] (a straight, Ten to Ace)
B_loJkl: mucks hand
igorkabmw collected $47.50 from pot
*** SUMMARY ***
Total pot $48 | Rake $0.50
Board [Ts 3h 7h Ac Qs]
Seat 1: igorkabmw (big blind) showed [Kd Jd] and won ($47.50) with a straight, Ten to Ace
Seat 2: B_loJkl (button) (small blind) mucked


PokerStars Hand #176654044318:  Hold'em Limit ($3/$6 USD) - 2017/10/08 12:24:02 ET
Table 'Medea II' 6-max Seat #2 is the button
Seat 1: igorkabmw ($78 in chips)
Seat 2: B_loJkl ($27 in chips)
B_loJkl: posts small blind $1
igorkabmw: posts big blind $3
*** HOLE CARDS ***
B_loJkl: raises $3 to $6
igorkabmw: folds
Uncalled bet ($3) returned to B_loJkl
B_loJkl collected $6 from pot
B_loJkl: doesn't show hand
*** SUMMARY ***
Total pot $6 | Rake $0
Seat 1: igorkabmw (big blind) folded before Flop
Seat 2: B_loJkl (button) (small blind) collected ($6)


PokerStars Hand #176654017503:  Hold'em Limit ($3/$6 USD) - 2017/10/08 12:23:28 ET
Table 'Medea II' 6-max Seat #1 is the button
Seat 1: igorkabmw ($57.50 in chips)
Seat 2: B_loJkl ($48 in chips)
igorkabmw: posts small blind $1
B_loJkl: posts big blind $3
*** HOLE CARDS ***
igorkabmw: calls $2
B_loJkl: raises $3 to $6
igorkabmw: calls $3
*** FLOP *** [6s Jd 9d]
B_loJkl: bets $3
igorkabmw: calls $3
*** TURN *** [6s Jd 9d] [Ad]
B_loJkl: bets $6
igorkabmw: calls $6
*** RIVER *** [6s Jd 9d Ad] [8d]
B_loJkl: bets $6
igorkabmw: calls $6
*** SHOW DOWN ***
B_loJkl: shows [As 9h] (two pair, Aces and Nines)
igorkabmw: shows [Jh Td] (a flush, Ace high)
igorkabmw collected $41.50 from pot
*** SUMMARY ***
Total pot $42 | Rake $0.50
Board [6s Jd 9d Ad 8d]
Seat 1: igorkabmw (button) (small blind) showed [Jh Td] and won ($41.50) with a flush, Ace high
Seat 2: B_loJkl (big blind) showed [As 9h] and lost with two pair, Aces and Nines


PokerStars Hand #176654085692:  Hold'em Limit ($3/$6 USD) - 2017/10/08 12:24:55 ET
Table 'Medea II' 6-max Seat #1 is the button
Seat 1: igorkabmw ($58 in chips)
Seat 2: B_loJkl ($46.50 in chips)
igorkabmw: posts small blind $1
B_loJkl: posts big blind $3
*** HOLE CARDS ***
igorkabmw: raises $3 to $6
B_loJkl: calls $3
*** FLOP *** [Ts 9h Kc]
B_loJkl: checks
igorkabmw: bets $3
B_loJkl: calls $3
*** TURN *** [Ts 9h Kc] [5c]
B_loJkl: checks
igorkabmw: checks
*** RIVER *** [Ts 9h Kc 5c] [6s]
B_loJkl: bets $6
igorkabmw: raises $6 to $12
B_loJkl: calls $6
*** SHOW DOWN ***
igorkabmw: shows [Jc 7c] (high card King)
B_loJkl: shows [Tc 8c] (a pair of Tens)
B_loJkl collected $41.50 from pot
*** SUMMARY ***
Total pot $42 | Rake $0.50
Board [Ts 9h Kc 5c 6s]
Seat 1: igorkabmw (button) (small blind) showed [Jc 7c] and lost with high card King
Seat 2: B_loJkl (big blind) showed [Tc 8c] and won ($41.50) with a pair of Tens


PokerStars Hand #176654079905:  Hold'em Limit ($3/$6 USD) - 2017/10/08 12:24:48 ET
Table 'Medea II' 6-max Seat #2 is the button
Seat 1: igorkabmw ($57 in chips)
Seat 2: B_loJkl ($47.50 in chips)
B_loJkl: posts small blind $1
igorkabmw: posts big blind $3
*** HOLE CARDS ***
B_loJkl: folds
Uncalled bet ($2) returned to igorkabmw
igorkabmw collected $2 from pot
igorkabmw: doesn't show hand
*** SUMMARY ***
Total pot $2 | Rake $0
Seat 1: igorkabmw (big blind) collected ($2)
Seat 2: B_loJkl (button) (small blind) folded before Flop


PokerStars Hand #176654049268:  Hold'em Limit ($3/$6 USD) - 2017/10/08 12:24:08 ET
Table 'Medea II' 6-max Seat #1 is the button
Seat 1: igorkabmw ($75 in chips)
Seat 2: B_loJkl ($30 in chips)
igorkabmw: posts small blind $1
B_loJkl: posts big blind $3
*** HOLE CARDS ***
igorkabmw: raises $3 to $6
B_loJkl: calls $3
*** FLOP *** [2d 3s 4h]
B_loJkl: bets $3
igorkabmw: raises $3 to $6
B_loJkl: calls $3
*** TURN *** [2d 3s 4h] [Ad]
B_loJkl: checks
igorkabmw: checks
*** RIVER *** [2d 3s 4h Ad] [3c]
B_loJkl: bets $6
igorkabmw: calls $6
*** SHOW DOWN ***
B_loJkl: shows [3d 6c] (three of a kind, Threes)
igorkabmw: mucks hand
B_loJkl collected $35.50 from pot
*** SUMMARY ***
Total pot $36 | Rake $0.50
Board [2d 3s 4h Ad 3c]
Seat 1: igorkabmw (button) (small blind) mucked
Seat 2: B_loJkl (big blind) showed [3d 6c] and won ($35.50) with three of a kind, Threes


PokerStars Hand #176654133314:  Hold'em Limit ($3/$6 USD) - 2017/10/08 12:25:56 ET
Table 'Medea II' 6-max Seat #1 is the button
Seat 1: igorkabmw ($31 in chips)
Seat 2: B_loJkl ($72.76 in chips)
denn69 joins the table at seat #5
igorkabmw: posts small blind $1
B_loJkl: posts big blind $3
*** HOLE CARDS ***
igorkabmw: calls $2
B_loJkl: checks
*** FLOP *** [3h 4c Qc]
B_loJkl: checks
igorkabmw: checks
*** TURN *** [3h 4c Qc] [3d]
B_loJkl: checks
igorkabmw: checks
*** RIVER *** [3h 4c Qc 3d] [Ah]
B_loJkl: bets $6
igorkabmw: folds
Uncalled bet ($6) returned to B_loJkl
B_loJkl collected $5.88 from pot
B_loJkl: doesn't show hand
*** SUMMARY ***
Total pot $6 | Rake $0.12
Board [3h 4c Qc 3d Ah]
Seat 1: igorkabmw (button) (small blind) folded on the River
Seat 2: B_loJkl (big blind) collected ($5.88)


PokerStars Hand #176654116159:  Hold'em Limit ($3/$6 USD) - 2017/10/08 12:25:34 ET
Table 'Medea II' 6-max Seat #2 is the button
Seat 1: igorkabmw ($37 in chips)
Seat 2: B_loJkl ($67 in chips)
B_loJkl: posts small blind $1
igorkabmw: posts big blind $3
*** HOLE CARDS ***
B_loJkl: raises $3 to $6
igorkabmw: calls $3
*** FLOP *** [5c Qh Js]
igorkabmw: checks
B_loJkl: bets $3
igorkabmw: folds
Uncalled bet ($3) returned to B_loJkl
B_loJkl collected $11.76 from pot
B_loJkl: doesn't show hand
*** SUMMARY ***
Total pot $12 | Rake $0.24
Board [5c Qh Js]
Seat 1: igorkabmw (big blind) folded on the Flop
Seat 2: B_loJkl (button) (small blind) collected ($11.76)


PokerStars Hand #176654265961:  Hold'em Limit ($3/$6 USD) - 2017/10/08 12:28:47 ET
Table 'Medea II' 6-max Seat #2 is the button
Seat 2: B_loJkl ($40.03 in chips)
Seat 5: denn69 ($114.57 in chips)
B_loJkl: posts small blind $1
denn69: posts big blind $3
*** HOLE CARDS ***
igorkabmw leaves the table
B_loJkl: folds
Uncalled bet ($2) returned to denn69
denn69 collected $2 from pot
*** SUMMARY ***
Total pot $2 | Rake $0
Seat 2: B_loJkl (button) (small blind) folded before Flop
Seat 5: denn69 (big blind) collected ($2)


PokerStars Hand #176654272085:  Hold'em Limit ($3/$6 USD) - 2017/10/08 12:28:55 ET
Table 'Medea II' 6-max Seat #5 is the button
Seat 2: B_loJkl ($39.03 in chips)
Seat 5: denn69 ($115.57 in chips)
denn69: posts small blind $1
B_loJkl: posts big blind $3
*** HOLE CARDS ***
denn69: raises $3 to $6
B_loJkl: raises $3 to $9
denn69: raises $3 to $12
Betting is capped
B_loJkl: calls $3
*** FLOP *** [8h Qs Qc]
B_loJkl: checks
denn69: bets $3
B_loJkl: calls $3
*** TURN *** [8h Qs Qc] [9h]
B_loJkl: checks
denn69: bets $6
B_loJkl: raises $6 to $12
denn69: calls $6
*** RIVER *** [8h Qs Qc 9h] [Jd]
B_loJkl: bets $6
denn69: folds
Uncalled bet ($6) returned to B_loJkl
B_loJkl collected $53.50 from pot
B_loJkl: doesn't show hand
*** SUMMARY ***
Total pot $54 | Rake $0.50
Board [8h Qs Qc 9h Jd]
Seat 2: B_loJkl (big blind) collected ($53.50)
Seat 5: denn69 (button) (small blind) folded on the River


