PokerStars Hand #148327112469:  Hold'em Limit ($3/$6 USD) - 2016/02/06 7:30:22 ET
Table 'Media II' 6-max Seat #1 is the button
Seat 1: VolkovDmitri ($120 in chips)
Seat 6: HAOYUN88888 ($87.58 in chips)
Agrotait has timed out
Agrotait: is sitting out
VolkovDmitri: posts small blind $1
HAOYUN88888: posts big blind $3
*** HOLE CARDS ***
VolkovDmitri: raises $3 to $6
HAOYUN88888: raises $3 to $9
SashaYuvelir joins the table at seat #2
VolkovDmitri: calls $3
*** FLOP *** [4h 6h 2h]
HAOYUN88888: bets $3
VolkovDmitri: raises $3 to $6
HAOYUN88888: calls $3
*** TURN *** [4h 6h 2h] [3c]
Agrotait leaves the table
HAOYUN88888: checks
VolkovDmitri: bets $6
HAOYUN88888: folds
Uncalled bet ($6) returned to VolkovDmitri
VolkovDmitri collected $29.50 from pot
VolkovDmitri: doesn't show hand
*** SUMMARY ***
Total pot $30 | Rake $0.50
Board [4h 6h 2h 3c]
Seat 1: VolkovDmitri (button) (small blind) collected ($29.50)
Seat 6: HAOYUN88888 (big blind) folded on the Turn


PokerStars Hand #148327154191:  Hold'em Limit ($3/$6 USD) - 2016/02/06 7:31:28 ET
Table 'Media II' 6-max Seat #6 is the button
Seat 1: VolkovDmitri ($134.50 in chips)
Seat 6: HAOYUN88888 ($72.58 in chips)
HAOYUN88888: posts small blind $1
VolkovDmitri: posts big blind $3
*** HOLE CARDS ***
HAOYUN88888: raises $3 to $6
VolkovDmitri: calls $3
*** FLOP *** [7d Jh Jc]
VolkovDmitri: checks
HAOYUN88888: bets $3
VolkovDmitri: raises $3 to $6
HAOYUN88888: raises $3 to $9
VolkovDmitri: calls $3
*** TURN *** [7d Jh Jc] [6c]
VolkovDmitri: checks
HAOYUN88888: bets $6
VolkovDmitri: folds
Uncalled bet ($6) returned to HAOYUN88888
HAOYUN88888 collected $29.50 from pot
HAOYUN88888: doesn't show hand
*** SUMMARY ***
Total pot $30 | Rake $0.50
Board [7d Jh Jc 6c]
Seat 1: VolkovDmitri (big blind) folded on the Turn
Seat 6: HAOYUN88888 (button) (small blind) collected ($29.50)


PokerStars Hand #148327337740:  Hold'em Limit ($3/$6 USD) - 2016/02/06 7:36:13 ET
Table 'Media II' 6-max Seat #2 is the button
Seat 2: SashaYuvelir ($95.56 in chips)
Seat 6: HAOYUN88888 ($132.96 in chips)
SashaYuvelir: posts small blind $1
HAOYUN88888: posts big blind $3
*** HOLE CARDS ***
SashaYuvelir: raises $3 to $6
HAOYUN88888: calls $3
*** FLOP *** [6d 5h Kh]
HAOYUN88888: checks
SashaYuvelir: bets $3
HAOYUN88888: calls $3
*** TURN *** [6d 5h Kh] [Js]
HAOYUN88888: checks
SashaYuvelir: bets $6
HAOYUN88888: raises $6 to $12
SashaYuvelir: raises $6 to $18
HAOYUN88888: calls $6
*** RIVER *** [6d 5h Kh Js] [2h]
HAOYUN88888: bets $6
SashaYuvelir: calls $6
*** SHOW DOWN ***
HAOYUN88888: shows [2c Jh] (two pair, Jacks and Deuces)
SashaYuvelir: mucks hand
HAOYUN88888 collected $65.50 from pot
*** SUMMARY ***
Total pot $66 | Rake $0.50
Board [6d 5h Kh Js 2h]
Seat 2: SashaYuvelir (button) (small blind) mucked
Seat 6: HAOYUN88888 (big blind) showed [2c Jh] and won ($65.50) with two pair, Jacks and Deuces


PokerStars Hand #148327334747:  Hold'em Limit ($3/$6 USD) - 2016/02/06 7:36:08 ET
Table 'Media II' 6-max Seat #6 is the button
Seat 2: SashaYuvelir ($94.56 in chips)
Seat 6: HAOYUN88888 ($133.96 in chips)
HAOYUN88888: posts small blind $1
SashaYuvelir: posts big blind $3
*** HOLE CARDS ***
HAOYUN88888: folds
Uncalled bet ($2) returned to SashaYuvelir
SashaYuvelir collected $2 from pot
SashaYuvelir: doesn't show hand
*** SUMMARY ***
Total pot $2 | Rake $0
Seat 2: SashaYuvelir (big blind) collected ($2)
Seat 6: HAOYUN88888 (button) (small blind) folded before Flop


PokerStars Hand #148327369732:  Hold'em Limit ($3/$6 USD) - 2016/02/06 7:37:03 ET
Table 'Media II' 6-max Seat #2 is the button
Seat 2: SashaYuvelir ($87.52 in chips)
Seat 6: HAOYUN88888 ($149.46 in chips)
SashaYuvelir: posts small blind $1
HAOYUN88888: posts big blind $3
*** HOLE CARDS ***
SashaYuvelir: raises $3 to $6
HAOYUN88888: calls $3
*** FLOP *** [4s Kh 5h]
HAOYUN88888: checks
SashaYuvelir: bets $3
HAOYUN88888: calls $3
*** TURN *** [4s Kh 5h] [2h]
HAOYUN88888: checks
SashaYuvelir: bets $6
Agrotait joins the table at seat #1
HAOYUN88888: calls $6
*** RIVER *** [4s Kh 5h 2h] [2c]
HAOYUN88888: checks
SashaYuvelir: bets $6
HAOYUN88888: calls $6
*** SHOW DOWN ***
SashaYuvelir: shows [3s 6d] (a straight, Deuce to Six)
HAOYUN88888: mucks hand
SashaYuvelir collected $41.50 from pot
*** SUMMARY ***
Total pot $42 | Rake $0.50
Board [4s Kh 5h 2h 2c]
Seat 2: SashaYuvelir (button) (small blind) showed [3s 6d] and won ($41.50) with a straight, Deuce to Six
Seat 6: HAOYUN88888 (big blind) mucked


PokerStars Hand #148327358975:  Hold'em Limit ($3/$6 USD) - 2016/02/06 7:36:46 ET
Table 'Media II' 6-max Seat #6 is the button
Seat 2: SashaYuvelir ($76 in chips)
Seat 6: HAOYUN88888 ($161.46 in chips)
HAOYUN88888: posts small blind $1
SashaYuvelir: posts big blind $3
*** HOLE CARDS ***
HAOYUN88888: raises $3 to $6
SashaYuvelir: raises $3 to $9
HAOYUN88888: calls $3
*** FLOP *** [3s As 9h]
SashaYuvelir: bets $3
HAOYUN88888: calls $3
*** TURN *** [3s As 9h] [Td]
SashaYuvelir: bets $6
HAOYUN88888: folds
Uncalled bet ($6) returned to SashaYuvelir
SashaYuvelir collected $23.52 from pot
SashaYuvelir: doesn't show hand
*** SUMMARY ***
Total pot $24 | Rake $0.48
Board [3s As 9h Td]
Seat 2: SashaYuvelir (big blind) collected ($23.52)
Seat 6: HAOYUN88888 (button) (small blind) folded on the Turn


PokerStars Hand #148327353821:  Hold'em Limit ($3/$6 USD) - 2016/02/06 7:36:38 ET
Table 'Media II' 6-max Seat #2 is the button
Seat 2: SashaYuvelir ($73 in chips)
Seat 6: HAOYUN88888 ($164.46 in chips)
SashaYuvelir: posts small blind $1
HAOYUN88888: posts big blind $3
*** HOLE CARDS ***
SashaYuvelir: raises $3 to $6
HAOYUN88888: folds
Uncalled bet ($3) returned to SashaYuvelir
SashaYuvelir collected $6 from pot
SashaYuvelir: doesn't show hand
*** SUMMARY ***
Total pot $6 | Rake $0
Seat 2: SashaYuvelir (button) (small blind) collected ($6)
Seat 6: HAOYUN88888 (big blind) folded before Flop


PokerStars Hand #148327348337:  Hold'em Limit ($3/$6 USD) - 2016/02/06 7:36:30 ET
Table 'Media II' 6-max Seat #6 is the button
Seat 2: SashaYuvelir ($72 in chips)
Seat 6: HAOYUN88888 ($165.46 in chips)
HAOYUN88888: posts small blind $1
SashaYuvelir: posts big blind $3
*** HOLE CARDS ***
HAOYUN88888: folds
Uncalled bet ($2) returned to SashaYuvelir
SashaYuvelir said, " b1tch"
SashaYuvelir collected $2 from pot
SashaYuvelir: doesn't show hand
*** SUMMARY ***
Total pot $2 | Rake $0
Seat 2: SashaYuvelir (big blind) collected ($2)
Seat 6: HAOYUN88888 (button) (small blind) folded before Flop


PokerStars Hand #148339633234:  Hold'em Limit ($3/$6 USD) - 2016/02/06 11:57:17 ET
Table 'Media II' 6-max Seat #5 is the button
Seat 3: DUKEOFORANGE ($462.78 in chips)
Seat 5: killerfurbel ($466.72 in chips)
killerfurbel: posts small blind $1
SashaYuvelir: is sitting out
DUKEOFORANGE: posts big blind $3
*** HOLE CARDS ***
killerfurbel: raises $3 to $6
SashaYuvelir leaves the table
DUKEOFORANGE: calls $3
*** FLOP *** [9h 2d Jh]
DUKEOFORANGE: checks
killerfurbel: bets $3
DUKEOFORANGE: calls $3
*** TURN *** [9h 2d Jh] [Qd]
DUKEOFORANGE: checks
killerfurbel: checks
*** RIVER *** [9h 2d Jh Qd] [6d]
DUKEOFORANGE: checks
killerfurbel: bets $6
DUKEOFORANGE: folds
Uncalled bet ($6) returned to killerfurbel
killerfurbel collected $17.64 from pot
killerfurbel: doesn't show hand
*** SUMMARY ***
Total pot $18 | Rake $0.36
Board [9h 2d Jh Qd 6d]
Seat 3: DUKEOFORANGE (big blind) folded on the River
Seat 5: killerfurbel (button) (small blind) collected ($17.64)


PokerStars Hand #148339657850:  Hold'em Limit ($3/$6 USD) - 2016/02/06 11:57:52 ET
Table 'Media II' 6-max Seat #3 is the button
Seat 3: DUKEOFORANGE ($453.78 in chips)
Seat 5: killerfurbel ($475.36 in chips)
DUKEOFORANGE: posts small blind $1
killerfurbel: posts big blind $3
*** HOLE CARDS ***
DUKEOFORANGE: folds
Uncalled bet ($2) returned to killerfurbel
killerfurbel collected $2 from pot
killerfurbel: doesn't show hand
*** SUMMARY ***
Total pot $2 | Rake $0
Seat 3: DUKEOFORANGE (button) (small blind) folded before Flop
Seat 5: killerfurbel (big blind) collected ($2)


