PokerStars Hand #147069456632:  Hold'em Limit ($3/$6 USD) - 2016/01/15 6:30:35 ET
Table 'Medon II' 6-max Seat #3 is the button
Seat 3: stuart1973 ($142.02 in chips)
Seat 4: Actionni13 ($150 in chips)
stuart1973: posts small blind $1
Actionni13: posts big blind $3
*** HOLE CARDS ***
stuart1973: calls $2
Actionni13 has timed out
Actionni13: checks
*** FLOP *** [Th Ac 7d]
Actionni13 has timed out
Actionni13: checks
stuart1973: bets $3
Actionni13 has timed out
Actionni13: folds
Uncalled bet ($3) returned to stuart1973
stuart1973 collected $5.88 from pot
stuart1973: doesn't show hand
*** SUMMARY ***
Total pot $6 | Rake $0.12
Board [Th Ac 7d]
Seat 3: stuart1973 (button) (small blind) collected ($5.88)
Seat 4: Actionni13 (big blind) folded on the Flop


PokerStars Hand #147069596188:  Hold'em Limit ($3/$6 USD) - 2016/01/15 6:34:45 ET
Table 'Medon II' 6-max Seat #4 is the button
Seat 4: Actionni13 ($150 in chips)
Seat 5: degal76 ($134.50 in chips)
Actionni13: posts small blind $1
degal76: posts big blind $3
*** HOLE CARDS ***
Actionni13: raises $3 to $6
degal76: folds
Uncalled bet ($3) returned to Actionni13
Actionni13 collected $6 from pot
Actionni13: doesn't show hand
*** SUMMARY ***
Total pot $6 | Rake $0
Seat 4: Actionni13 (button) (small blind) collected ($6)
Seat 5: degal76 (big blind) folded before Flop


PokerStars Hand #147069586358:  Hold'em Limit ($3/$6 USD) - 2016/01/15 6:34:27 ET
Table 'Medon II' 6-max Seat #5 is the button
Seat 4: Actionni13 ($153 in chips)
Seat 5: degal76 ($117 in chips)
degal76: posts small blind $1
Actionni13: posts big blind $3
*** HOLE CARDS ***
degal76: raises $3 to $6
Actionni13: calls $3
*** FLOP *** [3s 8s Kd]
Actionni13: checks
degal76: bets $3
Actionni13: raises $3 to $6
degal76: calls $3
*** TURN *** [3s 8s Kd] [Qc]
Actionni13: bets $6
degal76: raises $6 to $12
Actionni13: folds
Uncalled bet ($6) returned to degal76
degal76 collected $35.50 from pot
degal76: doesn't show hand
*** SUMMARY ***
Total pot $36 | Rake $0.50
Board [3s 8s Kd Qc]
Seat 4: Actionni13 (big blind) folded on the Turn
Seat 5: degal76 (button) (small blind) collected ($35.50)


PokerStars Hand #147069581818:  Hold'em Limit ($3/$6 USD) - 2016/01/15 6:34:19 ET
Table 'Medon II' 6-max Seat #4 is the button
Seat 4: Actionni13 ($150 in chips)
Seat 5: degal76 ($120 in chips)
Actionni13: posts small blind $1
degal76: posts big blind $3
*** HOLE CARDS ***
Actionni13: raises $3 to $6
degal76: folds
Uncalled bet ($3) returned to Actionni13
Actionni13 collected $6 from pot
Actionni13: doesn't show hand
*** SUMMARY ***
Total pot $6 | Rake $0
Seat 4: Actionni13 (button) (small blind) collected ($6)
Seat 5: degal76 (big blind) folded before Flop


PokerStars Hand #147069612038:  Hold'em Limit ($3/$6 USD) - 2016/01/15 6:35:13 ET
Table 'Medon II' 6-max Seat #4 is the button
Seat 4: Actionni13 ($150 in chips)
Seat 5: degal76 ($146 in chips)
Actionni13: posts small blind $1
degal76: posts big blind $3
*** HOLE CARDS ***
Actionni13: raises $3 to $6
degal76: folds
Uncalled bet ($3) returned to Actionni13
Actionni13 collected $6 from pot
Actionni13: doesn't show hand
*** SUMMARY ***
Total pot $6 | Rake $0
Seat 4: Actionni13 (button) (small blind) collected ($6)
Seat 5: degal76 (big blind) folded before Flop


PokerStars Hand #147069599384:  Hold'em Limit ($3/$6 USD) - 2016/01/15 6:34:50 ET
Table 'Medon II' 6-max Seat #5 is the button
Seat 4: Actionni13 ($153 in chips)
Seat 5: degal76 ($131.50 in chips)
degal76: posts small blind $1
Actionni13: posts big blind $3
*** HOLE CARDS ***
degal76: raises $3 to $6
Actionni13: raises $3 to $9
degal76: raises $3 to $12
Betting is capped
Actionni13: calls $3
*** FLOP *** [2d 4c 9c]
Hi Im Alexey joins the table at seat #6
Actionni13: checks
degal76: bets $3
Actionni13: calls $3
*** TURN *** [2d 4c 9c] [5h]
Actionni13: checks
degal76: checks
*** RIVER *** [2d 4c 9c 5h] [Ah]
Actionni13: checks
degal76: checks
*** SHOW DOWN ***
Actionni13: shows [Kh 8h] (high card Ace)
degal76: shows [Ks Jd] (high card Ace - King+Jack kicker)
degal76 collected $29.50 from pot
*** SUMMARY ***
Total pot $30 | Rake $0.50
Board [2d 4c 9c 5h Ah]
Seat 4: Actionni13 (big blind) showed [Kh 8h] and lost with high card Ace
Seat 5: degal76 (button) (small blind) showed [Ks Jd] and won ($29.50) with high card Ace


PokerStars Hand #147070096562:  Hold'em Limit ($3/$6 USD) - 2016/01/15 6:49:13 ET
Table 'Medon II' 6-max Seat #3 is the button
Seat 1: J0KEERR ($259.64 in chips)
Seat 3: 13.Raz.13 ($108.39 in chips)
13.Raz.13: posts small blind $1
Hi Im Alexey: is sitting out
J0KEERR: posts big blind $3
*** HOLE CARDS ***
13.Raz.13: calls $2
J0KEERR: raises $3 to $6
13.Raz.13: calls $3
*** FLOP *** [Ac 3c Ts]
J0KEERR: bets $3
13.Raz.13: calls $3
*** TURN *** [Ac 3c Ts] [6d]
J0KEERR: bets $6
13.Raz.13: calls $6
*** RIVER *** [Ac 3c Ts 6d] [Ks]
J0KEERR: checks
13.Raz.13: checks
*** SHOW DOWN ***
J0KEERR: shows [9c 9h] (a pair of Nines)
13.Raz.13: shows [Jc Kh] (a pair of Kings)
13.Raz.13 collected $29.50 from pot
*** SUMMARY ***
Total pot $30 | Rake $0.50
Board [Ac 3c Ts 6d Ks]
Seat 1: J0KEERR (big blind) showed [9c 9h] and lost with a pair of Nines
Seat 3: 13.Raz.13 (button) (small blind) showed [Jc Kh] and won ($29.50) with a pair of Kings


