PokerStars Hand #165456934606:  Hold'em Limit ($3/$6 USD) - 2017/01/31 10:27:51 ET
Table 'Medon' 10-max Seat #9 is the button
Seat 7: Actionni13 ($153 in chips)
Seat 9: perten ($57.48 in chips)
perten: posts small blind $1
Actionni13: posts big blind $3
*** HOLE CARDS ***
perten: raises $3 to $6
Actionni13: calls $3
*** FLOP *** [5h 7c 9h]
Actionni13: checks
perten: checks
*** TURN *** [5h 7c 9h] [8s]
Actionni13: bets $6
perten: folds
Uncalled bet ($6) returned to Actionni13
Actionni13 collected $11.76 from pot
*** SUMMARY ***
Total pot $12 | Rake $0.24
Board [5h 7c 9h 8s]
Seat 7: Actionni13 (big blind) collected ($11.76)
Seat 9: perten (button) (small blind) folded on the Turn


PokerStars Hand #165456928574:  Hold'em Limit ($3/$6 USD) - 2017/01/31 10:27:43 ET
Table 'Medon' 10-max Seat #7 is the button
Seat 7: Actionni13 ($150 in chips)
Seat 9: perten ($60.48 in chips)
Actionni13: posts small blind $1
perten: posts big blind $3
*** HOLE CARDS ***
Actionni13: raises $3 to $6
perten: folds
Uncalled bet ($3) returned to Actionni13
Actionni13 collected $6 from pot
*** SUMMARY ***
Total pot $6 | Rake $0
Seat 7: Actionni13 (button) (small blind) collected ($6)
Seat 9: perten (big blind) folded before Flop


PokerStars Hand #165456985832:  Hold'em Limit ($3/$6 USD) - 2017/01/31 10:29:03 ET
Table 'Medon' 10-max Seat #7 is the button
Seat 7: Actionni13 ($151 in chips)
Seat 9: perten ($67.98 in chips)
Actionni13: posts small blind $1
perten: posts big blind $3
*** HOLE CARDS ***
Actionni13: raises $3 to $6
perten: folds
Uncalled bet ($3) returned to Actionni13
Actionni13 collected $6 from pot
*** SUMMARY ***
Total pot $6 | Rake $0
Seat 7: Actionni13 (button) (small blind) collected ($6)
Seat 9: perten (big blind) folded before Flop


PokerStars Hand #165456979602:  Hold'em Limit ($3/$6 USD) - 2017/01/31 10:28:54 ET
Table 'Medon' 10-max Seat #9 is the button
Seat 7: Actionni13 ($150 in chips)
Seat 9: perten ($68.98 in chips)
perten: posts small blind $1
Actionni13: posts big blind $3
*** HOLE CARDS ***
perten: folds
Uncalled bet ($2) returned to Actionni13
Actionni13 collected $2 from pot
*** SUMMARY ***
Total pot $2 | Rake $0
Seat 7: Actionni13 (big blind) collected ($2)
Seat 9: perten (button) (small blind) folded before Flop


PokerStars Hand #165456951068:  Hold'em Limit ($3/$6 USD) - 2017/01/31 10:28:14 ET
Table 'Medon' 10-max Seat #7 is the button
Seat 7: Actionni13 ($158.76 in chips)
Seat 9: perten ($51.48 in chips)
Actionni13: posts small blind $1
perten: posts big blind $3
*** HOLE CARDS ***
Actionni13: raises $3 to $6
perten: raises $3 to $9
Actionni13: calls $3
*** FLOP *** [6h Tc Ac]
perten: bets $3
Actionni13: calls $3
*** TURN *** [6h Tc Ac] [4s]
perten: bets $6
Actionni13: calls $6
*** RIVER *** [6h Tc Ac 4s] [5c]
perten: checks
Actionni13: checks
*** SHOW DOWN ***
perten: shows [8s 8d] (a pair of Eights)
Actionni13: mucks hand
perten collected $35.50 from pot
*** SUMMARY ***
Total pot $36 | Rake $0.50
Board [6h Tc Ac 4s 5c]
Seat 7: Actionni13 (button) (small blind) mucked
Seat 9: perten (big blind) showed [8s 8d] and won ($35.50) with a pair of Eights


PokerStars Hand #165456991806:  Hold'em Limit ($3/$6 USD) - 2017/01/31 10:29:11 ET
Table 'Medon' 10-max Seat #9 is the button
Seat 7: Actionni13 ($154 in chips)
Seat 9: perten ($64.98 in chips)
perten: posts small blind $1
Actionni13: posts big blind $3
*** HOLE CARDS ***
perten: raises $3 to $6
Actionni13: folds
Uncalled bet ($3) returned to perten
perten collected $6 from pot
perten: doesn't show hand
*** SUMMARY ***
Total pot $6 | Rake $0
Seat 7: Actionni13 (big blind) folded before Flop
Seat 9: perten (button) (small blind) collected ($6)


PokerStars Hand #165462705577:  Hold'em Limit ($3/$6 USD) - 2017/01/31 12:32:18 ET
Table 'Medon' 10-max Seat #6 is the button
Seat 6: B_loJkl ($158.17 in chips)
Seat 10: sokol-max-PS ($62.74 in chips)
B_loJkl: posts small blind $1
sokol-max-PS: posts big blind $3
*** HOLE CARDS ***
B_loJkl: folds
Uncalled bet ($2) returned to sokol-max-PS
sokol-max-PS collected $2 from pot
sokol-max-PS: doesn't show hand
*** SUMMARY ***
Total pot $2 | Rake $0
Seat 6: B_loJkl (button) (small blind) folded before Flop
Seat 10: sokol-max-PS (big blind) collected ($2)


PokerStars Hand #165462697617:  Hold'em Limit ($3/$6 USD) - 2017/01/31 12:32:09 ET
Table 'Medon' 10-max Seat #10 is the button
Seat 6: B_loJkl ($157.17 in chips)
Seat 10: sokol-max-PS ($63.74 in chips)
sokol-max-PS: posts small blind $1
B_loJkl: posts big blind $3
*** HOLE CARDS ***
sokol-max-PS: folds
Uncalled bet ($2) returned to B_loJkl
B_loJkl collected $2 from pot
B_loJkl: doesn't show hand
*** SUMMARY ***
Total pot $2 | Rake $0
Seat 6: B_loJkl (big blind) collected ($2)
Seat 10: sokol-max-PS (button) (small blind) folded before Flop


PokerStars Hand #165462668564:  Hold'em Limit ($3/$6 USD) - 2017/01/31 12:31:35 ET
Table 'Medon' 10-max Seat #6 is the button
Seat 6: B_loJkl ($178.17 in chips)
Seat 10: sokol-max-PS ($43.24 in chips)
B_loJkl: posts small blind $1
Ale4o: is sitting out
sokol-max-PS: posts big blind $3
*** HOLE CARDS ***
Ale4o leaves the table
B_loJkl: raises $3 to $6
sokol-max-PS: calls $3
*** FLOP *** [3s 5c 2s]
sokol-max-PS: bets $3
l'anglais74 leaves the table
B_loJkl: calls $3
*** TURN *** [3s 5c 2s] [7c]
sokol-max-PS: bets $6
B_loJkl: calls $6
*** RIVER *** [3s 5c 2s 7c] [Qc]
sokol-max-PS: bets $6
B_loJkl: calls $6
*** SHOW DOWN ***
sokol-max-PS: shows [4c 8c] (a flush, Queen high)
B_loJkl: mucks hand
sokol-max-PS collected $41.50 from pot
*** SUMMARY ***
Total pot $42 | Rake $0.50
Board [3s 5c 2s 7c Qc]
Seat 6: B_loJkl (button) (small blind) mucked
Seat 10: sokol-max-PS (big blind) showed [4c 8c] and won ($41.50) with a flush, Queen high


PokerStars Hand #165462734319:  Hold'em Limit ($3/$6 USD) - 2017/01/31 12:32:52 ET
Table 'Medon' 10-max Seat #10 is the button
Seat 6: B_loJkl ($140.17 in chips)
Seat 10: sokol-max-PS ($80.24 in chips)
sokol-max-PS: posts small blind $1
B_loJkl: posts big blind $3
*** HOLE CARDS ***
sokol-max-PS: raises $3 to $6
B_loJkl: calls $3
*** FLOP *** [8d Jd 5d]
B_loJkl: checks
sokol-max-PS: bets $3
B_loJkl: calls $3
*** TURN *** [8d Jd 5d] [Qs]
B_loJkl: checks
sokol-max-PS: bets $6
B_loJkl: calls $6
*** RIVER *** [8d Jd 5d Qs] [9c]
B_loJkl: checks
sokol-max-PS: checks
*** SHOW DOWN ***
B_loJkl: shows [3s Js] (a pair of Jacks)
sokol-max-PS: mucks hand
B_loJkl collected $29.50 from pot
*** SUMMARY ***
Total pot $30 | Rake $0.50
Board [8d Jd 5d Qs 9c]
Seat 6: B_loJkl (big blind) showed [3s Js] and won ($29.50) with a pair of Jacks
Seat 10: sokol-max-PS (button) (small blind) mucked


PokerStars Hand #165462715466:  Hold'em Limit ($3/$6 USD) - 2017/01/31 12:32:30 ET
Table 'Medon' 10-max Seat #6 is the button
Seat 6: B_loJkl ($158.17 in chips)
Seat 10: sokol-max-PS ($62.74 in chips)
B_loJkl: posts small blind $1
sokol-max-PS: posts big blind $3
*** HOLE CARDS ***
B_loJkl: raises $3 to $6
sokol-max-PS: raises $3 to $9
B_loJkl: calls $3
*** FLOP *** [Tc 8d 7d]
sokol-max-PS: bets $3
B_loJkl: calls $3
*** TURN *** [Tc 8d 7d] [4d]
sokol-max-PS: bets $6
B_loJkl: calls $6
*** RIVER *** [Tc 8d 7d 4d] [Jc]
sokol-max-PS: checks
B_loJkl: checks
*** SHOW DOWN ***
sokol-max-PS: shows [6s Ad] (high card Ace)
B_loJkl: mucks hand
sokol-max-PS collected $35.50 from pot
*** SUMMARY ***
Total pot $36 | Rake $0.50
Board [Tc 8d 7d 4d Jc]
Seat 6: B_loJkl (button) (small blind) mucked
Seat 10: sokol-max-PS (big blind) showed [6s Ad] and won ($35.50) with high card Ace


PokerStars Hand #165462709624:  Hold'em Limit ($3/$6 USD) - 2017/01/31 12:32:23 ET
Table 'Medon' 10-max Seat #10 is the button
Seat 6: B_loJkl ($157.17 in chips)
Seat 10: sokol-max-PS ($63.74 in chips)
sokol-max-PS: posts small blind $1
B_loJkl: posts big blind $3
*** HOLE CARDS ***
sokol-max-PS: folds
Uncalled bet ($2) returned to B_loJkl
B_loJkl collected $2 from pot
B_loJkl: doesn't show hand
*** SUMMARY ***
Total pot $2 | Rake $0
Seat 6: B_loJkl (big blind) collected ($2)
Seat 10: sokol-max-PS (button) (small blind) folded before Flop


PokerStars Hand #165462795324:  Hold'em Limit ($3/$6 USD) - 2017/01/31 12:34:03 ET
Table 'Medon' 10-max Seat #6 is the button
Seat 6: B_loJkl ($148.67 in chips)
Seat 10: sokol-max-PS ($70.88 in chips)
B_loJkl: posts small blind $1
sokol-max-PS: posts big blind $3
*** HOLE CARDS ***
B_loJkl: raises $3 to $6
sokol-max-PS: raises $3 to $9
B_loJkl: calls $3
*** FLOP *** [8c 2s 3h]
sokol-max-PS: bets $3
B_loJkl: calls $3
*** TURN *** [8c 2s 3h] [2d]
sokol-max-PS: bets $6
B_loJkl: raises $6 to $12
sokol-max-PS: folds
Uncalled bet ($6) returned to B_loJkl
B_loJkl collected $35.50 from pot
B_loJkl: doesn't show hand
*** SUMMARY ***
Total pot $36 | Rake $0.50
Board [8c 2s 3h 2d]
Seat 6: B_loJkl (button) (small blind) collected ($35.50)
Seat 10: sokol-max-PS (big blind) folded on the Turn


PokerStars Hand #165462770968:  Hold'em Limit ($3/$6 USD) - 2017/01/31 12:33:35 ET
Table 'Medon' 10-max Seat #10 is the button
Seat 6: B_loJkl ($157.67 in chips)
Seat 10: sokol-max-PS ($62.24 in chips)
sokol-max-PS: posts small blind $1
B_loJkl: posts big blind $3
*** HOLE CARDS ***
sokol-max-PS: raises $3 to $6
B_loJkl: calls $3
*** FLOP *** [Kc 4h 9c]
B_loJkl: checks
sokol-max-PS: bets $3
B_loJkl: calls $3
*** TURN *** [Kc 4h 9c] [7c]
B_loJkl: checks
sokol-max-PS: bets $6
B_loJkl: folds
Uncalled bet ($6) returned to sokol-max-PS
sokol-max-PS collected $17.64 from pot
sokol-max-PS: doesn't show hand
*** SUMMARY ***
Total pot $18 | Rake $0.36
Board [Kc 4h 9c 7c]
Seat 6: B_loJkl (big blind) folded on the Turn
Seat 10: sokol-max-PS (button) (small blind) collected ($17.64)


PokerStars Hand #165462763357:  Hold'em Limit ($3/$6 USD) - 2017/01/31 12:33:26 ET
Table 'Medon' 10-max Seat #6 is the button
Seat 6: B_loJkl ($154.67 in chips)
Seat 10: sokol-max-PS ($65.24 in chips)
B_loJkl: posts small blind $1
sokol-max-PS: posts big blind $3
*** HOLE CARDS ***
B_loJkl: raises $3 to $6
sokol-max-PS: folds
Uncalled bet ($3) returned to B_loJkl
B_loJkl collected $6 from pot
B_loJkl: doesn't show hand
*** SUMMARY ***
Total pot $6 | Rake $0
Seat 6: B_loJkl (button) (small blind) collected ($6)
Seat 10: sokol-max-PS (big blind) folded before Flop


PokerStars Hand #165462851772:  Hold'em Limit ($3/$6 USD) - 2017/01/31 12:35:09 ET
Table 'Medon' 10-max Seat #10 is the button
Seat 6: B_loJkl ($152.17 in chips)
Seat 10: sokol-max-PS ($66.38 in chips)
sokol-max-PS: posts small blind $1
B_loJkl: posts big blind $3
*** HOLE CARDS ***
sokol-max-PS: raises $3 to $6
B_loJkl: calls $3
*** FLOP *** [2c As Qh]
B_loJkl: checks
sokol-max-PS: bets $3
B_loJkl: folds
Uncalled bet ($3) returned to sokol-max-PS
sokol-max-PS collected $11.76 from pot
sokol-max-PS: doesn't show hand
*** SUMMARY ***
Total pot $12 | Rake $0.24
Board [2c As Qh]
Seat 6: B_loJkl (big blind) folded on the Flop
Seat 10: sokol-max-PS (button) (small blind) collected ($11.76)


PokerStars Hand #165462821165:  Hold'em Limit ($3/$6 USD) - 2017/01/31 12:34:33 ET
Table 'Medon' 10-max Seat #6 is the button
Seat 6: B_loJkl ($167.17 in chips)
Seat 10: sokol-max-PS ($51.88 in chips)
B_loJkl: posts small blind $1
sokol-max-PS: posts big blind $3
*** HOLE CARDS ***
B_loJkl: raises $3 to $6
sokol-max-PS: calls $3
*** FLOP *** [4c 7d Js]
sokol-max-PS: checks
B_loJkl: bets $3
sokol-max-PS: calls $3
*** TURN *** [4c 7d Js] [2d]
sokol-max-PS: checks
B_loJkl: bets $6
sokol-max-PS: calls $6
*** RIVER *** [4c 7d Js 2d] [Kh]
sokol-max-PS: checks
B_loJkl: checks
*** SHOW DOWN ***
sokol-max-PS: shows [2h Kc] (two pair, Kings and Deuces)
B_loJkl: mucks hand
sokol-max-PS collected $29.50 from pot
*** SUMMARY ***
Total pot $30 | Rake $0.50
Board [4c 7d Js 2d Kh]
Seat 6: B_loJkl (button) (small blind) mucked
Seat 10: sokol-max-PS (big blind) showed [2h Kc] and won ($29.50) with two pair, Kings and Deuces


PokerStars Hand #165462815327:  Hold'em Limit ($3/$6 USD) - 2017/01/31 12:34:27 ET
Table 'Medon' 10-max Seat #10 is the button
Seat 6: B_loJkl ($166.17 in chips)
Seat 10: sokol-max-PS ($52.88 in chips)
sokol-max-PS: posts small blind $1
B_loJkl: posts big blind $3
*** HOLE CARDS ***
sokol-max-PS: folds
Uncalled bet ($2) returned to B_loJkl
B_loJkl collected $2 from pot
B_loJkl: doesn't show hand
*** SUMMARY ***
Total pot $2 | Rake $0
Seat 6: B_loJkl (big blind) collected ($2)
Seat 10: sokol-max-PS (button) (small blind) folded before Flop


PokerStars Hand #165462900438:  Hold'em Limit ($3/$6 USD) - 2017/01/31 12:36:05 ET
Table 'Medon' 10-max Seat #6 is the button
Seat 6: B_loJkl ($176.67 in chips)
Seat 10: sokol-max-PS ($41.14 in chips)
B_loJkl: posts small blind $1
sokol-max-PS: posts big blind $3
*** HOLE CARDS ***
B_loJkl: raises $3 to $6
sokol-max-PS: calls $3
*** FLOP *** [Qh Th 5d]
sokol-max-PS: checks
B_loJkl: checks
*** TURN *** [Qh Th 5d] [5c]
sokol-max-PS: bets $6
B_loJkl: calls $6
*** RIVER *** [Qh Th 5d 5c] [5h]
sokol-max-PS: bets $6
B_loJkl: calls $6
*** SHOW DOWN ***
sokol-max-PS: shows [Tc 7d] (a full house, Fives full of Tens)
B_loJkl: shows [Ts 8c] (a full house, Fives full of Tens)
sokol-max-PS collected $17.75 from pot
B_loJkl collected $17.75 from pot
*** SUMMARY ***
Total pot $36 | Rake $0.50
Board [Qh Th 5d 5c 5h]
Seat 6: B_loJkl (button) (small blind) showed [Ts 8c] and won ($17.75) with a full house, Fives full of Tens
Seat 10: sokol-max-PS (big blind) showed [Tc 7d] and won ($17.75) with a full house, Fives full of Tens


PokerStars Hand #165462896301:  Hold'em Limit ($3/$6 USD) - 2017/01/31 12:36:00 ET
Table 'Medon' 10-max Seat #10 is the button
Seat 6: B_loJkl ($175.67 in chips)
Seat 10: sokol-max-PS ($42.14 in chips)
sokol-max-PS: posts small blind $1
B_loJkl: posts big blind $3
*** HOLE CARDS ***
sokol-max-PS: folds
Uncalled bet ($2) returned to B_loJkl
B_loJkl collected $2 from pot
B_loJkl: doesn't show hand
*** SUMMARY ***
Total pot $2 | Rake $0
Seat 6: B_loJkl (big blind) collected ($2)
Seat 10: sokol-max-PS (button) (small blind) folded before Flop


PokerStars Hand #165462869476:  Hold'em Limit ($3/$6 USD) - 2017/01/31 12:35:29 ET
Table 'Medon' 10-max Seat #6 is the button
Seat 6: B_loJkl ($146.17 in chips)
Seat 10: sokol-max-PS ($72.14 in chips)
B_loJkl: posts small blind $1
sokol-max-PS: posts big blind $3
*** HOLE CARDS ***
B_loJkl: raises $3 to $6
sokol-max-PS: raises $3 to $9
B_loJkl: calls $3
*** FLOP *** [7s 2h 2d]
sokol-max-PS: bets $3
B_loJkl: calls $3
*** TURN *** [7s 2h 2d] [Jc]
sokol-max-PS: bets $6
B_loJkl: calls $6
*** RIVER *** [7s 2h 2d Jc] [7h]
sokol-max-PS: bets $6
B_loJkl: raises $6 to $12
sokol-max-PS: calls $6
*** SHOW DOWN ***
B_loJkl: shows [Jd 2s] (a full house, Deuces full of Jacks)
sokol-max-PS: mucks hand
B_loJkl collected $59.50 from pot
*** SUMMARY ***
Total pot $60 | Rake $0.50
Board [7s 2h 2d Jc 7h]
Seat 6: B_loJkl (button) (small blind) showed [Jd 2s] and won ($59.50) with a full house, Deuces full of Jacks
Seat 10: sokol-max-PS (big blind) mucked


PokerStars Hand #165462920767:  Hold'em Limit ($3/$6 USD) - 2017/01/31 12:36:29 ET
Table 'Medon' 10-max Seat #10 is the button
Seat 6: B_loJkl ($176.42 in chips)
Seat 10: sokol-max-PS ($40.89 in chips)
sokol-max-PS: posts small blind $1
B_loJkl: posts big blind $3
*** HOLE CARDS ***
sokol-max-PS: folds
Uncalled bet ($2) returned to B_loJkl
Capone_TS joins the table at seat #7
B_loJkl collected $2 from pot
B_loJkl: doesn't show hand
*** SUMMARY ***
Total pot $2 | Rake $0
Seat 6: B_loJkl (big blind) collected ($2)
Seat 10: sokol-max-PS (button) (small blind) folded before Flop


PokerStars Hand #165463018060:  Hold'em Limit ($3/$6 USD) - 2017/01/31 12:38:21 ET
Table 'Medon' 10-max Seat #10 is the button
Seat 7: Capone_TS ($153.78 in chips)
Seat 10: sokol-max-PS ($16.89 in chips)
sokol-max-PS: posts small blind $1
Capone_TS: posts big blind $3
*** HOLE CARDS ***
sokol-max-PS: folds
Uncalled bet ($2) returned to Capone_TS
Capone_TS collected $2 from pot
Capone_TS: doesn't show hand
*** SUMMARY ***
Total pot $2 | Rake $0
Seat 7: Capone_TS (big blind) collected ($2)
Seat 10: sokol-max-PS (button) (small blind) folded before Flop


PokerStars Hand #165462989510:  Hold'em Limit ($3/$6 USD) - 2017/01/31 12:37:48 ET
Table 'Medon' 10-max Seat #7 is the button
Seat 7: Capone_TS ($127.28 in chips)
Seat 10: sokol-max-PS ($43.89 in chips)
Capone_TS: posts small blind $1
sokol-max-PS: posts big blind $3
*** HOLE CARDS ***
B_loJkl leaves the table
Capone_TS: calls $2
sokol-max-PS: checks
*** FLOP *** [6c 5d Th]
sokol-max-PS: checks
Capone_TS: checks
*** TURN *** [6c 5d Th] [3c]
sokol-max-PS: bets $6
Capone_TS: calls $6
*** RIVER *** [6c 5d Th 3c] [2d]
sokol-max-PS: bets $6
Capone_TS: raises $6 to $12
sokol-max-PS: raises $6 to $18
Capone_TS: calls $6
*** SHOW DOWN ***
sokol-max-PS: shows [9s 8c] (high card Ten)
Capone_TS: shows [Ad As] (a pair of Aces)
Capone_TS collected $53.50 from pot
*** SUMMARY ***
Total pot $54 | Rake $0.50
Board [6c 5d Th 3c 2d]
Seat 7: Capone_TS (button) (small blind) showed [Ad As] and won ($53.50) with a pair of Aces
Seat 10: sokol-max-PS (big blind) showed [9s 8c] and lost with high card Ten


PokerStars Hand #165462977285:  Hold'em Limit ($3/$6 USD) - 2017/01/31 12:37:34 ET
Table 'Medon' 10-max Seat #10 is the button
Seat 7: Capone_TS ($130.28 in chips)
Seat 10: sokol-max-PS ($40.89 in chips)
sokol-max-PS: posts small blind $1
B_loJkl: is sitting out
Capone_TS: posts big blind $3
*** HOLE CARDS ***
sokol-max-PS: raises $3 to $6
Capone_TS: folds
Uncalled bet ($3) returned to sokol-max-PS
sokol-max-PS collected $6 from pot
sokol-max-PS: doesn't show hand
*** SUMMARY ***
Total pot $6 | Rake $0
Seat 7: Capone_TS (big blind) folded before Flop
Seat 10: sokol-max-PS (button) (small blind) collected ($6)


PokerStars Hand #165463052731:  Hold'em Limit ($3/$6 USD) - 2017/01/31 12:39:01 ET
Table 'Medon' 10-max Seat #10 is the button
Seat 7: Capone_TS ($148.78 in chips)
Seat 10: sokol-max-PS ($21.65 in chips)
sokol-max-PS: posts small blind $1
Capone_TS: posts big blind $3
*** HOLE CARDS ***
sokol-max-PS: raises $3 to $6
Capone_TS: calls $3
*** FLOP *** [4d 3s 4s]
Capone_TS: checks
sokol-max-PS: bets $3
Capone_TS: calls $3
*** TURN *** [4d 3s 4s] [7h]
Capone_TS: checks
sokol-max-PS: bets $6
Capone_TS: raises $6 to $12
sokol-max-PS: raises $0.65 to $12.65 and is all-in
Capone_TS: calls $0.65
*** RIVER *** [4d 3s 4s 7h] [4h]
*** SHOW DOWN ***
Capone_TS: shows [4c 6c] (four of a kind, Fours)
sokol-max-PS: shows [Qc Qh] (a full house, Fours full of Queens)
Capone_TS collected $42.80 from pot
*** SUMMARY ***
Total pot $43.30 | Rake $0.50
Board [4d 3s 4s 7h 4h]
Seat 7: Capone_TS (big blind) showed [4c 6c] and won ($42.80) with four of a kind, Fours
Seat 10: sokol-max-PS (button) (small blind) showed [Qc Qh] and lost with a full house, Fours full of Queens


PokerStars Hand #165463048109:  Hold'em Limit ($3/$6 USD) - 2017/01/31 12:38:56 ET
Table 'Medon' 10-max Seat #7 is the button
Seat 7: Capone_TS ($149.78 in chips)
Seat 10: sokol-max-PS ($20.65 in chips)
Capone_TS: posts small blind $1
sokol-max-PS: posts big blind $3
*** HOLE CARDS ***
Capone_TS: folds
Uncalled bet ($2) returned to sokol-max-PS
sokol-max-PS collected $2 from pot
sokol-max-PS: doesn't show hand
*** SUMMARY ***
Total pot $2 | Rake $0
Seat 7: Capone_TS (button) (small blind) folded before Flop
Seat 10: sokol-max-PS (big blind) collected ($2)


PokerStars Hand #165463043743:  Hold'em Limit ($3/$6 USD) - 2017/01/31 12:38:51 ET
Table 'Medon' 10-max Seat #10 is the button
Seat 7: Capone_TS ($148.78 in chips)
Seat 10: sokol-max-PS ($21.65 in chips)
sokol-max-PS: posts small blind $1
Capone_TS: posts big blind $3
*** HOLE CARDS ***
sokol-max-PS: folds
Uncalled bet ($2) returned to Capone_TS
Capone_TS collected $2 from pot
Capone_TS: doesn't show hand
*** SUMMARY ***
Total pot $2 | Rake $0
Seat 7: Capone_TS (big blind) collected ($2)
Seat 10: sokol-max-PS (button) (small blind) folded before Flop


PokerStars Hand #165463038425:  Hold'em Limit ($3/$6 USD) - 2017/01/31 12:38:45 ET
Table 'Medon' 10-max Seat #7 is the button
Seat 7: Capone_TS ($145.78 in chips)
Seat 10: sokol-max-PS ($24.65 in chips)
Capone_TS: posts small blind $1
sokol-max-PS: posts big blind $3
*** HOLE CARDS ***
Capone_TS: raises $3 to $6
sokol-max-PS: folds
Uncalled bet ($3) returned to Capone_TS
Capone_TS collected $6 from pot
Capone_TS: doesn't show hand
*** SUMMARY ***
Total pot $6 | Rake $0
Seat 7: Capone_TS (button) (small blind) collected ($6)
Seat 10: sokol-max-PS (big blind) folded before Flop


PokerStars Hand #165463033748:  Hold'em Limit ($3/$6 USD) - 2017/01/31 12:38:39 ET
Table 'Medon' 10-max Seat #10 is the button
Seat 7: Capone_TS ($148.78 in chips)
Seat 10: sokol-max-PS ($21.65 in chips)
sokol-max-PS: posts small blind $1
Capone_TS: posts big blind $3
*** HOLE CARDS ***
sokol-max-PS: raises $3 to $6
Capone_TS: folds
Uncalled bet ($3) returned to sokol-max-PS
sokol-max-PS collected $6 from pot
sokol-max-PS: doesn't show hand
*** SUMMARY ***
Total pot $6 | Rake $0
Seat 7: Capone_TS (big blind) folded before Flop
Seat 10: sokol-max-PS (button) (small blind) collected ($6)


PokerStars Hand #165463022720:  Hold'em Limit ($3/$6 USD) - 2017/01/31 12:38:26 ET
Table 'Medon' 10-max Seat #7 is the button
Seat 7: Capone_TS ($154.78 in chips)
Seat 10: sokol-max-PS ($15.89 in chips)
Capone_TS: posts small blind $1
sokol-max-PS: posts big blind $3
*** HOLE CARDS ***
Capone_TS: calls $2
sokol-max-PS: raises $3 to $6
Capone_TS: calls $3
*** FLOP *** [Jd Qs Ac]
sokol-max-PS: bets $3
Capone_TS: folds
Uncalled bet ($3) returned to sokol-max-PS
sokol-max-PS collected $11.76 from pot
sokol-max-PS: doesn't show hand
*** SUMMARY ***
Total pot $12 | Rake $0.24
Board [Jd Qs Ac]
Seat 7: Capone_TS (button) (small blind) folded on the Flop
Seat 10: sokol-max-PS (big blind) collected ($11.76)


