PokerStars Hand #171369632268:  Hold'em Limit ($3/$6 USD) - 2017/06/05 8:30:17 ET
Table 'Medusa' 6-max Seat #5 is the button
Seat 5: GoliafUa ($117 in chips)
Seat 6: DOGMAN1973 ($35.99 in chips)
GoliafUa: posts small blind $1
DOGMAN1973: posts big blind $3
*** HOLE CARDS ***
GoliafUa: raises $3 to $6
Mordnilap joins the table at seat #1
DOGMAN1973: raises $3 to $9
GoliafUa: calls $3
*** FLOP *** [3s 4c Qs]
DOGMAN1973: bets $3
GoliafUa: calls $3
*** TURN *** [3s 4c Qs] [Qd]
DOGMAN1973: bets $6
GoliafUa: calls $6
*** RIVER *** [3s 4c Qs Qd] [4d]
DOGMAN1973: checks
GoliafUa: checks
*** SHOW DOWN ***
DOGMAN1973: shows [7s Ad] (two pair, Queens and Fours)
GoliafUa: mucks hand
DOGMAN1973 collected $35.50 from pot
*** SUMMARY ***
Total pot $36 | Rake $0.50
Board [3s 4c Qs Qd 4d]
Seat 5: GoliafUa (button) (small blind) mucked
Seat 6: DOGMAN1973 (big blind) showed [7s Ad] and won ($35.50) with two pair, Queens and Fours


PokerStars Hand #171370593161:  Hold'em Limit ($3/$6 USD) - 2017/06/05 9:00:35 ET
Table 'Medusa' 6-max Seat #4 is the button
Seat 2: DimaZips ($104.68 in chips)
Seat 4: scorpio04 ($164.28 in chips)
scorpio04: posts small blind $1
Hannibal2211: is sitting out
DimaZips: posts big blind $3
*** HOLE CARDS ***
scorpio04: raises $3 to $6
Hannibal2211 leaves the table
DimaZips: calls $3
*** FLOP *** [8s 8d Td]
DimaZips: checks
tedros404 leaves the table
scorpio04: bets $3
DimaZips: folds
Uncalled bet ($3) returned to scorpio04
scorpio04 collected $11.76 from pot
scorpio04: doesn't show hand
DimaZips leaves the table
*** SUMMARY ***
Total pot $12 | Rake $0.24
Board [8s 8d Td]
Seat 2: DimaZips (big blind) folded on the Flop
Seat 4: scorpio04 (button) (small blind) collected ($11.76)


PokerStars Hand #171370625661:  Hold'em Limit ($3/$6 USD) - 2017/06/05 9:01:37 ET
Table 'Medusa' 6-max Seat #3 is the button
Seat 3: DimaZips ($120 in chips)
Seat 4: scorpio04 ($170.04 in chips)
DimaZips: posts small blind $1
scorpio04: posts big blind $3
*** HOLE CARDS ***
DimaZips: folds
Uncalled bet ($2) returned to scorpio04
scorpio04 collected $2 from pot
scorpio04: doesn't show hand
*** SUMMARY ***
Total pot $2 | Rake $0
Seat 3: DimaZips (button) (small blind) folded before Flop
Seat 4: scorpio04 (big blind) collected ($2)


PokerStars Hand #171370629076:  Hold'em Limit ($3/$6 USD) - 2017/06/05 9:01:43 ET
Table 'Medusa' 6-max Seat #4 is the button
Seat 3: DimaZips ($119 in chips)
Seat 4: scorpio04 ($171.04 in chips)
scorpio04: posts small blind $1
DimaZips: posts big blind $3
*** HOLE CARDS ***
scorpio04: raises $3 to $6
DimaZips: folds
Uncalled bet ($3) returned to scorpio04
scorpio04 collected $6 from pot
scorpio04: doesn't show hand
*** SUMMARY ***
Total pot $6 | Rake $0
Seat 3: DimaZips (big blind) folded before Flop
Seat 4: scorpio04 (button) (small blind) collected ($6)


PokerStars Hand #171370635948:  Hold'em Limit ($3/$6 USD) - 2017/06/05 9:01:56 ET
Table 'Medusa' 6-max Seat #4 is the button
Seat 3: DimaZips ($115 in chips)
Seat 4: scorpio04 ($175.04 in chips)
scorpio04: posts small blind $1
DimaZips: posts big blind $3
*** HOLE CARDS ***
scorpio04: folds
Uncalled bet ($2) returned to DimaZips
DimaZips collected $2 from pot
DimaZips: doesn't show hand
*** SUMMARY ***
Total pot $2 | Rake $0
Seat 3: DimaZips (big blind) collected ($2)
Seat 4: scorpio04 (button) (small blind) folded before Flop


PokerStars Hand #171370633669:  Hold'em Limit ($3/$6 USD) - 2017/06/05 9:01:51 ET
Table 'Medusa' 6-max Seat #3 is the button
Seat 3: DimaZips ($116 in chips)
Seat 4: scorpio04 ($174.04 in chips)
DimaZips: posts small blind $1
scorpio04: posts big blind $3
*** HOLE CARDS ***
DimaZips: folds
Uncalled bet ($2) returned to scorpio04
scorpio04 collected $2 from pot
scorpio04: doesn't show hand
*** SUMMARY ***
Total pot $2 | Rake $0
Seat 3: DimaZips (button) (small blind) folded before Flop
Seat 4: scorpio04 (big blind) collected ($2)


PokerStars Hand #171370638457:  Hold'em Limit ($3/$6 USD) - 2017/06/05 9:02:00 ET
Table 'Medusa' 6-max Seat #3 is the button
Seat 3: DimaZips ($116 in chips)
Seat 4: scorpio04 ($174.04 in chips)
DimaZips: posts small blind $1
scorpio04: posts big blind $3
*** HOLE CARDS ***
DimaZips: raises $3 to $6
scorpio04: calls $3
*** FLOP *** [8h Js 5d]
scorpio04: checks
DimaZips: bets $3
scorpio04: raises $3 to $6
DimaZips: calls $3
*** TURN *** [8h Js 5d] [2h]
scorpio04: checks
DimaZips: bets $6
scorpio04: calls $6
*** RIVER *** [8h Js 5d 2h] [Kc]
scorpio04: checks
DimaZips: bets $6
scorpio04: raises $6 to $12
DimaZips: folds
Uncalled bet ($6) returned to scorpio04
scorpio04 collected $47.50 from pot
scorpio04: doesn't show hand
*** SUMMARY ***
Total pot $48 | Rake $0.50
Board [8h Js 5d 2h Kc]
Seat 3: DimaZips (button) (small blind) folded on the River
Seat 4: scorpio04 (big blind) collected ($47.50)


PokerStars Hand #171370652585:  Hold'em Limit ($3/$6 USD) - 2017/06/05 9:02:26 ET
Table 'Medusa' 6-max Seat #4 is the button
Seat 3: DimaZips ($92 in chips)
Seat 4: scorpio04 ($197.54 in chips)
scorpio04: posts small blind $1
DimaZips: posts big blind $3
*** HOLE CARDS ***
scorpio04: raises $3 to $6
DimaZips: calls $3
*** FLOP *** [2h 7h 4h]
DimaZips: checks
scorpio04: bets $3
DimaZips: raises $3 to $6
scorpio04: folds
Uncalled bet ($3) returned to DimaZips
DimaZips collected $17.64 from pot
DimaZips: doesn't show hand
*** SUMMARY ***
Total pot $18 | Rake $0.36
Board [2h 7h 4h]
Seat 3: DimaZips (big blind) collected ($17.64)
Seat 4: scorpio04 (button) (small blind) folded on the Flop


PokerStars Hand #171370674145:  Hold'em Limit ($3/$6 USD) - 2017/06/05 9:03:05 ET
Table 'Medusa' 6-max Seat #3 is the button
Seat 3: DimaZips ($93.64 in chips)
Seat 4: scorpio04 ($195.30 in chips)
DimaZips: posts small blind $1
scorpio04: posts big blind $3
*** HOLE CARDS ***
DimaZips: folds
Uncalled bet ($2) returned to scorpio04
scorpio04 collected $2 from pot
scorpio04: doesn't show hand
*** SUMMARY ***
Total pot $2 | Rake $0
Seat 3: DimaZips (button) (small blind) folded before Flop
Seat 4: scorpio04 (big blind) collected ($2)


PokerStars Hand #171370666196:  Hold'em Limit ($3/$6 USD) - 2017/06/05 9:02:51 ET
Table 'Medusa' 6-max Seat #4 is the button
Seat 3: DimaZips ($99.64 in chips)
Seat 4: scorpio04 ($189.54 in chips)
scorpio04: posts small blind $1
DimaZips: posts big blind $3
*** HOLE CARDS ***
scorpio04: raises $3 to $6
DimaZips: calls $3
*** FLOP *** [Ts 3s Jd]
DimaZips: checks
scorpio04: bets $3
DimaZips: folds
Uncalled bet ($3) returned to scorpio04
scorpio04 collected $11.76 from pot
scorpio04: doesn't show hand
*** SUMMARY ***
Total pot $12 | Rake $0.24
Board [Ts 3s Jd]
Seat 3: DimaZips (big blind) folded on the Flop
Seat 4: scorpio04 (button) (small blind) collected ($11.76)


PokerStars Hand #171370676680:  Hold'em Limit ($3/$6 USD) - 2017/06/05 9:03:10 ET
Table 'Medusa' 6-max Seat #4 is the button
Seat 3: DimaZips ($92.64 in chips)
Seat 4: scorpio04 ($196.30 in chips)
scorpio04: posts small blind $1
DimaZips: posts big blind $3
*** HOLE CARDS ***
scorpio04: raises $3 to $6
DimaZips: raises $3 to $9
scorpio04: calls $3
*** FLOP *** [2h 9c 5d]
DimaZips: bets $3
scorpio04: raises $3 to $6
DimaZips: raises $3 to $9
scorpio04: raises $3 to $12
Betting is capped
DimaZips: calls $3
*** TURN *** [2h 9c 5d] [6d]
DimaZips: checks
scorpio04: checks
*** RIVER *** [2h 9c 5d 6d] [Qc]
DimaZips: bets $6
scorpio04: raises $6 to $12
DimaZips: calls $6
*** SHOW DOWN ***
scorpio04: shows [6c Qs] (two pair, Queens and Sixes)
DimaZips: mucks hand
scorpio04 collected $65.50 from pot
*** SUMMARY ***
Total pot $66 | Rake $0.50
Board [2h 9c 5d 6d Qc]
Seat 3: DimaZips (big blind) mucked
Seat 4: scorpio04 (button) (small blind) showed [6c Qs] and won ($65.50) with two pair, Queens and Sixes


PokerStars Hand #171370686801:  Hold'em Limit ($3/$6 USD) - 2017/06/05 9:03:28 ET
Table 'Medusa' 6-max Seat #3 is the button
Seat 3: DimaZips ($59.64 in chips)
Seat 4: scorpio04 ($228.80 in chips)
DimaZips: posts small blind $1
scorpio04: posts big blind $3
*** HOLE CARDS ***
DimaZips: folds
Uncalled bet ($2) returned to scorpio04
scorpio04 collected $2 from pot
scorpio04: doesn't show hand
DimaZips leaves the table
*** SUMMARY ***
Total pot $2 | Rake $0
Seat 3: DimaZips (button) (small blind) folded before Flop
Seat 4: scorpio04 (big blind) collected ($2)


