PokerStars Hand #160752420247:  Hold'em Limit ($3/$6 USD) - 2016/11/01 15:02:14 ET
Table 'Meeus II' 6-max Seat #4 is the button
Seat 3: llmaiconll ($100 in chips)
Seat 4: kolaz03 ($73 in chips)
kolaz03: posts small blind $1
TinaTurner72: is sitting out
llmaiconll: posts big blind $3
*** HOLE CARDS ***
kolaz03: folds
Uncalled bet ($2) returned to llmaiconll
llmaiconll collected $2 from pot
*** SUMMARY ***
Total pot $2 | Rake $0
Seat 3: llmaiconll (big blind) collected ($2)
Seat 4: kolaz03 (button) (small blind) folded before Flop


PokerStars Hand #160752434226:  Hold'em Limit ($3/$6 USD) - 2016/11/01 15:02:29 ET
Table 'Meeus II' 6-max Seat #3 is the button
Seat 3: llmaiconll ($101 in chips)
Seat 4: kolaz03 ($72 in chips)
baur017017 joins the table at seat #2
llmaiconll: posts small blind $1
kolaz03: posts big blind $3
*** HOLE CARDS ***
llmaiconll: raises $3 to $6
kolaz03: calls $3
*** FLOP *** [7c 2h Jc]
kolaz03: checks
llmaiconll: bets $3
kolaz03: calls $3
*** TURN *** [7c 2h Jc] [4d]
kolaz03: checks
llmaiconll: bets $6
kolaz03: folds
Uncalled bet ($6) returned to llmaiconll
llmaiconll collected $17.64 from pot
*** SUMMARY ***
Total pot $18 | Rake $0.36
Board [7c 2h Jc 4d]
Seat 3: llmaiconll (button) (small blind) collected ($17.64)
Seat 4: kolaz03 (big blind) folded on the Turn


PokerStars Hand #160752967576:  Hold'em Limit ($3/$6 USD) - 2016/11/01 15:11:46 ET
Table 'Meeus II' 6-max Seat #1 is the button
Seat 1: Psynto ($76.25 in chips)
Seat 6: Ultrafranke ($131.62 in chips)
Psynto: posts small blind $1
TinaTurner72: is sitting out
Ultrafranke: posts big blind $3
*** HOLE CARDS ***
Psynto: raises $3 to $6
Ultrafranke: folds
Uncalled bet ($3) returned to Psynto
Psynto collected $6 from pot
Psynto: doesn't show hand
*** SUMMARY ***
Total pot $6 | Rake $0
Seat 1: Psynto (button) (small blind) collected ($6)
Seat 6: Ultrafranke (big blind) folded before Flop


PokerStars Hand #160753002827:  Hold'em Limit ($3/$6 USD) - 2016/11/01 15:12:22 ET
Table 'Meeus II' 6-max Seat #6 is the button
Seat 1: Psynto ($72 in chips)
Seat 6: Ultrafranke ($148.88 in chips)
Ultrafranke: posts small blind $1
Psynto: posts big blind $3
*** HOLE CARDS ***
Ultrafranke: folds
Uncalled bet ($2) returned to Psynto
Psynto collected $2 from pot
Psynto: doesn't show hand
*** SUMMARY ***
Total pot $2 | Rake $0
Seat 1: Psynto (big blind) collected ($2)
Seat 6: Ultrafranke (button) (small blind) folded before Flop


PokerStars Hand #160752989796:  Hold'em Limit ($3/$6 USD) - 2016/11/01 15:12:09 ET
Table 'Meeus II' 6-max Seat #1 is the button
Seat 1: Psynto ($73.25 in chips)
Seat 6: Ultrafranke ($134.38 in chips)
Psynto: posts small blind $1
Ultrafranke: posts big blind $3
*** HOLE CARDS ***
Psynto: raises $3 to $6
Ultrafranke: calls $3
*** FLOP *** [6d Ts 9c]
Ultrafranke: checks
Psynto: bets $3
Ultrafranke: calls $3
*** TURN *** [6d Ts 9c] [4d]
Ultrafranke: checks
Psynto: checks
*** RIVER *** [6d Ts 9c 4d] [6s]
Ultrafranke: bets $6
Psynto: calls $6
*** SHOW DOWN ***
Ultrafranke: shows [8s 9h] (two pair, Nines and Sixes)
Psynto: mucks hand
Ultrafranke collected $29.50 from pot
*** SUMMARY ***
Total pot $30 | Rake $0.50
Board [6d Ts 9c 4d 6s]
Seat 1: Psynto (button) (small blind) mucked
Seat 6: Ultrafranke (big blind) showed [8s 9h] and won ($29.50) with two pair, Nines and Sixes


PokerStars Hand #160752973587:  Hold'em Limit ($3/$6 USD) - 2016/11/01 15:11:52 ET
Table 'Meeus II' 6-max Seat #6 is the button
Seat 1: Psynto ($79.25 in chips)
Seat 6: Ultrafranke ($128.62 in chips)
Ultrafranke: posts small blind $1
Psynto: posts big blind $3
*** HOLE CARDS ***
Ultrafranke: raises $3 to $6
Psynto: calls $3
*** FLOP *** [4d 3d Ah]
Psynto: checks
Ultrafranke: bets $3
TinaTurner72 leaves the table
Psynto: folds
Uncalled bet ($3) returned to Ultrafranke
Ultrafranke collected $11.76 from pot
*** SUMMARY ***
Total pot $12 | Rake $0.24
Board [4d 3d Ah]
Seat 1: Psynto (big blind) folded on the Flop
Seat 6: Ultrafranke (button) (small blind) collected ($11.76)


