PokerStars Hand #156359431940:  Hold'em Limit ($3/$6 USD) - 2016/07/23 19:10:35 ET
Table 'Megaira' 6-max Seat #3 is the button
Seat 3: Mustafatyrk ($300.27 in chips)
Seat 4: AzureCaper ($72 in chips)
Mustafatyrk: posts small blind $1
AzureCaper: posts big blind $3
*** HOLE CARDS ***
Mustafatyrk: raises $3 to $6
AzureCaper: calls $3
*** FLOP *** [5s 8d Qh]
AzureCaper: checks
Mustafatyrk: bets $3
AzureCaper: raises $3 to $6
Mustafatyrk: calls $3
*** TURN *** [5s 8d Qh] [3d]
AzureCaper: bets $6
Mustafatyrk: folds
Uncalled bet ($6) returned to AzureCaper
AzureCaper collected $23.52 from pot
AzureCaper: doesn't show hand
*** SUMMARY ***
Total pot $24 | Rake $0.48
Board [5s 8d Qh 3d]
Seat 3: Mustafatyrk (button) (small blind) folded on the Turn
Seat 4: AzureCaper (big blind) collected ($23.52)


PokerStars Hand #156359414784:  Hold'em Limit ($3/$6 USD) - 2016/07/23 19:10:05 ET
Table 'Megaira' 6-max Seat #4 is the button
Seat 3: Mustafatyrk ($276.77 in chips)
Seat 4: AzureCaper ($72 in chips)
AzureCaper: posts small blind $1
Mustafatyrk: posts big blind $3
*** HOLE CARDS ***
AzureCaper: raises $3 to $6
Mustafatyrk: calls $3
*** FLOP *** [Th 6d 2c]
Mustafatyrk: checks
AzureCaper: bets $3
Mustafatyrk: raises $3 to $6
AzureCaper: calls $3
*** TURN *** [Th 6d 2c] [Ks]
Mustafatyrk: bets $6
AzureCaper: calls $6
*** RIVER *** [Th 6d 2c Ks] [7h]
Mustafatyrk: bets $6
AzureCaper: calls $6
*** SHOW DOWN ***
Mustafatyrk: shows [Ts 4h] (a pair of Tens)
AzureCaper: mucks hand
Mustafatyrk collected $47.50 from pot
*** SUMMARY ***
Total pot $48 | Rake $0.50
Board [Th 6d 2c Ks 7h]
Seat 3: Mustafatyrk (big blind) showed [Ts 4h] and won ($47.50) with a pair of Tens
Seat 4: AzureCaper (button) (small blind) mucked


PokerStars Hand #156359400078:  Hold'em Limit ($3/$6 USD) - 2016/07/23 19:09:40 ET
Table 'Megaira' 6-max Seat #3 is the button
Seat 3: Mustafatyrk ($262.27 in chips)
Seat 4: AzureCaper ($72 in chips)
Mustafatyrk: posts small blind $1
AzureCaper: posts big blind $3
*** HOLE CARDS ***
Mustafatyrk: raises $3 to $6
AzureCaper: calls $3
*** FLOP *** [Tc Kc 6d]
AzureCaper: checks
Mustafatyrk: bets $3
AzureCaper: calls $3
*** TURN *** [Tc Kc 6d] [Qd]
AzureCaper: checks
Mustafatyrk: bets $6
AzureCaper: calls $6
*** RIVER *** [Tc Kc 6d Qd] [7c]
AzureCaper: checks
Mustafatyrk: bets $6
AzureCaper: folds
Uncalled bet ($6) returned to Mustafatyrk
Mustafatyrk collected $29.50 from pot
Mustafatyrk: doesn't show hand
*** SUMMARY ***
Total pot $30 | Rake $0.50
Board [Tc Kc 6d Qd 7c]
Seat 3: Mustafatyrk (button) (small blind) collected ($29.50)
Seat 4: AzureCaper (big blind) folded on the River


PokerStars Hand #156359469454:  Hold'em Limit ($3/$6 USD) - 2016/07/23 19:11:40 ET
Table 'Megaira' 6-max Seat #3 is the button
Seat 3: Mustafatyrk ($284.77 in chips)
Seat 4: AzureCaper ($85.66 in chips)
Mustafatyrk: posts small blind $1
AzureCaper: posts big blind $3
*** HOLE CARDS ***
Mustafatyrk: raises $3 to $6
AzureCaper: calls $3
*** FLOP *** [6h 9c Ts]
AzureCaper: checks
Mustafatyrk: bets $3
AzureCaper: folds
Uncalled bet ($3) returned to Mustafatyrk
Mustafatyrk collected $11.76 from pot
Mustafatyrk: doesn't show hand
*** SUMMARY ***
Total pot $12 | Rake $0.24
Board [6h 9c Ts]
Seat 3: Mustafatyrk (button) (small blind) collected ($11.76)
Seat 4: AzureCaper (big blind) folded on the Flop


PokerStars Hand #156359461767:  Hold'em Limit ($3/$6 USD) - 2016/07/23 19:11:27 ET
Table 'Megaira' 6-max Seat #4 is the button
Seat 3: Mustafatyrk ($293.77 in chips)
Seat 4: AzureCaper ($77.02 in chips)
AzureCaper: posts small blind $1
Mustafatyrk: posts big blind $3
*** HOLE CARDS ***
AzureCaper: raises $3 to $6
Mustafatyrk: calls $3
*** FLOP *** [Ks As 5h]
Mustafatyrk: checks
AzureCaper: bets $3
Mustafatyrk: calls $3
*** TURN *** [Ks As 5h] [6h]
Mustafatyrk: checks
AzureCaper: bets $6
Mustafatyrk: folds
Uncalled bet ($6) returned to AzureCaper
AzureCaper collected $17.64 from pot
AzureCaper: doesn't show hand
*** SUMMARY ***
Total pot $18 | Rake $0.36
Board [Ks As 5h 6h]
Seat 3: Mustafatyrk (big blind) folded on the Turn
Seat 4: AzureCaper (button) (small blind) collected ($17.64)


PokerStars Hand #156359451912:  Hold'em Limit ($3/$6 USD) - 2016/07/23 19:11:09 ET
Table 'Megaira' 6-max Seat #3 is the button
Seat 3: Mustafatyrk ($267.27 in chips)
Seat 4: AzureCaper ($104.02 in chips)
Mustafatyrk: posts small blind $1
AzureCaper: posts big blind $3
*** HOLE CARDS ***
Mustafatyrk: raises $3 to $6
AzureCaper: calls $3
*** FLOP *** [4s 5h Jd]
AzureCaper: checks
Mustafatyrk: bets $3
AzureCaper: raises $3 to $6
Mustafatyrk: raises $3 to $9
AzureCaper: calls $3
*** TURN *** [4s 5h Jd] [As]
AzureCaper: checks
Mustafatyrk: checks
*** RIVER *** [4s 5h Jd As] [7d]
AzureCaper: bets $6
Mustafatyrk: raises $6 to $12
AzureCaper: calls $6
*** SHOW DOWN ***
Mustafatyrk: shows [8c 6d] (a straight, Four to Eight)
AzureCaper: mucks hand
Mustafatyrk collected $53.50 from pot
*** SUMMARY ***
Total pot $54 | Rake $0.50
Board [4s 5h Jd As 7d]
Seat 3: Mustafatyrk (button) (small blind) showed [8c 6d] and won ($53.50) with a straight, Four to Eight
Seat 4: AzureCaper (big blind) mucked


PokerStars Hand #156359441644:  Hold'em Limit ($3/$6 USD) - 2016/07/23 19:10:52 ET
Table 'Megaira' 6-max Seat #4 is the button
Seat 3: Mustafatyrk ($288.27 in chips)
Seat 4: AzureCaper ($83.52 in chips)
AzureCaper: posts small blind $1
Mustafatyrk: posts big blind $3
*** HOLE CARDS ***
AzureCaper: raises $3 to $6
Mustafatyrk: calls $3
*** FLOP *** [Td 8s 6s]
Mustafatyrk: checks
AzureCaper: bets $3
Mustafatyrk: calls $3
*** TURN *** [Td 8s 6s] [3c]
Mustafatyrk: checks
AzureCaper: bets $6
Mustafatyrk: calls $6
*** RIVER *** [Td 8s 6s 3c] [2s]
Mustafatyrk: checks
AzureCaper: bets $6
Mustafatyrk: calls $6
*** SHOW DOWN ***
AzureCaper: shows [6c 8c] (two pair, Eights and Sixes)
Mustafatyrk: mucks hand
AzureCaper collected $41.50 from pot
*** SUMMARY ***
Total pot $42 | Rake $0.50
Board [Td 8s 6s 3c 2s]
Seat 3: Mustafatyrk (big blind) mucked
Seat 4: AzureCaper (button) (small blind) showed [6c 8c] and won ($41.50) with two pair, Eights and Sixes


PokerStars Hand #156359495206:  Hold'em Limit ($3/$6 USD) - 2016/07/23 19:12:26 ET
Table 'Megaira' 6-max Seat #3 is the button
Seat 3: Mustafatyrk ($302.05 in chips)
Seat 4: AzureCaper ($72 in chips)
Mustafatyrk: posts small blind $1
AzureCaper: posts big blind $3
*** HOLE CARDS ***
Mustafatyrk: folds
Uncalled bet ($2) returned to AzureCaper
AzureCaper collected $2 from pot
AzureCaper: doesn't show hand
*** SUMMARY ***
Total pot $2 | Rake $0
Seat 3: Mustafatyrk (button) (small blind) folded before Flop
Seat 4: AzureCaper (big blind) collected ($2)


PokerStars Hand #156359473946:  Hold'em Limit ($3/$6 USD) - 2016/07/23 19:11:48 ET
Table 'Megaira' 6-max Seat #4 is the button
Seat 3: Mustafatyrk ($290.53 in chips)
Seat 4: AzureCaper ($79.66 in chips)
AzureCaper: posts small blind $1
Mustafatyrk: posts big blind $3
*** HOLE CARDS ***
AzureCaper: raises $3 to $6
Mustafatyrk: calls $3
*** FLOP *** [7h 3h Kd]
Mustafatyrk: checks
AzureCaper: bets $3
Mustafatyrk: raises $3 to $6
AzureCaper: calls $3
*** TURN *** [7h 3h Kd] [6d]
Mustafatyrk: bets $6
AzureCaper: folds
Uncalled bet ($6) returned to Mustafatyrk
Mustafatyrk collected $23.52 from pot
Mustafatyrk: doesn't show hand
*** SUMMARY ***
Total pot $24 | Rake $0.48
Board [7h 3h Kd 6d]
Seat 3: Mustafatyrk (big blind) collected ($23.52)
Seat 4: AzureCaper (button) (small blind) folded on the Turn


PokerStars Hand #156359506162:  Hold'em Limit ($3/$6 USD) - 2016/07/23 19:12:45 ET
Table 'Megaira' 6-max Seat #3 is the button
Seat 3: Mustafatyrk ($286.05 in chips)
Seat 4: AzureCaper ($87.50 in chips)
Mustafatyrk: posts small blind $1
AzureCaper: posts big blind $3
*** HOLE CARDS ***
Mustafatyrk: folds
Uncalled bet ($2) returned to AzureCaper
AzureCaper collected $2 from pot
AzureCaper: doesn't show hand
*** SUMMARY ***
Total pot $2 | Rake $0
Seat 3: Mustafatyrk (button) (small blind) folded before Flop
Seat 4: AzureCaper (big blind) collected ($2)


PokerStars Hand #156359497799:  Hold'em Limit ($3/$6 USD) - 2016/07/23 19:12:30 ET
Table 'Megaira' 6-max Seat #4 is the button
Seat 3: Mustafatyrk ($301.05 in chips)
Seat 4: AzureCaper ($73 in chips)
AzureCaper: posts small blind $1
Mustafatyrk: posts big blind $3
*** HOLE CARDS ***
AzureCaper: raises $3 to $6
Mustafatyrk: calls $3
*** FLOP *** [4h Jd Ts]
Mustafatyrk: checks
AzureCaper: bets $3
Mustafatyrk: calls $3
*** TURN *** [4h Jd Ts] [Qd]
Mustafatyrk: checks
AzureCaper: bets $6
Mustafatyrk: calls $6
*** RIVER *** [4h Jd Ts Qd] [2s]
Mustafatyrk: checks
AzureCaper: checks
*** SHOW DOWN ***
Mustafatyrk: shows [Ks 6c] (high card King)
AzureCaper: shows [Kd Td] (a pair of Tens)
AzureCaper collected $29.50 from pot
*** SUMMARY ***
Total pot $30 | Rake $0.50
Board [4h Jd Ts Qd 2s]
Seat 3: Mustafatyrk (big blind) showed [Ks 6c] and lost with high card King
Seat 4: AzureCaper (button) (small blind) showed [Kd Td] and won ($29.50) with a pair of Tens


PokerStars Hand #156359509102:  Hold'em Limit ($3/$6 USD) - 2016/07/23 19:12:50 ET
Table 'Megaira' 6-max Seat #4 is the button
Seat 3: Mustafatyrk ($285.05 in chips)
Seat 4: AzureCaper ($88.50 in chips)
AzureCaper: posts small blind $1
Mustafatyrk: posts big blind $3
*** HOLE CARDS ***
AzureCaper: raises $3 to $6
Mustafatyrk: calls $3
*** FLOP *** [8c Ks 6c]
Mustafatyrk: checks
AzureCaper: bets $3
Mustafatyrk: folds
Uncalled bet ($3) returned to AzureCaper
AzureCaper collected $11.76 from pot
AzureCaper: doesn't show hand
*** SUMMARY ***
Total pot $12 | Rake $0.24
Board [8c Ks 6c]
Seat 3: Mustafatyrk (big blind) folded on the Flop
Seat 4: AzureCaper (button) (small blind) collected ($11.76)


PokerStars Hand #156359517069:  Hold'em Limit ($3/$6 USD) - 2016/07/23 19:13:04 ET
Table 'Megaira' 6-max Seat #3 is the button
Seat 3: Mustafatyrk ($279.05 in chips)
Seat 4: AzureCaper ($94.26 in chips)
Mustafatyrk: posts small blind $1
AzureCaper: posts big blind $3
*** HOLE CARDS ***
Mustafatyrk: raises $3 to $6
AzureCaper: calls $3
*** FLOP *** [2c 9d 7d]
AzureCaper: checks
Mustafatyrk: bets $3
AzureCaper: calls $3
*** TURN *** [2c 9d 7d] [Qh]
AzureCaper: checks
Mustafatyrk: bets $6
AzureCaper: folds
Uncalled bet ($6) returned to Mustafatyrk
Mustafatyrk collected $17.64 from pot
Mustafatyrk: doesn't show hand
*** SUMMARY ***
Total pot $18 | Rake $0.36
Board [2c 9d 7d Qh]
Seat 3: Mustafatyrk (button) (small blind) collected ($17.64)
Seat 4: AzureCaper (big blind) folded on the Turn


