PokerStars Hand #169551579556:  Hold'em Limit ($3/$6 USD) - 2017/04/25 15:37:45 ET
Table 'Megaira III' 6-max Seat #3 is the button
Seat 1: Chessnok ($119 in chips)
Seat 3: DimaZips ($121 in chips)
DimaZips: posts small blind $1
Chessnok: posts big blind $3
*** HOLE CARDS ***
DimaZips: raises $3 to $6
Chessnok: calls $3
*** FLOP *** [2d 9d Jd]
Chessnok: checks
DimaZips: bets $3
Chessnok: calls $3
*** TURN *** [2d 9d Jd] [Th]
Chessnok: bets $6
DimaZips: calls $6
*** RIVER *** [2d 9d Jd Th] [6s]
Chessnok: bets $6
DimaZips: calls $6
*** SHOW DOWN ***
Chessnok: shows [6c Td] (two pair, Tens and Sixes)
DimaZips: mucks hand
Chessnok collected $41.50 from pot
*** SUMMARY ***
Total pot $42 | Rake $0.50
Board [2d 9d Jd Th 6s]
Seat 1: Chessnok (big blind) showed [6c Td] and won ($41.50) with two pair, Tens and Sixes
Seat 3: DimaZips (button) (small blind) mucked


PokerStars Hand #169551573409:  Hold'em Limit ($3/$6 USD) - 2017/04/25 15:37:38 ET
Table 'Megaira III' 6-max Seat #1 is the button
Seat 1: Chessnok ($120 in chips)
Seat 3: DimaZips ($120 in chips)
Chessnok: posts small blind $1
DimaZips: posts big blind $3
*** HOLE CARDS ***
Chessnok: folds
Uncalled bet ($2) returned to DimaZips
DimaZips collected $2 from pot
DimaZips: doesn't show hand
*** SUMMARY ***
Total pot $2 | Rake $0
Seat 1: Chessnok (button) (small blind) folded before Flop
Seat 3: DimaZips (big blind) collected ($2)


PokerStars Hand #169551569050:  Hold'em Limit ($3/$6 USD) - 2017/04/25 15:37:33 ET
Table 'Megaira III' 6-max Seat #3 is the button
Seat 1: Chessnok ($119 in chips)
Seat 3: DimaZips ($121 in chips)
DimaZips: posts small blind $1
Chessnok: posts big blind $3
*** HOLE CARDS ***
DimaZips: folds
Uncalled bet ($2) returned to Chessnok
Chessnok collected $2 from pot
Chessnok: doesn't show hand
*** SUMMARY ***
Total pot $2 | Rake $0
Seat 1: Chessnok (big blind) collected ($2)
Seat 3: DimaZips (button) (small blind) folded before Flop


PokerStars Hand #169551564237:  Hold'em Limit ($3/$6 USD) - 2017/04/25 15:37:28 ET
Table 'Megaira III' 6-max Seat #1 is the button
Seat 1: Chessnok ($120 in chips)
Seat 3: DimaZips ($120 in chips)
Chessnok: posts small blind $1
DimaZips: posts big blind $3
*** HOLE CARDS ***
Chessnok: folds
Uncalled bet ($2) returned to DimaZips
DimaZips collected $2 from pot
DimaZips: doesn't show hand
*** SUMMARY ***
Total pot $2 | Rake $0
Seat 1: Chessnok (button) (small blind) folded before Flop
Seat 3: DimaZips (big blind) collected ($2)


PokerStars Hand #169551560051:  Hold'em Limit ($3/$6 USD) - 2017/04/25 15:37:23 ET
Table 'Megaira III' 6-max Seat #3 is the button
Seat 1: Chessnok ($119 in chips)
Seat 3: DimaZips ($121 in chips)
DimaZips: posts small blind $1
Chessnok: posts big blind $3
*** HOLE CARDS ***
DimaZips: folds
Uncalled bet ($2) returned to Chessnok
Chessnok collected $2 from pot
Chessnok: doesn't show hand
*** SUMMARY ***
Total pot $2 | Rake $0
Seat 1: Chessnok (big blind) collected ($2)
Seat 3: DimaZips (button) (small blind) folded before Flop


PokerStars Hand #169551554602:  Hold'em Limit ($3/$6 USD) - 2017/04/25 15:37:17 ET
Table 'Megaira III' 6-max Seat #1 is the button
Seat 1: Chessnok ($120 in chips)
Seat 3: DimaZips ($120 in chips)
Chessnok: posts small blind $1
DimaZips: posts big blind $3
*** HOLE CARDS ***
Chessnok: folds
Uncalled bet ($2) returned to DimaZips
DimaZips collected $2 from pot
DimaZips: doesn't show hand
*** SUMMARY ***
Total pot $2 | Rake $0
Seat 1: Chessnok (button) (small blind) folded before Flop
Seat 3: DimaZips (big blind) collected ($2)


PokerStars Hand #169551550761:  Hold'em Limit ($3/$6 USD) - 2017/04/25 15:37:13 ET
Table 'Megaira III' 6-max Seat #3 is the button
Seat 1: Chessnok ($119 in chips)
Seat 3: DimaZips ($121 in chips)
DimaZips: posts small blind $1
Chessnok: posts big blind $3
*** HOLE CARDS ***
DimaZips: folds
Uncalled bet ($2) returned to Chessnok
Chessnok collected $2 from pot
Chessnok: doesn't show hand
*** SUMMARY ***
Total pot $2 | Rake $0
Seat 1: Chessnok (big blind) collected ($2)
Seat 3: DimaZips (button) (small blind) folded before Flop


PokerStars Hand #169551644584:  Hold'em Limit ($3/$6 USD) - 2017/04/25 15:38:57 ET
Table 'Megaira III' 6-max Seat #3 is the button
Seat 1: Chessnok ($178.64 in chips)
Seat 3: DimaZips ($60 in chips)
DimaZips: posts small blind $1
Chessnok: posts big blind $3
*** HOLE CARDS ***
DimaZips: raises $3 to $6
Chessnok: folds
Uncalled bet ($3) returned to DimaZips
DimaZips collected $6 from pot
DimaZips: doesn't show hand
*** SUMMARY ***
Total pot $6 | Rake $0
Seat 1: Chessnok (big blind) folded before Flop
Seat 3: DimaZips (button) (small blind) collected ($6)


PokerStars Hand #169551618789:  Hold'em Limit ($3/$6 USD) - 2017/04/25 15:38:28 ET
Table 'Megaira III' 6-max Seat #1 is the button
Seat 1: Chessnok ($149.14 in chips)
Seat 3: DimaZips ($90 in chips)
Chessnok: posts small blind $1
DimaZips: posts big blind $3
*** HOLE CARDS ***
Chessnok: raises $3 to $6
DimaZips: calls $3
*** FLOP *** [3s 5c Qd]
DimaZips: checks
Chessnok: bets $3
DimaZips: raises $3 to $6
Chessnok: calls $3
*** TURN *** [3s 5c Qd] [9d]
DimaZips: bets $6
Chessnok: calls $6
*** RIVER *** [3s 5c Qd 9d] [9h]
DimaZips: bets $6
Chessnok: raises $6 to $12
DimaZips: calls $6
*** SHOW DOWN ***
Chessnok: shows [Js Qc] (two pair, Queens and Nines)
DimaZips: mucks hand
Chessnok collected $59.50 from pot
*** SUMMARY ***
Total pot $60 | Rake $0.50
Board [3s 5c Qd 9d 9h]
Seat 1: Chessnok (button) (small blind) showed [Js Qc] and won ($59.50) with two pair, Queens and Nines
Seat 3: DimaZips (big blind) mucked


PokerStars Hand #169551614802:  Hold'em Limit ($3/$6 USD) - 2017/04/25 15:38:24 ET
Table 'Megaira III' 6-max Seat #3 is the button
Seat 1: Chessnok ($148.14 in chips)
Seat 3: DimaZips ($91 in chips)
DimaZips: posts small blind $1
Chessnok: posts big blind $3
*** HOLE CARDS ***
DimaZips: folds
Uncalled bet ($2) returned to Chessnok
Chessnok collected $2 from pot
Chessnok: doesn't show hand
*** SUMMARY ***
Total pot $2 | Rake $0
Seat 1: Chessnok (big blind) collected ($2)
Seat 3: DimaZips (button) (small blind) folded before Flop


PokerStars Hand #169551596729:  Hold'em Limit ($3/$6 USD) - 2017/04/25 15:38:03 ET
Table 'Megaira III' 6-max Seat #1 is the button
Seat 1: Chessnok ($139.50 in chips)
Seat 3: DimaZips ($100 in chips)
Chessnok: posts small blind $1
DimaZips: posts big blind $3
*** HOLE CARDS ***
Chessnok: raises $3 to $6
DimaZips: calls $3
*** FLOP *** [Jd Qh 3d]
DimaZips: checks
Chessnok: bets $3
DimaZips: calls $3
*** TURN *** [Jd Qh 3d] [7c]
DimaZips: checks
Chessnok: checks
*** RIVER *** [Jd Qh 3d 7c] [5s]
DimaZips: checks
Chessnok: checks
*** SHOW DOWN ***
DimaZips: shows [9s Kc] (high card King)
Chessnok: shows [Ac 6d] (high card Ace)
Chessnok collected $17.64 from pot
*** SUMMARY ***
Total pot $18 | Rake $0.36
Board [Jd Qh 3d 7c 5s]
Seat 1: Chessnok (button) (small blind) showed [Ac 6d] and won ($17.64) with high card Ace
Seat 3: DimaZips (big blind) showed [9s Kc] and lost with high card King


PokerStars Hand #169551689624:  Hold'em Limit ($3/$6 USD) - 2017/04/25 15:39:47 ET
Table 'Megaira III' 6-max Seat #3 is the button
Seat 1: Chessnok ($188.14 in chips)
Seat 3: DimaZips ($49.64 in chips)
DimaZips: posts small blind $1
Chessnok: posts big blind $3
*** HOLE CARDS ***
DimaZips: raises $3 to $6
Chessnok: calls $3
*** FLOP *** [2d 2s 4d]
Chessnok: checks
DimaZips: checks
*** TURN *** [2d 2s 4d] [5d]
Chessnok: bets $6
DimaZips: raises $6 to $12
Chessnok: calls $6
*** RIVER *** [2d 2s 4d 5d] [Qd]
Chessnok: checks
DimaZips: bets $6
Chessnok: calls $6
*** SHOW DOWN ***
DimaZips: shows [5h 6h] (two pair, Fives and Deuces)
Chessnok: shows [7s 5s] (two pair, Fives and Deuces)
Chessnok collected $23.75 from pot
DimaZips collected $23.75 from pot
*** SUMMARY ***
Total pot $48 | Rake $0.50
Board [2d 2s 4d 5d Qd]
Seat 1: Chessnok (big blind) showed [7s 5s] and won ($23.75) with two pair, Fives and Deuces
Seat 3: DimaZips (button) (small blind) showed [5h 6h] and won ($23.75) with two pair, Fives and Deuces


PokerStars Hand #169551669731:  Hold'em Limit ($3/$6 USD) - 2017/04/25 15:39:24 ET
Table 'Megaira III' 6-max Seat #1 is the button
Seat 1: Chessnok ($167.64 in chips)
Seat 3: DimaZips ($70.64 in chips)
Chessnok: posts small blind $1
DimaZips: posts big blind $3
*** HOLE CARDS ***
Chessnok: raises $3 to $6
DimaZips: calls $3
*** FLOP *** [8c Ah 5d]
DimaZips: bets $3
Chessnok: calls $3
*** TURN *** [8c Ah 5d] [9s]
DimaZips: checks
Chessnok: bets $6
DimaZips: calls $6
*** RIVER *** [8c Ah 5d 9s] [6d]
DimaZips: checks
Chessnok: bets $6
DimaZips: calls $6
*** SHOW DOWN ***
Chessnok: shows [Qh Qd] (a pair of Queens)
DimaZips: mucks hand
Chessnok collected $41.50 from pot
*** SUMMARY ***
Total pot $42 | Rake $0.50
Board [8c Ah 5d 9s 6d]
Seat 1: Chessnok (button) (small blind) showed [Qh Qd] and won ($41.50) with a pair of Queens
Seat 3: DimaZips (big blind) mucked


PokerStars Hand #169551665838:  Hold'em Limit ($3/$6 USD) - 2017/04/25 15:39:20 ET
Table 'Megaira III' 6-max Seat #3 is the button
Seat 1: Chessnok ($166.64 in chips)
Seat 3: DimaZips ($71.64 in chips)
DimaZips: posts small blind $1
Chessnok: posts big blind $3
*** HOLE CARDS ***
DimaZips: folds
Uncalled bet ($2) returned to Chessnok
Chessnok collected $2 from pot
Chessnok: doesn't show hand
*** SUMMARY ***
Total pot $2 | Rake $0
Seat 1: Chessnok (big blind) collected ($2)
Seat 3: DimaZips (button) (small blind) folded before Flop


PokerStars Hand #169551652529:  Hold'em Limit ($3/$6 USD) - 2017/04/25 15:39:06 ET
Table 'Megaira III' 6-max Seat #1 is the button
Seat 1: Chessnok ($175.64 in chips)
Seat 3: DimaZips ($63 in chips)
Chessnok: posts small blind $1
DimaZips: posts big blind $3
*** HOLE CARDS ***
Chessnok: raises $3 to $6
DimaZips: calls $3
*** FLOP *** [3c Th Js]
DimaZips: checks
Chessnok: bets $3
DimaZips: raises $3 to $6
Chessnok: folds
Uncalled bet ($3) returned to DimaZips
DimaZips collected $17.64 from pot
DimaZips: doesn't show hand
*** SUMMARY ***
Total pot $18 | Rake $0.36
Board [3c Th Js]
Seat 1: Chessnok (button) (small blind) folded on the Flop
Seat 3: DimaZips (big blind) collected ($17.64)


PokerStars Hand #169551704222:  Hold'em Limit ($3/$6 USD) - 2017/04/25 15:40:03 ET
Table 'Megaira III' 6-max Seat #1 is the button
Seat 1: Chessnok ($187.89 in chips)
Seat 3: DimaZips ($49.39 in chips)
Chessnok: posts small blind $1
DimaZips: posts big blind $3
*** HOLE CARDS ***
Chessnok: raises $3 to $6
DimaZips: calls $3
*** FLOP *** [Qd 4d 9d]
DimaZips: checks
Chessnok: bets $3
DimaZips: raises $3 to $6
tttzzz joins the table at seat #4
Chessnok: calls $3
*** TURN *** [Qd 4d 9d] [Kd]
DimaZips: bets $6
HAOYUN88888 joins the table at seat #6
Chessnok: calls $6
*** RIVER *** [Qd 4d 9d Kd] [6d]
DimaZips: bets $6
Chessnok: raises $6 to $12
DimaZips: folds
Uncalled bet ($6) returned to Chessnok
Chessnok collected $47.50 from pot
Chessnok: doesn't show hand
*** SUMMARY ***
Total pot $48 | Rake $0.50
Board [Qd 4d 9d Kd 6d]
Seat 1: Chessnok (button) (small blind) collected ($47.50)
Seat 3: DimaZips (big blind) folded on the River


PokerStars Hand #169551817732:  Hold'em Limit ($3/$6 USD) - 2017/04/25 15:42:08 ET
Table 'Megaira III' 6-max Seat #1 is the button
Seat 1: Chessnok ($139.39 in chips)
Seat 6: HAOYUN88888 ($153 in chips)
Chessnok: posts small blind $1
HAOYUN88888: posts big blind $3
*** HOLE CARDS ***
Chessnok: folds
Uncalled bet ($2) returned to HAOYUN88888
HAOYUN88888 collected $2 from pot
HAOYUN88888: doesn't show hand
*** SUMMARY ***
Total pot $2 | Rake $0
Seat 1: Chessnok (button) (small blind) folded before Flop
Seat 6: HAOYUN88888 (big blind) collected ($2)


PokerStars Hand #169551812752:  Hold'em Limit ($3/$6 USD) - 2017/04/25 15:42:02 ET
Table 'Megaira III' 6-max Seat #6 is the button
Seat 1: Chessnok ($142.39 in chips)
Seat 6: HAOYUN88888 ($150 in chips)
HAOYUN88888: posts small blind $1
Chessnok: posts big blind $3
*** HOLE CARDS ***
HAOYUN88888: raises $3 to $6
Chessnok: folds
Uncalled bet ($3) returned to HAOYUN88888
HAOYUN88888 collected $6 from pot
HAOYUN88888: doesn't show hand
*** SUMMARY ***
Total pot $6 | Rake $0
Seat 1: Chessnok (big blind) folded before Flop
Seat 6: HAOYUN88888 (button) (small blind) collected ($6)


PokerStars Hand #169551794083:  Hold'em Limit ($3/$6 USD) - 2017/04/25 15:41:42 ET
Table 'Megaira III' 6-max Seat #1 is the button
Seat 1: Chessnok ($166.39 in chips)
Seat 6: HAOYUN88888 ($126.50 in chips)
Chessnok: posts small blind $1
HAOYUN88888: posts big blind $3
*** HOLE CARDS ***
Chessnok: raises $3 to $6
HAOYUN88888: raises $3 to $9
Chessnok: calls $3
*** FLOP *** [8c Qc Ad]
HAOYUN88888: bets $3
Chessnok: calls $3
*** TURN *** [8c Qc Ad] [7d]
HAOYUN88888: checks
Chessnok: bets $6
HAOYUN88888: calls $6
*** RIVER *** [8c Qc Ad 7d] [3s]
HAOYUN88888: checks
Chessnok: bets $6
HAOYUN88888: calls $6
*** SHOW DOWN ***
Chessnok: shows [9c Js] (high card Ace)
HAOYUN88888: shows [Qh Jh] (a pair of Queens)
HAOYUN88888 collected $47.50 from pot
*** SUMMARY ***
Total pot $48 | Rake $0.50
Board [8c Qc Ad 7d 3s]
Seat 1: Chessnok (button) (small blind) showed [9c Js] and lost with high card Ace
Seat 6: HAOYUN88888 (big blind) showed [Qh Jh] and won ($47.50) with a pair of Queens


PokerStars Hand #169551767341:  Hold'em Limit ($3/$6 USD) - 2017/04/25 15:41:12 ET
Table 'Megaira III' 6-max Seat #6 is the button
Seat 1: Chessnok ($193.39 in chips)
Seat 6: HAOYUN88888 ($100 in chips)
HAOYUN88888: posts small blind $1
Chessnok: posts big blind $3
*** HOLE CARDS ***
vestimokrec leaves the table
HAOYUN88888: raises $3 to $6
Chessnok: raises $3 to $9
HAOYUN88888: calls $3
*** FLOP *** [Kh 8d 6d]
Chessnok: bets $3
HAOYUN88888: raises $3 to $6
Chessnok: calls $3
*** TURN *** [Kh 8d 6d] [8c]
Chessnok: checks
HAOYUN88888: bets $6
Chessnok: calls $6
*** RIVER *** [Kh 8d 6d 8c] [9h]
Chessnok: checks
HAOYUN88888: bets $6
Chessnok: calls $6
*** SHOW DOWN ***
HAOYUN88888: shows [5s 7s] (a straight, Five to Nine)
Chessnok: mucks hand
HAOYUN88888 collected $53.50 from pot
*** SUMMARY ***
Total pot $54 | Rake $0.50
Board [Kh 8d 6d 8c 9h]
Seat 1: Chessnok (big blind) mucked
Seat 6: HAOYUN88888 (button) (small blind) showed [5s 7s] and won ($53.50) with a straight, Five to Nine


PokerStars Hand #169551862778:  Hold'em Limit ($3/$6 USD) - 2017/04/25 15:42:58 ET
Table 'Megaira III' 6-max Seat #6 is the button
Seat 1: Chessnok ($191.39 in chips)
Seat 6: HAOYUN88888 ($100 in chips)
HAOYUN88888: posts small blind $1
Chessnok: posts big blind $3
*** HOLE CARDS ***
HAOYUN88888: raises $3 to $6
Chessnok: raises $3 to $9
HAOYUN88888: calls $3
*** FLOP *** [Js 7d 8c]
Chessnok: bets $3
HAOYUN88888: raises $3 to $6
Chessnok: calls $3
*** TURN *** [Js 7d 8c] [Kd]
Chessnok: checks
HAOYUN88888: bets $6
Chessnok: raises $6 to $12
HAOYUN88888: calls $6
*** RIVER *** [Js 7d 8c Kd] [Qc]
Chessnok: bets $6
HAOYUN88888: calls $6
*** SHOW DOWN ***
Chessnok: shows [Td Jc] (a pair of Jacks)
HAOYUN88888: mucks hand
Chessnok collected $65.50 from pot
*** SUMMARY ***
Total pot $66 | Rake $0.50
Board [Js 7d 8c Kd Qc]
Seat 1: Chessnok (big blind) showed [Td Jc] and won ($65.50) with a pair of Jacks
Seat 6: HAOYUN88888 (button) (small blind) mucked


PokerStars Hand #169551844388:  Hold'em Limit ($3/$6 USD) - 2017/04/25 15:42:38 ET
Table 'Megaira III' 6-max Seat #1 is the button
Seat 1: Chessnok ($167.89 in chips)
Seat 6: HAOYUN88888 ($124 in chips)
Chessnok: posts small blind $1
HAOYUN88888: posts big blind $3
*** HOLE CARDS ***
Chessnok: raises $3 to $6
HAOYUN88888: calls $3
*** FLOP *** [3d 6c 4d]
HAOYUN88888: checks
Chessnok: bets $3
HAOYUN88888: raises $3 to $6
Chessnok: calls $3
*** TURN *** [3d 6c 4d] [Kd]
HAOYUN88888: checks
Chessnok: bets $6
HAOYUN88888: calls $6
*** RIVER *** [3d 6c 4d Kd] [9c]
HAOYUN88888: checks
Chessnok: bets $6
HAOYUN88888: calls $6
*** SHOW DOWN ***
Chessnok: shows [Ac 6s] (a pair of Sixes)
HAOYUN88888: mucks hand
Chessnok collected $47.50 from pot
*** SUMMARY ***
Total pot $48 | Rake $0.50
Board [3d 6c 4d Kd 9c]
Seat 1: Chessnok (button) (small blind) showed [Ac 6s] and won ($47.50) with a pair of Sixes
Seat 6: HAOYUN88888 (big blind) mucked


PokerStars Hand #169551821757:  Hold'em Limit ($3/$6 USD) - 2017/04/25 15:42:13 ET
Table 'Megaira III' 6-max Seat #6 is the button
Seat 1: Chessnok ($138.39 in chips)
Seat 6: HAOYUN88888 ($154 in chips)
HAOYUN88888: posts small blind $1
Chessnok: posts big blind $3
*** HOLE CARDS ***
HAOYUN88888: raises $3 to $6
Chessnok: raises $3 to $9
HAOYUN88888: calls $3
*** FLOP *** [6s 4s Ah]
Chessnok: bets $3
HAOYUN88888: calls $3
*** TURN *** [6s 4s Ah] [9h]
Chessnok: bets $6
HAOYUN88888: raises $6 to $12
Chessnok: raises $6 to $18
HAOYUN88888: calls $6
*** RIVER *** [6s 4s Ah 9h] [Jc]
Chessnok: bets $6
HAOYUN88888: folds
Uncalled bet ($6) returned to Chessnok
Chessnok collected $59.50 from pot
Chessnok: doesn't show hand
*** SUMMARY ***
Total pot $60 | Rake $0.50
Board [6s 4s Ah 9h Jc]
Seat 1: Chessnok (big blind) collected ($59.50)
Seat 6: HAOYUN88888 (button) (small blind) folded on the River


PokerStars Hand #169551913860:  Hold'em Limit ($3/$6 USD) - 2017/04/25 15:43:55 ET
Table 'Megaira III' 6-max Seat #6 is the button
Seat 1: Chessnok ($219.65 in chips)
Seat 6: HAOYUN88888 ($70.52 in chips)
HAOYUN88888: posts small blind $1
Chessnok: posts big blind $3
*** HOLE CARDS ***
HAOYUN88888: raises $3 to $6
Chessnok: calls $3
*** FLOP *** [Ac 4s 4h]
Chessnok: checks
HAOYUN88888: bets $3
Chessnok: folds
Uncalled bet ($3) returned to HAOYUN88888
HAOYUN88888 collected $11.76 from pot
HAOYUN88888: doesn't show hand
*** SUMMARY ***
Total pot $12 | Rake $0.24
Board [Ac 4s 4h]
Seat 1: Chessnok (big blind) folded on the Flop
Seat 6: HAOYUN88888 (button) (small blind) collected ($11.76)


PokerStars Hand #169551879553:  Hold'em Limit ($3/$6 USD) - 2017/04/25 15:43:17 ET
Table 'Megaira III' 6-max Seat #1 is the button
Seat 1: Chessnok ($223.89 in chips)
Seat 6: HAOYUN88888 ($67 in chips)
Chessnok: posts small blind $1
HAOYUN88888: posts big blind $3
*** HOLE CARDS ***
Chessnok: folds
Uncalled bet ($2) returned to HAOYUN88888
HAOYUN88888 collected $2 from pot
HAOYUN88888: doesn't show hand
*** SUMMARY ***
Total pot $2 | Rake $0
Seat 1: Chessnok (button) (small blind) folded before Flop
Seat 6: HAOYUN88888 (big blind) collected ($2)


PokerStars Hand #169551908963:  Hold'em Limit ($3/$6 USD) - 2017/04/25 15:43:50 ET
Table 'Megaira III' 6-max Seat #1 is the button
Seat 1: Chessnok ($216.65 in chips)
Seat 6: HAOYUN88888 ($73.52 in chips)
Chessnok: posts small blind $1
HAOYUN88888: posts big blind $3
*** HOLE CARDS ***
Chessnok: raises $3 to $6
HAOYUN88888: folds
Uncalled bet ($3) returned to Chessnok
Chessnok collected $6 from pot
Chessnok: doesn't show hand
*** SUMMARY ***
Total pot $6 | Rake $0
Seat 1: Chessnok (button) (small blind) collected ($6)
Seat 6: HAOYUN88888 (big blind) folded before Flop


PokerStars Hand #169551899957:  Hold'em Limit ($3/$6 USD) - 2017/04/25 15:43:40 ET
Table 'Megaira III' 6-max Seat #6 is the button
Seat 1: Chessnok ($222.65 in chips)
Seat 6: HAOYUN88888 ($67.76 in chips)
HAOYUN88888: posts small blind $1
Chessnok: posts big blind $3
*** HOLE CARDS ***
HAOYUN88888: raises $3 to $6
Chessnok: calls $3
*** FLOP *** [Ts 8h 7c]
Chessnok: checks
HAOYUN88888: bets $3
Chessnok: folds
Uncalled bet ($3) returned to HAOYUN88888
HAOYUN88888 collected $11.76 from pot
HAOYUN88888: doesn't show hand
*** SUMMARY ***
Total pot $12 | Rake $0.24
Board [Ts 8h 7c]
Seat 1: Chessnok (big blind) folded on the Flop
Seat 6: HAOYUN88888 (button) (small blind) collected ($11.76)


PokerStars Hand #169551892069:  Hold'em Limit ($3/$6 USD) - 2017/04/25 15:43:31 ET
Table 'Megaira III' 6-max Seat #1 is the button
Seat 1: Chessnok ($216.89 in chips)
Seat 6: HAOYUN88888 ($73.76 in chips)
Chessnok: posts small blind $1
HAOYUN88888: posts big blind $3
*** HOLE CARDS ***
Chessnok: raises $3 to $6
HAOYUN88888: calls $3
*** FLOP *** [Kh 3c Jh]
HAOYUN88888: checks
Chessnok: bets $3
HAOYUN88888: folds
Uncalled bet ($3) returned to Chessnok
Chessnok collected $11.76 from pot
Chessnok: doesn't show hand
*** SUMMARY ***
Total pot $12 | Rake $0.24
Board [Kh 3c Jh]
Seat 1: Chessnok (button) (small blind) collected ($11.76)
Seat 6: HAOYUN88888 (big blind) folded on the Flop


PokerStars Hand #169551884028:  Hold'em Limit ($3/$6 USD) - 2017/04/25 15:43:22 ET
Table 'Megaira III' 6-max Seat #6 is the button
Seat 1: Chessnok ($222.89 in chips)
Seat 6: HAOYUN88888 ($68 in chips)
HAOYUN88888: posts small blind $1
Chessnok: posts big blind $3
*** HOLE CARDS ***
HAOYUN88888: raises $3 to $6
Chessnok: calls $3
*** FLOP *** [7h 2h 3h]
Chessnok: checks
HAOYUN88888: bets $3
Chessnok: folds
Uncalled bet ($3) returned to HAOYUN88888
HAOYUN88888 collected $11.76 from pot
HAOYUN88888: doesn't show hand
*** SUMMARY ***
Total pot $12 | Rake $0.24
Board [7h 2h 3h]
Seat 1: Chessnok (big blind) folded on the Flop
Seat 6: HAOYUN88888 (button) (small blind) collected ($11.76)


PokerStars Hand #169551976009:  Hold'em Limit ($3/$6 USD) - 2017/04/25 15:44:54 ET
Table 'Megaira III' 6-max Seat #1 is the button
Seat 1: Chessnok ($254.65 in chips)
Seat 6: HAOYUN88888 ($34.28 in chips)
Chessnok: posts small blind $1
HAOYUN88888: posts big blind $3
*** HOLE CARDS ***
Chessnok: raises $3 to $6
MimiQQC joins the table at seat #2
HAOYUN88888: folds
Uncalled bet ($3) returned to Chessnok
Chessnok collected $6 from pot
Chessnok: doesn't show hand
*** SUMMARY ***
Total pot $6 | Rake $0
Seat 1: Chessnok (button) (small blind) collected ($6)
Seat 6: HAOYUN88888 (big blind) folded before Flop


PokerStars Hand #169551945914:  Hold'em Limit ($3/$6 USD) - 2017/04/25 15:44:31 ET
Table 'Megaira III' 6-max Seat #6 is the button
Seat 1: Chessnok ($237.15 in chips)
Seat 6: HAOYUN88888 ($52.28 in chips)
HAOYUN88888: posts small blind $1
Chessnok: posts big blind $3
*** HOLE CARDS ***
HAOYUN88888: raises $3 to $6
Chessnok: calls $3
*** FLOP *** [Tc 4s 9c]
Chessnok: checks
HAOYUN88888: checks
*** TURN *** [Tc 4s 9c] [6h]
Chessnok: bets $6
HAOYUN88888: calls $6
*** RIVER *** [Tc 4s 9c 6h] [3c]
Chessnok: bets $6
HAOYUN88888: calls $6
*** SHOW DOWN ***
Chessnok: shows [Ts 7c] (a pair of Tens)
HAOYUN88888: mucks hand
Chessnok collected $35.50 from pot
*** SUMMARY ***
Total pot $36 | Rake $0.50
Board [Tc 4s 9c 6h 3c]
Seat 1: Chessnok (big blind) showed [Ts 7c] and won ($35.50) with a pair of Tens
Seat 6: HAOYUN88888 (button) (small blind) mucked


PokerStars Hand #169551923700:  Hold'em Limit ($3/$6 USD) - 2017/04/25 15:44:06 ET
Table 'Megaira III' 6-max Seat #1 is the button
Seat 1: Chessnok ($213.65 in chips)
Seat 6: HAOYUN88888 ($76.28 in chips)
Chessnok: posts small blind $1
HAOYUN88888: posts big blind $3
*** HOLE CARDS ***
Chessnok: raises $3 to $6
HAOYUN88888: calls $3
*** FLOP *** [Jc As 9c]
HAOYUN88888: checks
Chessnok: bets $3
HAOYUN88888: raises $3 to $6
Chessnok: calls $3
*** TURN *** [Jc As 9c] [Qc]
HAOYUN88888: bets $6
Chessnok: raises $6 to $12
HAOYUN88888: calls $6
*** RIVER *** [Jc As 9c Qc] [Qd]
HAOYUN88888: checks
Chessnok: bets $6
HAOYUN88888: folds
Uncalled bet ($6) returned to Chessnok
Chessnok collected $47.50 from pot
Chessnok: doesn't show hand
*** SUMMARY ***
Total pot $48 | Rake $0.50
Board [Jc As 9c Qc Qd]
Seat 1: Chessnok (button) (small blind) collected ($47.50)
Seat 6: HAOYUN88888 (big blind) folded on the River


PokerStars Hand #169551989844:  Hold'em Limit ($3/$6 USD) - 2017/04/25 15:45:09 ET
Table 'Megaira III' 6-max Seat #6 is the button
Seat 1: Chessnok ($257.65 in chips)
Seat 6: HAOYUN88888 ($91.28 in chips)
HAOYUN88888: posts small blind $1
Chessnok: posts big blind $3
*** HOLE CARDS ***
HAOYUN88888: raises $3 to $6
Chessnok: calls $3
*** FLOP *** [Jc Qd 7h]
Chessnok: checks
HAOYUN88888: bets $3
zxkz joins the table at seat #3
Chessnok: folds
Uncalled bet ($3) returned to HAOYUN88888
HAOYUN88888 collected $11.76 from pot
HAOYUN88888: doesn't show hand
vestimokrec joins the table at seat #4
*** SUMMARY ***
Total pot $12 | Rake $0.24
Board [Jc Qd 7h]
Seat 1: Chessnok (big blind) folded on the Flop
Seat 6: HAOYUN88888 (button) (small blind) collected ($11.76)


PokerStars Hand #169554396225:  Hold'em Limit ($3/$6 USD) - 2017/04/25 16:31:19 ET
Table 'Megaira III' 6-max Seat #4 is the button
Seat 1: Chessnok ($70.56 in chips)
Seat 4: **Geka**555 ($122.68 in chips)
**Geka**555: posts small blind $1
Chessnok: posts big blind $3
*** HOLE CARDS ***
**Geka**555: folds
Uncalled bet ($2) returned to Chessnok
Chessnok collected $2 from pot
Chessnok: doesn't show hand
*** SUMMARY ***
Total pot $2 | Rake $0
Seat 1: Chessnok (big blind) collected ($2)
Seat 4: **Geka**555 (button) (small blind) folded before Flop


PokerStars Hand #169554427500:  Hold'em Limit ($3/$6 USD) - 2017/04/25 16:31:54 ET
Table 'Megaira III' 6-max Seat #4 is the button
Seat 1: Chessnok ($62.56 in chips)
Seat 4: **Geka**555 ($130.32 in chips)
**Geka**555: posts small blind $1
Chessnok: posts big blind $3
*** HOLE CARDS ***
**Geka**555: folds
Uncalled bet ($2) returned to Chessnok
Chessnok collected $2 from pot
Chessnok: doesn't show hand
*** SUMMARY ***
Total pot $2 | Rake $0
Seat 1: Chessnok (big blind) collected ($2)
Seat 4: **Geka**555 (button) (small blind) folded before Flop


PokerStars Hand #169554401403:  Hold'em Limit ($3/$6 USD) - 2017/04/25 16:31:24 ET
Table 'Megaira III' 6-max Seat #1 is the button
Seat 1: Chessnok ($71.56 in chips)
Seat 4: **Geka**555 ($121.68 in chips)
Chessnok: posts small blind $1
**Geka**555: posts big blind $3
zxkz leaves the table
*** HOLE CARDS ***
Chessnok: raises $3 to $6
**Geka**555: calls $3
*** FLOP *** [4h Jd Ah]
**Geka**555: checks
Chessnok: bets $3
**Geka**555: calls $3
*** TURN *** [4h Jd Ah] [Qc]
**Geka**555: checks
Chessnok: checks
*** RIVER *** [4h Jd Ah Qc] [Kd]
**Geka**555: checks
Chessnok: checks
*** SHOW DOWN ***
**Geka**555: shows [7d Jc] (a pair of Jacks)
Chessnok: mucks hand
**Geka**555 collected $17.64 from pot
*** SUMMARY ***
Total pot $18 | Rake $0.36
Board [4h Jd Ah Qc Kd]
Seat 1: Chessnok (button) (small blind) mucked
Seat 4: **Geka**555 (big blind) showed [7d Jc] and won ($17.64) with a pair of Jacks


PokerStars Hand #169560171211:  Hold'em Limit ($3/$6 USD) - 2017/04/25 18:32:49 ET
Table 'Megaira III' 6-max Seat #6 is the button
Seat 5: Qvidde ($69.67 in chips)
Seat 6: NAV_SERGG ($57.68 in chips)
NAV_SERGG: posts small blind $1
Qvidde: posts big blind $3
*** HOLE CARDS ***
NAV_SERGG: folds
Uncalled bet ($2) returned to Qvidde
Qvidde collected $2 from pot
Qvidde: doesn't show hand
*** SUMMARY ***
Total pot $2 | Rake $0
Seat 5: Qvidde (big blind) collected ($2)
Seat 6: NAV_SERGG (button) (small blind) folded before Flop


PokerStars Hand #169560164774:  Hold'em Limit ($3/$6 USD) - 2017/04/25 18:32:39 ET
Table 'Megaira III' 6-max Seat #5 is the button
Seat 5: Qvidde ($70.67 in chips)
Seat 6: NAV_SERGG ($56.68 in chips)
Qvidde: posts small blind $1
NAV_SERGG: posts big blind $3
*** HOLE CARDS ***
Qvidde: folds
Uncalled bet ($2) returned to NAV_SERGG
NAV_SERGG collected $2 from pot
*** SUMMARY ***
Total pot $2 | Rake $0
Seat 5: Qvidde (button) (small blind) folded before Flop
Seat 6: NAV_SERGG (big blind) collected ($2)


PokerStars Hand #169560106176:  Hold'em Limit ($3/$6 USD) - 2017/04/25 18:31:14 ET
Table 'Megaira III' 6-max Seat #6 is the button
Seat 5: Qvidde ($85.67 in chips)
Seat 6: NAV_SERGG ($42.18 in chips)
NAV_SERGG: posts small blind $1
ToDaFelt: is sitting out
B_loJkl: is sitting out
Qvidde: posts big blind $3
*** HOLE CARDS ***
ToDaFelt leaves the table
NAV_SERGG: raises $3 to $6
Qvidde: calls $3
*** FLOP *** [6s 4s 7h]
Qvidde: checks
NAV_SERGG: bets $3
Qvidde: calls $3
*** TURN *** [6s 4s 7h] [Jc]
Qvidde: checks
NAV_SERGG: bets $6
Qvidde: calls $6
*** RIVER *** [6s 4s 7h Jc] [Jd]
Qvidde: checks
NAV_SERGG: bets $6
Qvidde: folds
Uncalled bet ($6) returned to NAV_SERGG
NAV_SERGG collected $29.50 from pot
*** SUMMARY ***
Total pot $30 | Rake $0.50
Board [6s 4s 7h Jc Jd]
Seat 5: Qvidde (big blind) folded on the River
Seat 6: NAV_SERGG (button) (small blind) collected ($29.50)


PokerStars Hand #169560176943:  Hold'em Limit ($3/$6 USD) - 2017/04/25 18:32:57 ET
Table 'Megaira III' 6-max Seat #5 is the button
Seat 5: Qvidde ($70.67 in chips)
Seat 6: NAV_SERGG ($56.68 in chips)
Qvidde: posts small blind $1
NAV_SERGG: posts big blind $3
*** HOLE CARDS ***
Qvidde: raises $3 to $6
NAV_SERGG: calls $3
*** FLOP *** [4h 3s 7h]
NAV_SERGG: checks
Qvidde: bets $3
NAV_SERGG: calls $3
*** TURN *** [4h 3s 7h] [9d]
NAV_SERGG: bets $6
Qvidde: folds
Uncalled bet ($6) returned to NAV_SERGG
NAV_SERGG collected $17.64 from pot
*** SUMMARY ***
Total pot $18 | Rake $0.36
Board [4h 3s 7h 9d]
Seat 5: Qvidde (button) (small blind) folded on the Turn
Seat 6: NAV_SERGG (big blind) collected ($17.64)


PokerStars Hand #169560218172:  Hold'em Limit ($3/$6 USD) - 2017/04/25 18:33:57 ET
Table 'Megaira III' 6-max Seat #6 is the button
Seat 5: Qvidde ($61.67 in chips)
Seat 6: NAV_SERGG ($65.32 in chips)
NAV_SERGG: posts small blind $1
Qvidde: posts big blind $3
*** HOLE CARDS ***
NAV_SERGG: raises $3 to $6
Qvidde: calls $3
*** FLOP *** [Ah Jd 9c]
Qvidde: checks
NAV_SERGG: checks
*** TURN *** [Ah Jd 9c] [3d]
Qvidde: bets $6
NAV_SERGG: calls $6
*** RIVER *** [Ah Jd 9c 3d] [6h]
Qvidde: bets $6
NAV_SERGG: raises $6 to $12
Qvidde: calls $6
*** SHOW DOWN ***
NAV_SERGG: shows [7h 7c] (a pair of Sevens)
Qvidde: shows [2d As] (a pair of Aces)
Qvidde collected $47.50 from pot
*** SUMMARY ***
Total pot $48 | Rake $0.50
Board [Ah Jd 9c 3d 6h]
Seat 5: Qvidde (big blind) showed [2d As] and won ($47.50) with a pair of Aces
Seat 6: NAV_SERGG (button) (small blind) showed [7h 7c] and lost with a pair of Sevens


