PokerStars Hand #174550049217:  Hold'em Limit ($3/$6 USD) - 2017/08/19 20:12:36 ET
Table 'Megaira' 6-max Seat #3 is the button
Seat 3: nikolnik21 ($159.50 in chips)
Seat 5: ChaseMeIfUC ($20 in chips)
nikolnik21: posts small blind $1
ChaseMeIfUC: posts big blind $3
*** HOLE CARDS ***
nikolnik21: raises $3 to $6
ChaseMeIfUC: folds
Uncalled bet ($3) returned to nikolnik21
nikolnik21 collected $6 from pot
nikolnik21: doesn't show hand
*** SUMMARY ***
Total pot $6 | Rake $0
Seat 3: nikolnik21 (button) (small blind) collected ($6)
Seat 5: ChaseMeIfUC (big blind) folded before Flop


PokerStars Hand #174550045959:  Hold'em Limit ($3/$6 USD) - 2017/08/19 20:12:29 ET
Table 'Megaira' 6-max Seat #5 is the button
Seat 3: nikolnik21 ($158.50 in chips)
Seat 5: ChaseMeIfUC ($21 in chips)
ChaseMeIfUC: posts small blind $1
nikolnik21: posts big blind $3
*** HOLE CARDS ***
ChaseMeIfUC: folds
Uncalled bet ($2) returned to nikolnik21
nikolnik21 collected $2 from pot
nikolnik21: doesn't show hand
*** SUMMARY ***
Total pot $2 | Rake $0
Seat 3: nikolnik21 (big blind) collected ($2)
Seat 5: ChaseMeIfUC (button) (small blind) folded before Flop


PokerStars Hand #174550033017:  Hold'em Limit ($3/$6 USD) - 2017/08/19 20:12:01 ET
Table 'Megaira' 6-max Seat #3 is the button
Seat 3: nikolnik21 ($120 in chips)
Seat 5: ChaseMeIfUC ($60 in chips)
nikolnik21: posts small blind $1
ChaseMeIfUC: posts big blind $3
*** HOLE CARDS ***
nikolnik21: raises $3 to $6
ChaseMeIfUC: calls $3
*** FLOP *** [3c 4h 4d]
ChaseMeIfUC: checks
nikolnik21: bets $3
ChaseMeIfUC: calls $3
*** TURN *** [3c 4h 4d] [4c]
ChaseMeIfUC: checks
nikolnik21: bets $6
ChaseMeIfUC: calls $6
*** RIVER *** [3c 4h 4d 4c] [Qh]
ChaseMeIfUC: bets $6
nikolnik21: raises $6 to $12
ChaseMeIfUC: raises $6 to $18
nikolnik21: raises $6 to $24
Betting is capped
ChaseMeIfUC: calls $6
*** SHOW DOWN ***
nikolnik21: shows [Qs Qd] (a full house, Queens full of Fours)
ChaseMeIfUC: mucks hand
nikolnik21 collected $77.50 from pot
*** SUMMARY ***
Total pot $78 | Rake $0.50
Board [3c 4h 4d 4c Qh]
Seat 3: nikolnik21 (button) (small blind) showed [Qs Qd] and won ($77.50) with a full house, Queens full of Fours
Seat 5: ChaseMeIfUC (big blind) mucked


PokerStars Hand #174550053401:  Hold'em Limit ($3/$6 USD) - 2017/08/19 20:12:45 ET
Table 'Megaira' 6-max Seat #5 is the button
Seat 3: nikolnik21 ($162.50 in chips)
Seat 5: ChaseMeIfUC ($17 in chips)
ChaseMeIfUC: posts small blind $1
nikolnik21: posts big blind $3
*** HOLE CARDS ***
ChaseMeIfUC: raises $3 to $6
habari786 joins the table at seat #4
nikolnik21: folds
Uncalled bet ($3) returned to ChaseMeIfUC
ChaseMeIfUC collected $6 from pot
ChaseMeIfUC: doesn't show hand
*** SUMMARY ***
Total pot $6 | Rake $0
Seat 3: nikolnik21 (big blind) folded before Flop
Seat 5: ChaseMeIfUC (button) (small blind) collected ($6)


