PokerStars Hand #157787184598:  Hold'em Limit ($3/$6 USD) - 2016/08/26 22:11:47 ET
Table 'Meges' 6-max Seat #3 is the button
Seat 3: AzureCaper ($80.64 in chips)
Seat 5: nutsbaby10-8 ($89.49 in chips)
AzureCaper: posts small blind $1
nutsbaby10-8: posts big blind $3
*** HOLE CARDS ***
AzureCaper: folds
Uncalled bet ($2) returned to nutsbaby10-8
nutsbaby10-8 collected $2 from pot
nutsbaby10-8: doesn't show hand
*** SUMMARY ***
Total pot $2 | Rake $0
Seat 3: AzureCaper (button) (small blind) folded before Flop
Seat 5: nutsbaby10-8 (big blind) collected ($2)


PokerStars Hand #157787177468:  Hold'em Limit ($3/$6 USD) - 2016/08/26 22:11:27 ET
Table 'Meges' 6-max Seat #5 is the button
Seat 3: AzureCaper ($72 in chips)
Seat 5: nutsbaby10-8 ($98.49 in chips)
nutsbaby10-8: posts small blind $1
AzureCaper: posts big blind $3
*** HOLE CARDS ***
nutsbaby10-8: raises $3 to $6
AzureCaper: calls $3
*** FLOP *** [6s 3c 9h]
AzureCaper: checks
nutsbaby10-8: bets $3
AzureCaper: raises $3 to $6
nutsbaby10-8: folds
Uncalled bet ($3) returned to AzureCaper
AzureCaper collected $17.64 from pot
AzureCaper: doesn't show hand
*** SUMMARY ***
Total pot $18 | Rake $0.36
Board [6s 3c 9h]
Seat 3: AzureCaper (big blind) collected ($17.64)
Seat 5: nutsbaby10-8 (button) (small blind) folded on the Flop


PokerStars Hand #157787186462:  Hold'em Limit ($3/$6 USD) - 2016/08/26 22:11:53 ET
Table 'Meges' 6-max Seat #5 is the button
Seat 3: AzureCaper ($79.64 in chips)
Seat 5: nutsbaby10-8 ($90.49 in chips)
nutsbaby10-8: posts small blind $1
AzureCaper: posts big blind $3
*** HOLE CARDS ***
nutsbaby10-8: raises $3 to $6
AzureCaper: folds
Uncalled bet ($3) returned to nutsbaby10-8
nutsbaby10-8 collected $6 from pot
nutsbaby10-8: doesn't show hand
*** SUMMARY ***
Total pot $6 | Rake $0
Seat 3: AzureCaper (big blind) folded before Flop
Seat 5: nutsbaby10-8 (button) (small blind) collected ($6)


PokerStars Hand #157787188756:  Hold'em Limit ($3/$6 USD) - 2016/08/26 22:11:59 ET
Table 'Meges' 6-max Seat #3 is the button
Seat 3: AzureCaper ($76.64 in chips)
Seat 5: nutsbaby10-8 ($93.49 in chips)
AzureCaper: posts small blind $1
nutsbaby10-8: posts big blind $3
*** HOLE CARDS ***
AzureCaper: folds
Uncalled bet ($2) returned to nutsbaby10-8
nutsbaby10-8 collected $2 from pot
nutsbaby10-8: doesn't show hand
*** SUMMARY ***
Total pot $2 | Rake $0
Seat 3: AzureCaper (button) (small blind) folded before Flop
Seat 5: nutsbaby10-8 (big blind) collected ($2)


PokerStars Hand #157787201404:  Hold'em Limit ($3/$6 USD) - 2016/08/26 22:12:35 ET
Table 'Meges' 6-max Seat #5 is the button
Seat 3: AzureCaper ($92.92 in chips)
Seat 5: nutsbaby10-8 ($76.49 in chips)
nutsbaby10-8: posts small blind $1
AzureCaper: posts big blind $3
*** HOLE CARDS ***
nutsbaby10-8: raises $3 to $6
RaisemyNut$ joins the table at seat #6
AzureCaper: folds
Uncalled bet ($3) returned to nutsbaby10-8
nutsbaby10-8 collected $6 from pot
nutsbaby10-8: doesn't show hand
*** SUMMARY ***
Total pot $6 | Rake $0
Seat 3: AzureCaper (big blind) folded before Flop
Seat 5: nutsbaby10-8 (button) (small blind) collected ($6)


PokerStars Hand #157787198110:  Hold'em Limit ($3/$6 USD) - 2016/08/26 22:12:26 ET
Table 'Meges' 6-max Seat #3 is the button
Seat 3: AzureCaper ($87.16 in chips)
Seat 5: nutsbaby10-8 ($82.49 in chips)
AzureCaper: posts small blind $1
nutsbaby10-8: posts big blind $3
*** HOLE CARDS ***
AzureCaper: raises $3 to $6
nutsbaby10-8: calls $3
*** FLOP *** [4s Jc Kd]
nutsbaby10-8: checks
AzureCaper: bets $3
nutsbaby10-8: folds
Uncalled bet ($3) returned to AzureCaper
AzureCaper collected $11.76 from pot
AzureCaper: doesn't show hand
*** SUMMARY ***
Total pot $12 | Rake $0.24
Board [4s Jc Kd]
Seat 3: AzureCaper (button) (small blind) collected ($11.76)
Seat 5: nutsbaby10-8 (big blind) folded on the Flop


PokerStars Hand #157787203729:  Hold'em Limit ($3/$6 USD) - 2016/08/26 22:12:42 ET
Table 'Meges' 6-max Seat #3 is the button
Seat 3: AzureCaper ($89.92 in chips)
Seat 5: nutsbaby10-8 ($79.49 in chips)
AzureCaper: posts small blind $1
nutsbaby10-8: posts big blind $3
*** HOLE CARDS ***
AzureCaper: raises $3 to $6
nutsbaby10-8: raises $3 to $9
AzureCaper: calls $3
*** FLOP *** [Jd 9d 3c]
nutsbaby10-8: bets $3
AzureCaper: calls $3
*** TURN *** [Jd 9d 3c] [7s]
nutsbaby10-8: bets $6
AzureCaper: raises $6 to $12
nutsbaby10-8: calls $6
*** RIVER *** [Jd 9d 3c 7s] [Ks]
nutsbaby10-8: checks
AzureCaper: bets $6
nutsbaby10-8: calls $6
*** SHOW DOWN ***
AzureCaper: shows [Jh Td] (a pair of Jacks)
nutsbaby10-8: mucks hand
AzureCaper collected $59.50 from pot
*** SUMMARY ***
Total pot $60 | Rake $0.50
Board [Jd 9d 3c 7s Ks]
Seat 3: AzureCaper (button) (small blind) showed [Jh Td] and won ($59.50) with a pair of Jacks
Seat 5: nutsbaby10-8 (big blind) mucked


PokerStars Hand #157787191813:  Hold'em Limit ($3/$6 USD) - 2016/08/26 22:12:08 ET
Table 'Meges' 6-max Seat #5 is the button
Seat 3: AzureCaper ($75.64 in chips)
Seat 5: nutsbaby10-8 ($94.49 in chips)
nutsbaby10-8: posts small blind $1
AzureCaper: posts big blind $3
*** HOLE CARDS ***
nutsbaby10-8: raises $3 to $6
AzureCaper: raises $3 to $9
nutsbaby10-8: calls $3
*** FLOP *** [4c 3d 4d]
AzureCaper: bets $3
nutsbaby10-8: calls $3
*** TURN *** [4c 3d 4d] [Ad]
AzureCaper: bets $6
nutsbaby10-8: folds
Uncalled bet ($6) returned to AzureCaper
AzureCaper collected $23.52 from pot
AzureCaper: doesn't show hand
*** SUMMARY ***
Total pot $24 | Rake $0.48
Board [4c 3d 4d Ad]
Seat 3: AzureCaper (big blind) collected ($23.52)
Seat 5: nutsbaby10-8 (button) (small blind) folded on the Turn


PokerStars Hand #157787299792:  Hold'em Limit ($3/$6 USD) - 2016/08/26 22:17:19 ET
Table 'Meges' 6-max Seat #6 is the button
Seat 3: AzureCaper ($128.49 in chips)
Seat 6: RaisemyNut$ ($149.86 in chips)
RaisemyNut$: posts small blind $1
AzureCaper: posts big blind $3
*** HOLE CARDS ***
RaisemyNut$: folds
Uncalled bet ($2) returned to AzureCaper
AzureCaper collected $2 from pot
AzureCaper: doesn't show hand
nutsbaby10-8 leaves the table
*** SUMMARY ***
Total pot $2 | Rake $0
Seat 3: AzureCaper (big blind) collected ($2)
Seat 6: RaisemyNut$ (button) (small blind) folded before Flop


