PokerStars Hand #167650716151:  Hold'em Limit ($3/$6 USD) - 2017/03/16 1:42:21 ET
Table 'Meges' 6-max Seat #1 is the button
Seat 1: Chessnok ($204.08 in chips)
Seat 4: kudongo ($93.95 in chips)
Chessnok: posts small blind $1
kudongo: posts big blind $3
*** HOLE CARDS ***
Chessnok: folds
Uncalled bet ($2) returned to kudongo
kudongo collected $2 from pot
kudongo: doesn't show hand
*** SUMMARY ***
Total pot $2 | Rake $0
Seat 1: Chessnok (button) (small blind) folded before Flop
Seat 4: kudongo (big blind) collected ($2)


PokerStars Hand #167650714587:  Hold'em Limit ($3/$6 USD) - 2017/03/16 1:42:15 ET
Table 'Meges' 6-max Seat #4 is the button
Seat 1: Chessnok ($203.08 in chips)
Seat 4: kudongo ($94.95 in chips)
kudongo: posts small blind $1
vouqvou2009: is sitting out
Chessnok: posts big blind $3
*** HOLE CARDS ***
craaa joins the table at seat #5
kudongo: folds
Uncalled bet ($2) returned to Chessnok
Chessnok collected $2 from pot
Chessnok: doesn't show hand
*** SUMMARY ***
Total pot $2 | Rake $0
Seat 1: Chessnok (big blind) collected ($2)
Seat 4: kudongo (button) (small blind) folded before Flop


PokerStars Hand #167650805292:  Hold'em Limit ($3/$6 USD) - 2017/03/16 1:48:24 ET
Table 'Meges' 6-max Seat #1 is the button
Seat 1: Chessnok ($237.09 in chips)
Seat 6: vouqvou2009 ($78.81 in chips)
Chessnok: posts small blind $1
craaa: is sitting out
vouqvou2009: posts big blind $3
*** HOLE CARDS ***
Chessnok: raises $3 to $6
craaa leaves the table
vouqvou2009: folds
Uncalled bet ($3) returned to Chessnok
Chessnok collected $6 from pot
Chessnok: doesn't show hand
*** SUMMARY ***
Total pot $6 | Rake $0
Seat 1: Chessnok (button) (small blind) collected ($6)
Seat 6: vouqvou2009 (big blind) folded before Flop


PokerStars Hand #167650807342:  Hold'em Limit ($3/$6 USD) - 2017/03/16 1:48:33 ET
Table 'Meges' 6-max Seat #6 is the button
Seat 1: Chessnok ($240.09 in chips)
Seat 6: vouqvou2009 ($75.81 in chips)
vouqvou2009: posts small blind $1
Chessnok: posts big blind $3
*** HOLE CARDS ***
vouqvou2009: calls $2
Chessnok: raises $3 to $6
vouqvou2009: calls $3
*** FLOP *** [Js 5h 2d]
Chessnok: bets $3
vouqvou2009: calls $3
*** TURN *** [Js 5h 2d] [6s]
Chessnok: checks
vouqvou2009: bets $6
Chessnok: folds
Uncalled bet ($6) returned to vouqvou2009
vouqvou2009 collected $17.64 from pot
*** SUMMARY ***
Total pot $18 | Rake $0.36
Board [Js 5h 2d 6s]
Seat 1: Chessnok (big blind) folded on the Turn
Seat 6: vouqvou2009 (button) (small blind) collected ($17.64)


