PokerStars Hand #149684930817:  Hold'em Limit ($3/$6 USD) - 2016/03/01 15:51:29 ET
Table 'Meges III' 10-max Seat #10 is the button
Seat 1: VolkovDmitri ($132.76 in chips)
Seat 10: DeKirov ($157 in chips)
DeKirov: posts small blind $1
VolkovDmitri: posts big blind $3
*** HOLE CARDS ***
DeKirov: raises $3 to $6
VolkovDmitri: calls $3
*** FLOP *** [8h 3c Ts]
VolkovDmitri: checks
DeKirov: checks
*** TURN *** [8h 3c Ts] [Td]
VolkovDmitri: bets $6
DeKirov: calls $6
*** RIVER *** [8h 3c Ts Td] [4c]
VolkovDmitri: bets $6
DeKirov: folds
Uncalled bet ($6) returned to VolkovDmitri
VolkovDmitri collected $23.52 from pot
VolkovDmitri: doesn't show hand
*** SUMMARY ***
Total pot $24 | Rake $0.48
Board [8h 3c Ts Td 4c]
Seat 1: VolkovDmitri (big blind) collected ($23.52)
Seat 10: DeKirov (button) (small blind) folded on the River


PokerStars Hand #149684925313:  Hold'em Limit ($3/$6 USD) - 2016/03/01 15:51:24 ET
Table 'Meges III' 10-max Seat #1 is the button
Seat 1: VolkovDmitri ($129.76 in chips)
Seat 10: DeKirov ($160 in chips)
VolkovDmitri: posts small blind $1
DeKirov: posts big blind $3
*** HOLE CARDS ***
VolkovDmitri: raises $3 to $6
DeKirov: folds
Uncalled bet ($3) returned to VolkovDmitri
VolkovDmitri collected $6 from pot
VolkovDmitri: doesn't show hand
*** SUMMARY ***
Total pot $6 | Rake $0
Seat 1: VolkovDmitri (button) (small blind) collected ($6)
Seat 10: DeKirov (big blind) folded before Flop


PokerStars Hand #149684908301:  Hold'em Limit ($3/$6 USD) - 2016/03/01 15:51:08 ET
Table 'Meges III' 10-max Seat #10 is the button
Seat 1: VolkovDmitri ($124 in chips)
Seat 10: DeKirov ($166 in chips)
DeKirov: posts small blind $1
VolkovDmitri: posts big blind $3
*** HOLE CARDS ***
DeKirov: raises $3 to $6
VolkovDmitri: calls $3
*** FLOP *** [Kc Jd 5h]
VolkovDmitri: checks
DeKirov: checks
*** TURN *** [Kc Jd 5h] [Ks]
VolkovDmitri: bets $6
DeKirov: folds
Uncalled bet ($6) returned to VolkovDmitri
VolkovDmitri collected $11.76 from pot
VolkovDmitri: doesn't show hand
*** SUMMARY ***
Total pot $12 | Rake $0.24
Board [Kc Jd 5h Ks]
Seat 1: VolkovDmitri (big blind) collected ($11.76)
Seat 10: DeKirov (button) (small blind) folded on the Turn


PokerStars Hand #149684900820:  Hold'em Limit ($3/$6 USD) - 2016/03/01 15:51:00 ET
Table 'Meges III' 10-max Seat #1 is the button
Seat 1: VolkovDmitri ($121 in chips)
Seat 10: DeKirov ($169 in chips)
VolkovDmitri: posts small blind $1
DeKirov: posts big blind $3
*** HOLE CARDS ***
VolkovDmitri: raises $3 to $6
DeKirov: folds
Uncalled bet ($3) returned to VolkovDmitri
VolkovDmitri collected $6 from pot
VolkovDmitri: doesn't show hand
*** SUMMARY ***
Total pot $6 | Rake $0
Seat 1: VolkovDmitri (button) (small blind) collected ($6)
Seat 10: DeKirov (big blind) folded before Flop


PokerStars Hand #149684895760:  Hold'em Limit ($3/$6 USD) - 2016/03/01 15:50:55 ET
Table 'Meges III' 10-max Seat #10 is the button
Seat 1: VolkovDmitri ($120 in chips)
Seat 10: DeKirov ($170 in chips)
DeKirov: posts small blind $1
VolkovDmitri: posts big blind $3
*** HOLE CARDS ***
DeKirov: folds
Uncalled bet ($2) returned to VolkovDmitri
VolkovDmitri collected $2 from pot
VolkovDmitri: doesn't show hand
*** SUMMARY ***
Total pot $2 | Rake $0
Seat 1: VolkovDmitri (big blind) collected ($2)
Seat 10: DeKirov (button) (small blind) folded before Flop


PokerStars Hand #149684876110:  Hold'em Limit ($3/$6 USD) - 2016/03/01 15:50:37 ET
Table 'Meges III' 10-max Seat #1 is the button
Seat 1: VolkovDmitri ($120 in chips)
Seat 10: DeKirov ($149.50 in chips)
VolkovDmitri: posts small blind $1
DeKirov: posts big blind $3
*** HOLE CARDS ***
VolkovDmitri: raises $3 to $6
DeKirov: calls $3
*** FLOP *** [Ks 2c Ac]
DeKirov: checks
VolkovDmitri: bets $3
DeKirov: calls $3
*** TURN *** [Ks 2c Ac] [5d]
DeKirov: checks
VolkovDmitri: bets $6
DeKirov: calls $6
*** RIVER *** [Ks 2c Ac 5d] [As]
DeKirov: checks
VolkovDmitri: bets $6
DeKirov: calls $6
*** SHOW DOWN ***
VolkovDmitri: shows [3d Kh] (two pair, Aces and Kings)
DeKirov: shows [9h Kd] (two pair, Aces and Kings - Nine kicker)
DeKirov collected $41.50 from pot
*** SUMMARY ***
Total pot $42 | Rake $0.50
Board [Ks 2c Ac 5d As]
Seat 1: VolkovDmitri (button) (small blind) showed [3d Kh] and lost with two pair, Aces and Kings
Seat 10: DeKirov (big blind) showed [9h Kd] and won ($41.50) with two pair, Aces and Kings


PokerStars Hand #149684987493:  Hold'em Limit ($3/$6 USD) - 2016/03/01 15:52:24 ET
Table 'Meges III' 10-max Seat #1 is the button
Seat 1: VolkovDmitri ($120 in chips)
Seat 10: DeKirov ($183.14 in chips)
VolkovDmitri: posts small blind $1
DeKirov: posts big blind $3
*** HOLE CARDS ***
VolkovDmitri: raises $3 to $6
DeKirov: calls $3
*** FLOP *** [8h Qh Js]
DeKirov: checks
VolkovDmitri: bets $3
DeKirov: calls $3
*** TURN *** [8h Qh Js] [8c]
DeKirov: checks
VolkovDmitri: checks
*** RIVER *** [8h Qh Js 8c] [7h]
DeKirov: bets $6
VolkovDmitri: calls $6
*** SHOW DOWN ***
DeKirov: shows [Ts 8s] (three of a kind, Eights)
VolkovDmitri: mucks hand
DeKirov collected $29.50 from pot
*** SUMMARY ***
Total pot $30 | Rake $0.50
Board [8h Qh Js 8c 7h]
Seat 1: VolkovDmitri (button) (small blind) mucked
Seat 10: DeKirov (big blind) showed [Ts 8s] and won ($29.50) with three of a kind, Eights


PokerStars Hand #149684971239:  Hold'em Limit ($3/$6 USD) - 2016/03/01 15:52:08 ET
Table 'Meges III' 10-max Seat #10 is the button
Seat 1: VolkovDmitri ($120 in chips)
Seat 10: DeKirov ($174.50 in chips)
DeKirov: posts small blind $1
VolkovDmitri: posts big blind $3
*** HOLE CARDS ***
DeKirov: calls $2
VolkovDmitri: raises $3 to $6
DeKirov: calls $3
*** FLOP *** [6s Qs 8h]
VolkovDmitri: bets $3
DeKirov: calls $3
*** TURN *** [6s Qs 8h] [5d]
VolkovDmitri: checks
DeKirov: bets $6
VolkovDmitri: folds
Uncalled bet ($6) returned to DeKirov
DeKirov collected $17.64 from pot
DeKirov: doesn't show hand
*** SUMMARY ***
Total pot $18 | Rake $0.36
Board [6s Qs 8h 5d]
Seat 1: VolkovDmitri (big blind) folded on the Turn
Seat 10: DeKirov (button) (small blind) collected ($17.64)


PokerStars Hand #149684948564:  Hold'em Limit ($3/$6 USD) - 2016/03/01 15:51:46 ET
Table 'Meges III' 10-max Seat #1 is the button
Seat 1: VolkovDmitri ($144.28 in chips)
Seat 10: DeKirov ($145 in chips)
VolkovDmitri: posts small blind $1
DeKirov: posts big blind $3
*** HOLE CARDS ***
VolkovDmitri: raises $3 to $6
DeKirov: raises $3 to $9
VolkovDmitri: calls $3
*** FLOP *** [2d 7s 5h]
DeKirov: checks
VolkovDmitri: bets $3
DeKirov: calls $3
*** TURN *** [2d 7s 5h] [9s]
DeKirov: checks
VolkovDmitri: bets $6
DeKirov: raises $6 to $12
VolkovDmitri: calls $6
*** RIVER *** [2d 7s 5h 9s] [Qd]
DeKirov: bets $6
VolkovDmitri: calls $6
*** SHOW DOWN ***
DeKirov: shows [9d 8d] (a pair of Nines)
VolkovDmitri: mucks hand
DeKirov collected $59.50 from pot
*** SUMMARY ***
Total pot $60 | Rake $0.50
Board [2d 7s 5h 9s Qd]
Seat 1: VolkovDmitri (button) (small blind) mucked
Seat 10: DeKirov (big blind) showed [9d 8d] and won ($59.50) with a pair of Nines


PokerStars Hand #149685068629:  Hold'em Limit ($3/$6 USD) - 2016/03/01 15:53:42 ET
Table 'Meges III' 10-max Seat #10 is the button
Seat 1: VolkovDmitri ($137.50 in chips)
Seat 10: DeKirov ($179.16 in chips)
DeKirov: posts small blind $1
VolkovDmitri: posts big blind $3
*** HOLE CARDS ***
DeKirov: folds
Uncalled bet ($2) returned to VolkovDmitri
VolkovDmitri collected $2 from pot
VolkovDmitri: doesn't show hand
*** SUMMARY ***
Total pot $2 | Rake $0
Seat 1: VolkovDmitri (big blind) collected ($2)
Seat 10: DeKirov (button) (small blind) folded before Flop


PokerStars Hand #149685061905:  Hold'em Limit ($3/$6 USD) - 2016/03/01 15:53:36 ET
Table 'Meges III' 10-max Seat #1 is the button
Seat 1: VolkovDmitri ($134.50 in chips)
Seat 10: DeKirov ($182.16 in chips)
VolkovDmitri: posts small blind $1
DeKirov: posts big blind $3
*** HOLE CARDS ***
VolkovDmitri: raises $3 to $6
DeKirov: folds
Uncalled bet ($3) returned to VolkovDmitri
VolkovDmitri collected $6 from pot
VolkovDmitri: doesn't show hand
*** SUMMARY ***
Total pot $6 | Rake $0
Seat 1: VolkovDmitri (button) (small blind) collected ($6)
Seat 10: DeKirov (big blind) folded before Flop


PokerStars Hand #149685044316:  Hold'em Limit ($3/$6 USD) - 2016/03/01 15:53:19 ET
Table 'Meges III' 10-max Seat #10 is the button
Seat 1: VolkovDmitri ($120 in chips)
Seat 10: DeKirov ($197.16 in chips)
DeKirov: posts small blind $1
VolkovDmitri: posts big blind $3
*** HOLE CARDS ***
DeKirov: calls $2
VolkovDmitri: raises $3 to $6
DeKirov: calls $3
*** FLOP *** [Kc 6h 3s]
VolkovDmitri: bets $3
DeKirov: calls $3
*** TURN *** [Kc 6h 3s] [6c]
VolkovDmitri: bets $6
DeKirov: calls $6
*** RIVER *** [Kc 6h 3s 6c] [Ts]
VolkovDmitri: bets $6
DeKirov: folds
Uncalled bet ($6) returned to VolkovDmitri
VolkovDmitri collected $29.50 from pot
VolkovDmitri: doesn't show hand
*** SUMMARY ***
Total pot $30 | Rake $0.50
Board [Kc 6h 3s 6c Ts]
Seat 1: VolkovDmitri (big blind) collected ($29.50)
Seat 10: DeKirov (button) (small blind) folded on the River


PokerStars Hand #149685020518:  Hold'em Limit ($3/$6 USD) - 2016/03/01 15:52:56 ET
Table 'Meges III' 10-max Seat #1 is the button
Seat 1: VolkovDmitri ($131.52 in chips)
Seat 10: DeKirov ($185.64 in chips)
VolkovDmitri: posts small blind $1
DeKirov: posts big blind $3
*** HOLE CARDS ***
VolkovDmitri: raises $3 to $6
DeKirov: raises $3 to $9
VolkovDmitri: calls $3
*** FLOP *** [Jh 5h 8c]
DeKirov: checks
VolkovDmitri: bets $3
DeKirov: calls $3
*** TURN *** [Jh 5h 8c] [9s]
DeKirov: checks
VolkovDmitri: checks
*** RIVER *** [Jh 5h 8c 9s] [7h]
DeKirov: bets $6
VolkovDmitri: folds
Uncalled bet ($6) returned to DeKirov
DeKirov collected $23.52 from pot
DeKirov: doesn't show hand
*** SUMMARY ***
Total pot $24 | Rake $0.48
Board [Jh 5h 8c 9s 7h]
Seat 1: VolkovDmitri (button) (small blind) folded on the River
Seat 10: DeKirov (big blind) collected ($23.52)


PokerStars Hand #149685005509:  Hold'em Limit ($3/$6 USD) - 2016/03/01 15:52:41 ET
Table 'Meges III' 10-max Seat #10 is the button
Seat 1: VolkovDmitri ($120 in chips)
Seat 10: DeKirov ($197.64 in chips)
DeKirov: posts small blind $1
VolkovDmitri: posts big blind $3
*** HOLE CARDS ***
DeKirov: raises $3 to $6
VolkovDmitri: raises $3 to $9
DeKirov: calls $3
*** FLOP *** [6h 4d 9c]
VolkovDmitri: bets $3
DeKirov: calls $3
*** TURN *** [6h 4d 9c] [Js]
VolkovDmitri: bets $6
DeKirov: folds
Uncalled bet ($6) returned to VolkovDmitri
VolkovDmitri collected $23.52 from pot
VolkovDmitri: doesn't show hand
*** SUMMARY ***
Total pot $24 | Rake $0.48
Board [6h 4d 9c Js]
Seat 1: VolkovDmitri (big blind) collected ($23.52)
Seat 10: DeKirov (button) (small blind) folded on the Turn


PokerStars Hand #149685130445:  Hold'em Limit ($3/$6 USD) - 2016/03/01 15:54:42 ET
Table 'Meges III' 10-max Seat #10 is the button
Seat 1: VolkovDmitri ($183 in chips)
Seat 10: DeKirov ($132.92 in chips)
DeKirov: posts small blind $1
VolkovDmitri: posts big blind $3
*** HOLE CARDS ***
DeKirov: raises $3 to $6
VolkovDmitri: raises $3 to $9
DeKirov: calls $3
*** FLOP *** [9d 4h Qc]
VolkovDmitri: bets $3
DeKirov: calls $3
*** TURN *** [9d 4h Qc] [5h]
VolkovDmitri: checks
DeKirov: bets $6
VolkovDmitri: calls $6
*** RIVER *** [9d 4h Qc 5h] [7c]
VolkovDmitri: checks
DeKirov: bets $6
VolkovDmitri: calls $6
*** SHOW DOWN ***
DeKirov: shows [8d Td] (high card Queen)
VolkovDmitri: shows [2d 2h] (a pair of Deuces)
VolkovDmitri collected $47.50 from pot
*** SUMMARY ***
Total pot $48 | Rake $0.50
Board [9d 4h Qc 5h 7c]
Seat 1: VolkovDmitri (big blind) showed [2d 2h] and won ($47.50) with a pair of Deuces
Seat 10: DeKirov (button) (small blind) showed [8d Td] and lost with high card Queen


PokerStars Hand #149685197099:  Hold'em Limit ($3/$6 USD) - 2016/03/01 15:55:55 ET
Table 'Meges III' 10-max Seat #10 is the button
Seat 1: VolkovDmitri ($192.50 in chips)
Seat 10: DeKirov ($122.42 in chips)
DeKirov: posts small blind $1
VolkovDmitri: posts big blind $3
*** HOLE CARDS ***
DeKirov: folds
Uncalled bet ($2) returned to VolkovDmitri
VolkovDmitri collected $2 from pot
VolkovDmitri: doesn't show hand
*** SUMMARY ***
Total pot $2 | Rake $0
Seat 1: VolkovDmitri (big blind) collected ($2)
Seat 10: DeKirov (button) (small blind) folded before Flop


PokerStars Hand #149685189653:  Hold'em Limit ($3/$6 USD) - 2016/03/01 15:55:46 ET
Table 'Meges III' 10-max Seat #1 is the button
Seat 1: VolkovDmitri ($189.50 in chips)
Seat 10: DeKirov ($125.42 in chips)
VolkovDmitri: posts small blind $1
DeKirov: posts big blind $3
*** HOLE CARDS ***
CaptainHadok joins the table at seat #6
VolkovDmitri: raises $3 to $6
DeKirov: folds
Uncalled bet ($3) returned to VolkovDmitri
VolkovDmitri collected $6 from pot
VolkovDmitri: doesn't show hand
*** SUMMARY ***
Total pot $6 | Rake $0
Seat 1: VolkovDmitri (button) (small blind) collected ($6)
Seat 10: DeKirov (big blind) folded before Flop


PokerStars Hand #149685185691:  Hold'em Limit ($3/$6 USD) - 2016/03/01 15:55:41 ET
Table 'Meges III' 10-max Seat #10 is the button
Seat 1: VolkovDmitri ($188.50 in chips)
Seat 10: DeKirov ($126.42 in chips)
DeKirov: posts small blind $1
VolkovDmitri: posts big blind $3
*** HOLE CARDS ***
DeKirov: folds
Uncalled bet ($2) returned to VolkovDmitri
VolkovDmitri collected $2 from pot
VolkovDmitri: doesn't show hand
*** SUMMARY ***
Total pot $2 | Rake $0
Seat 1: VolkovDmitri (big blind) collected ($2)
Seat 10: DeKirov (button) (small blind) folded before Flop


PokerStars Hand #149685156797:  Hold'em Limit ($3/$6 USD) - 2016/03/01 15:55:08 ET
Table 'Meges III' 10-max Seat #1 is the button
Seat 1: VolkovDmitri ($206.50 in chips)
Seat 10: DeKirov ($108.92 in chips)
VolkovDmitri: posts small blind $1
DeKirov: posts big blind $3
*** HOLE CARDS ***
VolkovDmitri: calls $2
DeKirov: raises $3 to $6
VolkovDmitri: calls $3
*** FLOP *** [Ks 4h 5s]
DeKirov: checks
VolkovDmitri: bets $3
DeKirov: raises $3 to $6
VolkovDmitri: calls $3
*** TURN *** [Ks 4h 5s] [6c]
DeKirov: checks
VolkovDmitri: bets $6
DeKirov: calls $6
*** RIVER *** [Ks 4h 5s 6c] [Qd]
DeKirov: checks
VolkovDmitri: checks
*** SHOW DOWN ***
DeKirov: shows [Qs 9s] (a pair of Queens)
VolkovDmitri: mucks hand
DeKirov collected $35.50 from pot
*** SUMMARY ***
Total pot $36 | Rake $0.50
Board [Ks 4h 5s 6c Qd]
Seat 1: VolkovDmitri (button) (small blind) mucked
Seat 10: DeKirov (big blind) showed [Qs 9s] and won ($35.50) with a pair of Queens


PokerStars Hand #149685073636:  Hold'em Limit ($3/$6 USD) - 2016/03/01 15:53:47 ET
Table 'Meges III' 10-max Seat #1 is the button
Seat 1: VolkovDmitri ($138.50 in chips)
Seat 10: DeKirov ($178.16 in chips)
VolkovDmitri: posts small blind $1
DeKirov: posts big blind $3
*** HOLE CARDS ***
VolkovDmitri: raises $3 to $6
DeKirov: raises $3 to $9
VolkovDmitri: calls $3
*** FLOP *** [8s 7s 3d]
DeKirov: bets $3
VolkovDmitri: calls $3
*** TURN *** [8s 7s 3d] [2s]
DeKirov: checks
VolkovDmitri: bets $6
DeKirov: raises $6 to $12
VolkovDmitri: raises $6 to $18
DeKirov: raises $6 to $24
Betting is capped
VolkovDmitri: calls $6
*** RIVER *** [8s 7s 3d 2s] [Qh]
DeKirov: bets $6
VolkovDmitri: raises $6 to $12
DeKirov: calls $6
*** SHOW DOWN ***
VolkovDmitri: shows [5s 6s] (a flush, Eight high)
DeKirov: mucks hand
VolkovDmitri collected $95.50 from pot
*** SUMMARY ***
Total pot $96 | Rake $0.50
Board [8s 7s 3d 2s Qh]
Seat 1: VolkovDmitri (button) (small blind) showed [5s 6s] and won ($95.50) with a flush, Eight high
Seat 10: DeKirov (big blind) mucked


PokerStars Hand #149685444830:  Hold'em Limit ($3/$6 USD) - 2016/03/01 16:00:50 ET
Table 'Meges III' 10-max Seat #6 is the button
Seat 1: VolkovDmitri ($196.46 in chips)
Seat 6: CaptainHadok ($121.76 in chips)
CaptainHadok: posts small blind $1
VolkovDmitri: posts big blind $3
*** HOLE CARDS ***
CaptainHadok: folds
Uncalled bet ($2) returned to VolkovDmitri
VolkovDmitri collected $2 from pot
VolkovDmitri: doesn't show hand
*** SUMMARY ***
Total pot $2 | Rake $0
Seat 1: VolkovDmitri (big blind) collected ($2)
Seat 6: CaptainHadok (button) (small blind) folded before Flop


PokerStars Hand #149685449566:  Hold'em Limit ($3/$6 USD) - 2016/03/01 16:00:55 ET
Table 'Meges III' 10-max Seat #1 is the button
Seat 1: VolkovDmitri ($197.46 in chips)
Seat 6: CaptainHadok ($120.76 in chips)
VolkovDmitri: posts small blind $1
CaptainHadok: posts big blind $3
*** HOLE CARDS ***
VolkovDmitri: raises $3 to $6
CaptainHadok: calls $3
*** FLOP *** [3s Ad Kc]
CaptainHadok: checks
VolkovDmitri: bets $3
gazzzzzza joins the table at seat #8
CaptainHadok: calls $3
*** TURN *** [3s Ad Kc] [Th]
CaptainHadok: checks
VolkovDmitri: checks
*** RIVER *** [3s Ad Kc Th] [Qd]
CaptainHadok: checks
VolkovDmitri: checks
*** SHOW DOWN ***
CaptainHadok: shows [2d 5d] (high card Ace)
VolkovDmitri: shows [6c 9d] (high card Ace - King+Queen+Ten+Nine kicker)
VolkovDmitri collected $17.64 from pot
*** SUMMARY ***
Total pot $18 | Rake $0.36
Board [3s Ad Kc Th Qd]
Seat 1: VolkovDmitri (button) (small blind) showed [6c 9d] and won ($17.64) with high card Ace
Seat 6: CaptainHadok (big blind) showed [2d 5d] and lost with high card Ace


