PokerStars Hand #157454263925:  Hold'em Limit ($3/$6 USD) - 2016/08/18 20:48:08 ET
Table 'Meges' 6-max Seat #6 is the button
Seat 5: TinaTurner72 ($120 in chips)
Seat 6: Brama Br ($120 in chips)
Brama Br: posts small blind $1
TinaTurner72: posts big blind $3
*** HOLE CARDS ***
Brama Br: calls $2
TinaTurner72: checks
*** FLOP *** [6h 5d Qc]
TinaTurner72: bets $3
Brama Br: calls $3
*** TURN *** [6h 5d Qc] [Js]
TinaTurner72: bets $6
Brama Br: calls $6
*** RIVER *** [6h 5d Qc Js] [3c]
TinaTurner72: bets $6
Brama Br: calls $6
*** SHOW DOWN ***
TinaTurner72: shows [6c 7s] (a pair of Sixes)
Brama Br: mucks hand
TinaTurner72 collected $35.50 from pot
*** SUMMARY ***
Total pot $36 | Rake $0.50
Board [6h 5d Qc Js 3c]
Seat 5: TinaTurner72 (big blind) showed [6c 7s] and won ($35.50) with a pair of Sixes
Seat 6: Brama Br (button) (small blind) mucked


PokerStars Hand #157454277704:  Hold'em Limit ($3/$6 USD) - 2016/08/18 20:48:41 ET
Table 'Meges' 6-max Seat #5 is the button
Seat 5: TinaTurner72 ($137.50 in chips)
Seat 6: Brama Br ($102 in chips)
TinaTurner72: posts small blind $1
Brama Br: posts big blind $3
*** HOLE CARDS ***
TinaTurner72: raises $3 to $6
Brama Br: raises $3 to $9
TinaTurner72: calls $3
*** FLOP *** [6h 6c 6s]
Brama Br: bets $3
TinaTurner72: calls $3
*** TURN *** [6h 6c 6s] [Qd]
Brama Br: bets $6
TinaTurner72: folds
Uncalled bet ($6) returned to Brama Br
Brama Br collected $23.52 from pot
Brama Br: doesn't show hand
*** SUMMARY ***
Total pot $24 | Rake $0.48
Board [6h 6c 6s Qd]
Seat 5: TinaTurner72 (button) (small blind) folded on the Turn
Seat 6: Brama Br (big blind) collected ($23.52)


