PokerStars Hand #147627665095:  Hold'em Limit ($3/$6 USD) - 2016/01/24 19:08:13 ET
Table 'Megrez' 6-max Seat #5 is the button
Seat 5: Pandakey ($99 in chips)
Seat 6: perten ($64.20 in chips)
Pandakey: posts small blind $1
perten: posts big blind $3
*** HOLE CARDS ***
Pandakey: raises $3 to $6
perten: calls $3
*** FLOP *** [3d As Ah]
LukaSteel joins the table at seat #4
perten: checks
Pandakey: bets $3
perten: folds
Uncalled bet ($3) returned to Pandakey
Pandakey collected $11.76 from pot
Pandakey: doesn't show hand
*** SUMMARY ***
Total pot $12 | Rake $0.24
Board [3d As Ah]
Seat 5: Pandakey (button) (small blind) collected ($11.76)
Seat 6: perten (big blind) folded on the Flop


PokerStars Hand #147627649233:  Hold'em Limit ($3/$6 USD) - 2016/01/24 19:07:50 ET
Table 'Megrez' 6-max Seat #6 is the button
Seat 5: Pandakey ($120 in chips)
Seat 6: perten ($43.70 in chips)
perten: posts small blind $1
Pandakey: posts big blind $3
*** HOLE CARDS ***
perten: raises $3 to $6
Pandakey: calls $3
*** FLOP *** [Qc 8s 5h]
Pandakey: checks
perten: bets $3
Pandakey: calls $3
*** TURN *** [Qc 8s 5h] [Ac]
Pandakey: checks
perten: bets $6
Oxm0x joins the table at seat #3
Pandakey: calls $6
*** RIVER *** [Qc 8s 5h Ac] [Ad]
Pandakey: checks
perten: bets $6
Pandakey: calls $6
*** SHOW DOWN ***
perten: shows [8h 8d] (a full house, Eights full of Aces)
Pandakey: mucks hand
perten collected $41.50 from pot
*** SUMMARY ***
Total pot $42 | Rake $0.50
Board [Qc 8s 5h Ac Ad]
Seat 5: Pandakey (big blind) mucked
Seat 6: perten (button) (small blind) showed [8h 8d] and won ($41.50) with a full house, Eights full of Aces


PokerStars Hand #147629929456:  Hold'em Limit ($3/$6 USD) - 2016/01/24 20:08:26 ET
Table 'Megrez' 6-max Seat #5 is the button
Seat 3: krytalex ($151.51 in chips)
Seat 5: elvirto ($105.63 in chips)
elvirto: posts small blind $1
krytalex: posts big blind $3
*** HOLE CARDS ***
elvirto: folds
Uncalled bet ($2) returned to krytalex
krytalex collected $2 from pot
*** SUMMARY ***
Total pot $2 | Rake $0
Seat 3: krytalex (big blind) collected ($2)
Seat 5: elvirto (button) (small blind) folded before Flop


PokerStars Hand #147629936262:  Hold'em Limit ($3/$6 USD) - 2016/01/24 20:08:38 ET
Table 'Megrez' 6-max Seat #3 is the button
Seat 3: krytalex ($152.51 in chips)
Seat 5: elvirto ($104.63 in chips)
krytalex: posts small blind $1
elvirto: posts big blind $3
*** HOLE CARDS ***
krytalex: raises $3 to $6
elvirto: folds
Uncalled bet ($3) returned to krytalex
krytalex collected $6 from pot
*** SUMMARY ***
Total pot $6 | Rake $0
Seat 3: krytalex (button) (small blind) collected ($6)
Seat 5: elvirto (big blind) folded before Flop


PokerStars Hand #147629965202:  Hold'em Limit ($3/$6 USD) - 2016/01/24 20:09:29 ET
Table 'Megrez' 6-max Seat #5 is the button
Seat 3: krytalex ($175.01 in chips)
Seat 5: elvirto ($81.63 in chips)
elvirto: posts small blind $1
krytalex: posts big blind $3
*** HOLE CARDS ***
elvirto: raises $3 to $6
krytalex: calls $3
*** FLOP *** [2c 7s Kc]
krytalex: checks
elvirto: bets $3
krytalex: raises $3 to $6
elvirto: calls $3
*** TURN *** [2c 7s Kc] [7h]
krytalex: bets $6
elvirto: calls $6
*** RIVER *** [2c 7s Kc 7h] [7c]
krytalex: bets $6
elvirto: calls $6
*** SHOW DOWN ***
krytalex: shows [9s Kh] (a full house, Sevens full of Kings)
elvirto: mucks hand
krytalex collected $47.50 from pot
*** SUMMARY ***
Total pot $48 | Rake $0.50
Board [2c 7s Kc 7h 7c]
Seat 3: krytalex (big blind) showed [9s Kh] and won ($47.50) with a full house, Sevens full of Kings
Seat 5: elvirto (button) (small blind) mucked


PokerStars Hand #147629975194:  Hold'em Limit ($3/$6 USD) - 2016/01/24 20:09:46 ET
Table 'Megrez' 6-max Seat #3 is the button
Seat 3: krytalex ($198.51 in chips)
Seat 5: elvirto ($57.63 in chips)
krytalex: posts small blind $1
elvirto: posts big blind $3
*** HOLE CARDS ***
krytalex: raises $3 to $6
elvirto: raises $3 to $9
krytalex: calls $3
*** FLOP *** [As Ad 3d]
elvirto: bets $3
krytalex: folds
Uncalled bet ($3) returned to elvirto
elvirto collected $17.64 from pot
elvirto: doesn't show hand
*** SUMMARY ***
Total pot $18 | Rake $0.36
Board [As Ad 3d]
Seat 3: krytalex (button) (small blind) folded on the Flop
Seat 5: elvirto (big blind) collected ($17.64)


PokerStars Hand #147629955359:  Hold'em Limit ($3/$6 USD) - 2016/01/24 20:09:11 ET
Table 'Megrez' 6-max Seat #3 is the button
Seat 3: krytalex ($176.01 in chips)
Seat 5: elvirto ($80.63 in chips)
krytalex: posts small blind $1
elvirto: posts big blind $3
*** HOLE CARDS ***
krytalex: folds
Uncalled bet ($2) returned to elvirto
elvirto collected $2 from pot
elvirto: doesn't show hand
*** SUMMARY ***
Total pot $2 | Rake $0
Seat 3: krytalex (button) (small blind) folded before Flop
Seat 5: elvirto (big blind) collected ($2)


PokerStars Hand #147629942052:  Hold'em Limit ($3/$6 USD) - 2016/01/24 20:08:48 ET
Table 'Megrez' 6-max Seat #5 is the button
Seat 3: krytalex ($155.51 in chips)
Seat 5: elvirto ($101.63 in chips)
elvirto: posts small blind $1
krytalex: posts big blind $3
*** HOLE CARDS ***
elvirto: raises $3 to $6
krytalex: calls $3
*** FLOP *** [8c 7s 5h]
krytalex: checks
elvirto: bets $3
krytalex: calls $3
*** TURN *** [8c 7s 5h] [6h]
krytalex: bets $6
elvirto: calls $6
*** RIVER *** [8c 7s 5h 6h] [7h]
krytalex: bets $6
elvirto: calls $6
*** SHOW DOWN ***
krytalex: shows [Ac 9s] (a straight, Five to Nine)
elvirto: mucks hand
krytalex collected $41.50 from pot
*** SUMMARY ***
Total pot $42 | Rake $0.50
Board [8c 7s 5h 6h 7h]
Seat 3: krytalex (big blind) showed [Ac 9s] and won ($41.50) with a straight, Five to Nine
Seat 5: elvirto (button) (small blind) mucked


PokerStars Hand #147629980985:  Hold'em Limit ($3/$6 USD) - 2016/01/24 20:09:56 ET
Table 'Megrez' 6-max Seat #5 is the button
Seat 3: krytalex ($189.51 in chips)
Seat 5: elvirto ($66.27 in chips)
elvirto: posts small blind $1
krytalex: posts big blind $3
*** HOLE CARDS ***
elvirto: folds
Uncalled bet ($2) returned to krytalex
krytalex collected $2 from pot
*** SUMMARY ***
Total pot $2 | Rake $0
Seat 3: krytalex (big blind) collected ($2)
Seat 5: elvirto (button) (small blind) folded before Flop


PokerStars Hand #147629961751:  Hold'em Limit ($3/$6 USD) - 2016/01/24 20:09:22 ET
Table 'Megrez' 6-max Seat #3 is the button
Seat 3: krytalex ($176.01 in chips)
Seat 5: elvirto ($80.63 in chips)
krytalex: posts small blind $1
elvirto: posts big blind $3
*** HOLE CARDS ***
krytalex: folds
Uncalled bet ($2) returned to elvirto
elvirto collected $2 from pot
elvirto: doesn't show hand
*** SUMMARY ***
Total pot $2 | Rake $0
Seat 3: krytalex (button) (small blind) folded before Flop
Seat 5: elvirto (big blind) collected ($2)


PokerStars Hand #147629958998:  Hold'em Limit ($3/$6 USD) - 2016/01/24 20:09:18 ET
Table 'Megrez' 6-max Seat #5 is the button
Seat 3: krytalex ($175.01 in chips)
Seat 5: elvirto ($81.63 in chips)
elvirto: posts small blind $1
krytalex: posts big blind $3
*** HOLE CARDS ***
elvirto: folds
Uncalled bet ($2) returned to krytalex
krytalex collected $2 from pot
*** SUMMARY ***
Total pot $2 | Rake $0
Seat 3: krytalex (big blind) collected ($2)
Seat 5: elvirto (button) (small blind) folded before Flop


PokerStars Hand #147629999931:  Hold'em Limit ($3/$6 USD) - 2016/01/24 20:10:30 ET
Table 'Megrez' 6-max Seat #3 is the button
Seat 3: krytalex ($203.03 in chips)
Seat 5: elvirto ($52.27 in chips)
krytalex: posts small blind $1
elvirto: posts big blind $3
*** HOLE CARDS ***
krytalex: raises $3 to $6
elvirto: folds
Uncalled bet ($3) returned to krytalex
krytalex collected $6 from pot
*** SUMMARY ***
Total pot $6 | Rake $0
Seat 3: krytalex (button) (small blind) collected ($6)
Seat 5: elvirto (big blind) folded before Flop


PokerStars Hand #147629997278:  Hold'em Limit ($3/$6 USD) - 2016/01/24 20:10:25 ET
Table 'Megrez' 6-max Seat #5 is the button
Seat 3: krytalex ($202.03 in chips)
Seat 5: elvirto ($53.27 in chips)
elvirto: posts small blind $1
krytalex: posts big blind $3
*** HOLE CARDS ***
elvirto: folds
Uncalled bet ($2) returned to krytalex
krytalex collected $2 from pot
*** SUMMARY ***
Total pot $2 | Rake $0
Seat 3: krytalex (big blind) collected ($2)
Seat 5: elvirto (button) (small blind) folded before Flop


PokerStars Hand #147630018723:  Hold'em Limit ($3/$6 USD) - 2016/01/24 20:11:03 ET
Table 'Megrez' 6-max Seat #3 is the button
Seat 3: krytalex ($203.03 in chips)
Seat 5: elvirto ($52.27 in chips)
krytalex: posts small blind $1
elvirto: posts big blind $3
*** HOLE CARDS ***
krytalex: folds
Uncalled bet ($2) returned to elvirto
elvirto collected $2 from pot
elvirto: doesn't show hand
*** SUMMARY ***
Total pot $2 | Rake $0
Seat 3: krytalex (button) (small blind) folded before Flop
Seat 5: elvirto (big blind) collected ($2)


PokerStars Hand #147630005839:  Hold'em Limit ($3/$6 USD) - 2016/01/24 20:10:40 ET
Table 'Megrez' 6-max Seat #5 is the button
Seat 3: krytalex ($206.03 in chips)
Seat 5: elvirto ($49.27 in chips)
elvirto: posts small blind $1
krytalex: posts big blind $3
*** HOLE CARDS ***
elvirto: raises $3 to $6
krytalex: folds
Uncalled bet ($3) returned to elvirto
elvirto collected $6 from pot
elvirto: doesn't show hand
*** SUMMARY ***
Total pot $6 | Rake $0
Seat 3: krytalex (big blind) folded before Flop
Seat 5: elvirto (button) (small blind) collected ($6)


PokerStars Hand #147629983416:  Hold'em Limit ($3/$6 USD) - 2016/01/24 20:10:01 ET
Table 'Megrez' 6-max Seat #3 is the button
Seat 3: krytalex ($190.51 in chips)
Seat 5: elvirto ($65.27 in chips)
krytalex: posts small blind $1
elvirto: posts big blind $3
*** HOLE CARDS ***
krytalex: raises $3 to $6
elvirto: calls $3
*** FLOP *** [Td 9s 7s]
elvirto: checks
krytalex: checks
*** TURN *** [Td 9s 7s] [Ts]
elvirto: checks
krytalex: checks
*** RIVER *** [Td 9s 7s Ts] [Js]
elvirto: checks
krytalex: bets $6
elvirto: calls $6
*** SHOW DOWN ***
krytalex: shows [Ks 2h] (a flush, King high)
elvirto: mucks hand
krytalex collected $23.52 from pot
*** SUMMARY ***
Total pot $24 | Rake $0.48
Board [Td 9s 7s Ts Js]
Seat 3: krytalex (button) (small blind) showed [Ks 2h] and won ($23.52) with a flush, King high
Seat 5: elvirto (big blind) mucked


PokerStars Hand #147630021632:  Hold'em Limit ($3/$6 USD) - 2016/01/24 20:11:08 ET
Table 'Megrez' 6-max Seat #5 is the button
Seat 3: krytalex ($202.03 in chips)
Seat 5: elvirto ($53.27 in chips)
elvirto: posts small blind $1
krytalex: posts big blind $3
*** HOLE CARDS ***
elvirto: raises $3 to $6
krytalex: calls $3
*** FLOP *** [Ad 6s 2c]
krytalex: checks
elvirto: bets $3
krytalex: raises $3 to $6
elvirto: folds
Uncalled bet ($3) returned to krytalex
krytalex collected $17.64 from pot
*** SUMMARY ***
Total pot $18 | Rake $0.36
Board [Ad 6s 2c]
Seat 3: krytalex (big blind) collected ($17.64)
Seat 5: elvirto (button) (small blind) folded on the Flop


PokerStars Hand #147630031975:  Hold'em Limit ($3/$6 USD) - 2016/01/24 20:11:27 ET
Table 'Megrez' 6-max Seat #3 is the button
Seat 3: krytalex ($210.67 in chips)
Seat 5: elvirto ($44.27 in chips)
krytalex: posts small blind $1
elvirto: posts big blind $3
*** HOLE CARDS ***
krytalex: raises $3 to $6
elvirto: calls $3
*** FLOP *** [9h 2h Th]
elvirto: checks
krytalex: checks
*** TURN *** [9h 2h Th] [As]
elvirto: checks
krytalex: bets $6
elvirto: folds
Uncalled bet ($6) returned to krytalex
krytalex collected $11.76 from pot
*** SUMMARY ***
Total pot $12 | Rake $0.24
Board [9h 2h Th As]
Seat 3: krytalex (button) (small blind) collected ($11.76)
Seat 5: elvirto (big blind) folded on the Turn


