PokerStars Hand #152135958790:  Hold'em Limit ($3/$6 USD) - 2016/04/19 7:13:24 ET
Table 'Megrez II' 10-max Seat #5 is the button
Seat 5: owenheadch ($800.39 in chips)
Seat 6: Rus29APX ($120 in chips)
owenheadch: posts small blind $1
Rus29APX: posts big blind $3
*** HOLE CARDS ***
owenheadch: raises $3 to $6
Rus29APX: raises $3 to $9
owenheadch: calls $3
*** FLOP *** [6d Jh 3d]
Rus29APX: bets $3
owenheadch: calls $3
*** TURN *** [6d Jh 3d] [Ah]
Rus29APX: bets $6
owenheadch: folds
Uncalled bet ($6) returned to Rus29APX
Rus29APX collected $23.52 from pot
Rus29APX: doesn't show hand
*** SUMMARY ***
Total pot $24 | Rake $0.48
Board [6d Jh 3d Ah]
Seat 5: owenheadch (button) (small blind) folded on the Turn
Seat 6: Rus29APX (big blind) collected ($23.52)


PokerStars Hand #152135987382:  Hold'em Limit ($3/$6 USD) - 2016/04/19 7:14:25 ET
Table 'Megrez II' 10-max Seat #5 is the button
Seat 5: owenheadch ($820.39 in chips)
Seat 6: Rus29APX ($98.52 in chips)
owenheadch: posts small blind $1
Rus29APX: posts big blind $3
*** HOLE CARDS ***
owenheadch: raises $3 to $6
Rus29APX: calls $3
*** FLOP *** [Kd 9h 9c]
Rus29APX: checks
owenheadch: bets $3
Rus29APX: calls $3
*** TURN *** [Kd 9h 9c] [Qc]
Rus29APX: checks
owenheadch: bets $6
Rus29APX: calls $6
*** RIVER *** [Kd 9h 9c Qc] [5d]
Rus29APX: checks
owenheadch: bets $6
Rus29APX: calls $6
*** SHOW DOWN ***
owenheadch: shows [9s Th] (three of a kind, Nines)
Rus29APX: mucks hand
owenheadch collected $41.50 from pot
*** SUMMARY ***
Total pot $42 | Rake $0.50
Board [Kd 9h 9c Qc 5d]
Seat 5: owenheadch (button) (small blind) showed [9s Th] and won ($41.50) with three of a kind, Nines
Seat 6: Rus29APX (big blind) mucked


PokerStars Hand #152135979980:  Hold'em Limit ($3/$6 USD) - 2016/04/19 7:14:09 ET
Table 'Megrez II' 10-max Seat #6 is the button
Seat 5: owenheadch ($805.89 in chips)
Seat 6: Rus29APX ($113.52 in chips)
Rus29APX: posts small blind $1
owenheadch: posts big blind $3
*** HOLE CARDS ***
Rus29APX: raises $3 to $6
owenheadch: calls $3
*** FLOP *** [6d 9s Jd]
owenheadch: checks
Rus29APX: bets $3
owenheadch: calls $3
*** TURN *** [6d 9s Jd] [8d]
owenheadch: checks
Rus29APX: bets $6
owenheadch: calls $6
*** RIVER *** [6d 9s Jd 8d] [3d]
owenheadch: checks
Rus29APX: checks
*** SHOW DOWN ***
owenheadch: shows [Th 6h] (a pair of Sixes)
Rus29APX: mucks hand
owenheadch collected $29.50 from pot
*** SUMMARY ***
Total pot $30 | Rake $0.50
Board [6d 9s Jd 8d 3d]
Seat 5: owenheadch (big blind) showed [Th 6h] and won ($29.50) with a pair of Sixes
Seat 6: Rus29APX (button) (small blind) mucked


PokerStars Hand #152135975972:  Hold'em Limit ($3/$6 USD) - 2016/04/19 7:14:00 ET
Table 'Megrez II' 10-max Seat #5 is the button
Seat 5: owenheadch ($802.89 in chips)
Seat 6: Rus29APX ($116.52 in chips)
owenheadch: posts small blind $1
Rus29APX: posts big blind $3
*** HOLE CARDS ***
owenheadch: raises $3 to $6
Rus29APX: folds
Uncalled bet ($3) returned to owenheadch
owenheadch collected $6 from pot
owenheadch: doesn't show hand
*** SUMMARY ***
Total pot $6 | Rake $0
Seat 5: owenheadch (button) (small blind) collected ($6)
Seat 6: Rus29APX (big blind) folded before Flop


PokerStars Hand #152135969267:  Hold'em Limit ($3/$6 USD) - 2016/04/19 7:13:46 ET
Table 'Megrez II' 10-max Seat #6 is the button
Seat 5: owenheadch ($788.39 in chips)
Seat 6: Rus29APX ($131.52 in chips)
Rus29APX: posts small blind $1
owenheadch: posts big blind $3
*** HOLE CARDS ***
Rus29APX: raises $3 to $6
owenheadch: calls $3
*** FLOP *** [9c 5s 3c]
owenheadch: checks
Rus29APX: bets $3
owenheadch: calls $3
*** TURN *** [9c 5s 3c] [5h]
owenheadch: checks
Rus29APX: checks
*** RIVER *** [9c 5s 3c 5h] [2c]
owenheadch: bets $6
Rus29APX: calls $6
*** SHOW DOWN ***
owenheadch: shows [As 3d] (two pair, Fives and Threes)
Rus29APX: mucks hand
owenheadch collected $29.50 from pot
*** SUMMARY ***
Total pot $30 | Rake $0.50
Board [9c 5s 3c 5h 2c]
Seat 5: owenheadch (big blind) showed [As 3d] and won ($29.50) with two pair, Fives and Threes
Seat 6: Rus29APX (button) (small blind) mucked


PokerStars Hand #152136002959:  Hold'em Limit ($3/$6 USD) - 2016/04/19 7:14:58 ET
Table 'Megrez II' 10-max Seat #5 is the button
Seat 5: owenheadch ($867.39 in chips)
Seat 6: Rus29APX ($50.52 in chips)
owenheadch: posts small blind $1
Rus29APX: posts big blind $3
*** HOLE CARDS ***
owenheadch: folds
Uncalled bet ($2) returned to Rus29APX
Rus29APX collected $2 from pot
Rus29APX: doesn't show hand
*** SUMMARY ***
Total pot $2 | Rake $0
Seat 5: owenheadch (button) (small blind) folded before Flop
Seat 6: Rus29APX (big blind) collected ($2)


PokerStars Hand #152135995498:  Hold'em Limit ($3/$6 USD) - 2016/04/19 7:14:42 ET
Table 'Megrez II' 10-max Seat #6 is the button
Seat 5: owenheadch ($840.89 in chips)
Seat 6: Rus29APX ($77.52 in chips)
Rus29APX: posts small blind $1
owenheadch: posts big blind $3
*** HOLE CARDS ***
Rus29APX: raises $3 to $6
owenheadch: calls $3
*** FLOP *** [4d 2s As]
owenheadch: checks
Rus29APX: bets $3
owenheadch: calls $3
*** TURN *** [4d 2s As] [Kd]
owenheadch: checks
Rus29APX: bets $6
owenheadch: raises $6 to $12
Rus29APX: calls $6
*** RIVER *** [4d 2s As Kd] [Ac]
owenheadch: bets $6
Rus29APX: calls $6
*** SHOW DOWN ***
owenheadch: shows [7s Ks] (two pair, Aces and Kings)
Rus29APX: mucks hand
owenheadch collected $53.50 from pot
*** SUMMARY ***
Total pot $54 | Rake $0.50
Board [4d 2s As Kd Ac]
Seat 5: owenheadch (big blind) showed [7s Ks] and won ($53.50) with two pair, Aces and Kings
Seat 6: Rus29APX (button) (small blind) mucked


PokerStars Hand #152152955363:  Hold'em Limit ($3/$6 USD) - 2016/04/19 14:27:05 ET
Table 'Megrez II' 10-max Seat #1 is the button
Seat 1: aloven ($235.85 in chips)
Seat 6: verde7 ($58 in chips)
kolaz03 will be allowed to play after the button
aloven: posts small blind $1
verde7: posts big blind $3
*** HOLE CARDS ***
aloven: raises $3 to $6
verde7: calls $3
*** FLOP *** [Jd 4h 3c]
verde7: checks
aloven: bets $3
verde7: calls $3
*** TURN *** [Jd 4h 3c] [7h]
verde7: checks
aloven: bets $6
verde7: folds
Uncalled bet ($6) returned to aloven
aloven collected $17.64 from pot
aloven: doesn't show hand
*** SUMMARY ***
Total pot $18 | Rake $0.36
Board [Jd 4h 3c 7h]
Seat 1: aloven (button) (small blind) collected ($17.64)
Seat 6: verde7 (big blind) folded on the Turn


PokerStars Hand #152153064398:  Hold'em Limit ($3/$6 USD) - 2016/04/19 14:29:10 ET
Table 'Megrez II' 10-max Seat #1 is the button
Seat 1: aloven ($240.49 in chips)
Seat 7: kolaz03 ($121.94 in chips)
aloven: posts small blind $1
kolaz03: posts big blind $3
*** HOLE CARDS ***
aloven: folds
Uncalled bet ($2) returned to kolaz03
kolaz03 collected $2 from pot
kolaz03: doesn't show hand
*** SUMMARY ***
Total pot $2 | Rake $0
Seat 1: aloven (button) (small blind) folded before Flop
Seat 7: kolaz03 (big blind) collected ($2)


