PokerStars Hand #165078607290:  Hold'em Limit ($3/$6 USD) - 2017/01/24 1:14:58 ET
Table 'Megrez' 6-max Seat #5 is the button
Seat 4: Agrotait ($71 in chips)
Seat 5: LouisB ($121 in chips)
LouisB: posts small blind $1
Agrotait: posts big blind $3
*** HOLE CARDS ***
LouisB: folds
Uncalled bet ($2) returned to Agrotait
Agrotait collected $2 from pot
Agrotait: doesn't show hand
*** SUMMARY ***
Total pot $2 | Rake $0
Seat 4: Agrotait (big blind) collected ($2)
Seat 5: LouisB (button) (small blind) folded before Flop


PokerStars Hand #165078602181:  Hold'em Limit ($3/$6 USD) - 2017/01/24 1:14:39 ET
Table 'Megrez' 6-max Seat #4 is the button
Seat 4: Agrotait ($72 in chips)
Seat 5: LouisB ($120 in chips)
Agrotait: posts small blind $1
LouisB: posts big blind $3
*** HOLE CARDS ***
Agrotait: folds
Uncalled bet ($2) returned to LouisB
LouisB collected $2 from pot
LouisB: doesn't show hand
*** SUMMARY ***
Total pot $2 | Rake $0
Seat 4: Agrotait (button) (small blind) folded before Flop
Seat 5: LouisB (big blind) collected ($2)


