PokerStars Hand #168504413520:  Hold'em Limit ($3/$6 USD) - 2017/04/02 23:50:10 ET
Table 'Meissa' 6-max Seat #1 is the button
Seat 1: LifeisagameX ($84 in chips)
Seat 5: poohy cards ($40.07 in chips)
LifeisagameX: posts small blind $1
poohy cards: posts big blind $3
*** HOLE CARDS ***
LifeisagameX: raises $3 to $6
poohy cards: calls $3
*** FLOP *** [Td Qd 8s]
poohy cards: bets $3
LifeisagameX: calls $3
*** TURN *** [Td Qd 8s] [Qs]
poohy cards: bets $6
LifeisagameX: folds
Uncalled bet ($6) returned to poohy cards
poohy cards collected $17.64 from pot
poohy cards: doesn't show hand
*** SUMMARY ***
Total pot $18 | Rake $0.36
Board [Td Qd 8s Qs]
Seat 1: LifeisagameX (button) (small blind) folded on the Turn
Seat 5: poohy cards (big blind) collected ($17.64)


PokerStars Hand #168504420520:  Hold'em Limit ($3/$6 USD) - 2017/04/02 23:50:36 ET
Table 'Meissa' 6-max Seat #5 is the button
Seat 1: LifeisagameX ($84 in chips)
Seat 5: poohy cards ($48.71 in chips)
poohy cards: posts small blind $1
LifeisagameX: posts big blind $3
*** HOLE CARDS ***
poohy cards: raises $3 to $6
LifeisagameX: calls $3
*** FLOP *** [9c 6c 8c]
LifeisagameX: checks
poohy cards: bets $3
LifeisagameX: calls $3
*** TURN *** [9c 6c 8c] [7c]
LifeisagameX: checks
poohy cards: bets $6
LifeisagameX: calls $6
*** RIVER *** [9c 6c 8c 7c] [6h]
LifeisagameX: checks
poohy cards: checks
*** SHOW DOWN ***
LifeisagameX: shows [Kh 6s] (three of a kind, Sixes)
poohy cards: mucks hand
LifeisagameX collected $29.50 from pot
*** SUMMARY ***
Total pot $30 | Rake $0.50
Board [9c 6c 8c 7c 6h]
Seat 1: LifeisagameX (big blind) showed [Kh 6s] and won ($29.50) with three of a kind, Sixes
Seat 5: poohy cards (button) (small blind) mucked


PokerStars Hand #168504431985:  Hold'em Limit ($3/$6 USD) - 2017/04/02 23:51:17 ET
Table 'Meissa' 6-max Seat #1 is the button
Seat 1: LifeisagameX ($98.50 in chips)
Seat 5: poohy cards ($33.71 in chips)
LifeisagameX: posts small blind $1
poohy cards: posts big blind $3
*** HOLE CARDS ***
LifeisagameX: raises $3 to $6
poohy cards: calls $3
*** FLOP *** [7h Qc Qh]
poohy cards: checks
LifeisagameX: checks
*** TURN *** [7h Qc Qh] [2c]
poohy cards: bets $6
LifeisagameX: folds
Uncalled bet ($6) returned to poohy cards
poohy cards collected $11.76 from pot
poohy cards: doesn't show hand
*** SUMMARY ***
Total pot $12 | Rake $0.24
Board [7h Qc Qh 2c]
Seat 1: LifeisagameX (button) (small blind) folded on the Turn
Seat 5: poohy cards (big blind) collected ($11.76)


PokerStars Hand #168504440256:  Hold'em Limit ($3/$6 USD) - 2017/04/02 23:51:38 ET
Table 'Meissa' 6-max Seat #5 is the button
Seat 1: LifeisagameX ($92.50 in chips)
Seat 5: poohy cards ($39.47 in chips)
poohy cards: posts small blind $1
LifeisagameX: posts big blind $3
*** HOLE CARDS ***
poohy cards: raises $3 to $6
LifeisagameX: raises $3 to $9
poohy cards: calls $3
*** FLOP *** [4h 8h 4c]
LifeisagameX: bets $3
poohy cards: calls $3
*** TURN *** [4h 8h 4c] [Ts]
B_loJkl joins the table at seat #6
LifeisagameX: checks
poohy cards: bets $6
LifeisagameX: folds
Uncalled bet ($6) returned to poohy cards
poohy cards collected $23.52 from pot
poohy cards: doesn't show hand
*** SUMMARY ***
Total pot $24 | Rake $0.48
Board [4h 8h 4c Ts]
Seat 1: LifeisagameX (big blind) folded on the Turn
Seat 5: poohy cards (button) (small blind) collected ($23.52)


PokerStars Hand #168504449105:  Hold'em Limit ($3/$6 USD) - 2017/04/02 23:52:10 ET
Table 'Meissa' 6-max Seat #1 is the button
Seat 1: LifeisagameX ($84 in chips)
Seat 5: poohy cards ($50.99 in chips)
LifeisagameX: posts small blind $1
poohy cards: posts big blind $3
*** HOLE CARDS ***
LifeisagameX: raises $3 to $6
poohy cards: calls $3
*** FLOP *** [Jc 4c 2c]
poohy cards: bets $3
LifeisagameX: calls $3
*** TURN *** [Jc 4c 2c] [Qs]
poohy cards: bets $6
LifeisagameX: folds
Uncalled bet ($6) returned to poohy cards
poohy cards collected $17.64 from pot
poohy cards: doesn't show hand
*** SUMMARY ***
Total pot $18 | Rake $0.36
Board [Jc 4c 2c Qs]
Seat 1: LifeisagameX (button) (small blind) folded on the Turn
Seat 5: poohy cards (big blind) collected ($17.64)


