PokerStars Hand #144884229957:  Hold'em Limit ($3/$6 USD) - 2015/12/05 18:19:10 ET
Table 'Meissa II' 2-max Seat #2 is the button
Seat 1: ManuelSikora ($112.26 in chips)
Seat 2: swarfiga755 ($80.64 in chips)
swarfiga755: posts small blind $1
ManuelSikora: posts big blind $3
*** HOLE CARDS ***
swarfiga755: raises $3 to $6
ManuelSikora: calls $3
*** FLOP *** [Ac 7c 4d]
ManuelSikora: bets $3
swarfiga755: calls $3
*** TURN *** [Ac 7c 4d] [Jh]
ManuelSikora: checks
swarfiga755: bets $6
ManuelSikora: folds
Uncalled bet ($6) returned to swarfiga755
swarfiga755 collected $17.64 from pot
swarfiga755: doesn't show hand
*** SUMMARY ***
Total pot $18 | Rake $0.36
Board [Ac 7c 4d Jh]
Seat 1: ManuelSikora (big blind) folded on the Turn
Seat 2: swarfiga755 (button) (small blind) collected ($17.64)


PokerStars Hand #144884242585:  Hold'em Limit ($3/$6 USD) - 2015/12/05 18:19:26 ET
Table 'Meissa II' 2-max Seat #1 is the button
Seat 1: ManuelSikora ($183.26 in chips)
Seat 2: swarfiga755 ($89.28 in chips)
ManuelSikora: posts small blind $1
swarfiga755: posts big blind $3
*** HOLE CARDS ***
ManuelSikora: calls $2
swarfiga755: checks
*** FLOP *** [6c 6d 4s]
swarfiga755: checks
ManuelSikora: checks
*** TURN *** [6c 6d 4s] [5d]
swarfiga755: checks
ManuelSikora: checks
*** RIVER *** [6c 6d 4s 5d] [7d]
swarfiga755: checks
ManuelSikora: bets $6
swarfiga755: calls $6
*** SHOW DOWN ***
ManuelSikora: shows [8d Jc] (a straight, Four to Eight)
swarfiga755: mucks hand
ManuelSikora collected $17.64 from pot
*** SUMMARY ***
Total pot $18 | Rake $0.36
Board [6c 6d 4s 5d 7d]
Seat 1: ManuelSikora (button) (small blind) showed [8d Jc] and won ($17.64) with a straight, Four to Eight
Seat 2: swarfiga755 (big blind) mucked


PokerStars Hand #144884257261:  Hold'em Limit ($3/$6 USD) - 2015/12/05 18:19:44 ET
Table 'Meissa II' 2-max Seat #2 is the button
Seat 1: ManuelSikora ($191.90 in chips)
Seat 2: swarfiga755 ($80.28 in chips)
swarfiga755: posts small blind $1
ManuelSikora: posts big blind $3
*** HOLE CARDS ***
swarfiga755: raises $3 to $6
ManuelSikora: folds
Uncalled bet ($3) returned to swarfiga755
swarfiga755 collected $6 from pot
swarfiga755: doesn't show hand
*** SUMMARY ***
Total pot $6 | Rake $0
Seat 1: ManuelSikora (big blind) folded before Flop
Seat 2: swarfiga755 (button) (small blind) collected ($6)


PokerStars Hand #144884276728:  Hold'em Limit ($3/$6 USD) - 2015/12/05 18:20:09 ET
Table 'Meissa II' 2-max Seat #1 is the button
Seat 1: ManuelSikora ($188.90 in chips)
Seat 2: swarfiga755 ($83.28 in chips)
ManuelSikora: posts small blind $1
swarfiga755: posts big blind $3
*** HOLE CARDS ***
ManuelSikora: raises $3 to $6
swarfiga755: calls $3
*** FLOP *** [6c 4s Th]
swarfiga755: checks
ManuelSikora: checks
*** TURN *** [6c 4s Th] [3d]
swarfiga755: checks
ManuelSikora: checks
*** RIVER *** [6c 4s Th 3d] [3c]
swarfiga755: checks
ManuelSikora: checks
*** SHOW DOWN ***
swarfiga755: shows [2s Ac] (a pair of Threes)
ManuelSikora: shows [7d Ah] (a pair of Threes - Ace+Ten+Seven kicker)
ManuelSikora collected $11.76 from pot
*** SUMMARY ***
Total pot $12 | Rake $0.24
Board [6c 4s Th 3d 3c]
Seat 1: ManuelSikora (button) (small blind) showed [7d Ah] and won ($11.76) with a pair of Threes
Seat 2: swarfiga755 (big blind) showed [2s Ac] and lost with a pair of Threes


PokerStars Hand #144884287040:  Hold'em Limit ($3/$6 USD) - 2015/12/05 18:20:22 ET
Table 'Meissa II' 2-max Seat #2 is the button
Seat 1: ManuelSikora ($194.66 in chips)
Seat 2: swarfiga755 ($77.28 in chips)
swarfiga755: posts small blind $1
ManuelSikora: posts big blind $3
*** HOLE CARDS ***
swarfiga755: raises $3 to $6
ManuelSikora: calls $3
*** FLOP *** [Kc 7s Ts]
ManuelSikora: bets $3
swarfiga755: calls $3
*** TURN *** [Kc 7s Ts] [4s]
ManuelSikora: bets $6
swarfiga755: calls $6
*** RIVER *** [Kc 7s Ts 4s] [As]
ManuelSikora: checks
swarfiga755: bets $6
ManuelSikora: folds
Uncalled bet ($6) returned to swarfiga755
swarfiga755 collected $29.50 from pot
swarfiga755: doesn't show hand
*** SUMMARY ***
Total pot $30 | Rake $0.50
Board [Kc 7s Ts 4s As]
Seat 1: ManuelSikora (big blind) folded on the River
Seat 2: swarfiga755 (button) (small blind) collected ($29.50)


PokerStars Hand #144884297797:  Hold'em Limit ($3/$6 USD) - 2015/12/05 18:20:36 ET
Table 'Meissa II' 2-max Seat #1 is the button
Seat 1: ManuelSikora ($179.66 in chips)
Seat 2: swarfiga755 ($91.78 in chips)
ManuelSikora: posts small blind $1
swarfiga755: posts big blind $3
*** HOLE CARDS ***
ManuelSikora: raises $3 to $6
swarfiga755: calls $3
*** FLOP *** [3s 8d 7h]
swarfiga755: checks
ManuelSikora: checks
*** TURN *** [3s 8d 7h] [Jc]
swarfiga755: checks
ManuelSikora: checks
*** RIVER *** [3s 8d 7h Jc] [9c]
swarfiga755: checks
ManuelSikora: checks
*** SHOW DOWN ***
swarfiga755: shows [9d 4h] (a pair of Nines)
ManuelSikora: mucks hand
swarfiga755 collected $11.76 from pot
*** SUMMARY ***
Total pot $12 | Rake $0.24
Board [3s 8d 7h Jc 9c]
Seat 1: ManuelSikora (button) (small blind) mucked
Seat 2: swarfiga755 (big blind) showed [9d 4h] and won ($11.76) with a pair of Nines


PokerStars Hand #144884311142:  Hold'em Limit ($3/$6 USD) - 2015/12/05 18:20:53 ET
Table 'Meissa II' 2-max Seat #1 is the button
Seat 1: ManuelSikora ($174.66 in chips)
Seat 2: swarfiga755 ($96.54 in chips)
ManuelSikora: posts small blind $1
swarfiga755: posts big blind $3
*** HOLE CARDS ***
ManuelSikora: raises $3 to $6
swarfiga755: folds
Uncalled bet ($3) returned to ManuelSikora
ManuelSikora collected $6 from pot
ManuelSikora: doesn't show hand
*** SUMMARY ***
Total pot $6 | Rake $0
Seat 1: ManuelSikora (button) (small blind) collected ($6)
Seat 2: swarfiga755 (big blind) folded before Flop


PokerStars Hand #144884306999:  Hold'em Limit ($3/$6 USD) - 2015/12/05 18:20:48 ET
Table 'Meissa II' 2-max Seat #2 is the button
Seat 1: ManuelSikora ($173.66 in chips)
Seat 2: swarfiga755 ($97.54 in chips)
swarfiga755: posts small blind $1
ManuelSikora: posts big blind $3
*** HOLE CARDS ***
swarfiga755: folds
Uncalled bet ($2) returned to ManuelSikora
ManuelSikora collected $2 from pot
ManuelSikora: doesn't show hand
*** SUMMARY ***
Total pot $2 | Rake $0
Seat 1: ManuelSikora (big blind) collected ($2)
Seat 2: swarfiga755 (button) (small blind) folded before Flop


PokerStars Hand #144884315458:  Hold'em Limit ($3/$6 USD) - 2015/12/05 18:20:59 ET
Table 'Meissa II' 2-max Seat #2 is the button
Seat 1: ManuelSikora ($177.66 in chips)
Seat 2: swarfiga755 ($93.54 in chips)
swarfiga755: posts small blind $1
ManuelSikora: posts big blind $3
*** HOLE CARDS ***
swarfiga755: raises $3 to $6
ManuelSikora: calls $3
*** FLOP *** [3d 4d 6h]
ManuelSikora: bets $3
swarfiga755: calls $3
*** TURN *** [3d 4d 6h] [6c]
ManuelSikora: bets $6
swarfiga755: calls $6
*** RIVER *** [3d 4d 6h 6c] [5h]
ManuelSikora: bets $6
swarfiga755: folds
Uncalled bet ($6) returned to ManuelSikora
ManuelSikora collected $29.50 from pot
ManuelSikora: doesn't show hand
*** SUMMARY ***
Total pot $30 | Rake $0.50
Board [3d 4d 6h 6c 5h]
Seat 1: ManuelSikora (big blind) collected ($29.50)
Seat 2: swarfiga755 (button) (small blind) folded on the River


PokerStars Hand #144884329762:  Hold'em Limit ($3/$6 USD) - 2015/12/05 18:21:17 ET
Table 'Meissa II' 2-max Seat #1 is the button
Seat 1: ManuelSikora ($192.16 in chips)
Seat 2: swarfiga755 ($78.54 in chips)
ManuelSikora: posts small blind $1
swarfiga755: posts big blind $3
*** HOLE CARDS ***
ManuelSikora: raises $3 to $6
swarfiga755: calls $3
*** FLOP *** [Kd Tc 9d]
swarfiga755: checks
ManuelSikora: checks
*** TURN *** [Kd Tc 9d] [Ad]
swarfiga755: checks
ManuelSikora: checks
*** RIVER *** [Kd Tc 9d Ad] [7d]
swarfiga755: bets $6
ManuelSikora: calls $6
*** SHOW DOWN ***
swarfiga755: shows [2h Jd] (a flush, Ace high)
ManuelSikora: mucks hand
swarfiga755 collected $23.52 from pot
*** SUMMARY ***
Total pot $24 | Rake $0.48
Board [Kd Tc 9d Ad 7d]
Seat 1: ManuelSikora (button) (small blind) mucked
Seat 2: swarfiga755 (big blind) showed [2h Jd] and won ($23.52) with a flush, Ace high


PokerStars Hand #144884339112:  Hold'em Limit ($3/$6 USD) - 2015/12/05 18:21:29 ET
Table 'Meissa II' 2-max Seat #2 is the button
Seat 1: ManuelSikora ($180.16 in chips)
Seat 2: swarfiga755 ($90.06 in chips)
swarfiga755: posts small blind $1
ManuelSikora: posts big blind $3
*** HOLE CARDS ***
swarfiga755: raises $3 to $6
ManuelSikora: calls $3
*** FLOP *** [Td Tc Ad]
ManuelSikora: bets $3
swarfiga755: calls $3
*** TURN *** [Td Tc Ad] [6h]
ManuelSikora: checks
swarfiga755: bets $6
ManuelSikora: folds
Uncalled bet ($6) returned to swarfiga755
swarfiga755 collected $17.64 from pot
swarfiga755: doesn't show hand
*** SUMMARY ***
Total pot $18 | Rake $0.36
Board [Td Tc Ad 6h]
Seat 1: ManuelSikora (big blind) folded on the Turn
Seat 2: swarfiga755 (button) (small blind) collected ($17.64)


PokerStars Hand #144884349176:  Hold'em Limit ($3/$6 USD) - 2015/12/05 18:21:42 ET
Table 'Meissa II' 2-max Seat #1 is the button
Seat 1: ManuelSikora ($171.16 in chips)
Seat 2: swarfiga755 ($98.70 in chips)
ManuelSikora: posts small blind $1
swarfiga755: posts big blind $3
*** HOLE CARDS ***
ManuelSikora: calls $2
swarfiga755: checks
*** FLOP *** [9s 7s 8h]
swarfiga755: checks
ManuelSikora: checks
*** TURN *** [9s 7s 8h] [Jc]
swarfiga755: bets $6
ManuelSikora: calls $6
*** RIVER *** [9s 7s 8h Jc] [2s]
swarfiga755: bets $6
ManuelSikora: raises $6 to $12
swarfiga755: calls $6
*** SHOW DOWN ***
ManuelSikora: shows [5s Ks] (a flush, King high)
swarfiga755: mucks hand
ManuelSikora collected $41.50 from pot
*** SUMMARY ***
Total pot $42 | Rake $0.50
Board [9s 7s 8h Jc 2s]
Seat 1: ManuelSikora (button) (small blind) showed [5s Ks] and won ($41.50) with a flush, King high
Seat 2: swarfiga755 (big blind) mucked


PokerStars Hand #144884360048:  Hold'em Limit ($3/$6 USD) - 2015/12/05 18:21:55 ET
Table 'Meissa II' 2-max Seat #2 is the button
Seat 1: ManuelSikora ($191.66 in chips)
Seat 2: swarfiga755 ($77.70 in chips)
swarfiga755: posts small blind $1
ManuelSikora: posts big blind $3
*** HOLE CARDS ***
swarfiga755: folds
Uncalled bet ($2) returned to ManuelSikora
ManuelSikora collected $2 from pot
ManuelSikora: doesn't show hand
*** SUMMARY ***
Total pot $2 | Rake $0
Seat 1: ManuelSikora (big blind) collected ($2)
Seat 2: swarfiga755 (button) (small blind) folded before Flop


PokerStars Hand #144884363239:  Hold'em Limit ($3/$6 USD) - 2015/12/05 18:21:59 ET
Table 'Meissa II' 2-max Seat #1 is the button
Seat 1: ManuelSikora ($192.66 in chips)
Seat 2: swarfiga755 ($76.70 in chips)
ManuelSikora: posts small blind $1
swarfiga755: posts big blind $3
*** HOLE CARDS ***
ManuelSikora: calls $2
swarfiga755: checks
*** FLOP *** [4s 2c 7d]
swarfiga755: checks
ManuelSikora: checks
*** TURN *** [4s 2c 7d] [Qc]
swarfiga755: checks
ManuelSikora: checks
*** RIVER *** [4s 2c 7d Qc] [Qh]
swarfiga755: checks
ManuelSikora: bets $6
swarfiga755: folds
Uncalled bet ($6) returned to ManuelSikora
ManuelSikora collected $5.88 from pot
ManuelSikora: doesn't show hand
*** SUMMARY ***
Total pot $6 | Rake $0.12
Board [4s 2c 7d Qc Qh]
Seat 1: ManuelSikora (button) (small blind) collected ($5.88)
Seat 2: swarfiga755 (big blind) folded on the River


PokerStars Hand #144884372933:  Hold'em Limit ($3/$6 USD) - 2015/12/05 18:22:12 ET
Table 'Meissa II' 2-max Seat #2 is the button
Seat 1: ManuelSikora ($195.54 in chips)
Seat 2: swarfiga755 ($73.70 in chips)
swarfiga755: posts small blind $1
ManuelSikora: posts big blind $3
*** HOLE CARDS ***
swarfiga755: raises $3 to $6
ManuelSikora: calls $3
*** FLOP *** [Kd Qd Kh]
ManuelSikora: bets $3
swarfiga755: calls $3
*** TURN *** [Kd Qd Kh] [Qs]
ManuelSikora: checks
swarfiga755: checks
*** RIVER *** [Kd Qd Kh Qs] [Jc]
ManuelSikora: checks
swarfiga755: bets $6
ManuelSikora: folds
Uncalled bet ($6) returned to swarfiga755
swarfiga755 collected $17.64 from pot
swarfiga755: doesn't show hand
*** SUMMARY ***
Total pot $18 | Rake $0.36
Board [Kd Qd Kh Qs Jc]
Seat 1: ManuelSikora (big blind) folded on the River
Seat 2: swarfiga755 (button) (small blind) collected ($17.64)


PokerStars Hand #144884388260:  Hold'em Limit ($3/$6 USD) - 2015/12/05 18:22:31 ET
Table 'Meissa II' 2-max Seat #2 is the button
Seat 1: ManuelSikora ($185.54 in chips)
Seat 2: swarfiga755 ($83.34 in chips)
swarfiga755: posts small blind $1
ManuelSikora: posts big blind $3
*** HOLE CARDS ***
swarfiga755: folds
Uncalled bet ($2) returned to ManuelSikora
ManuelSikora collected $2 from pot
ManuelSikora: doesn't show hand
*** SUMMARY ***
Total pot $2 | Rake $0
Seat 1: ManuelSikora (big blind) collected ($2)
Seat 2: swarfiga755 (button) (small blind) folded before Flop


PokerStars Hand #144884384331:  Hold'em Limit ($3/$6 USD) - 2015/12/05 18:22:26 ET
Table 'Meissa II' 2-max Seat #1 is the button
Seat 1: ManuelSikora ($186.54 in chips)
Seat 2: swarfiga755 ($82.34 in chips)
ManuelSikora: posts small blind $1
swarfiga755: posts big blind $3
*** HOLE CARDS ***
ManuelSikora: folds
Uncalled bet ($2) returned to swarfiga755
swarfiga755 collected $2 from pot
swarfiga755: doesn't show hand
*** SUMMARY ***
Total pot $2 | Rake $0
Seat 1: ManuelSikora (button) (small blind) folded before Flop
Seat 2: swarfiga755 (big blind) collected ($2)


PokerStars Hand #144884391829:  Hold'em Limit ($3/$6 USD) - 2015/12/05 18:22:36 ET
Table 'Meissa II' 2-max Seat #1 is the button
Seat 1: ManuelSikora ($186.54 in chips)
Seat 2: swarfiga755 ($82.34 in chips)
ManuelSikora: posts small blind $1
swarfiga755: posts big blind $3
*** HOLE CARDS ***
ManuelSikora: raises $3 to $6
swarfiga755: calls $3
*** FLOP *** [6h As Ad]
swarfiga755: checks
ManuelSikora: bets $3
swarfiga755: folds
Uncalled bet ($3) returned to ManuelSikora
ManuelSikora collected $11.76 from pot
ManuelSikora: doesn't show hand
*** SUMMARY ***
Total pot $12 | Rake $0.24
Board [6h As Ad]
Seat 1: ManuelSikora (button) (small blind) collected ($11.76)
Seat 2: swarfiga755 (big blind) folded on the Flop


PokerStars Hand #144884398512:  Hold'em Limit ($3/$6 USD) - 2015/12/05 18:22:44 ET
Table 'Meissa II' 2-max Seat #2 is the button
Seat 1: ManuelSikora ($192.30 in chips)
Seat 2: swarfiga755 ($76.34 in chips)
swarfiga755: posts small blind $1
ManuelSikora: posts big blind $3
*** HOLE CARDS ***
swarfiga755: raises $3 to $6
ManuelSikora: calls $3
*** FLOP *** [4h Kh 6c]
ManuelSikora: bets $3
swarfiga755: calls $3
*** TURN *** [4h Kh 6c] [8h]
ManuelSikora: bets $6
swarfiga755: raises $6 to $12
ManuelSikora: calls $6
*** RIVER *** [4h Kh 6c 8h] [Jd]
ManuelSikora: checks
swarfiga755: bets $6
ManuelSikora: folds
Uncalled bet ($6) returned to swarfiga755
swarfiga755 collected $41.50 from pot
swarfiga755: doesn't show hand
*** SUMMARY ***
Total pot $42 | Rake $0.50
Board [4h Kh 6c 8h Jd]
Seat 1: ManuelSikora (big blind) folded on the River
Seat 2: swarfiga755 (button) (small blind) collected ($41.50)


PokerStars Hand #144884427125:  Hold'em Limit ($3/$6 USD) - 2015/12/05 18:23:21 ET
Table 'Meissa II' 2-max Seat #2 is the button
Seat 1: ManuelSikora ($150.30 in chips)
Seat 2: swarfiga755 ($117.34 in chips)
swarfiga755: posts small blind $1
ManuelSikora: posts big blind $3
*** HOLE CARDS ***
swarfiga755: folds
Uncalled bet ($2) returned to ManuelSikora
ManuelSikora collected $2 from pot
ManuelSikora: doesn't show hand
*** SUMMARY ***
Total pot $2 | Rake $0
Seat 1: ManuelSikora (big blind) collected ($2)
Seat 2: swarfiga755 (button) (small blind) folded before Flop


PokerStars Hand #144884414499:  Hold'em Limit ($3/$6 USD) - 2015/12/05 18:23:05 ET
Table 'Meissa II' 2-max Seat #1 is the button
Seat 1: ManuelSikora ($171.30 in chips)
Seat 2: swarfiga755 ($96.84 in chips)
ManuelSikora: posts small blind $1
swarfiga755: posts big blind $3
*** HOLE CARDS ***
ManuelSikora: raises $3 to $6
swarfiga755: calls $3
*** FLOP *** [9s 9d Th]
swarfiga755: bets $3
ManuelSikora: calls $3
*** TURN *** [9s 9d Th] [Js]
swarfiga755: bets $6
ManuelSikora: raises $6 to $12
swarfiga755: calls $6
*** RIVER *** [9s 9d Th Js] [9h]
swarfiga755: checks
ManuelSikora: checks
*** SHOW DOWN ***
swarfiga755: shows [7h Jc] (a full house, Nines full of Jacks)
ManuelSikora: mucks hand
swarfiga755 collected $41.50 from pot
*** SUMMARY ***
Total pot $42 | Rake $0.50
Board [9s 9d Th Js 9h]
Seat 1: ManuelSikora (button) (small blind) mucked
Seat 2: swarfiga755 (big blind) showed [7h Jc] and won ($41.50) with a full house, Nines full of Jacks


PokerStars Hand #144884431543:  Hold'em Limit ($3/$6 USD) - 2015/12/05 18:23:27 ET
Table 'Meissa II' 2-max Seat #1 is the button
Seat 1: ManuelSikora ($151.30 in chips)
Seat 2: swarfiga755 ($116.34 in chips)
ManuelSikora: posts small blind $1
swarfiga755: posts big blind $3
*** HOLE CARDS ***
ManuelSikora: raises $3 to $6
swarfiga755: calls $3
*** FLOP *** [Jc 2c 5h]
swarfiga755: checks
ManuelSikora: bets $3
swarfiga755: calls $3
*** TURN *** [Jc 2c 5h] [Js]
swarfiga755: checks
ManuelSikora: bets $6
swarfiga755: calls $6
*** RIVER *** [Jc 2c 5h Js] [Ah]
swarfiga755: checks
ManuelSikora: bets $6
swarfiga755: calls $6
*** SHOW DOWN ***
ManuelSikora: shows [Jd 6h] (three of a kind, Jacks)
swarfiga755: mucks hand
ManuelSikora collected $41.50 from pot
*** SUMMARY ***
Total pot $42 | Rake $0.50
Board [Jc 2c 5h Js Ah]
Seat 1: ManuelSikora (button) (small blind) showed [Jd 6h] and won ($41.50) with three of a kind, Jacks
Seat 2: swarfiga755 (big blind) mucked


PokerStars Hand #144884443768:  Hold'em Limit ($3/$6 USD) - 2015/12/05 18:23:42 ET
Table 'Meissa II' 2-max Seat #2 is the button
Seat 1: ManuelSikora ($171.80 in chips)
Seat 2: swarfiga755 ($95.34 in chips)
swarfiga755: posts small blind $1
ManuelSikora: posts big blind $3
*** HOLE CARDS ***
swarfiga755: raises $3 to $6
ManuelSikora: calls $3
*** FLOP *** [Qd 6h 8d]
ManuelSikora: bets $3
swarfiga755: calls $3
*** TURN *** [Qd 6h 8d] [2c]
ManuelSikora: bets $6
swarfiga755: raises $6 to $12
ManuelSikora: raises $6 to $18
swarfiga755: folds
Uncalled bet ($6) returned to ManuelSikora
ManuelSikora collected $41.50 from pot
ManuelSikora: doesn't show hand
*** SUMMARY ***
Total pot $42 | Rake $0.50
Board [Qd 6h 8d 2c]
Seat 1: ManuelSikora (big blind) collected ($41.50)
Seat 2: swarfiga755 (button) (small blind) folded on the Turn


PokerStars Hand #144884454210:  Hold'em Limit ($3/$6 USD) - 2015/12/05 18:23:55 ET
Table 'Meissa II' 2-max Seat #1 is the button
Seat 1: ManuelSikora ($192.30 in chips)
Seat 2: swarfiga755 ($74.34 in chips)
ManuelSikora: posts small blind $1
swarfiga755: posts big blind $3
*** HOLE CARDS ***
ManuelSikora: raises $3 to $6
swarfiga755: folds
Uncalled bet ($3) returned to ManuelSikora
ManuelSikora collected $6 from pot
ManuelSikora: doesn't show hand
*** SUMMARY ***
Total pot $6 | Rake $0
Seat 1: ManuelSikora (button) (small blind) collected ($6)
Seat 2: swarfiga755 (big blind) folded before Flop


PokerStars Hand #144884460926:  Hold'em Limit ($3/$6 USD) - 2015/12/05 18:24:04 ET
Table 'Meissa II' 2-max Seat #2 is the button
Seat 1: ManuelSikora ($195.30 in chips)
Seat 2: swarfiga755 ($72 in chips)
swarfiga755: posts small blind $1
ManuelSikora: posts big blind $3
*** HOLE CARDS ***
swarfiga755: raises $3 to $6
ManuelSikora: calls $3
*** FLOP *** [Kc 4c 5h]
ManuelSikora: bets $3
swarfiga755: calls $3
*** TURN *** [Kc 4c 5h] [Qs]
ManuelSikora: bets $6
swarfiga755: calls $6
*** RIVER *** [Kc 4c 5h Qs] [6d]
ManuelSikora: bets $6
swarfiga755: calls $6
*** SHOW DOWN ***
ManuelSikora: shows [8s 6h] (a pair of Sixes)
swarfiga755: shows [9h Qc] (a pair of Queens)
swarfiga755 collected $41.50 from pot
*** SUMMARY ***
Total pot $42 | Rake $0.50
Board [Kc 4c 5h Qs 6d]
Seat 1: ManuelSikora (big blind) showed [8s 6h] and lost with a pair of Sixes
Seat 2: swarfiga755 (button) (small blind) showed [9h Qc] and won ($41.50) with a pair of Queens


PokerStars Hand #144884484862:  Hold'em Limit ($3/$6 USD) - 2015/12/05 18:24:35 ET
Table 'Meissa II' 2-max Seat #2 is the button
Seat 1: ManuelSikora ($182.94 in chips)
Seat 2: swarfiga755 ($83.50 in chips)
swarfiga755: posts small blind $1
ManuelSikora: posts big blind $3
*** HOLE CARDS ***
swarfiga755: folds
Uncalled bet ($2) returned to ManuelSikora
ManuelSikora collected $2 from pot
ManuelSikora: doesn't show hand
*** SUMMARY ***
Total pot $2 | Rake $0
Seat 1: ManuelSikora (big blind) collected ($2)
Seat 2: swarfiga755 (button) (small blind) folded before Flop


PokerStars Hand #144884474971:  Hold'em Limit ($3/$6 USD) - 2015/12/05 18:24:22 ET
Table 'Meissa II' 2-max Seat #1 is the button
Seat 1: ManuelSikora ($174.30 in chips)
Seat 2: swarfiga755 ($92.50 in chips)
ManuelSikora: posts small blind $1
swarfiga755: posts big blind $3
*** HOLE CARDS ***
ManuelSikora: raises $3 to $6
swarfiga755: calls $3
*** FLOP *** [Ad 2h 6s]
swarfiga755: checks
ManuelSikora: bets $3
swarfiga755: calls $3
*** TURN *** [Ad 2h 6s] [Tc]
swarfiga755: checks
ManuelSikora: checks
*** RIVER *** [Ad 2h 6s Tc] [Ac]
swarfiga755: checks
ManuelSikora: checks
*** SHOW DOWN ***
swarfiga755: shows [Qd 5d] (a pair of Aces)
ManuelSikora: shows [Jd Qh] (a pair of Aces - Queen+Jack kicker)
ManuelSikora collected $17.64 from pot
*** SUMMARY ***
Total pot $18 | Rake $0.36
Board [Ad 2h 6s Tc Ac]
Seat 1: ManuelSikora (button) (small blind) showed [Jd Qh] and won ($17.64) with a pair of Aces
Seat 2: swarfiga755 (big blind) showed [Qd 5d] and lost with a pair of Aces


PokerStars Hand #144884488364:  Hold'em Limit ($3/$6 USD) - 2015/12/05 18:24:39 ET
Table 'Meissa II' 2-max Seat #1 is the button
Seat 1: ManuelSikora ($183.94 in chips)
Seat 2: swarfiga755 ($82.50 in chips)
ManuelSikora: posts small blind $1
swarfiga755: posts big blind $3
*** HOLE CARDS ***
ManuelSikora: raises $3 to $6
swarfiga755: calls $3
*** FLOP *** [7c 2h 8h]
swarfiga755: bets $3
ManuelSikora: calls $3
*** TURN *** [7c 2h 8h] [Qc]
swarfiga755: bets $6
ManuelSikora: raises $6 to $12
swarfiga755: calls $6
*** RIVER *** [7c 2h 8h Qc] [6s]
swarfiga755: checks
ManuelSikora: bets $6
swarfiga755: calls $6
*** SHOW DOWN ***
ManuelSikora: shows [Qd 6c] (two pair, Queens and Sixes)
swarfiga755: mucks hand
ManuelSikora collected $53.50 from pot
*** SUMMARY ***
Total pot $54 | Rake $0.50
Board [7c 2h 8h Qc 6s]
Seat 1: ManuelSikora (button) (small blind) showed [Qd 6c] and won ($53.50) with two pair, Queens and Sixes
Seat 2: swarfiga755 (big blind) mucked


PokerStars Hand #144884505950:  Hold'em Limit ($3/$6 USD) - 2015/12/05 18:25:02 ET
Table 'Meissa II' 2-max Seat #1 is the button
Seat 1: ManuelSikora ($219.08 in chips)
Seat 2: swarfiga755 ($72 in chips)
ManuelSikora: posts small blind $1
swarfiga755: posts big blind $3
*** HOLE CARDS ***
ManuelSikora: folds
Uncalled bet ($2) returned to swarfiga755
swarfiga755 collected $2 from pot
swarfiga755: doesn't show hand
*** SUMMARY ***
Total pot $2 | Rake $0
Seat 1: ManuelSikora (button) (small blind) folded before Flop
Seat 2: swarfiga755 (big blind) collected ($2)


PokerStars Hand #144884498981:  Hold'em Limit ($3/$6 USD) - 2015/12/05 18:24:53 ET
Table 'Meissa II' 2-max Seat #2 is the button
Seat 1: ManuelSikora ($210.44 in chips)
Seat 2: swarfiga755 ($72 in chips)
swarfiga755: posts small blind $1
ManuelSikora: posts big blind $3
*** HOLE CARDS ***
swarfiga755: raises $3 to $6
ManuelSikora: raises $3 to $9
swarfiga755: calls $3
*** FLOP *** [4h Jh As]
ManuelSikora: bets $3
swarfiga755: folds
Uncalled bet ($3) returned to ManuelSikora
ManuelSikora collected $17.64 from pot
ManuelSikora: doesn't show hand
*** SUMMARY ***
Total pot $18 | Rake $0.36
Board [4h Jh As]
Seat 1: ManuelSikora (big blind) collected ($17.64)
Seat 2: swarfiga755 (button) (small blind) folded on the Flop


PokerStars Hand #144884547187:  Hold'em Limit ($3/$6 USD) - 2015/12/05 18:25:55 ET
Table 'Meissa II' 2-max Seat #2 is the button
Seat 1: ManuelSikora ($179.84 in chips)
Seat 2: swarfiga755 ($109.76 in chips)
swarfiga755: posts small blind $1
ManuelSikora: posts big blind $3
*** HOLE CARDS ***
swarfiga755: raises $3 to $6
ManuelSikora: calls $3
*** FLOP *** [Qc 2s Jd]
ManuelSikora: checks
swarfiga755: bets $3
ManuelSikora: folds
Uncalled bet ($3) returned to swarfiga755
swarfiga755 collected $11.76 from pot
swarfiga755: doesn't show hand
*** SUMMARY ***
Total pot $12 | Rake $0.24
Board [Qc 2s Jd]
Seat 1: ManuelSikora (big blind) folded on the Flop
Seat 2: swarfiga755 (button) (small blind) collected ($11.76)


PokerStars Hand #144884510026:  Hold'em Limit ($3/$6 USD) - 2015/12/05 18:25:07 ET
Table 'Meissa II' 2-max Seat #2 is the button
Seat 1: ManuelSikora ($218.08 in chips)
Seat 2: swarfiga755 ($73 in chips)
swarfiga755: posts small blind $1
ManuelSikora: posts big blind $3
*** HOLE CARDS ***
swarfiga755: raises $3 to $6
ManuelSikora: calls $3
*** FLOP *** [7d 5d 3d]
ManuelSikora: bets $3
swarfiga755: calls $3
*** TURN *** [7d 5d 3d] [Jh]
ManuelSikora: bets $6
swarfiga755: raises $6 to $12
ManuelSikora: calls $6
*** RIVER *** [7d 5d 3d Jh] [9s]
ManuelSikora: checks
swarfiga755: bets $6
ManuelSikora: folds
Uncalled bet ($6) returned to swarfiga755
swarfiga755 collected $41.50 from pot
swarfiga755: doesn't show hand
*** SUMMARY ***
Total pot $42 | Rake $0.50
Board [7d 5d 3d Jh 9s]
Seat 1: ManuelSikora (big blind) folded on the River
Seat 2: swarfiga755 (button) (small blind) collected ($41.50)


PokerStars Hand #144884529812:  Hold'em Limit ($3/$6 USD) - 2015/12/05 18:25:33 ET
Table 'Meissa II' 2-max Seat #2 is the button
Seat 1: ManuelSikora ($196.84 in chips)
Seat 2: swarfiga755 ($93.26 in chips)
swarfiga755: posts small blind $1
ManuelSikora: posts big blind $3
*** HOLE CARDS ***
swarfiga755: folds
Uncalled bet ($2) returned to ManuelSikora
ManuelSikora collected $2 from pot
ManuelSikora: doesn't show hand
*** SUMMARY ***
Total pot $2 | Rake $0
Seat 1: ManuelSikora (big blind) collected ($2)
Seat 2: swarfiga755 (button) (small blind) folded before Flop


PokerStars Hand #144884520538:  Hold'em Limit ($3/$6 USD) - 2015/12/05 18:25:21 ET
Table 'Meissa II' 2-max Seat #1 is the button
Seat 1: ManuelSikora ($197.08 in chips)
Seat 2: swarfiga755 ($93.50 in chips)
ManuelSikora: posts small blind $1
swarfiga755: posts big blind $3
*** HOLE CARDS ***
ManuelSikora: raises $3 to $6
swarfiga755: calls $3
*** FLOP *** [2s Qd Jh]
swarfiga755: checks
ManuelSikora: checks
*** TURN *** [2s Qd Jh] [4s]
swarfiga755: checks
ManuelSikora: checks
*** RIVER *** [2s Qd Jh 4s] [2c]
swarfiga755: bets $6
ManuelSikora: calls $6
*** SHOW DOWN ***
swarfiga755: shows [4c Tc] (two pair, Fours and Deuces)
ManuelSikora: shows [8d 4d] (two pair, Fours and Deuces)
swarfiga755 collected $11.76 from pot
ManuelSikora collected $11.76 from pot
*** SUMMARY ***
Total pot $24 | Rake $0.48
Board [2s Qd Jh 4s 2c]
Seat 1: ManuelSikora (button) (small blind) showed [8d 4d] and won ($11.76) with two pair, Fours and Deuces
Seat 2: swarfiga755 (big blind) showed [4c Tc] and won ($11.76) with two pair, Fours and Deuces


PokerStars Hand #144884533455:  Hold'em Limit ($3/$6 USD) - 2015/12/05 18:25:37 ET
Table 'Meissa II' 2-max Seat #1 is the button
Seat 1: ManuelSikora ($197.84 in chips)
Seat 2: swarfiga755 ($92.26 in chips)
ManuelSikora: posts small blind $1
swarfiga755: posts big blind $3
*** HOLE CARDS ***
ManuelSikora: calls $2
swarfiga755: checks
*** FLOP *** [7d Kc Th]
swarfiga755: bets $3
ManuelSikora: calls $3
*** TURN *** [7d Kc Th] [Kd]
swarfiga755: bets $6
ManuelSikora: calls $6
*** RIVER *** [7d Kc Th Kd] [3d]
swarfiga755: bets $6
ManuelSikora: calls $6
*** SHOW DOWN ***
swarfiga755: shows [Tc 6h] (two pair, Kings and Tens)
ManuelSikora: mucks hand
swarfiga755 collected $35.50 from pot
*** SUMMARY ***
Total pot $36 | Rake $0.50
Board [7d Kc Th Kd 3d]
Seat 1: ManuelSikora (button) (small blind) mucked
Seat 2: swarfiga755 (big blind) showed [Tc 6h] and won ($35.50) with two pair, Kings and Tens


PokerStars Hand #144884598639:  Hold'em Limit ($3/$6 USD) - 2015/12/05 18:27:00 ET
Table 'Meissa II' 2-max Seat #1 is the button
Seat 1: ManuelSikora ($184.85 in chips)
Seat 2: swarfiga755 ($102.77 in chips)
ManuelSikora: posts small blind $1
swarfiga755: posts big blind $3
*** HOLE CARDS ***
ManuelSikora: raises $3 to $6
swarfiga755: calls $3
*** FLOP *** [As 9c 7c]
swarfiga755: checks
ManuelSikora: checks
*** TURN *** [As 9c 7c] [Jc]
swarfiga755: checks
ManuelSikora: checks
*** RIVER *** [As 9c 7c Jc] [2c]
swarfiga755: checks
ManuelSikora: checks
*** SHOW DOWN ***
swarfiga755: shows [Ts Qd] (high card Ace)
ManuelSikora: shows [Kh 4s] (high card Ace - King kicker)
ManuelSikora collected $11.76 from pot
*** SUMMARY ***
Total pot $12 | Rake $0.24
Board [As 9c 7c Jc 2c]
Seat 1: ManuelSikora (button) (small blind) showed [Kh 4s] and won ($11.76) with high card Ace
Seat 2: swarfiga755 (big blind) showed [Ts Qd] and lost with high card Ace


PokerStars Hand #144884553444:  Hold'em Limit ($3/$6 USD) - 2015/12/05 18:26:03 ET
Table 'Meissa II' 2-max Seat #1 is the button
Seat 1: ManuelSikora ($173.84 in chips)
Seat 2: swarfiga755 ($115.52 in chips)
ManuelSikora: posts small blind $1
swarfiga755: posts big blind $3
*** HOLE CARDS ***
ManuelSikora: raises $3 to $6
swarfiga755: raises $3 to $9
ManuelSikora: raises $3 to $12
Betting is capped
swarfiga755: calls $3
*** FLOP *** [Th 9h Ac]
swarfiga755: checks
ManuelSikora: checks
*** TURN *** [Th 9h Ac] [3d]
swarfiga755: checks
ManuelSikora: checks
*** RIVER *** [Th 9h Ac 3d] [Kh]
swarfiga755: checks
ManuelSikora: bets $6
swarfiga755: calls $6
*** SHOW DOWN ***
ManuelSikora: shows [Jh 7s] (high card Ace)
swarfiga755: shows [8s 8h] (a pair of Eights)
swarfiga755 collected $35.50 from pot
*** SUMMARY ***
Total pot $36 | Rake $0.50
Board [Th 9h Ac 3d Kh]
Seat 1: ManuelSikora (button) (small blind) showed [Jh 7s] and lost with high card Ace
Seat 2: swarfiga755 (big blind) showed [8s 8h] and won ($35.50) with a pair of Eights


PokerStars Hand #144884566919:  Hold'em Limit ($3/$6 USD) - 2015/12/05 18:26:20 ET
Table 'Meissa II' 2-max Seat #2 is the button
Seat 1: ManuelSikora ($155.84 in chips)
Seat 2: swarfiga755 ($133.02 in chips)
swarfiga755: posts small blind $1
ManuelSikora: posts big blind $3
*** HOLE CARDS ***
swarfiga755: raises $3 to $6
ManuelSikora: raises $3 to $9
swarfiga755: calls $3
*** FLOP *** [7c 5h 6h]
ManuelSikora: bets $3
swarfiga755: calls $3
*** TURN *** [7c 5h 6h] [9c]
ManuelSikora: bets $6
swarfiga755: calls $6
*** RIVER *** [7c 5h 6h 9c] [8s]
ManuelSikora: bets $6
swarfiga755: calls $6
*** SHOW DOWN ***
ManuelSikora: shows [3s 8d] (a straight, Five to Nine)
swarfiga755: shows [Ac 9h] (a straight, Five to Nine)
ManuelSikora collected $23.75 from pot
swarfiga755 collected $23.75 from pot
*** SUMMARY ***
Total pot $48 | Rake $0.50
Board [7c 5h 6h 9c 8s]
Seat 1: ManuelSikora (big blind) showed [3s 8d] and won ($23.75) with a straight, Five to Nine
Seat 2: swarfiga755 (button) (small blind) showed [Ac 9h] and won ($23.75) with a straight, Five to Nine


PokerStars Hand #144884579814:  Hold'em Limit ($3/$6 USD) - 2015/12/05 18:26:37 ET
Table 'Meissa II' 2-max Seat #1 is the button
Seat 1: ManuelSikora ($155.59 in chips)
Seat 2: swarfiga755 ($132.77 in chips)
ManuelSikora: posts small blind $1
swarfiga755: posts big blind $3
*** HOLE CARDS ***
ManuelSikora: raises $3 to $6
swarfiga755: calls $3
*** FLOP *** [8s Jh 8c]
swarfiga755: checks
ManuelSikora: bets $3
swarfiga755: folds
Uncalled bet ($3) returned to ManuelSikora
ManuelSikora collected $11.76 from pot
ManuelSikora: doesn't show hand
*** SUMMARY ***
Total pot $12 | Rake $0.24
Board [8s Jh 8c]
Seat 1: ManuelSikora (button) (small blind) collected ($11.76)
Seat 2: swarfiga755 (big blind) folded on the Flop


PokerStars Hand #144884587713:  Hold'em Limit ($3/$6 USD) - 2015/12/05 18:26:46 ET
Table 'Meissa II' 2-max Seat #2 is the button
Seat 1: ManuelSikora ($161.35 in chips)
Seat 2: swarfiga755 ($126.77 in chips)
swarfiga755: posts small blind $1
ManuelSikora: posts big blind $3
*** HOLE CARDS ***
swarfiga755: raises $3 to $6
ManuelSikora: raises $3 to $9
swarfiga755: calls $3
*** FLOP *** [Ts 9h 3h]
ManuelSikora: bets $3
swarfiga755: calls $3
*** TURN *** [Ts 9h 3h] [9s]
ManuelSikora: bets $6
swarfiga755: calls $6
*** RIVER *** [Ts 9h 3h 9s] [2c]
ManuelSikora: bets $6
swarfiga755: calls $6
*** SHOW DOWN ***
ManuelSikora: shows [Qd Tc] (two pair, Tens and Nines)
swarfiga755: mucks hand
ManuelSikora collected $47.50 from pot
*** SUMMARY ***
Total pot $48 | Rake $0.50
Board [Ts 9h 3h 9s 2c]
Seat 1: ManuelSikora (big blind) showed [Qd Tc] and won ($47.50) with two pair, Tens and Nines
Seat 2: swarfiga755 (button) (small blind) mucked


PokerStars Hand #144884610575:  Hold'em Limit ($3/$6 USD) - 2015/12/05 18:27:16 ET
Table 'Meissa II' 2-max Seat #1 is the button
Seat 1: ManuelSikora ($191.61 in chips)
Seat 2: swarfiga755 ($95.77 in chips)
ManuelSikora: posts small blind $1
swarfiga755: posts big blind $3
*** HOLE CARDS ***
ManuelSikora: calls $2
swarfiga755: raises $3 to $6
ManuelSikora: calls $3
*** FLOP *** [Ad 8c Qs]
swarfiga755: bets $3
ManuelSikora: folds
Uncalled bet ($3) returned to swarfiga755
swarfiga755 collected $11.76 from pot
swarfiga755: doesn't show hand
*** SUMMARY ***
Total pot $12 | Rake $0.24
Board [Ad 8c Qs]
Seat 1: ManuelSikora (button) (small blind) folded on the Flop
Seat 2: swarfiga755 (big blind) collected ($11.76)


PokerStars Hand #144884617745:  Hold'em Limit ($3/$6 USD) - 2015/12/05 18:27:25 ET
Table 'Meissa II' 2-max Seat #2 is the button
Seat 1: ManuelSikora ($185.61 in chips)
Seat 2: swarfiga755 ($101.53 in chips)
swarfiga755: posts small blind $1
ManuelSikora: posts big blind $3
*** HOLE CARDS ***
swarfiga755: raises $3 to $6
ManuelSikora: calls $3
*** FLOP *** [3h Qc 4h]
ManuelSikora: bets $3
swarfiga755: calls $3
*** TURN *** [3h Qc 4h] [5h]
ManuelSikora: checks
swarfiga755: bets $6
ManuelSikora: folds
Uncalled bet ($6) returned to swarfiga755
swarfiga755 collected $17.64 from pot
swarfiga755: doesn't show hand
*** SUMMARY ***
Total pot $18 | Rake $0.36
Board [3h Qc 4h 5h]
Seat 1: ManuelSikora (big blind) folded on the Turn
Seat 2: swarfiga755 (button) (small blind) collected ($17.64)


PokerStars Hand #144884631732:  Hold'em Limit ($3/$6 USD) - 2015/12/05 18:27:42 ET
Table 'Meissa II' 2-max Seat #2 is the button
Seat 1: ManuelSikora ($179.61 in chips)
Seat 2: swarfiga755 ($107.17 in chips)
swarfiga755: posts small blind $1
ManuelSikora: posts big blind $3
*** HOLE CARDS ***
swarfiga755: raises $3 to $6
ManuelSikora: raises $3 to $9
swarfiga755: calls $3
*** FLOP *** [Ad Jh 8c]
ManuelSikora: bets $3
swarfiga755: folds
Uncalled bet ($3) returned to ManuelSikora
ManuelSikora collected $17.64 from pot
ManuelSikora: doesn't show hand
*** SUMMARY ***
Total pot $18 | Rake $0.36
Board [Ad Jh 8c]
Seat 1: ManuelSikora (big blind) collected ($17.64)
Seat 2: swarfiga755 (button) (small blind) folded on the Flop


PokerStars Hand #144884627045:  Hold'em Limit ($3/$6 USD) - 2015/12/05 18:27:36 ET
Table 'Meissa II' 2-max Seat #1 is the button
Seat 1: ManuelSikora ($176.61 in chips)
Seat 2: swarfiga755 ($110.17 in chips)
ManuelSikora: posts small blind $1
swarfiga755: posts big blind $3
*** HOLE CARDS ***
ManuelSikora: raises $3 to $6
swarfiga755: folds
Uncalled bet ($3) returned to ManuelSikora
ManuelSikora collected $6 from pot
ManuelSikora: doesn't show hand
*** SUMMARY ***
Total pot $6 | Rake $0
Seat 1: ManuelSikora (button) (small blind) collected ($6)
Seat 2: swarfiga755 (big blind) folded before Flop


PokerStars Hand #144884638832:  Hold'em Limit ($3/$6 USD) - 2015/12/05 18:27:52 ET
Table 'Meissa II' 2-max Seat #1 is the button
Seat 1: ManuelSikora ($188.25 in chips)
Seat 2: swarfiga755 ($98.17 in chips)
ManuelSikora: posts small blind $1
swarfiga755: posts big blind $3
*** HOLE CARDS ***
ManuelSikora: raises $3 to $6
swarfiga755: calls $3
*** FLOP *** [4d 9c Ah]
swarfiga755: checks
ManuelSikora: checks
*** TURN *** [4d 9c Ah] [9d]
swarfiga755: checks
ManuelSikora: checks
*** RIVER *** [4d 9c Ah 9d] [Qd]
swarfiga755: checks
ManuelSikora: checks
*** SHOW DOWN ***
swarfiga755: shows [Js 8s] (a pair of Nines)
ManuelSikora: shows [Kd 3s] (a pair of Nines - Ace+King kicker)
ManuelSikora collected $11.76 from pot
*** SUMMARY ***
Total pot $12 | Rake $0.24
Board [4d 9c Ah 9d Qd]
Seat 1: ManuelSikora (button) (small blind) showed [Kd 3s] and won ($11.76) with a pair of Nines
Seat 2: swarfiga755 (big blind) showed [Js 8s] and lost with a pair of Nines


PokerStars Hand #144884607266:  Hold'em Limit ($3/$6 USD) - 2015/12/05 18:27:12 ET
Table 'Meissa II' 2-max Seat #2 is the button
Seat 1: ManuelSikora ($190.61 in chips)
Seat 2: swarfiga755 ($96.77 in chips)
swarfiga755: posts small blind $1
ManuelSikora: posts big blind $3
*** HOLE CARDS ***
swarfiga755: folds
Uncalled bet ($2) returned to ManuelSikora
ManuelSikora collected $2 from pot
ManuelSikora: doesn't show hand
*** SUMMARY ***
Total pot $2 | Rake $0
Seat 1: ManuelSikora (big blind) collected ($2)
Seat 2: swarfiga755 (button) (small blind) folded before Flop


PokerStars Hand #144884687414:  Hold'em Limit ($3/$6 USD) - 2015/12/05 18:28:54 ET
Table 'Meissa II' 2-max Seat #2 is the button
Seat 1: ManuelSikora ($172.77 in chips)
Seat 2: swarfiga755 ($112.09 in chips)
swarfiga755: posts small blind $1
ManuelSikora: posts big blind $3
*** HOLE CARDS ***
swarfiga755: raises $3 to $6
ManuelSikora: calls $3
*** FLOP *** [Ah 9s Qs]
ManuelSikora: bets $3
swarfiga755: calls $3
*** TURN *** [Ah 9s Qs] [3d]
ManuelSikora: checks
swarfiga755: bets $6
ManuelSikora: calls $6
*** RIVER *** [Ah 9s Qs 3d] [Qd]
ManuelSikora: checks
swarfiga755: checks
*** SHOW DOWN ***
ManuelSikora: shows [2d 5c] (a pair of Queens)
swarfiga755: shows [7d 7s] (two pair, Queens and Sevens)
swarfiga755 collected $29.50 from pot
*** SUMMARY ***
Total pot $30 | Rake $0.50
Board [Ah 9s Qs 3d Qd]
Seat 1: ManuelSikora (big blind) showed [2d 5c] and lost with a pair of Queens
Seat 2: swarfiga755 (button) (small blind) showed [7d 7s] and won ($29.50) with two pair, Queens and Sevens


PokerStars Hand #144884677979:  Hold'em Limit ($3/$6 USD) - 2015/12/05 18:28:42 ET
Table 'Meissa II' 2-max Seat #1 is the button
Seat 1: ManuelSikora ($184.77 in chips)
Seat 2: swarfiga755 ($100.57 in chips)
ManuelSikora: posts small blind $1
swarfiga755: posts big blind $3
*** HOLE CARDS ***
ManuelSikora: raises $3 to $6
swarfiga755: calls $3
*** FLOP *** [4h 9h Ts]
swarfiga755: checks
ManuelSikora: checks
*** TURN *** [4h 9h Ts] [7h]
swarfiga755: checks
ManuelSikora: checks
*** RIVER *** [4h 9h Ts 7h] [Kc]
swarfiga755: bets $6
ManuelSikora: calls $6
*** SHOW DOWN ***
swarfiga755: shows [Ks 6c] (a pair of Kings)
ManuelSikora: mucks hand
swarfiga755 collected $23.52 from pot
*** SUMMARY ***
Total pot $24 | Rake $0.48
Board [4h 9h Ts 7h Kc]
Seat 1: ManuelSikora (button) (small blind) mucked
Seat 2: swarfiga755 (big blind) showed [Ks 6c] and won ($23.52) with a pair of Kings


PokerStars Hand #144884672003:  Hold'em Limit ($3/$6 USD) - 2015/12/05 18:28:34 ET
Table 'Meissa II' 2-max Seat #2 is the button
Seat 1: ManuelSikora ($190.77 in chips)
Seat 2: swarfiga755 ($94.81 in chips)
swarfiga755: posts small blind $1
ManuelSikora: posts big blind $3
*** HOLE CARDS ***
swarfiga755: raises $3 to $6
ManuelSikora: calls $3
*** FLOP *** [Ad 5s Kh]
ManuelSikora: checks
swarfiga755: bets $3
ManuelSikora: folds
Uncalled bet ($3) returned to swarfiga755
swarfiga755 collected $11.76 from pot
swarfiga755: doesn't show hand
*** SUMMARY ***
Total pot $12 | Rake $0.24
Board [Ad 5s Kh]
Seat 1: ManuelSikora (big blind) folded on the Flop
Seat 2: swarfiga755 (button) (small blind) collected ($11.76)


PokerStars Hand #144884662426:  Hold'em Limit ($3/$6 USD) - 2015/12/05 18:28:22 ET
Table 'Meissa II' 2-max Seat #1 is the button
Seat 1: ManuelSikora ($185.01 in chips)
Seat 2: swarfiga755 ($100.81 in chips)
ManuelSikora: posts small blind $1
swarfiga755: posts big blind $3
*** HOLE CARDS ***
ManuelSikora: raises $3 to $6
swarfiga755: calls $3
*** FLOP *** [8d 8h 7c]
swarfiga755: checks
ManuelSikora: checks
*** TURN *** [8d 8h 7c] [3h]
swarfiga755: checks
ManuelSikora: bets $6
swarfiga755: folds
Uncalled bet ($6) returned to ManuelSikora
ManuelSikora collected $11.76 from pot
ManuelSikora: doesn't show hand
*** SUMMARY ***
Total pot $12 | Rake $0.24
Board [8d 8h 7c 3h]
Seat 1: ManuelSikora (button) (small blind) collected ($11.76)
Seat 2: swarfiga755 (big blind) folded on the Turn


PokerStars Hand #144884647224:  Hold'em Limit ($3/$6 USD) - 2015/12/05 18:28:03 ET
Table 'Meissa II' 2-max Seat #2 is the button
Seat 1: ManuelSikora ($194.01 in chips)
Seat 2: swarfiga755 ($92.17 in chips)
swarfiga755: posts small blind $1
ManuelSikora: posts big blind $3
*** HOLE CARDS ***
swarfiga755: raises $3 to $6
ManuelSikora: calls $3
*** FLOP *** [3h 9s Qc]
ManuelSikora: bets $3
swarfiga755: calls $3
*** TURN *** [3h 9s Qc] [Jh]
ManuelSikora: checks
swarfiga755: checks
*** RIVER *** [3h 9s Qc Jh] [Kd]
ManuelSikora: checks
swarfiga755: bets $6
ManuelSikora: folds
Uncalled bet ($6) returned to swarfiga755
swarfiga755 collected $17.64 from pot
swarfiga755: doesn't show hand
*** SUMMARY ***
Total pot $18 | Rake $0.36
Board [3h 9s Qc Jh Kd]
Seat 1: ManuelSikora (big blind) folded on the River
Seat 2: swarfiga755 (button) (small blind) collected ($17.64)


PokerStars Hand #144884736056:  Hold'em Limit ($3/$6 USD) - 2015/12/05 18:29:57 ET
Table 'Meissa II' 2-max Seat #1 is the button
Seat 1: ManuelSikora ($136.41 in chips)
Seat 2: swarfiga755 ($146.49 in chips)
ManuelSikora: posts small blind $1
swarfiga755: posts big blind $3
*** HOLE CARDS ***
ManuelSikora: raises $3 to $6
swarfiga755: calls $3
*** FLOP *** [2h Qs 6d]
swarfiga755: checks
ManuelSikora: bets $3
swarfiga755: folds
Uncalled bet ($3) returned to ManuelSikora
ManuelSikora collected $11.76 from pot
ManuelSikora: doesn't show hand
*** SUMMARY ***
Total pot $12 | Rake $0.24
Board [2h Qs 6d]
Seat 1: ManuelSikora (button) (small blind) collected ($11.76)
Seat 2: swarfiga755 (big blind) folded on the Flop


PokerStars Hand #144884726851:  Hold'em Limit ($3/$6 USD) - 2015/12/05 18:29:45 ET
Table 'Meissa II' 2-max Seat #2 is the button
Seat 1: ManuelSikora ($127.77 in chips)
Seat 2: swarfiga755 ($155.49 in chips)
swarfiga755: posts small blind $1
ManuelSikora: posts big blind $3
*** HOLE CARDS ***
swarfiga755: raises $3 to $6
ManuelSikora: raises $3 to $9
swarfiga755: calls $3
*** FLOP *** [Jd Jc 4h]
ManuelSikora: bets $3
swarfiga755: folds
Uncalled bet ($3) returned to ManuelSikora
ManuelSikora collected $17.64 from pot
ManuelSikora: doesn't show hand
*** SUMMARY ***
Total pot $18 | Rake $0.36
Board [Jd Jc 4h]
Seat 1: ManuelSikora (big blind) collected ($17.64)
Seat 2: swarfiga755 (button) (small blind) folded on the Flop


PokerStars Hand #144884716063:  Hold'em Limit ($3/$6 USD) - 2015/12/05 18:29:31 ET
Table 'Meissa II' 2-max Seat #1 is the button
Seat 1: ManuelSikora ($133.77 in chips)
Seat 2: swarfiga755 ($149.73 in chips)
ManuelSikora: posts small blind $1
swarfiga755: posts big blind $3
*** HOLE CARDS ***
ManuelSikora: raises $3 to $6
swarfiga755: calls $3
*** FLOP *** [2d As 4d]
swarfiga755: checks
ManuelSikora: checks
*** TURN *** [2d As 4d] [2h]
swarfiga755: checks
ManuelSikora: checks
*** RIVER *** [2d As 4d 2h] [4h]
swarfiga755: bets $6
ManuelSikora: folds
Uncalled bet ($6) returned to swarfiga755
swarfiga755 collected $11.76 from pot
swarfiga755: doesn't show hand
*** SUMMARY ***
Total pot $12 | Rake $0.24
Board [2d As 4d 2h 4h]
Seat 1: ManuelSikora (button) (small blind) folded on the River
Seat 2: swarfiga755 (big blind) collected ($11.76)


PokerStars Hand #144884706898:  Hold'em Limit ($3/$6 USD) - 2015/12/05 18:29:19 ET
Table 'Meissa II' 2-max Seat #2 is the button
Seat 1: ManuelSikora ($142.77 in chips)
Seat 2: swarfiga755 ($141.09 in chips)
swarfiga755: posts small blind $1
ManuelSikora: posts big blind $3
*** HOLE CARDS ***
swarfiga755: raises $3 to $6
ManuelSikora: calls $3
*** FLOP *** [6d Td 9s]
ManuelSikora: bets $3
swarfiga755: calls $3
*** TURN *** [6d Td 9s] [8c]
ManuelSikora: checks
swarfiga755: bets $6
ManuelSikora: folds
Uncalled bet ($6) returned to swarfiga755
swarfiga755 collected $17.64 from pot
swarfiga755: doesn't show hand
*** SUMMARY ***
Total pot $18 | Rake $0.36
Board [6d Td 9s 8c]
Seat 1: ManuelSikora (big blind) folded on the Turn
Seat 2: swarfiga755 (button) (small blind) collected ($17.64)


PokerStars Hand #144884697366:  Hold'em Limit ($3/$6 USD) - 2015/12/05 18:29:07 ET
Table 'Meissa II' 2-max Seat #1 is the button
Seat 1: ManuelSikora ($157.77 in chips)
Seat 2: swarfiga755 ($126.59 in chips)
ManuelSikora: posts small blind $1
swarfiga755: posts big blind $3
*** HOLE CARDS ***
ManuelSikora: raises $3 to $6
swarfiga755: calls $3
*** FLOP *** [8h 4d 2c]
swarfiga755: bets $3
ManuelSikora: calls $3
*** TURN *** [8h 4d 2c] [Jc]
swarfiga755: bets $6
ManuelSikora: calls $6
*** RIVER *** [8h 4d 2c Jc] [Js]
swarfiga755: bets $6
ManuelSikora: folds
Uncalled bet ($6) returned to swarfiga755
swarfiga755 collected $29.50 from pot
swarfiga755: doesn't show hand
*** SUMMARY ***
Total pot $30 | Rake $0.50
Board [8h 4d 2c Jc Js]
Seat 1: ManuelSikora (button) (small blind) folded on the River
Seat 2: swarfiga755 (big blind) collected ($29.50)


PokerStars Hand #144884780165:  Hold'em Limit ($3/$6 USD) - 2015/12/05 18:30:55 ET
Table 'Meissa II' 2-max Seat #2 is the button
Seat 1: ManuelSikora ($122.05 in chips)
Seat 2: swarfiga755 ($159.63 in chips)
swarfiga755: posts small blind $1
ManuelSikora: posts big blind $3
*** HOLE CARDS ***
swarfiga755: raises $3 to $6
ManuelSikora: calls $3
*** FLOP *** [7h Js Kc]
ManuelSikora: bets $3
swarfiga755: calls $3
*** TURN *** [7h Js Kc] [4c]
ManuelSikora: bets $6
swarfiga755: folds
Uncalled bet ($6) returned to ManuelSikora
ManuelSikora collected $17.64 from pot
ManuelSikora: doesn't show hand
*** SUMMARY ***
Total pot $18 | Rake $0.36
Board [7h Js Kc 4c]
Seat 1: ManuelSikora (big blind) collected ($17.64)
Seat 2: swarfiga755 (button) (small blind) folded on the Turn


PokerStars Hand #144884771444:  Hold'em Limit ($3/$6 USD) - 2015/12/05 18:30:44 ET
Table 'Meissa II' 2-max Seat #1 is the button
Seat 1: ManuelSikora ($122.17 in chips)
Seat 2: swarfiga755 ($159.75 in chips)
ManuelSikora: posts small blind $1
swarfiga755: posts big blind $3
*** HOLE CARDS ***
ManuelSikora: raises $3 to $6
swarfiga755: calls $3
*** FLOP *** [Jh 5c 9d]
swarfiga755: checks
ManuelSikora: checks
*** TURN *** [Jh 5c 9d] [2c]
swarfiga755: checks
ManuelSikora: checks
*** RIVER *** [Jh 5c 9d 2c] [9c]
swarfiga755: checks
ManuelSikora: checks
*** SHOW DOWN ***
swarfiga755: shows [Th Kd] (a pair of Nines)
ManuelSikora: shows [Td Kc] (a pair of Nines)
swarfiga755 collected $5.88 from pot
ManuelSikora collected $5.88 from pot
*** SUMMARY ***
Total pot $12 | Rake $0.24
Board [Jh 5c 9d 2c 9c]
Seat 1: ManuelSikora (button) (small blind) showed [Td Kc] and won ($5.88) with a pair of Nines
Seat 2: swarfiga755 (big blind) showed [Th Kd] and won ($5.88) with a pair of Nines


PokerStars Hand #144884768046:  Hold'em Limit ($3/$6 USD) - 2015/12/05 18:30:39 ET
Table 'Meissa II' 2-max Seat #2 is the button
Seat 1: ManuelSikora ($121.17 in chips)
Seat 2: swarfiga755 ($160.75 in chips)
swarfiga755: posts small blind $1
ManuelSikora: posts big blind $3
*** HOLE CARDS ***
swarfiga755: folds
Uncalled bet ($2) returned to ManuelSikora
ManuelSikora collected $2 from pot
ManuelSikora: doesn't show hand
*** SUMMARY ***
Total pot $2 | Rake $0
Seat 1: ManuelSikora (big blind) collected ($2)
Seat 2: swarfiga755 (button) (small blind) folded before Flop


PokerStars Hand #144884761359:  Hold'em Limit ($3/$6 USD) - 2015/12/05 18:30:31 ET
Table 'Meissa II' 2-max Seat #1 is the button
Seat 1: ManuelSikora ($127.17 in chips)
Seat 2: swarfiga755 ($154.99 in chips)
ManuelSikora: posts small blind $1
swarfiga755: posts big blind $3
*** HOLE CARDS ***
ManuelSikora: calls $2
swarfiga755: raises $3 to $6
ManuelSikora: calls $3
*** FLOP *** [Qd Qh 7h]
swarfiga755: bets $3
ManuelSikora: folds
Uncalled bet ($3) returned to swarfiga755
swarfiga755 collected $11.76 from pot
swarfiga755: doesn't show hand
*** SUMMARY ***
Total pot $12 | Rake $0.24
Board [Qd Qh 7h]
Seat 1: ManuelSikora (button) (small blind) folded on the Flop
Seat 2: swarfiga755 (big blind) collected ($11.76)


PokerStars Hand #144884758091:  Hold'em Limit ($3/$6 USD) - 2015/12/05 18:30:26 ET
Table 'Meissa II' 2-max Seat #2 is the button
Seat 1: ManuelSikora ($126.17 in chips)
Seat 2: swarfiga755 ($155.99 in chips)
swarfiga755: posts small blind $1
ManuelSikora: posts big blind $3
*** HOLE CARDS ***
swarfiga755: folds
Uncalled bet ($2) returned to ManuelSikora
ManuelSikora collected $2 from pot
ManuelSikora: doesn't show hand
*** SUMMARY ***
Total pot $2 | Rake $0
Seat 1: ManuelSikora (big blind) collected ($2)
Seat 2: swarfiga755 (button) (small blind) folded before Flop


PokerStars Hand #144884754407:  Hold'em Limit ($3/$6 USD) - 2015/12/05 18:30:21 ET
Table 'Meissa II' 2-max Seat #1 is the button
Seat 1: ManuelSikora ($127.17 in chips)
Seat 2: swarfiga755 ($154.99 in chips)
ManuelSikora: posts small blind $1
swarfiga755: posts big blind $3
*** HOLE CARDS ***
ManuelSikora: folds
Uncalled bet ($2) returned to swarfiga755
swarfiga755 collected $2 from pot
swarfiga755: doesn't show hand
*** SUMMARY ***
Total pot $2 | Rake $0
Seat 1: ManuelSikora (button) (small blind) folded before Flop
Seat 2: swarfiga755 (big blind) collected ($2)


PokerStars Hand #144884743627:  Hold'em Limit ($3/$6 USD) - 2015/12/05 18:30:07 ET
Table 'Meissa II' 2-max Seat #2 is the button
Seat 1: ManuelSikora ($142.17 in chips)
Seat 2: swarfiga755 ($140.49 in chips)
swarfiga755: posts small blind $1
ManuelSikora: posts big blind $3
*** HOLE CARDS ***
swarfiga755: raises $3 to $6
ManuelSikora: calls $3
*** FLOP *** [Ac 5h Kc]
ManuelSikora: bets $3
swarfiga755: calls $3
*** TURN *** [Ac 5h Kc] [Th]
ManuelSikora: bets $6
swarfiga755: calls $6
*** RIVER *** [Ac 5h Kc Th] [6s]
ManuelSikora: checks
swarfiga755: bets $6
ManuelSikora: folds
Uncalled bet ($6) returned to swarfiga755
swarfiga755 collected $29.50 from pot
swarfiga755: doesn't show hand
*** SUMMARY ***
Total pot $30 | Rake $0.50
Board [Ac 5h Kc Th 6s]
Seat 1: ManuelSikora (big blind) folded on the River
Seat 2: swarfiga755 (button) (small blind) collected ($29.50)


PokerStars Hand #144884810230:  Hold'em Limit ($3/$6 USD) - 2015/12/05 18:31:34 ET
Table 'Meissa II' 2-max Seat #2 is the button
Seat 1: ManuelSikora ($113.69 in chips)
Seat 2: swarfiga755 ($166.91 in chips)
swarfiga755: posts small blind $1
ManuelSikora: posts big blind $3
*** HOLE CARDS ***
swarfiga755: raises $3 to $6
ManuelSikora: raises $3 to $9
swarfiga755: calls $3
*** FLOP *** [6c Ah Jc]
ManuelSikora: bets $3
swarfiga755: calls $3
*** TURN *** [6c Ah Jc] [Ks]
ManuelSikora: bets $6
swarfiga755: calls $6
*** RIVER *** [6c Ah Jc Ks] [Kc]
ManuelSikora: bets $6
swarfiga755: calls $6
*** SHOW DOWN ***
ManuelSikora: shows [7c 7d] (two pair, Kings and Sevens)
swarfiga755: mucks hand
ManuelSikora collected $47.50 from pot
*** SUMMARY ***
Total pot $48 | Rake $0.50
Board [6c Ah Jc Ks Kc]
Seat 1: ManuelSikora (big blind) showed [7c 7d] and won ($47.50) with two pair, Kings and Sevens
Seat 2: swarfiga755 (button) (small blind) mucked


PokerStars Hand #144884801308:  Hold'em Limit ($3/$6 USD) - 2015/12/05 18:31:23 ET
Table 'Meissa II' 2-max Seat #1 is the button
Seat 1: ManuelSikora ($119.69 in chips)
Seat 2: swarfiga755 ($161.15 in chips)
ManuelSikora: posts small blind $1
swarfiga755: posts big blind $3
*** HOLE CARDS ***
ManuelSikora: raises $3 to $6
swarfiga755: calls $3
*** FLOP *** [7s Ah As]
swarfiga755: checks
ManuelSikora: checks
*** TURN *** [7s Ah As] [6h]
swarfiga755: checks
ManuelSikora: checks
*** RIVER *** [7s Ah As 6h] [6c]
swarfiga755: checks
ManuelSikora: checks
*** SHOW DOWN ***
swarfiga755: shows [4s Td] (two pair, Aces and Sixes)
ManuelSikora: mucks hand
swarfiga755 collected $11.76 from pot
*** SUMMARY ***
Total pot $12 | Rake $0.24
Board [7s Ah As 6h 6c]
Seat 1: ManuelSikora (button) (small blind) mucked
Seat 2: swarfiga755 (big blind) showed [4s Td] and won ($11.76) with two pair, Aces and Sixes


PokerStars Hand #144884797492:  Hold'em Limit ($3/$6 USD) - 2015/12/05 18:31:18 ET
Table 'Meissa II' 2-max Seat #2 is the button
Seat 1: ManuelSikora ($118.69 in chips)
Seat 2: swarfiga755 ($162.15 in chips)
swarfiga755: posts small blind $1
ManuelSikora: posts big blind $3
*** HOLE CARDS ***
swarfiga755: folds
Uncalled bet ($2) returned to ManuelSikora
ManuelSikora collected $2 from pot
ManuelSikora: doesn't show hand
*** SUMMARY ***
Total pot $2 | Rake $0
Seat 1: ManuelSikora (big blind) collected ($2)
Seat 2: swarfiga755 (button) (small blind) folded before Flop


PokerStars Hand #144884787694:  Hold'em Limit ($3/$6 USD) - 2015/12/05 18:31:05 ET
Table 'Meissa II' 2-max Seat #1 is the button
Seat 1: ManuelSikora ($130.69 in chips)
Seat 2: swarfiga755 ($150.63 in chips)
ManuelSikora: posts small blind $1
swarfiga755: posts big blind $3
*** HOLE CARDS ***
ManuelSikora: raises $3 to $6
swarfiga755: calls $3
*** FLOP *** [3h Tc 4d]
swarfiga755: bets $3
ManuelSikora: raises $3 to $6
swarfiga755: calls $3
*** TURN *** [3h Tc 4d] [Ks]
swarfiga755: checks
ManuelSikora: checks
*** RIVER *** [3h Tc 4d Ks] [7s]
swarfiga755: checks
ManuelSikora: checks
*** SHOW DOWN ***
swarfiga755: shows [3d Jh] (a pair of Threes)
ManuelSikora: mucks hand
swarfiga755 collected $23.52 from pot
*** SUMMARY ***
Total pot $24 | Rake $0.48
Board [3h Tc 4d Ks 7s]
Seat 1: ManuelSikora (button) (small blind) mucked
Seat 2: swarfiga755 (big blind) showed [3d Jh] and won ($23.52) with a pair of Threes


PokerStars Hand #144884871506:  Hold'em Limit ($3/$6 USD) - 2015/12/05 18:32:55 ET
Table 'Meissa II' 2-max Seat #1 is the button
Seat 1: ManuelSikora ($160.01 in chips)
Seat 2: swarfiga755 ($118.25 in chips)
ManuelSikora: posts small blind $1
swarfiga755: posts big blind $3
*** HOLE CARDS ***
ManuelSikora: raises $3 to $6
swarfiga755: calls $3
*** FLOP *** [Qs Ac 2d]
swarfiga755: checks
ManuelSikora: checks
*** TURN *** [Qs Ac 2d] [7h]
swarfiga755: checks
ManuelSikora: checks
*** RIVER *** [Qs Ac 2d 7h] [9c]
swarfiga755: bets $6
ManuelSikora: folds
Uncalled bet ($6) returned to swarfiga755
swarfiga755 collected $11.76 from pot
swarfiga755: doesn't show hand
*** SUMMARY ***
Total pot $12 | Rake $0.24
Board [Qs Ac 2d 7h 9c]
Seat 1: ManuelSikora (button) (small blind) folded on the River
Seat 2: swarfiga755 (big blind) collected ($11.76)


PokerStars Hand #144884862003:  Hold'em Limit ($3/$6 USD) - 2015/12/05 18:32:42 ET
Table 'Meissa II' 2-max Seat #2 is the button
Seat 1: ManuelSikora ($139.51 in chips)
Seat 2: swarfiga755 ($139.25 in chips)
swarfiga755: posts small blind $1
ManuelSikora: posts big blind $3
*** HOLE CARDS ***
swarfiga755: raises $3 to $6
ManuelSikora: calls $3
*** FLOP *** [Jh 3h 8c]
ManuelSikora: bets $3
swarfiga755: calls $3
*** TURN *** [Jh 3h 8c] [5c]
ManuelSikora: bets $6
swarfiga755: calls $6
*** RIVER *** [Jh 3h 8c 5c] [6c]
ManuelSikora: bets $6
swarfiga755: calls $6
*** SHOW DOWN ***
ManuelSikora: shows [Kh 6h] (a pair of Sixes)
swarfiga755: mucks hand
ManuelSikora collected $41.50 from pot
*** SUMMARY ***
Total pot $42 | Rake $0.50
Board [Jh 3h 8c 5c 6c]
Seat 1: ManuelSikora (big blind) showed [Kh 6h] and won ($41.50) with a pair of Sixes
Seat 2: swarfiga755 (button) (small blind) mucked


PokerStars Hand #144884854030:  Hold'em Limit ($3/$6 USD) - 2015/12/05 18:32:32 ET
Table 'Meissa II' 2-max Seat #1 is the button
Seat 1: ManuelSikora ($151.51 in chips)
Seat 2: swarfiga755 ($127.73 in chips)
ManuelSikora: posts small blind $1
swarfiga755: posts big blind $3
*** HOLE CARDS ***
ManuelSikora: raises $3 to $6
swarfiga755: raises $3 to $9
ManuelSikora: calls $3
*** FLOP *** [6h Kc 8d]
swarfiga755: bets $3
ManuelSikora: calls $3
*** TURN *** [6h Kc 8d] [9h]
swarfiga755: bets $6
ManuelSikora: folds
Uncalled bet ($6) returned to swarfiga755
swarfiga755 collected $23.52 from pot
swarfiga755: doesn't show hand
*** SUMMARY ***
Total pot $24 | Rake $0.48
Board [6h Kc 8d 9h]
Seat 1: ManuelSikora (button) (small blind) folded on the Turn
Seat 2: swarfiga755 (big blind) collected ($23.52)


PokerStars Hand #144884843812:  Hold'em Limit ($3/$6 USD) - 2015/12/05 18:32:18 ET
Table 'Meissa II' 2-max Seat #2 is the button
Seat 1: ManuelSikora ($151.69 in chips)
Seat 2: swarfiga755 ($127.91 in chips)
swarfiga755: posts small blind $1
ManuelSikora: posts big blind $3
*** HOLE CARDS ***
swarfiga755: raises $3 to $6
ManuelSikora: calls $3
*** FLOP *** [5c 5h Ad]
ManuelSikora: checks
swarfiga755: bets $3
ManuelSikora: calls $3
*** TURN *** [5c 5h Ad] [8h]
ManuelSikora: checks
swarfiga755: checks
*** RIVER *** [5c 5h Ad 8h] [7h]
ManuelSikora: checks
swarfiga755: checks
*** SHOW DOWN ***
ManuelSikora: shows [2c Qh] (a pair of Fives)
swarfiga755: shows [Qd 6d] (a pair of Fives)
ManuelSikora collected $8.82 from pot
swarfiga755 collected $8.82 from pot
*** SUMMARY ***
Total pot $18 | Rake $0.36
Board [5c 5h Ad 8h 7h]
Seat 1: ManuelSikora (big blind) showed [2c Qh] and won ($8.82) with a pair of Fives
Seat 2: swarfiga755 (button) (small blind) showed [Qd 6d] and won ($8.82) with a pair of Fives


PokerStars Hand #144884834365:  Hold'em Limit ($3/$6 USD) - 2015/12/05 18:32:06 ET
Table 'Meissa II' 2-max Seat #1 is the button
Seat 1: ManuelSikora ($137.19 in chips)
Seat 2: swarfiga755 ($142.91 in chips)
ManuelSikora: posts small blind $1
swarfiga755: posts big blind $3
*** HOLE CARDS ***
ManuelSikora: raises $3 to $6
swarfiga755: calls $3
*** FLOP *** [7d Th 8s]
swarfiga755: checks
ManuelSikora: bets $3
swarfiga755: calls $3
*** TURN *** [7d Th 8s] [Td]
swarfiga755: checks
ManuelSikora: bets $6
swarfiga755: calls $6
*** RIVER *** [7d Th 8s Td] [6d]
swarfiga755: checks
ManuelSikora: checks
*** SHOW DOWN ***
swarfiga755: shows [As 5h] (a pair of Tens)
ManuelSikora: shows [4s 7h] (two pair, Tens and Sevens)
ManuelSikora collected $29.50 from pot
*** SUMMARY ***
Total pot $30 | Rake $0.50
Board [7d Th 8s Td 6d]
Seat 1: ManuelSikora (button) (small blind) showed [4s 7h] and won ($29.50) with two pair, Tens and Sevens
Seat 2: swarfiga755 (big blind) showed [As 5h] and lost with a pair of Tens


PokerStars Hand #144884922879:  Hold'em Limit ($3/$6 USD) - 2015/12/05 18:34:03 ET
Table 'Meissa II' 2-max Seat #1 is the button
Seat 1: ManuelSikora ($167.92 in chips)
Seat 2: swarfiga755 ($108.52 in chips)
ManuelSikora: posts small blind $1
swarfiga755: posts big blind $3
*** HOLE CARDS ***
ManuelSikora: raises $3 to $6
swarfiga755: calls $3
*** FLOP *** [Kd 8c 7d]
swarfiga755: checks
ManuelSikora: checks
*** TURN *** [Kd 8c 7d] [Kc]
swarfiga755: bets $6
ManuelSikora: folds
Uncalled bet ($6) returned to swarfiga755
swarfiga755 collected $11.76 from pot
swarfiga755: doesn't show hand
*** SUMMARY ***
Total pot $12 | Rake $0.24
Board [Kd 8c 7d Kc]
Seat 1: ManuelSikora (button) (small blind) folded on the Turn
Seat 2: swarfiga755 (big blind) collected ($11.76)


PokerStars Hand #144884915264:  Hold'em Limit ($3/$6 USD) - 2015/12/05 18:33:52 ET
Table 'Meissa II' 2-max Seat #2 is the button
Seat 1: ManuelSikora ($159.28 in chips)
Seat 2: swarfiga755 ($117.52 in chips)
swarfiga755: posts small blind $1
ManuelSikora: posts big blind $3
*** HOLE CARDS ***
swarfiga755: raises $3 to $6
ManuelSikora: calls $3
*** FLOP *** [6h Jd 5c]
ManuelSikora: bets $3
swarfiga755: calls $3
*** TURN *** [6h Jd 5c] [As]
ManuelSikora: bets $6
swarfiga755: folds
Uncalled bet ($6) returned to ManuelSikora
ManuelSikora collected $17.64 from pot
ManuelSikora: doesn't show hand
*** SUMMARY ***
Total pot $18 | Rake $0.36
Board [6h Jd 5c As]
Seat 1: ManuelSikora (big blind) collected ($17.64)
Seat 2: swarfiga755 (button) (small blind) folded on the Turn


PokerStars Hand #144884896496:  Hold'em Limit ($3/$6 USD) - 2015/12/05 18:33:28 ET
Table 'Meissa II' 2-max Seat #2 is the button
Seat 1: ManuelSikora ($153.77 in chips)
Seat 2: swarfiga755 ($123.77 in chips)
swarfiga755: posts small blind $1
ManuelSikora: posts big blind $3
*** HOLE CARDS ***
swarfiga755: raises $3 to $6
ManuelSikora: calls $3
*** FLOP *** [Kh Kd Jh]
ManuelSikora: bets $3
swarfiga755: calls $3
*** TURN *** [Kh Kd Jh] [8h]
ManuelSikora: bets $6
swarfiga755: calls $6
*** RIVER *** [Kh Kd Jh 8h] [Kc]
ManuelSikora: bets $6
swarfiga755: raises $6 to $12
ManuelSikora: calls $6
*** SHOW DOWN ***
swarfiga755: shows [9h Jd] (a full house, Kings full of Jacks)
ManuelSikora: shows [4d Jc] (a full house, Kings full of Jacks)
ManuelSikora collected $26.75 from pot
swarfiga755 collected $26.75 from pot
*** SUMMARY ***
Total pot $54 | Rake $0.50
Board [Kh Kd Jh 8h Kc]
Seat 1: ManuelSikora (big blind) showed [4d Jc] and won ($26.75) with a full house, Kings full of Jacks
Seat 2: swarfiga755 (button) (small blind) showed [9h Jd] and won ($26.75) with a full house, Kings full of Jacks


PokerStars Hand #144884887696:  Hold'em Limit ($3/$6 USD) - 2015/12/05 18:33:16 ET
Table 'Meissa II' 2-max Seat #1 is the button
Seat 1: ManuelSikora ($148.01 in chips)
Seat 2: swarfiga755 ($129.77 in chips)
ManuelSikora: posts small blind $1
swarfiga755: posts big blind $3
*** HOLE CARDS ***
ManuelSikora: raises $3 to $6
swarfiga755: calls $3
*** FLOP *** [4c 5h Td]
swarfiga755: checks
ManuelSikora: checks
*** TURN *** [4c 5h Td] [4s]
swarfiga755: checks
ManuelSikora: checks
*** RIVER *** [4c 5h Td 4s] [Jh]
swarfiga755: checks
ManuelSikora: checks
*** SHOW DOWN ***
swarfiga755: shows [9s 8s] (a pair of Fours)
ManuelSikora: shows [Ks Qc] (a pair of Fours - King kicker)
ManuelSikora collected $11.76 from pot
*** SUMMARY ***
Total pot $12 | Rake $0.24
Board [4c 5h Td 4s Jh]
Seat 1: ManuelSikora (button) (small blind) showed [Ks Qc] and won ($11.76) with a pair of Fours
Seat 2: swarfiga755 (big blind) showed [9s 8s] and lost with a pair of Fours


PokerStars Hand #144884882147:  Hold'em Limit ($3/$6 USD) - 2015/12/05 18:33:09 ET
Table 'Meissa II' 2-max Seat #2 is the button
Seat 1: ManuelSikora ($154.01 in chips)
Seat 2: swarfiga755 ($124.01 in chips)
swarfiga755: posts small blind $1
ManuelSikora: posts big blind $3
*** HOLE CARDS ***
swarfiga755: raises $3 to $6
ManuelSikora: calls $3
*** FLOP *** [8h As Qc]
ManuelSikora: checks
swarfiga755: bets $3
ManuelSikora: folds
Uncalled bet ($3) returned to swarfiga755
swarfiga755 collected $11.76 from pot
swarfiga755: doesn't show hand
*** SUMMARY ***
Total pot $12 | Rake $0.24
Board [8h As Qc]
Seat 1: ManuelSikora (big blind) folded on the Flop
Seat 2: swarfiga755 (button) (small blind) collected ($11.76)


PokerStars Hand #144884972000:  Hold'em Limit ($3/$6 USD) - 2015/12/05 18:35:07 ET
Table 'Meissa II' 2-max Seat #2 is the button
Seat 1: ManuelSikora ($182.94 in chips)
Seat 2: swarfiga755 ($91.92 in chips)
swarfiga755: posts small blind $1
ManuelSikora: posts big blind $3
*** HOLE CARDS ***
swarfiga755: raises $3 to $6
ManuelSikora: folds
Uncalled bet ($3) returned to swarfiga755
swarfiga755 collected $6 from pot
swarfiga755: doesn't show hand
*** SUMMARY ***
Total pot $6 | Rake $0
Seat 1: ManuelSikora (big blind) folded before Flop
Seat 2: swarfiga755 (button) (small blind) collected ($6)


PokerStars Hand #144884953630:  Hold'em Limit ($3/$6 USD) - 2015/12/05 18:34:43 ET
Table 'Meissa II' 2-max Seat #1 is the button
Seat 1: ManuelSikora ($165.44 in chips)
Seat 2: swarfiga755 ($109.92 in chips)
ManuelSikora: posts small blind $1
swarfiga755: posts big blind $3
*** HOLE CARDS ***
ManuelSikora: raises $3 to $6
swarfiga755: calls $3
*** FLOP *** [5d 4c Ah]
swarfiga755: bets $3
ManuelSikora: raises $3 to $6
swarfiga755: calls $3
*** TURN *** [5d 4c Ah] [9s]
swarfiga755: checks
ManuelSikora: checks
*** RIVER *** [5d 4c Ah 9s] [2h]
swarfiga755: checks
ManuelSikora: bets $6
swarfiga755: calls $6
*** SHOW DOWN ***
ManuelSikora: shows [5s 3s] (a straight, Ace to Five)
swarfiga755: mucks hand
ManuelSikora collected $35.50 from pot
*** SUMMARY ***
Total pot $36 | Rake $0.50
Board [5d 4c Ah 9s 2h]
Seat 1: ManuelSikora (button) (small blind) showed [5s 3s] and won ($35.50) with a straight, Ace to Five
Seat 2: swarfiga755 (big blind) mucked


PokerStars Hand #144884950388:  Hold'em Limit ($3/$6 USD) - 2015/12/05 18:34:39 ET
Table 'Meissa II' 2-max Seat #2 is the button
Seat 1: ManuelSikora ($164.44 in chips)
Seat 2: swarfiga755 ($110.92 in chips)
swarfiga755: posts small blind $1
ManuelSikora: posts big blind $3
*** HOLE CARDS ***
swarfiga755: folds
Uncalled bet ($2) returned to ManuelSikora
ManuelSikora collected $2 from pot
ManuelSikora: doesn't show hand
*** SUMMARY ***
Total pot $2 | Rake $0
Seat 1: ManuelSikora (big blind) collected ($2)
Seat 2: swarfiga755 (button) (small blind) folded before Flop


PokerStars Hand #144884940308:  Hold'em Limit ($3/$6 USD) - 2015/12/05 18:34:25 ET
Table 'Meissa II' 2-max Seat #1 is the button
Seat 1: ManuelSikora ($152.92 in chips)
Seat 2: swarfiga755 ($122.92 in chips)
ManuelSikora: posts small blind $1
swarfiga755: posts big blind $3
*** HOLE CARDS ***
ManuelSikora: calls $2
swarfiga755: checks
*** FLOP *** [8s 4s 4d]
swarfiga755: bets $3
ManuelSikora: calls $3
*** TURN *** [8s 4s 4d] [7s]
swarfiga755: checks
ManuelSikora: checks
*** RIVER *** [8s 4s 4d 7s] [7h]
swarfiga755: checks
ManuelSikora: bets $6
swarfiga755: calls $6
*** SHOW DOWN ***
ManuelSikora: shows [9d 7d] (a full house, Sevens full of Fours)
swarfiga755: mucks hand
ManuelSikora collected $23.52 from pot
*** SUMMARY ***
Total pot $24 | Rake $0.48
Board [8s 4s 4d 7s 7h]
Seat 1: ManuelSikora (button) (small blind) showed [9d 7d] and won ($23.52) with a full house, Sevens full of Fours
Seat 2: swarfiga755 (big blind) mucked


PokerStars Hand #144884930161:  Hold'em Limit ($3/$6 USD) - 2015/12/05 18:34:12 ET
Table 'Meissa II' 2-max Seat #2 is the button
Seat 1: ManuelSikora ($161.92 in chips)
Seat 2: swarfiga755 ($114.28 in chips)
swarfiga755: posts small blind $1
ManuelSikora: posts big blind $3
*** HOLE CARDS ***
swarfiga755: raises $3 to $6
ManuelSikora: calls $3
*** FLOP *** [4d Qs Jh]
ManuelSikora: bets $3
swarfiga755: calls $3
*** TURN *** [4d Qs Jh] [2c]
ManuelSikora: checks
swarfiga755: checks
*** RIVER *** [4d Qs Jh 2c] [7c]
ManuelSikora: checks
swarfiga755: bets $6
ManuelSikora: folds
Uncalled bet ($6) returned to swarfiga755
swarfiga755 collected $17.64 from pot
swarfiga755: doesn't show hand
*** SUMMARY ***
Total pot $18 | Rake $0.36
Board [4d Qs Jh 2c 7c]
Seat 1: ManuelSikora (big blind) folded on the River
Seat 2: swarfiga755 (button) (small blind) collected ($17.64)


PokerStars Hand #144885012737:  Hold'em Limit ($3/$6 USD) - 2015/12/05 18:36:01 ET
Table 'Meissa II' 2-max Seat #2 is the button
Seat 1: ManuelSikora ($229.14 in chips)
Seat 2: swarfiga755 ($83.96 in chips)
swarfiga755: posts small blind $1
ManuelSikora: posts big blind $3
*** HOLE CARDS ***
swarfiga755: raises $3 to $6
ManuelSikora: calls $3
*** FLOP *** [7h 5d 2d]
ManuelSikora: bets $3
swarfiga755: calls $3
*** TURN *** [7h 5d 2d] [8s]
ManuelSikora: bets $6
swarfiga755: raises $6 to $12
ManuelSikora: raises $6 to $18
swarfiga755: calls $6
*** RIVER *** [7h 5d 2d 8s] [9h]
ManuelSikora: bets $6
swarfiga755: calls $6
*** SHOW DOWN ***
ManuelSikora: shows [7d 4h] (a pair of Sevens)
swarfiga755: shows [4s 8d] (a pair of Eights)
swarfiga755 collected $65.50 from pot
*** SUMMARY ***
Total pot $66 | Rake $0.50
Board [7h 5d 2d 8s 9h]
Seat 1: ManuelSikora (big blind) showed [7d 4h] and lost with a pair of Sevens
Seat 2: swarfiga755 (button) (small blind) showed [4s 8d] and won ($65.50) with a pair of Eights


PokerStars Hand #144885004165:  Hold'em Limit ($3/$6 USD) - 2015/12/05 18:35:50 ET
Table 'Meissa II' 2-max Seat #1 is the button
Seat 1: ManuelSikora ($214.64 in chips)
Seat 2: swarfiga755 ($98.96 in chips)
ManuelSikora: posts small blind $1
swarfiga755: posts big blind $3
*** HOLE CARDS ***
ManuelSikora: raises $3 to $6
swarfiga755: raises $3 to $9
ManuelSikora: calls $3
*** FLOP *** [9h 6c Ad]
swarfiga755: bets $3
ManuelSikora: raises $3 to $6
swarfiga755: calls $3
*** TURN *** [9h 6c Ad] [2s]
swarfiga755: checks
ManuelSikora: checks
*** RIVER *** [9h 6c Ad 2s] [Th]
swarfiga755: checks
ManuelSikora: checks
*** SHOW DOWN ***
swarfiga755: shows [8d Kh] (high card Ace)
ManuelSikora: shows [6d 5h] (a pair of Sixes)
ManuelSikora collected $29.50 from pot
*** SUMMARY ***
Total pot $30 | Rake $0.50
Board [9h 6c Ad 2s Th]
Seat 1: ManuelSikora (button) (small blind) showed [6d 5h] and won ($29.50) with a pair of Sixes
Seat 2: swarfiga755 (big blind) showed [8d Kh] and lost with high card Ace


PokerStars Hand #144885001079:  Hold'em Limit ($3/$6 USD) - 2015/12/05 18:35:45 ET
Table 'Meissa II' 2-max Seat #2 is the button
Seat 1: ManuelSikora ($213.64 in chips)
Seat 2: swarfiga755 ($99.96 in chips)
swarfiga755: posts small blind $1
ManuelSikora: posts big blind $3
*** HOLE CARDS ***
swarfiga755: folds
Uncalled bet ($2) returned to ManuelSikora
ManuelSikora collected $2 from pot
ManuelSikora: doesn't show hand
*** SUMMARY ***
Total pot $2 | Rake $0
Seat 1: ManuelSikora (big blind) collected ($2)
Seat 2: swarfiga755 (button) (small blind) folded before Flop


PokerStars Hand #144884992097:  Hold'em Limit ($3/$6 USD) - 2015/12/05 18:35:33 ET
Table 'Meissa II' 2-max Seat #1 is the button
Seat 1: ManuelSikora ($225.64 in chips)
Seat 2: swarfiga755 ($88.44 in chips)
ManuelSikora: posts small blind $1
swarfiga755: posts big blind $3
*** HOLE CARDS ***
ManuelSikora: raises $3 to $6
swarfiga755: raises $3 to $9
ManuelSikora: calls $3
*** FLOP *** [3d Ah Ks]
swarfiga755: bets $3
ManuelSikora: calls $3
*** TURN *** [3d Ah Ks] [Ac]
swarfiga755: checks
ManuelSikora: checks
*** RIVER *** [3d Ah Ks Ac] [Js]
swarfiga755: bets $6
ManuelSikora: folds
Uncalled bet ($6) returned to swarfiga755
swarfiga755 collected $23.52 from pot
swarfiga755: doesn't show hand
*** SUMMARY ***
Total pot $24 | Rake $0.48
Board [3d Ah Ks Ac Js]
Seat 1: ManuelSikora (button) (small blind) folded on the River
Seat 2: swarfiga755 (big blind) collected ($23.52)


PokerStars Hand #144884984921:  Hold'em Limit ($3/$6 USD) - 2015/12/05 18:35:24 ET
Table 'Meissa II' 2-max Seat #2 is the button
Seat 1: ManuelSikora ($237.64 in chips)
Seat 2: swarfiga755 ($76.92 in chips)
swarfiga755: posts small blind $1
ManuelSikora: posts big blind $3
*** HOLE CARDS ***
swarfiga755: raises $3 to $6
ManuelSikora: raises $3 to $9
swarfiga755: raises $3 to $12
Betting is capped
ManuelSikora: calls $3
*** FLOP *** [Qs Jh Ac]
ManuelSikora: checks
swarfiga755: bets $3
ManuelSikora: folds
Uncalled bet ($3) returned to swarfiga755
swarfiga755 collected $23.52 from pot
swarfiga755: doesn't show hand
*** SUMMARY ***
Total pot $24 | Rake $0.48
Board [Qs Jh Ac]
Seat 1: ManuelSikora (big blind) folded on the Flop
Seat 2: swarfiga755 (button) (small blind) collected ($23.52)


PokerStars Hand #144884976540:  Hold'em Limit ($3/$6 USD) - 2015/12/05 18:35:13 ET
Table 'Meissa II' 2-max Seat #1 is the button
Seat 1: ManuelSikora ($220.14 in chips)
Seat 2: swarfiga755 ($94.92 in chips)
ManuelSikora: posts small blind $1
swarfiga755: posts big blind $3
*** HOLE CARDS ***
ManuelSikora: raises $3 to $6
swarfiga755: raises $3 to $9
ManuelSikora: calls $3
*** FLOP *** [Kh 5d Ad]
swarfiga755: bets $3
ManuelSikora: raises $3 to $6
swarfiga755: raises $3 to $9
ManuelSikora: raises $3 to $12
Betting is capped
swarfiga755: folds
Uncalled bet ($3) returned to ManuelSikora
ManuelSikora collected $35.50 from pot
ManuelSikora: doesn't show hand
*** SUMMARY ***
Total pot $36 | Rake $0.50
Board [Kh 5d Ad]
Seat 1: ManuelSikora (button) (small blind) collected ($35.50)
Seat 2: swarfiga755 (big blind) folded on the Flop


PokerStars Hand #144885062465:  Hold'em Limit ($3/$6 USD) - 2015/12/05 18:37:06 ET
Table 'Meissa II' 2-max Seat #1 is the button
Seat 1: ManuelSikora ($163.14 in chips)
Seat 2: swarfiga755 ($148.60 in chips)
ManuelSikora: posts small blind $1
swarfiga755: posts big blind $3
*** HOLE CARDS ***
ManuelSikora: raises $3 to $6
swarfiga755: folds
Uncalled bet ($3) returned to ManuelSikora
ManuelSikora collected $6 from pot
ManuelSikora: doesn't show hand
*** SUMMARY ***
Total pot $6 | Rake $0
Seat 1: ManuelSikora (button) (small blind) collected ($6)
Seat 2: swarfiga755 (big blind) folded before Flop


PokerStars Hand #144885052528:  Hold'em Limit ($3/$6 USD) - 2015/12/05 18:36:53 ET
Table 'Meissa II' 2-max Seat #2 is the button
Seat 1: ManuelSikora ($187.14 in chips)
Seat 2: swarfiga755 ($125.10 in chips)
swarfiga755: posts small blind $1
ManuelSikora: posts big blind $3
*** HOLE CARDS ***
swarfiga755: raises $3 to $6
ManuelSikora: raises $3 to $9
swarfiga755: calls $3
*** FLOP *** [7s 4s 2s]
ManuelSikora: bets $3
swarfiga755: calls $3
*** TURN *** [7s 4s 2s] [5s]
ManuelSikora: bets $6
swarfiga755: calls $6
*** RIVER *** [7s 4s 2s 5s] [Kd]
ManuelSikora: bets $6
swarfiga755: calls $6
*** SHOW DOWN ***
ManuelSikora: shows [Qh Qd] (a pair of Queens)
swarfiga755: shows [6s Qc] (a flush, Seven high)
swarfiga755 collected $47.50 from pot
*** SUMMARY ***
Total pot $48 | Rake $0.50
Board [7s 4s 2s 5s Kd]
Seat 1: ManuelSikora (big blind) showed [Qh Qd] and lost with a pair of Queens
Seat 2: swarfiga755 (button) (small blind) showed [6s Qc] and won ($47.50) with a flush, Seven high


PokerStars Hand #144885023216:  Hold'em Limit ($3/$6 USD) - 2015/12/05 18:36:15 ET
Table 'Meissa II' 2-max Seat #1 is the button
Seat 1: ManuelSikora ($196.14 in chips)
Seat 2: swarfiga755 ($116.46 in chips)
ManuelSikora: posts small blind $1
swarfiga755: posts big blind $3
*** HOLE CARDS ***
ManuelSikora: raises $3 to $6
swarfiga755: calls $3
*** FLOP *** [Js 4d Kc]
swarfiga755: checks
ManuelSikora: bets $3
swarfiga755: calls $3
*** TURN *** [Js 4d Kc] [4h]
swarfiga755: checks
ManuelSikora: checks
*** RIVER *** [Js 4d Kc 4h] [6d]
swarfiga755: bets $6
ManuelSikora: folds
Uncalled bet ($6) returned to swarfiga755
swarfiga755 collected $17.64 from pot
swarfiga755: doesn't show hand
*** SUMMARY ***
Total pot $18 | Rake $0.36
Board [Js 4d Kc 4h 6d]
Seat 1: ManuelSikora (button) (small blind) folded on the River
Seat 2: swarfiga755 (big blind) collected ($17.64)


PokerStars Hand #144885105525:  Hold'em Limit ($3/$6 USD) - 2015/12/05 18:38:03 ET
Table 'Meissa II' 2-max Seat #1 is the button
Seat 1: ManuelSikora ($190.14 in chips)
Seat 2: swarfiga755 ($120 in chips)
ManuelSikora: posts small blind $1
swarfiga755: posts big blind $3
*** HOLE CARDS ***
ManuelSikora: calls $2
swarfiga755: raises $3 to $6
ManuelSikora: calls $3
*** FLOP *** [9h 9s 3c]
swarfiga755: bets $3
ManuelSikora: calls $3
*** TURN *** [9h 9s 3c] [7d]
swarfiga755: bets $6
ManuelSikora: folds
Uncalled bet ($6) returned to swarfiga755
swarfiga755 collected $17.64 from pot
swarfiga755: doesn't show hand
*** SUMMARY ***
Total pot $18 | Rake $0.36
Board [9h 9s 3c 7d]
Seat 1: ManuelSikora (button) (small blind) folded on the Turn
Seat 2: swarfiga755 (big blind) collected ($17.64)


PokerStars Hand #144885102323:  Hold'em Limit ($3/$6 USD) - 2015/12/05 18:37:59 ET
Table 'Meissa II' 2-max Seat #2 is the button
Seat 1: ManuelSikora ($189.14 in chips)
Seat 2: swarfiga755 ($121 in chips)
swarfiga755: posts small blind $1
ManuelSikora: posts big blind $3
*** HOLE CARDS ***
swarfiga755: folds
Uncalled bet ($2) returned to ManuelSikora
ManuelSikora collected $2 from pot
ManuelSikora: doesn't show hand
*** SUMMARY ***
Total pot $2 | Rake $0
Seat 1: ManuelSikora (big blind) collected ($2)
Seat 2: swarfiga755 (button) (small blind) folded before Flop


PokerStars Hand #144885095595:  Hold'em Limit ($3/$6 USD) - 2015/12/05 18:37:50 ET
Table 'Meissa II' 2-max Seat #1 is the button
Seat 1: ManuelSikora ($198.14 in chips)
Seat 2: swarfiga755 ($112.36 in chips)
ManuelSikora: posts small blind $1
swarfiga755: posts big blind $3
*** HOLE CARDS ***
ManuelSikora: raises $3 to $6
swarfiga755: raises $3 to $9
ManuelSikora: calls $3
*** FLOP *** [Ts 5s Qs]
swarfiga755: bets $3
ManuelSikora: folds
Uncalled bet ($3) returned to swarfiga755
swarfiga755 collected $17.64 from pot
swarfiga755: doesn't show hand
*** SUMMARY ***
Total pot $18 | Rake $0.36
Board [Ts 5s Qs]
Seat 1: ManuelSikora (button) (small blind) folded on the Flop
Seat 2: swarfiga755 (big blind) collected ($17.64)


PokerStars Hand #144885086478:  Hold'em Limit ($3/$6 USD) - 2015/12/05 18:37:38 ET
Table 'Meissa II' 2-max Seat #2 is the button
Seat 1: ManuelSikora ($177.64 in chips)
Seat 2: swarfiga755 ($133.36 in chips)
swarfiga755: posts small blind $1
ManuelSikora: posts big blind $3
*** HOLE CARDS ***
swarfiga755: raises $3 to $6
ManuelSikora: calls $3
*** FLOP *** [Jd Th 5c]
ManuelSikora: bets $3
swarfiga755: calls $3
*** TURN *** [Jd Th 5c] [3d]
ManuelSikora: bets $6
swarfiga755: calls $6
*** RIVER *** [Jd Th 5c 3d] [5s]
ManuelSikora: bets $6
swarfiga755: calls $6
*** SHOW DOWN ***
ManuelSikora: shows [Qc Qs] (two pair, Queens and Fives)
swarfiga755: mucks hand
ManuelSikora collected $41.50 from pot
*** SUMMARY ***
Total pot $42 | Rake $0.50
Board [Jd Th 5c 3d 5s]
Seat 1: ManuelSikora (big blind) showed [Qc Qs] and won ($41.50) with two pair, Queens and Fives
Seat 2: swarfiga755 (button) (small blind) mucked


PokerStars Hand #144885077845:  Hold'em Limit ($3/$6 USD) - 2015/12/05 18:37:27 ET
Table 'Meissa II' 2-max Seat #1 is the button
Seat 1: ManuelSikora ($183.64 in chips)
Seat 2: swarfiga755 ($127.60 in chips)
ManuelSikora: posts small blind $1
swarfiga755: posts big blind $3
*** HOLE CARDS ***
ManuelSikora: raises $3 to $6
swarfiga755: calls $3
*** FLOP *** [9h As 8s]
swarfiga755: checks
ManuelSikora: checks
*** TURN *** [9h As 8s] [Ah]
swarfiga755: checks
ManuelSikora: checks
*** RIVER *** [9h As 8s Ah] [Td]
swarfiga755: bets $6
ManuelSikora: folds
Uncalled bet ($6) returned to swarfiga755
swarfiga755 collected $11.76 from pot
swarfiga755: doesn't show hand
*** SUMMARY ***
Total pot $12 | Rake $0.24
Board [9h As 8s Ah Td]
Seat 1: ManuelSikora (button) (small blind) folded on the River
Seat 2: swarfiga755 (big blind) collected ($11.76)


PokerStars Hand #144885066619:  Hold'em Limit ($3/$6 USD) - 2015/12/05 18:37:12 ET
Table 'Meissa II' 2-max Seat #2 is the button
Seat 1: ManuelSikora ($166.14 in chips)
Seat 2: swarfiga755 ($145.60 in chips)
swarfiga755: posts small blind $1
ManuelSikora: posts big blind $3
*** HOLE CARDS ***
swarfiga755: raises $3 to $6
ManuelSikora: raises $3 to $9
swarfiga755: calls $3
*** FLOP *** [2d 4c 6h]
ManuelSikora: bets $3
swarfiga755: calls $3
*** TURN *** [2d 4c 6h] [Jc]
ManuelSikora: bets $6
swarfiga755: calls $6
*** RIVER *** [2d 4c 6h Jc] [Qh]
ManuelSikora: bets $6
swarfiga755: folds
Uncalled bet ($6) returned to ManuelSikora
ManuelSikora collected $35.50 from pot
ManuelSikora: doesn't show hand
*** SUMMARY ***
Total pot $36 | Rake $0.50
Board [2d 4c 6h Jc Qh]
Seat 1: ManuelSikora (big blind) collected ($35.50)
Seat 2: swarfiga755 (button) (small blind) folded on the River


