PokerStars Hand #146316239531:  Hold'em Limit ($3/$6 USD) - 2016/01/02 5:22:37 ET
Table 'Mekbuda II' 2-max Seat #2 is the button
Seat 1: aremom4e ($120 in chips)
Seat 2: punkrott ($72 in chips)
punkrott: posts small blind $1
aremom4e: posts big blind $3
*** HOLE CARDS ***
punkrott: raises $3 to $6
aremom4e: calls $3
*** FLOP *** [7d 8d 7s]
punkrott said, "hi"
aremom4e: checks
punkrott: bets $3
aremom4e said, "hi"
aremom4e: folds
Uncalled bet ($3) returned to punkrott
punkrott collected $11.76 from pot
punkrott: doesn't show hand
*** SUMMARY ***
Total pot $12 | Rake $0.24
Board [7d 8d 7s]
Seat 1: aremom4e (big blind) folded on the Flop
Seat 2: punkrott (button) (small blind) collected ($11.76)


PokerStars Hand #146316250925:  Hold'em Limit ($3/$6 USD) - 2016/01/02 5:22:59 ET
Table 'Mekbuda II' 2-max Seat #1 is the button
Seat 1: aremom4e ($114 in chips)
Seat 2: punkrott ($77.76 in chips)
aremom4e: posts small blind $1
punkrott: posts big blind $3
*** HOLE CARDS ***
aremom4e: folds
Uncalled bet ($2) returned to punkrott
punkrott collected $2 from pot
punkrott: doesn't show hand
*** SUMMARY ***
Total pot $2 | Rake $0
Seat 1: aremom4e (button) (small blind) folded before Flop
Seat 2: punkrott (big blind) collected ($2)


PokerStars Hand #146316253649:  Hold'em Limit ($3/$6 USD) - 2016/01/02 5:23:04 ET
Table 'Mekbuda II' 2-max Seat #2 is the button
Seat 1: aremom4e ($113 in chips)
Seat 2: punkrott ($78.76 in chips)
punkrott: posts small blind $1
aremom4e: posts big blind $3
*** HOLE CARDS ***
punkrott: raises $3 to $6
aremom4e: calls $3
*** FLOP *** [2h Td 4d]
aremom4e: checks
punkrott: bets $3
aremom4e: calls $3
*** TURN *** [2h Td 4d] [Qh]
aremom4e: checks
punkrott: bets $6
aremom4e: folds
Uncalled bet ($6) returned to punkrott
punkrott collected $17.64 from pot
punkrott: doesn't show hand
*** SUMMARY ***
Total pot $18 | Rake $0.36
Board [2h Td 4d Qh]
Seat 1: aremom4e (big blind) folded on the Turn
Seat 2: punkrott (button) (small blind) collected ($17.64)


PokerStars Hand #146316261062:  Hold'em Limit ($3/$6 USD) - 2016/01/02 5:23:18 ET
Table 'Mekbuda II' 2-max Seat #1 is the button
Seat 1: aremom4e ($104 in chips)
Seat 2: punkrott ($87.40 in chips)
aremom4e: posts small blind $1
punkrott: posts big blind $3
*** HOLE CARDS ***
aremom4e: raises $3 to $6
punkrott: calls $3
*** FLOP *** [Qc 5d 9h]
punkrott: checks
aremom4e: bets $3
punkrott: raises $3 to $6
aremom4e: folds
Uncalled bet ($3) returned to punkrott
punkrott collected $17.64 from pot
punkrott: doesn't show hand
*** SUMMARY ***
Total pot $18 | Rake $0.36
Board [Qc 5d 9h]
Seat 1: aremom4e (button) (small blind) folded on the Flop
Seat 2: punkrott (big blind) collected ($17.64)


PokerStars Hand #146316274877:  Hold'em Limit ($3/$6 USD) - 2016/01/02 5:23:43 ET
Table 'Mekbuda II' 2-max Seat #1 is the button
Seat 1: aremom4e ($103.64 in chips)
Seat 2: punkrott ($87.04 in chips)
aremom4e: posts small blind $1
punkrott: posts big blind $3
*** HOLE CARDS ***
aremom4e: folds
Uncalled bet ($2) returned to punkrott
punkrott collected $2 from pot
punkrott: doesn't show hand
*** SUMMARY ***
Total pot $2 | Rake $0
Seat 1: aremom4e (button) (small blind) folded before Flop
Seat 2: punkrott (big blind) collected ($2)


PokerStars Hand #146316266875:  Hold'em Limit ($3/$6 USD) - 2016/01/02 5:23:29 ET
Table 'Mekbuda II' 2-max Seat #2 is the button
Seat 1: aremom4e ($95 in chips)
Seat 2: punkrott ($96.04 in chips)
punkrott: posts small blind $1
aremom4e: posts big blind $3
*** HOLE CARDS ***
punkrott: raises $3 to $6
aremom4e: calls $3
*** FLOP *** [Jc Jd 4d]
aremom4e: checks
punkrott: bets $3
aremom4e: calls $3
*** TURN *** [Jc Jd 4d] [9d]
aremom4e: checks
punkrott: checks
*** RIVER *** [Jc Jd 4d 9d] [4s]
aremom4e: bets $6
punkrott: folds
Uncalled bet ($6) returned to aremom4e
aremom4e collected $17.64 from pot
aremom4e: doesn't show hand
*** SUMMARY ***
Total pot $18 | Rake $0.36
Board [Jc Jd 4d 9d 4s]
Seat 1: aremom4e (big blind) collected ($17.64)
Seat 2: punkrott (button) (small blind) folded on the River


PokerStars Hand #146316277464:  Hold'em Limit ($3/$6 USD) - 2016/01/02 5:23:48 ET
Table 'Mekbuda II' 2-max Seat #2 is the button
Seat 1: aremom4e ($102.64 in chips)
Seat 2: punkrott ($88.04 in chips)
punkrott: posts small blind $1
aremom4e: posts big blind $3
*** HOLE CARDS ***
punkrott: raises $3 to $6
aremom4e: calls $3
*** FLOP *** [7c Jh Kh]
aremom4e: checks
punkrott: bets $3
aremom4e: folds
Uncalled bet ($3) returned to punkrott
punkrott collected $11.76 from pot
punkrott: doesn't show hand
*** SUMMARY ***
Total pot $12 | Rake $0.24
Board [7c Jh Kh]
Seat 1: aremom4e (big blind) folded on the Flop
Seat 2: punkrott (button) (small blind) collected ($11.76)


PokerStars Hand #146316287310:  Hold'em Limit ($3/$6 USD) - 2016/01/02 5:24:06 ET
Table 'Mekbuda II' 2-max Seat #2 is the button
Seat 1: aremom4e ($87.64 in chips)
Seat 2: punkrott ($102.44 in chips)
punkrott: posts small blind $1
aremom4e: posts big blind $3
*** HOLE CARDS ***
punkrott: folds
Uncalled bet ($2) returned to aremom4e
aremom4e collected $2 from pot
aremom4e: doesn't show hand
*** SUMMARY ***
Total pot $2 | Rake $0
Seat 1: aremom4e (big blind) collected ($2)
Seat 2: punkrott (button) (small blind) folded before Flop


PokerStars Hand #146316282201:  Hold'em Limit ($3/$6 USD) - 2016/01/02 5:23:57 ET
Table 'Mekbuda II' 2-max Seat #1 is the button
Seat 1: aremom4e ($96.64 in chips)
Seat 2: punkrott ($93.80 in chips)
aremom4e: posts small blind $1
punkrott: posts big blind $3
*** HOLE CARDS ***
aremom4e: raises $3 to $6
punkrott: calls $3
*** FLOP *** [Qh 4h Ac]
punkrott: checks
aremom4e: bets $3
punkrott: raises $3 to $6
aremom4e: folds
Uncalled bet ($3) returned to punkrott
punkrott collected $17.64 from pot
punkrott: doesn't show hand
*** SUMMARY ***
Total pot $18 | Rake $0.36
Board [Qh 4h Ac]
Seat 1: aremom4e (button) (small blind) folded on the Flop
Seat 2: punkrott (big blind) collected ($17.64)


PokerStars Hand #146316289515:  Hold'em Limit ($3/$6 USD) - 2016/01/02 5:24:10 ET
Table 'Mekbuda II' 2-max Seat #1 is the button
Seat 1: aremom4e ($88.64 in chips)
Seat 2: punkrott ($101.44 in chips)
aremom4e: posts small blind $1
punkrott: posts big blind $3
*** HOLE CARDS ***
aremom4e: folds
Uncalled bet ($2) returned to punkrott
punkrott collected $2 from pot
punkrott: doesn't show hand
*** SUMMARY ***
Total pot $2 | Rake $0
Seat 1: aremom4e (button) (small blind) folded before Flop
Seat 2: punkrott (big blind) collected ($2)


PokerStars Hand #146316292333:  Hold'em Limit ($3/$6 USD) - 2016/01/02 5:24:16 ET
Table 'Mekbuda II' 2-max Seat #2 is the button
Seat 1: aremom4e ($87.64 in chips)
Seat 2: punkrott ($102.44 in chips)
punkrott: posts small blind $1
aremom4e: posts big blind $3
*** HOLE CARDS ***
punkrott: raises $3 to $6
aremom4e: raises $3 to $9
punkrott: calls $3
*** FLOP *** [5d 8c Ts]
aremom4e: bets $3
punkrott: folds
Uncalled bet ($3) returned to aremom4e
aremom4e collected $17.64 from pot
aremom4e: doesn't show hand
*** SUMMARY ***
Total pot $18 | Rake $0.36
Board [5d 8c Ts]
Seat 1: aremom4e (big blind) collected ($17.64)
Seat 2: punkrott (button) (small blind) folded on the Flop


PokerStars Hand #146316301028:  Hold'em Limit ($3/$6 USD) - 2016/01/02 5:24:32 ET
Table 'Mekbuda II' 2-max Seat #2 is the button
Seat 1: aremom4e ($102.04 in chips)
Seat 2: punkrott ($87.44 in chips)
punkrott: posts small blind $1
aremom4e: posts big blind $3
*** HOLE CARDS ***
punkrott: folds
Uncalled bet ($2) returned to aremom4e
aremom4e collected $2 from pot
aremom4e: doesn't show hand
*** SUMMARY ***
Total pot $2 | Rake $0
Seat 1: aremom4e (big blind) collected ($2)
Seat 2: punkrott (button) (small blind) folded before Flop


PokerStars Hand #146316296540:  Hold'em Limit ($3/$6 USD) - 2016/01/02 5:24:23 ET
Table 'Mekbuda II' 2-max Seat #1 is the button
Seat 1: aremom4e ($96.28 in chips)
Seat 2: punkrott ($93.44 in chips)
aremom4e: posts small blind $1
punkrott: posts big blind $3
*** HOLE CARDS ***
aremom4e: raises $3 to $6
punkrott: calls $3
*** FLOP *** [Ah Qc 5d]
punkrott: checks
aremom4e: bets $3
punkrott: folds
Uncalled bet ($3) returned to aremom4e
aremom4e collected $11.76 from pot
aremom4e: doesn't show hand
*** SUMMARY ***
Total pot $12 | Rake $0.24
Board [Ah Qc 5d]
Seat 1: aremom4e (button) (small blind) collected ($11.76)
Seat 2: punkrott (big blind) folded on the Flop


PokerStars Hand #146316303360:  Hold'em Limit ($3/$6 USD) - 2016/01/02 5:24:36 ET
Table 'Mekbuda II' 2-max Seat #1 is the button
Seat 1: aremom4e ($103.04 in chips)
Seat 2: punkrott ($86.44 in chips)
aremom4e: posts small blind $1
punkrott: posts big blind $3
*** HOLE CARDS ***
aremom4e: raises $3 to $6
punkrott: folds
Uncalled bet ($3) returned to aremom4e
aremom4e collected $6 from pot
aremom4e: doesn't show hand
*** SUMMARY ***
Total pot $6 | Rake $0
Seat 1: aremom4e (button) (small blind) collected ($6)
Seat 2: punkrott (big blind) folded before Flop


PokerStars Hand #146316306133:  Hold'em Limit ($3/$6 USD) - 2016/01/02 5:24:41 ET
Table 'Mekbuda II' 2-max Seat #2 is the button
Seat 1: aremom4e ($106.04 in chips)
Seat 2: punkrott ($83.44 in chips)
punkrott: posts small blind $1
aremom4e: posts big blind $3
*** HOLE CARDS ***
punkrott: raises $3 to $6
aremom4e: raises $3 to $9
punkrott: calls $3
*** FLOP *** [9h 7d 2d]
aremom4e: bets $3
punkrott: calls $3
*** TURN *** [9h 7d 2d] [6d]
aremom4e: checks
punkrott: bets $6
aremom4e: calls $6
*** RIVER *** [9h 7d 2d 6d] [Jh]
aremom4e: checks
punkrott: bets $6
aremom4e: folds
Uncalled bet ($6) returned to punkrott
punkrott collected $35.50 from pot
punkrott: doesn't show hand
*** SUMMARY ***
Total pot $36 | Rake $0.50
Board [9h 7d 2d 6d Jh]
Seat 1: aremom4e (big blind) folded on the River
Seat 2: punkrott (button) (small blind) collected ($35.50)


PokerStars Hand #146316317733:  Hold'em Limit ($3/$6 USD) - 2016/01/02 5:25:03 ET
Table 'Mekbuda II' 2-max Seat #2 is the button
Seat 1: aremom4e ($87.04 in chips)
Seat 2: punkrott ($101.94 in chips)
punkrott: posts small blind $1
aremom4e: posts big blind $3
*** HOLE CARDS ***
punkrott: folds
Uncalled bet ($2) returned to aremom4e
aremom4e collected $2 from pot
aremom4e: doesn't show hand
*** SUMMARY ***
Total pot $2 | Rake $0
Seat 1: aremom4e (big blind) collected ($2)
Seat 2: punkrott (button) (small blind) folded before Flop


PokerStars Hand #146316314785:  Hold'em Limit ($3/$6 USD) - 2016/01/02 5:24:57 ET
Table 'Mekbuda II' 2-max Seat #1 is the button
Seat 1: aremom4e ($88.04 in chips)
Seat 2: punkrott ($100.94 in chips)
aremom4e: posts small blind $1
punkrott: posts big blind $3
*** HOLE CARDS ***
aremom4e: folds
Uncalled bet ($2) returned to punkrott
punkrott collected $2 from pot
punkrott: doesn't show hand
*** SUMMARY ***
Total pot $2 | Rake $0
Seat 1: aremom4e (button) (small blind) folded before Flop
Seat 2: punkrott (big blind) collected ($2)


PokerStars Hand #146316319882:  Hold'em Limit ($3/$6 USD) - 2016/01/02 5:25:07 ET
Table 'Mekbuda II' 2-max Seat #1 is the button
Seat 1: aremom4e ($88.04 in chips)
Seat 2: punkrott ($100.94 in chips)
aremom4e: posts small blind $1
punkrott: posts big blind $3
*** HOLE CARDS ***
aremom4e: raises $3 to $6
punkrott: calls $3
*** FLOP *** [Td Jh 2h]
punkrott: checks
aremom4e: bets $3
punkrott: raises $3 to $6
aremom4e: calls $3
*** TURN *** [Td Jh 2h] [Kd]
punkrott: bets $6
aremom4e: calls $6
*** RIVER *** [Td Jh 2h Kd] [8s]
punkrott: bets $6
aremom4e: folds
Uncalled bet ($6) returned to punkrott
punkrott collected $35.50 from pot
punkrott: doesn't show hand
*** SUMMARY ***
Total pot $36 | Rake $0.50
Board [Td Jh 2h Kd 8s]
Seat 1: aremom4e (button) (small blind) folded on the River
Seat 2: punkrott (big blind) collected ($35.50)


PokerStars Hand #146316328000:  Hold'em Limit ($3/$6 USD) - 2016/01/02 5:25:22 ET
Table 'Mekbuda II' 2-max Seat #2 is the button
Seat 1: aremom4e ($70.04 in chips)
Seat 2: punkrott ($118.44 in chips)
punkrott: posts small blind $1
aremom4e: posts big blind $3
*** HOLE CARDS ***
punkrott: raises $3 to $6
aremom4e: calls $3
*** FLOP *** [2d 7d Td]
aremom4e: checks
punkrott: checks
*** TURN *** [2d 7d Td] [5s]
aremom4e: checks
punkrott: bets $6
aremom4e: folds
Uncalled bet ($6) returned to punkrott
punkrott collected $11.76 from pot
punkrott: doesn't show hand
*** SUMMARY ***
Total pot $12 | Rake $0.24
Board [2d 7d Td 5s]
Seat 1: aremom4e (big blind) folded on the Turn
Seat 2: punkrott (button) (small blind) collected ($11.76)


PokerStars Hand #146316334469:  Hold'em Limit ($3/$6 USD) - 2016/01/02 5:25:34 ET
Table 'Mekbuda II' 2-max Seat #1 is the button
Seat 1: aremom4e ($64.04 in chips)
Seat 2: punkrott ($124.20 in chips)
aremom4e: posts small blind $1
punkrott: posts big blind $3
*** HOLE CARDS ***
aremom4e: raises $3 to $6
punkrott: calls $3
*** FLOP *** [4d 5c 5s]
punkrott: checks
aremom4e: checks
*** TURN *** [4d 5c 5s] [6h]
punkrott: bets $6
aremom4e: calls $6
*** RIVER *** [4d 5c 5s 6h] [8d]
punkrott: checks
aremom4e: bets $6
punkrott: calls $6
*** SHOW DOWN ***
aremom4e: shows [Jh 8h] (two pair, Eights and Fives)
punkrott: mucks hand
aremom4e collected $35.50 from pot
*** SUMMARY ***
Total pot $36 | Rake $0.50
Board [4d 5c 5s 6h 8d]
Seat 1: aremom4e (button) (small blind) showed [Jh 8h] and won ($35.50) with two pair, Eights and Fives
Seat 2: punkrott (big blind) mucked


PokerStars Hand #146316344476:  Hold'em Limit ($3/$6 USD) - 2016/01/02 5:25:53 ET
Table 'Mekbuda II' 2-max Seat #2 is the button
Seat 1: aremom4e ($81.54 in chips)
Seat 2: punkrott ($106.20 in chips)
punkrott: posts small blind $1
aremom4e: posts big blind $3
*** HOLE CARDS ***
punkrott: raises $3 to $6
aremom4e: calls $3
*** FLOP *** [7d Kc 7s]
aremom4e: checks
punkrott: bets $3
aremom4e: folds
Uncalled bet ($3) returned to punkrott
punkrott collected $11.76 from pot
punkrott: doesn't show hand
*** SUMMARY ***
Total pot $12 | Rake $0.24
Board [7d Kc 7s]
Seat 1: aremom4e (big blind) folded on the Flop
Seat 2: punkrott (button) (small blind) collected ($11.76)


PokerStars Hand #146316349135:  Hold'em Limit ($3/$6 USD) - 2016/01/02 5:26:02 ET
Table 'Mekbuda II' 2-max Seat #1 is the button
Seat 1: aremom4e ($75.54 in chips)
Seat 2: punkrott ($111.96 in chips)
aremom4e: posts small blind $1
punkrott: posts big blind $3
*** HOLE CARDS ***
aremom4e: raises $3 to $6
punkrott: raises $3 to $9
aremom4e: calls $3
*** FLOP *** [Ts 7h 6d]
punkrott: bets $3
aremom4e: calls $3
*** TURN *** [Ts 7h 6d] [3s]
punkrott: bets $6
aremom4e: calls $6
*** RIVER *** [Ts 7h 6d 3s] [As]
punkrott: checks
aremom4e: checks
*** SHOW DOWN ***
punkrott: shows [8s 8c] (a pair of Eights)
aremom4e: mucks hand
punkrott collected $35.50 from pot
*** SUMMARY ***
Total pot $36 | Rake $0.50
Board [Ts 7h 6d 3s As]
Seat 1: aremom4e (button) (small blind) mucked
Seat 2: punkrott (big blind) showed [8s 8c] and won ($35.50) with a pair of Eights


PokerStars Hand #146316358669:  Hold'em Limit ($3/$6 USD) - 2016/01/02 5:26:19 ET
Table 'Mekbuda II' 2-max Seat #2 is the button
Seat 1: aremom4e ($57.54 in chips)
Seat 2: punkrott ($129.46 in chips)
punkrott: posts small blind $1
aremom4e: posts big blind $3
*** HOLE CARDS ***
punkrott: raises $3 to $6
aremom4e: raises $3 to $9
punkrott: calls $3
*** FLOP *** [9h Qd Ah]
aremom4e: bets $3
punkrott: folds
Uncalled bet ($3) returned to aremom4e
aremom4e collected $17.64 from pot
aremom4e: doesn't show hand
*** SUMMARY ***
Total pot $18 | Rake $0.36
Board [9h Qd Ah]
Seat 1: aremom4e (big blind) collected ($17.64)
Seat 2: punkrott (button) (small blind) folded on the Flop


PokerStars Hand #146316365105:  Hold'em Limit ($3/$6 USD) - 2016/01/02 5:26:31 ET
Table 'Mekbuda II' 2-max Seat #1 is the button
Seat 1: aremom4e ($66.18 in chips)
Seat 2: punkrott ($120.46 in chips)
aremom4e: posts small blind $1
punkrott: posts big blind $3
*** HOLE CARDS ***
aremom4e: raises $3 to $6
punkrott: raises $3 to $9
aremom4e: calls $3
*** FLOP *** [6d 9c Th]
punkrott: bets $3
aremom4e: calls $3
*** TURN *** [6d 9c Th] [Jd]
punkrott: checks
aremom4e: bets $6
punkrott: calls $6
*** RIVER *** [6d 9c Th Jd] [7c]
punkrott: checks
aremom4e: checks
*** SHOW DOWN ***
punkrott: shows [Ac Ks] (high card Ace)
aremom4e: shows [7d Qs] (a pair of Sevens)
aremom4e collected $35.50 from pot
*** SUMMARY ***
Total pot $36 | Rake $0.50
Board [6d 9c Th Jd 7c]
Seat 1: aremom4e (button) (small blind) showed [7d Qs] and won ($35.50) with a pair of Sevens
Seat 2: punkrott (big blind) showed [Ac Ks] and lost with high card Ace


PokerStars Hand #146316374712:  Hold'em Limit ($3/$6 USD) - 2016/01/02 5:26:49 ET
Table 'Mekbuda II' 2-max Seat #2 is the button
Seat 1: aremom4e ($83.68 in chips)
Seat 2: punkrott ($102.46 in chips)
punkrott: posts small blind $1
aremom4e: posts big blind $3
*** HOLE CARDS ***
punkrott: raises $3 to $6
aremom4e: raises $3 to $9
punkrott: calls $3
*** FLOP *** [6h 8s Ah]
aremom4e: bets $3
punkrott: folds
Uncalled bet ($3) returned to aremom4e
aremom4e collected $17.64 from pot
aremom4e: doesn't show hand
*** SUMMARY ***
Total pot $18 | Rake $0.36
Board [6h 8s Ah]
Seat 1: aremom4e (big blind) collected ($17.64)
Seat 2: punkrott (button) (small blind) folded on the Flop


PokerStars Hand #146316383850:  Hold'em Limit ($3/$6 USD) - 2016/01/02 5:27:06 ET
Table 'Mekbuda II' 2-max Seat #2 is the button
Seat 1: aremom4e ($86.32 in chips)
Seat 2: punkrott ($99.22 in chips)
punkrott: posts small blind $1
aremom4e: posts big blind $3
*** HOLE CARDS ***
punkrott: folds
Uncalled bet ($2) returned to aremom4e
aremom4e collected $2 from pot
aremom4e: doesn't show hand
*** SUMMARY ***
Total pot $2 | Rake $0
Seat 1: aremom4e (big blind) collected ($2)
Seat 2: punkrott (button) (small blind) folded before Flop


PokerStars Hand #146316379387:  Hold'em Limit ($3/$6 USD) - 2016/01/02 5:26:58 ET
Table 'Mekbuda II' 2-max Seat #1 is the button
Seat 1: aremom4e ($92.32 in chips)
Seat 2: punkrott ($93.46 in chips)
aremom4e: posts small blind $1
punkrott: posts big blind $3
*** HOLE CARDS ***
aremom4e: calls $2
punkrott: raises $3 to $6
aremom4e: calls $3
*** FLOP *** [Kc Ah 8h]
punkrott: bets $3
aremom4e: folds
Uncalled bet ($3) returned to punkrott
punkrott collected $11.76 from pot
punkrott: doesn't show hand
*** SUMMARY ***
Total pot $12 | Rake $0.24
Board [Kc Ah 8h]
Seat 1: aremom4e (button) (small blind) folded on the Flop
Seat 2: punkrott (big blind) collected ($11.76)


PokerStars Hand #146316386031:  Hold'em Limit ($3/$6 USD) - 2016/01/02 5:27:10 ET
Table 'Mekbuda II' 2-max Seat #1 is the button
Seat 1: aremom4e ($87.32 in chips)
Seat 2: punkrott ($98.22 in chips)
aremom4e: posts small blind $1
punkrott: posts big blind $3
*** HOLE CARDS ***
aremom4e: raises $3 to $6
punkrott: raises $3 to $9
aremom4e: calls $3
*** FLOP *** [Ac 4h 3d]
punkrott: bets $3
aremom4e: folds
Uncalled bet ($3) returned to punkrott
punkrott collected $17.64 from pot
punkrott: doesn't show hand
*** SUMMARY ***
Total pot $18 | Rake $0.36
Board [Ac 4h 3d]
Seat 1: aremom4e (button) (small blind) folded on the Flop
Seat 2: punkrott (big blind) collected ($17.64)


PokerStars Hand #146316390468:  Hold'em Limit ($3/$6 USD) - 2016/01/02 5:27:18 ET
Table 'Mekbuda II' 2-max Seat #2 is the button
Seat 1: aremom4e ($78.32 in chips)
Seat 2: punkrott ($106.86 in chips)
punkrott: posts small blind $1
aremom4e: posts big blind $3
*** HOLE CARDS ***
punkrott: raises $3 to $6
aremom4e: calls $3
*** FLOP *** [8c Kc 4h]
aremom4e: checks
punkrott: checks
*** TURN *** [8c Kc 4h] [2d]
aremom4e: checks
punkrott: bets $6
aremom4e: folds
Uncalled bet ($6) returned to punkrott
punkrott collected $11.76 from pot
punkrott: doesn't show hand
*** SUMMARY ***
Total pot $12 | Rake $0.24
Board [8c Kc 4h 2d]
Seat 1: aremom4e (big blind) folded on the Turn
Seat 2: punkrott (button) (small blind) collected ($11.76)


PokerStars Hand #146316396830:  Hold'em Limit ($3/$6 USD) - 2016/01/02 5:27:30 ET
Table 'Mekbuda II' 2-max Seat #1 is the button
Seat 1: aremom4e ($72.32 in chips)
Seat 2: punkrott ($112.62 in chips)
aremom4e: posts small blind $1
punkrott: posts big blind $3
*** HOLE CARDS ***
aremom4e: raises $3 to $6
punkrott: folds
Uncalled bet ($3) returned to aremom4e
aremom4e collected $6 from pot
aremom4e: doesn't show hand
*** SUMMARY ***
Total pot $6 | Rake $0
Seat 1: aremom4e (button) (small blind) collected ($6)
Seat 2: punkrott (big blind) folded before Flop


PokerStars Hand #146316399744:  Hold'em Limit ($3/$6 USD) - 2016/01/02 5:27:36 ET
Table 'Mekbuda II' 2-max Seat #2 is the button
Seat 1: aremom4e ($75.32 in chips)
Seat 2: punkrott ($109.62 in chips)
punkrott: posts small blind $1
aremom4e: posts big blind $3
*** HOLE CARDS ***
punkrott: raises $3 to $6
aremom4e: calls $3
*** FLOP *** [2s Qd 3h]
aremom4e: checks
punkrott: bets $3
aremom4e: calls $3
*** TURN *** [2s Qd 3h] [Qh]
aremom4e: checks
punkrott: checks
*** RIVER *** [2s Qd 3h Qh] [5d]
aremom4e: bets $6
punkrott: folds
Uncalled bet ($6) returned to aremom4e
aremom4e collected $17.64 from pot
aremom4e: doesn't show hand
*** SUMMARY ***
Total pot $18 | Rake $0.36
Board [2s Qd 3h Qh 5d]
Seat 1: aremom4e (big blind) collected ($17.64)
Seat 2: punkrott (button) (small blind) folded on the River


PokerStars Hand #146316408235:  Hold'em Limit ($3/$6 USD) - 2016/01/02 5:27:51 ET
Table 'Mekbuda II' 2-max Seat #1 is the button
Seat 1: aremom4e ($83.96 in chips)
Seat 2: punkrott ($100.62 in chips)
aremom4e: posts small blind $1
punkrott: posts big blind $3
*** HOLE CARDS ***
aremom4e: raises $3 to $6
punkrott: calls $3
*** FLOP *** [5h 5s 6d]
punkrott: checks
aremom4e: checks
*** TURN *** [5h 5s 6d] [8s]
punkrott: bets $6
aremom4e: calls $6
*** RIVER *** [5h 5s 6d 8s] [9d]
punkrott: bets $6
aremom4e: calls $6
*** SHOW DOWN ***
punkrott: shows [9c As] (two pair, Nines and Fives)
aremom4e: mucks hand
punkrott collected $35.50 from pot
*** SUMMARY ***
Total pot $36 | Rake $0.50
Board [5h 5s 6d 8s 9d]
Seat 1: aremom4e (button) (small blind) mucked
Seat 2: punkrott (big blind) showed [9c As] and won ($35.50) with two pair, Nines and Fives


PokerStars Hand #146316415530:  Hold'em Limit ($3/$6 USD) - 2016/01/02 5:28:05 ET
Table 'Mekbuda II' 2-max Seat #2 is the button
Seat 1: aremom4e ($65.96 in chips)
Seat 2: punkrott ($118.12 in chips)
punkrott: posts small blind $1
aremom4e: posts big blind $3
*** HOLE CARDS ***
punkrott: raises $3 to $6
aremom4e: raises $3 to $9
punkrott: calls $3
*** FLOP *** [5s 5h 4c]
aremom4e: bets $3
punkrott: folds
Uncalled bet ($3) returned to aremom4e
aremom4e collected $17.64 from pot
aremom4e: doesn't show hand
*** SUMMARY ***
Total pot $18 | Rake $0.36
Board [5s 5h 4c]
Seat 1: aremom4e (big blind) collected ($17.64)
Seat 2: punkrott (button) (small blind) folded on the Flop


PokerStars Hand #146316421003:  Hold'em Limit ($3/$6 USD) - 2016/01/02 5:28:15 ET
Table 'Mekbuda II' 2-max Seat #1 is the button
Seat 1: aremom4e ($74.60 in chips)
Seat 2: punkrott ($109.12 in chips)
aremom4e: posts small blind $1
punkrott: posts big blind $3
*** HOLE CARDS ***
aremom4e: raises $3 to $6
punkrott: calls $3
*** FLOP *** [7h 6s 3c]
punkrott: checks
aremom4e: bets $3
punkrott: raises $3 to $6
aremom4e: calls $3
*** TURN *** [7h 6s 3c] [2h]
punkrott: bets $6
aremom4e: calls $6
*** RIVER *** [7h 6s 3c 2h] [As]
punkrott: bets $6
aremom4e: calls $6
*** SHOW DOWN ***
punkrott: shows [6h Kc] (a pair of Sixes)
aremom4e: shows [Td Ac] (a pair of Aces)
aremom4e collected $47.50 from pot
*** SUMMARY ***
Total pot $48 | Rake $0.50
Board [7h 6s 3c 2h As]
Seat 1: aremom4e (button) (small blind) showed [Td Ac] and won ($47.50) with a pair of Aces
Seat 2: punkrott (big blind) showed [6h Kc] and lost with a pair of Sixes


PokerStars Hand #146316429240:  Hold'em Limit ($3/$6 USD) - 2016/01/02 5:28:30 ET
Table 'Mekbuda II' 2-max Seat #2 is the button
Seat 1: aremom4e ($98.10 in chips)
Seat 2: punkrott ($85.12 in chips)
punkrott: posts small blind $1
aremom4e: posts big blind $3
*** HOLE CARDS ***
punkrott: raises $3 to $6
aremom4e: calls $3
*** FLOP *** [7c 6h 3h]
aremom4e: checks
punkrott: checks
*** TURN *** [7c 6h 3h] [9s]
aremom4e: bets $6
punkrott: calls $6
*** RIVER *** [7c 6h 3h 9s] [Td]
aremom4e: bets $6
punkrott: calls $6
*** SHOW DOWN ***
aremom4e: shows [3c 6c] (two pair, Sixes and Threes)
punkrott: mucks hand
aremom4e collected $35.50 from pot
*** SUMMARY ***
Total pot $36 | Rake $0.50
Board [7c 6h 3h 9s Td]
Seat 1: aremom4e (big blind) showed [3c 6c] and won ($35.50) with two pair, Sixes and Threes
Seat 2: punkrott (button) (small blind) mucked


PokerStars Hand #146316448136:  Hold'em Limit ($3/$6 USD) - 2016/01/02 5:29:05 ET
Table 'Mekbuda II' 2-max Seat #2 is the button
Seat 1: aremom4e ($106.60 in chips)
Seat 2: punkrott ($75.76 in chips)
punkrott: posts small blind $1
aremom4e: posts big blind $3
*** HOLE CARDS ***
punkrott: folds
Uncalled bet ($2) returned to aremom4e
aremom4e collected $2 from pot
aremom4e: doesn't show hand
*** SUMMARY ***
Total pot $2 | Rake $0
Seat 1: aremom4e (big blind) collected ($2)
Seat 2: punkrott (button) (small blind) folded before Flop


PokerStars Hand #146316440208:  Hold'em Limit ($3/$6 USD) - 2016/01/02 5:28:51 ET
Table 'Mekbuda II' 2-max Seat #1 is the button
Seat 1: aremom4e ($115.60 in chips)
Seat 2: punkrott ($67.12 in chips)
aremom4e: posts small blind $1
punkrott: posts big blind $3
*** HOLE CARDS ***
aremom4e: raises $3 to $6
punkrott: calls $3
*** FLOP *** [Jh Qd 7s]
punkrott: checks
aremom4e: bets $3
punkrott: calls $3
*** TURN *** [Jh Qd 7s] [As]
punkrott: checks
aremom4e: checks
*** RIVER *** [Jh Qd 7s As] [5h]
punkrott: bets $6
aremom4e: folds
Uncalled bet ($6) returned to punkrott
punkrott collected $17.64 from pot
punkrott: doesn't show hand
*** SUMMARY ***
Total pot $18 | Rake $0.36
Board [Jh Qd 7s As 5h]
Seat 1: aremom4e (button) (small blind) folded on the River
Seat 2: punkrott (big blind) collected ($17.64)


PokerStars Hand #146316458599:  Hold'em Limit ($3/$6 USD) - 2016/01/02 5:29:25 ET
Table 'Mekbuda II' 2-max Seat #2 is the button
Seat 1: aremom4e ($83.60 in chips)
Seat 2: punkrott ($98.26 in chips)
punkrott: posts small blind $1
aremom4e: posts big blind $3
*** HOLE CARDS ***
punkrott: raises $3 to $6
aremom4e: folds
Uncalled bet ($3) returned to punkrott
punkrott collected $6 from pot
punkrott: doesn't show hand
*** SUMMARY ***
Total pot $6 | Rake $0
Seat 1: aremom4e (big blind) folded before Flop
Seat 2: punkrott (button) (small blind) collected ($6)


PokerStars Hand #146316450334:  Hold'em Limit ($3/$6 USD) - 2016/01/02 5:29:09 ET
Table 'Mekbuda II' 2-max Seat #1 is the button
Seat 1: aremom4e ($107.60 in chips)
Seat 2: punkrott ($74.76 in chips)
aremom4e: posts small blind $1
punkrott: posts big blind $3
*** HOLE CARDS ***
aremom4e: raises $3 to $6
punkrott: raises $3 to $9
aremom4e: calls $3
*** FLOP *** [Ts 7s Kd]
punkrott: bets $3
aremom4e: calls $3
*** TURN *** [Ts 7s Kd] [Jh]
punkrott: bets $6
aremom4e: calls $6
*** RIVER *** [Ts 7s Kd Jh] [5d]
punkrott: bets $6
aremom4e: calls $6
*** SHOW DOWN ***
punkrott: shows [Ks Ah] (a pair of Kings)
aremom4e: mucks hand
punkrott collected $47.50 from pot
*** SUMMARY ***
Total pot $48 | Rake $0.50
Board [Ts 7s Kd Jh 5d]
Seat 1: aremom4e (button) (small blind) mucked
Seat 2: punkrott (big blind) showed [Ks Ah] and won ($47.50) with a pair of Kings


PokerStars Hand #146316461330:  Hold'em Limit ($3/$6 USD) - 2016/01/02 5:29:30 ET
Table 'Mekbuda II' 2-max Seat #1 is the button
Seat 1: aremom4e ($80.60 in chips)
Seat 2: punkrott ($101.26 in chips)
aremom4e: posts small blind $1
punkrott: posts big blind $3
*** HOLE CARDS ***
aremom4e: raises $3 to $6
punkrott: calls $3
*** FLOP *** [Kd 8s Th]
punkrott: checks
aremom4e: bets $3
punkrott: calls $3
*** TURN *** [Kd 8s Th] [4c]
punkrott: checks
aremom4e: bets $6
punkrott: raises $6 to $12
aremom4e: calls $6
*** RIVER *** [Kd 8s Th 4c] [4d]
punkrott: bets $6
aremom4e: calls $6
*** SHOW DOWN ***
punkrott: shows [Kc 2d] (two pair, Kings and Fours)
aremom4e: mucks hand
punkrott collected $53.50 from pot
*** SUMMARY ***
Total pot $54 | Rake $0.50
Board [Kd 8s Th 4c 4d]
Seat 1: aremom4e (button) (small blind) mucked
Seat 2: punkrott (big blind) showed [Kc 2d] and won ($53.50) with two pair, Kings and Fours


PokerStars Hand #146316469148:  Hold'em Limit ($3/$6 USD) - 2016/01/02 5:29:44 ET
Table 'Mekbuda II' 2-max Seat #2 is the button
Seat 1: aremom4e ($53.60 in chips)
Seat 2: punkrott ($127.76 in chips)
punkrott: posts small blind $1
aremom4e: posts big blind $3
*** HOLE CARDS ***
punkrott: raises $3 to $6
aremom4e: calls $3
*** FLOP *** [Jh Td 3c]
aremom4e: checks
punkrott: bets $3
aremom4e: raises $3 to $6
punkrott: folds
Uncalled bet ($3) returned to aremom4e
aremom4e collected $17.64 from pot
aremom4e: doesn't show hand
*** SUMMARY ***
Total pot $18 | Rake $0.36
Board [Jh Td 3c]
Seat 1: aremom4e (big blind) collected ($17.64)
Seat 2: punkrott (button) (small blind) folded on the Flop


PokerStars Hand #146316475580:  Hold'em Limit ($3/$6 USD) - 2016/01/02 5:29:56 ET
Table 'Mekbuda II' 2-max Seat #1 is the button
Seat 1: aremom4e ($62.24 in chips)
Seat 2: punkrott ($118.76 in chips)
aremom4e: posts small blind $1
punkrott: posts big blind $3
*** HOLE CARDS ***
aremom4e: raises $3 to $6
punkrott: folds
Uncalled bet ($3) returned to aremom4e
aremom4e collected $6 from pot
aremom4e: doesn't show hand
*** SUMMARY ***
Total pot $6 | Rake $0
Seat 1: aremom4e (button) (small blind) collected ($6)
Seat 2: punkrott (big blind) folded before Flop


PokerStars Hand #146316488241:  Hold'em Limit ($3/$6 USD) - 2016/01/02 5:30:19 ET
Table 'Mekbuda II' 2-max Seat #2 is the button
Seat 1: aremom4e ($65.24 in chips)
Seat 2: punkrott ($115.76 in chips)
punkrott: posts small blind $1
aremom4e: posts big blind $3
*** HOLE CARDS ***
punkrott: raises $3 to $6
aremom4e: raises $3 to $9
punkrott: calls $3
*** FLOP *** [As 4c Jh]
aremom4e: bets $3
punkrott: folds
Uncalled bet ($3) returned to aremom4e
aremom4e collected $17.64 from pot
aremom4e: doesn't show hand
*** SUMMARY ***
Total pot $18 | Rake $0.36
Board [As 4c Jh]
Seat 1: aremom4e (big blind) collected ($17.64)
Seat 2: punkrott (button) (small blind) folded on the Flop


PokerStars Hand #146316492953:  Hold'em Limit ($3/$6 USD) - 2016/01/02 5:30:28 ET
Table 'Mekbuda II' 2-max Seat #1 is the button
Seat 1: aremom4e ($73.88 in chips)
Seat 2: punkrott ($106.76 in chips)
aremom4e: posts small blind $1
punkrott: posts big blind $3
*** HOLE CARDS ***
aremom4e: raises $3 to $6
punkrott: folds
Uncalled bet ($3) returned to aremom4e
aremom4e collected $6 from pot
aremom4e: doesn't show hand
*** SUMMARY ***
Total pot $6 | Rake $0
Seat 1: aremom4e (button) (small blind) collected ($6)
Seat 2: punkrott (big blind) folded before Flop


PokerStars Hand #146316500439:  Hold'em Limit ($3/$6 USD) - 2016/01/02 5:30:42 ET
Table 'Mekbuda II' 2-max Seat #1 is the button
Seat 1: aremom4e ($70.88 in chips)
Seat 2: punkrott ($109.52 in chips)
aremom4e: posts small blind $1
punkrott: posts big blind $3
*** HOLE CARDS ***
aremom4e: folds
Uncalled bet ($2) returned to punkrott
punkrott collected $2 from pot
punkrott: doesn't show hand
*** SUMMARY ***
Total pot $2 | Rake $0
Seat 1: aremom4e (button) (small blind) folded before Flop
Seat 2: punkrott (big blind) collected ($2)


PokerStars Hand #146316495803:  Hold'em Limit ($3/$6 USD) - 2016/01/02 5:30:33 ET
Table 'Mekbuda II' 2-max Seat #2 is the button
Seat 1: aremom4e ($76.88 in chips)
Seat 2: punkrott ($103.76 in chips)
punkrott: posts small blind $1
aremom4e: posts big blind $3
*** HOLE CARDS ***
punkrott: raises $3 to $6
aremom4e: calls $3
*** FLOP *** [8h 5s Ac]
aremom4e: checks
punkrott: bets $3
aremom4e: folds
Uncalled bet ($3) returned to punkrott
punkrott collected $11.76 from pot
punkrott: doesn't show hand
*** SUMMARY ***
Total pot $12 | Rake $0.24
Board [8h 5s Ac]
Seat 1: aremom4e (big blind) folded on the Flop
Seat 2: punkrott (button) (small blind) collected ($11.76)


PokerStars Hand #146316503196:  Hold'em Limit ($3/$6 USD) - 2016/01/02 5:30:47 ET
Table 'Mekbuda II' 2-max Seat #2 is the button
Seat 1: aremom4e ($69.88 in chips)
Seat 2: punkrott ($110.52 in chips)
punkrott: posts small blind $1
aremom4e: posts big blind $3
*** HOLE CARDS ***
punkrott: raises $3 to $6
aremom4e: raises $3 to $9
punkrott: calls $3
*** FLOP *** [Qd Th 2h]
aremom4e: bets $3
punkrott: folds
Uncalled bet ($3) returned to aremom4e
aremom4e collected $17.64 from pot
aremom4e: doesn't show hand
*** SUMMARY ***
Total pot $18 | Rake $0.36
Board [Qd Th 2h]
Seat 1: aremom4e (big blind) collected ($17.64)
Seat 2: punkrott (button) (small blind) folded on the Flop


PokerStars Hand #146316507939:  Hold'em Limit ($3/$6 USD) - 2016/01/02 5:30:56 ET
Table 'Mekbuda II' 2-max Seat #1 is the button
Seat 1: aremom4e ($78.52 in chips)
Seat 2: punkrott ($101.52 in chips)
aremom4e: posts small blind $1
punkrott: posts big blind $3
*** HOLE CARDS ***
aremom4e: raises $3 to $6
punkrott: raises $3 to $9
aremom4e: calls $3
*** FLOP *** [Kd 7h 5h]
punkrott: bets $3
aremom4e: calls $3
*** TURN *** [Kd 7h 5h] [Tc]
punkrott: bets $6
aremom4e: calls $6
*** RIVER *** [Kd 7h 5h Tc] [Ah]
punkrott: bets $6
aremom4e: raises $6 to $12
punkrott: folds
Uncalled bet ($6) returned to aremom4e
aremom4e collected $47.50 from pot
aremom4e: doesn't show hand
*** SUMMARY ***
Total pot $48 | Rake $0.50
Board [Kd 7h 5h Tc Ah]
Seat 1: aremom4e (button) (small blind) collected ($47.50)
Seat 2: punkrott (big blind) folded on the River


PokerStars Hand #146316520917:  Hold'em Limit ($3/$6 USD) - 2016/01/02 5:31:19 ET
Table 'Mekbuda II' 2-max Seat #2 is the button
Seat 1: aremom4e ($102.02 in chips)
Seat 2: punkrott ($77.52 in chips)
punkrott: posts small blind $1
aremom4e: posts big blind $3
*** HOLE CARDS ***
punkrott: raises $3 to $6
aremom4e: calls $3
*** FLOP *** [Ah 6s 5h]
aremom4e: checks
punkrott: bets $3
aremom4e: raises $3 to $6
punkrott: calls $3
*** TURN *** [Ah 6s 5h] [8c]
aremom4e: bets $6
punkrott: calls $6
*** RIVER *** [Ah 6s 5h 8c] [Ks]
aremom4e: checks
punkrott: bets $6
aremom4e: calls $6
*** SHOW DOWN ***
punkrott: shows [Ad 4d] (a pair of Aces)
aremom4e: mucks hand
punkrott collected $47.50 from pot
*** SUMMARY ***
Total pot $48 | Rake $0.50
Board [Ah 6s 5h 8c Ks]
Seat 1: aremom4e (big blind) mucked
Seat 2: punkrott (button) (small blind) showed [Ad 4d] and won ($47.50) with a pair of Aces


PokerStars Hand #146316531912:  Hold'em Limit ($3/$6 USD) - 2016/01/02 5:31:40 ET
Table 'Mekbuda II' 2-max Seat #1 is the button
Seat 1: aremom4e ($78.02 in chips)
Seat 2: punkrott ($101.02 in chips)
aremom4e: posts small blind $1
punkrott: posts big blind $3
*** HOLE CARDS ***
aremom4e: raises $3 to $6
punkrott: calls $3
*** FLOP *** [Tc 6h 9c]
punkrott: checks
aremom4e: bets $3
punkrott: calls $3
*** TURN *** [Tc 6h 9c] [Kd]
punkrott: checks
aremom4e: checks
*** RIVER *** [Tc 6h 9c Kd] [2h]
punkrott: bets $6
aremom4e: calls $6
*** SHOW DOWN ***
punkrott: shows [Jc 8h] (high card King)
aremom4e: shows [Td 7h] (a pair of Tens)
aremom4e collected $29.50 from pot
*** SUMMARY ***
Total pot $30 | Rake $0.50
Board [Tc 6h 9c Kd 2h]
Seat 1: aremom4e (button) (small blind) showed [Td 7h] and won ($29.50) with a pair of Tens
Seat 2: punkrott (big blind) showed [Jc 8h] and lost with high card King


PokerStars Hand #146316539227:  Hold'em Limit ($3/$6 USD) - 2016/01/02 5:31:53 ET
Table 'Mekbuda II' 2-max Seat #2 is the button
Seat 1: aremom4e ($92.52 in chips)
Seat 2: punkrott ($86.02 in chips)
punkrott: posts small blind $1
aremom4e: posts big blind $3
*** HOLE CARDS ***
punkrott: raises $3 to $6
aremom4e: calls $3
*** FLOP *** [9d 6s Ad]
aremom4e: checks
punkrott: checks
*** TURN *** [9d 6s Ad] [As]
aremom4e: bets $6
punkrott: folds
Uncalled bet ($6) returned to aremom4e
aremom4e collected $11.76 from pot
aremom4e: doesn't show hand
*** SUMMARY ***
Total pot $12 | Rake $0.24
Board [9d 6s Ad As]
Seat 1: aremom4e (big blind) collected ($11.76)
Seat 2: punkrott (button) (small blind) folded on the Turn


PokerStars Hand #146316550283:  Hold'em Limit ($3/$6 USD) - 2016/01/02 5:32:14 ET
Table 'Mekbuda II' 2-max Seat #2 is the button
Seat 1: aremom4e ($97.28 in chips)
Seat 2: punkrott ($81.02 in chips)
punkrott: posts small blind $1
aremom4e: posts big blind $3
*** HOLE CARDS ***
punkrott: raises $3 to $6
aremom4e: calls $3
*** FLOP *** [Kh Ac Tc]
aremom4e: checks
punkrott: bets $3
aremom4e: folds
Uncalled bet ($3) returned to punkrott
punkrott collected $11.76 from pot
punkrott: doesn't show hand
*** SUMMARY ***
Total pot $12 | Rake $0.24
Board [Kh Ac Tc]
Seat 1: aremom4e (big blind) folded on the Flop
Seat 2: punkrott (button) (small blind) collected ($11.76)


PokerStars Hand #146316547482:  Hold'em Limit ($3/$6 USD) - 2016/01/02 5:32:08 ET
Table 'Mekbuda II' 2-max Seat #1 is the button
Seat 1: aremom4e ($98.28 in chips)
Seat 2: punkrott ($80.02 in chips)
aremom4e: posts small blind $1
punkrott: posts big blind $3
*** HOLE CARDS ***
aremom4e: folds
Uncalled bet ($2) returned to punkrott
punkrott collected $2 from pot
punkrott: doesn't show hand
*** SUMMARY ***
Total pot $2 | Rake $0
Seat 1: aremom4e (button) (small blind) folded before Flop
Seat 2: punkrott (big blind) collected ($2)


PokerStars Hand #146316554399:  Hold'em Limit ($3/$6 USD) - 2016/01/02 5:32:21 ET
Table 'Mekbuda II' 2-max Seat #1 is the button
Seat 1: aremom4e ($91.28 in chips)
Seat 2: punkrott ($86.78 in chips)
aremom4e: posts small blind $1
punkrott: posts big blind $3
*** HOLE CARDS ***
aremom4e: calls $2
punkrott: raises $3 to $6
aremom4e: calls $3
*** FLOP *** [Ah 2h 4d]
punkrott: bets $3
aremom4e: folds
Uncalled bet ($3) returned to punkrott
punkrott collected $11.76 from pot
punkrott: doesn't show hand
*** SUMMARY ***
Total pot $12 | Rake $0.24
Board [Ah 2h 4d]
Seat 1: aremom4e (button) (small blind) folded on the Flop
Seat 2: punkrott (big blind) collected ($11.76)


PokerStars Hand #146316560025:  Hold'em Limit ($3/$6 USD) - 2016/01/02 5:32:31 ET
Table 'Mekbuda II' 2-max Seat #2 is the button
Seat 1: aremom4e ($85.28 in chips)
Seat 2: punkrott ($92.54 in chips)
punkrott: posts small blind $1
aremom4e: posts big blind $3
*** HOLE CARDS ***
punkrott: folds
Uncalled bet ($2) returned to aremom4e
aremom4e collected $2 from pot
aremom4e: doesn't show hand
*** SUMMARY ***
Total pot $2 | Rake $0
Seat 1: aremom4e (big blind) collected ($2)
Seat 2: punkrott (button) (small blind) folded before Flop


PokerStars Hand #146316562480:  Hold'em Limit ($3/$6 USD) - 2016/01/02 5:32:36 ET
Table 'Mekbuda II' 2-max Seat #1 is the button
Seat 1: aremom4e ($86.28 in chips)
Seat 2: punkrott ($91.54 in chips)
aremom4e: posts small blind $1
punkrott: posts big blind $3
*** HOLE CARDS ***
aremom4e: raises $3 to $6
punkrott: calls $3
*** FLOP *** [2s 5d 7d]
punkrott: checks
aremom4e: checks
*** TURN *** [2s 5d 7d] [7s]
punkrott: bets $6
aremom4e: folds
Uncalled bet ($6) returned to punkrott
punkrott collected $11.76 from pot
punkrott: doesn't show hand
*** SUMMARY ***
Total pot $12 | Rake $0.24
Board [2s 5d 7d 7s]
Seat 1: aremom4e (button) (small blind) folded on the Turn
Seat 2: punkrott (big blind) collected ($11.76)


PokerStars Hand #146316571812:  Hold'em Limit ($3/$6 USD) - 2016/01/02 5:32:53 ET
Table 'Mekbuda II' 2-max Seat #1 is the button
Seat 1: aremom4e ($81.28 in chips)
Seat 2: punkrott ($96.30 in chips)
aremom4e: posts small blind $1
punkrott: posts big blind $3
*** HOLE CARDS ***
aremom4e: folds
Uncalled bet ($2) returned to punkrott
punkrott collected $2 from pot
punkrott: doesn't show hand
*** SUMMARY ***
Total pot $2 | Rake $0
Seat 1: aremom4e (button) (small blind) folded before Flop
Seat 2: punkrott (big blind) collected ($2)


PokerStars Hand #146316569367:  Hold'em Limit ($3/$6 USD) - 2016/01/02 5:32:48 ET
Table 'Mekbuda II' 2-max Seat #2 is the button
Seat 1: aremom4e ($80.28 in chips)
Seat 2: punkrott ($97.30 in chips)
punkrott: posts small blind $1
aremom4e: posts big blind $3
*** HOLE CARDS ***
punkrott: folds
Uncalled bet ($2) returned to aremom4e
aremom4e collected $2 from pot
aremom4e: doesn't show hand
*** SUMMARY ***
Total pot $2 | Rake $0
Seat 1: aremom4e (big blind) collected ($2)
Seat 2: punkrott (button) (small blind) folded before Flop


PokerStars Hand #146316583401:  Hold'em Limit ($3/$6 USD) - 2016/01/02 5:33:15 ET
Table 'Mekbuda II' 2-max Seat #1 is the button
Seat 1: aremom4e ($62.28 in chips)
Seat 2: punkrott ($114.80 in chips)
aremom4e: posts small blind $1
punkrott: posts big blind $3
*** HOLE CARDS ***
aremom4e: folds
Uncalled bet ($2) returned to punkrott
punkrott collected $2 from pot
punkrott: doesn't show hand
*** SUMMARY ***
Total pot $2 | Rake $0
Seat 1: aremom4e (button) (small blind) folded before Flop
Seat 2: punkrott (big blind) collected ($2)


PokerStars Hand #146316574436:  Hold'em Limit ($3/$6 USD) - 2016/01/02 5:32:58 ET
Table 'Mekbuda II' 2-max Seat #2 is the button
Seat 1: aremom4e ($80.28 in chips)
Seat 2: punkrott ($97.30 in chips)
punkrott: posts small blind $1
aremom4e: posts big blind $3
*** HOLE CARDS ***
punkrott: raises $3 to $6
aremom4e: calls $3
*** FLOP *** [Ad Jd Qh]
aremom4e: checks
punkrott: bets $3
aremom4e: raises $3 to $6
punkrott: calls $3
*** TURN *** [Ad Jd Qh] [Kh]
aremom4e: bets $6
punkrott: calls $6
*** RIVER *** [Ad Jd Qh Kh] [9s]
aremom4e: checks
punkrott: checks
*** SHOW DOWN ***
aremom4e: shows [Jc 2d] (a pair of Jacks)
punkrott: shows [4h Qs] (a pair of Queens)
punkrott collected $35.50 from pot
*** SUMMARY ***
Total pot $36 | Rake $0.50
Board [Ad Jd Qh Kh 9s]
Seat 1: aremom4e (big blind) showed [Jc 2d] and lost with a pair of Jacks
Seat 2: punkrott (button) (small blind) showed [4h Qs] and won ($35.50) with a pair of Queens


PokerStars Hand #146316585918:  Hold'em Limit ($3/$6 USD) - 2016/01/02 5:33:19 ET
Table 'Mekbuda II' 2-max Seat #2 is the button
Seat 1: aremom4e ($61.28 in chips)
Seat 2: punkrott ($115.80 in chips)
punkrott: posts small blind $1
aremom4e: posts big blind $3
*** HOLE CARDS ***
punkrott: raises $3 to $6
aremom4e: calls $3
*** FLOP *** [4h 8c 9s]
aremom4e: checks
punkrott: checks
*** TURN *** [4h 8c 9s] [8s]
aremom4e: bets $6
punkrott: folds
Uncalled bet ($6) returned to aremom4e
aremom4e collected $11.76 from pot
aremom4e: doesn't show hand
*** SUMMARY ***
Total pot $12 | Rake $0.24
Board [4h 8c 9s 8s]
Seat 1: aremom4e (big blind) collected ($11.76)
Seat 2: punkrott (button) (small blind) folded on the Turn


PokerStars Hand #146316591706:  Hold'em Limit ($3/$6 USD) - 2016/01/02 5:33:30 ET
Table 'Mekbuda II' 2-max Seat #1 is the button
Seat 1: aremom4e ($67.04 in chips)
Seat 2: punkrott ($109.80 in chips)
aremom4e: posts small blind $1
punkrott: posts big blind $3
*** HOLE CARDS ***
aremom4e: raises $3 to $6
punkrott: raises $3 to $9
aremom4e: calls $3
*** FLOP *** [Qs Ks 5d]
punkrott: bets $3
aremom4e: calls $3
*** TURN *** [Qs Ks 5d] [8d]
punkrott: bets $6
aremom4e: calls $6
*** RIVER *** [Qs Ks 5d 8d] [4c]
punkrott: checks
aremom4e: bets $6
punkrott: raises $6 to $12
aremom4e: calls $6
*** SHOW DOWN ***
punkrott: shows [6h 7h] (a straight, Four to Eight)
aremom4e: mucks hand
punkrott collected $59.50 from pot
*** SUMMARY ***
Total pot $60 | Rake $0.50
Board [Qs Ks 5d 8d 4c]
Seat 1: aremom4e (button) (small blind) mucked
Seat 2: punkrott (big blind) showed [6h 7h] and won ($59.50) with a straight, Four to Eight


PokerStars Hand #146316600816:  Hold'em Limit ($3/$6 USD) - 2016/01/02 5:33:47 ET
Table 'Mekbuda II' 2-max Seat #2 is the button
Seat 1: aremom4e ($37.04 in chips)
Seat 2: punkrott ($139.30 in chips)
punkrott: posts small blind $1
aremom4e: posts big blind $3
*** HOLE CARDS ***
punkrott: raises $3 to $6
aremom4e: calls $3
*** FLOP *** [Qh As 5d]
aremom4e: checks
punkrott: bets $3
aremom4e: folds
Uncalled bet ($3) returned to punkrott
punkrott collected $11.76 from pot
punkrott: doesn't show hand
*** SUMMARY ***
Total pot $12 | Rake $0.24
Board [Qh As 5d]
Seat 1: aremom4e (big blind) folded on the Flop
Seat 2: punkrott (button) (small blind) collected ($11.76)


PokerStars Hand #146316605053:  Hold'em Limit ($3/$6 USD) - 2016/01/02 5:33:55 ET
Table 'Mekbuda II' 2-max Seat #1 is the button
Seat 1: aremom4e ($31.04 in chips)
Seat 2: punkrott ($145.06 in chips)
aremom4e: posts small blind $1
punkrott: posts big blind $3
*** HOLE CARDS ***
aremom4e: raises $3 to $6
punkrott: calls $3
*** FLOP *** [7s 4c 6h]
punkrott: checks
aremom4e: checks
*** TURN *** [7s 4c 6h] [9c]
punkrott: bets $6
aremom4e: calls $6
*** RIVER *** [7s 4c 6h 9c] [Ac]
punkrott: checks
aremom4e: checks
*** SHOW DOWN ***
punkrott: shows [5c 4h] (a pair of Fours)
aremom4e: mucks hand
punkrott collected $23.52 from pot
*** SUMMARY ***
Total pot $24 | Rake $0.48
Board [7s 4c 6h 9c Ac]
Seat 1: aremom4e (button) (small blind) mucked
Seat 2: punkrott (big blind) showed [5c 4h] and won ($23.52) with a pair of Fours


PokerStars Hand #146316621098:  Hold'em Limit ($3/$6 USD) - 2016/01/02 5:34:24 ET
Table 'Mekbuda II' 2-max Seat #1 is the button
Seat 1: aremom4e ($73.04 in chips)
Seat 2: punkrott ($162.34 in chips)
aremom4e: posts small blind $1
punkrott: posts big blind $3
*** HOLE CARDS ***
aremom4e: folds
Uncalled bet ($2) returned to punkrott
punkrott collected $2 from pot
punkrott: doesn't show hand
*** SUMMARY ***
Total pot $2 | Rake $0
Seat 1: aremom4e (button) (small blind) folded before Flop
Seat 2: punkrott (big blind) collected ($2)


PokerStars Hand #146316613236:  Hold'em Limit ($3/$6 USD) - 2016/01/02 5:34:10 ET
Table 'Mekbuda II' 2-max Seat #2 is the button
Seat 1: aremom4e ($19.04 in chips)
Seat 2: punkrott ($156.58 in chips)
punkrott: posts small blind $1
aremom4e: posts big blind $3
*** HOLE CARDS ***
punkrott: raises $3 to $6
aremom4e: calls $3
*** FLOP *** [Ts 8s 2c]
aremom4e: checks
punkrott: bets $3
aremom4e: folds
Uncalled bet ($3) returned to punkrott
punkrott collected $11.76 from pot
punkrott: doesn't show hand
*** SUMMARY ***
Total pot $12 | Rake $0.24
Board [Ts 8s 2c]
Seat 1: aremom4e (big blind) folded on the Flop
Seat 2: punkrott (button) (small blind) collected ($11.76)


PokerStars Hand #146316623633:  Hold'em Limit ($3/$6 USD) - 2016/01/02 5:34:29 ET
Table 'Mekbuda II' 2-max Seat #2 is the button
Seat 1: aremom4e ($72.04 in chips)
Seat 2: punkrott ($163.34 in chips)
punkrott: posts small blind $1
aremom4e: posts big blind $3
*** HOLE CARDS ***
punkrott: raises $3 to $6
aremom4e: folds
Uncalled bet ($3) returned to punkrott
punkrott collected $6 from pot
punkrott: doesn't show hand
*** SUMMARY ***
Total pot $6 | Rake $0
Seat 1: aremom4e (big blind) folded before Flop
Seat 2: punkrott (button) (small blind) collected ($6)


PokerStars Hand #146316638689:  Hold'em Limit ($3/$6 USD) - 2016/01/02 5:34:56 ET
Table 'Mekbuda II' 2-max Seat #2 is the button
Seat 1: aremom4e ($80.56 in chips)
Seat 2: punkrott ($154.34 in chips)
punkrott: posts small blind $1
aremom4e: posts big blind $3
*** HOLE CARDS ***
punkrott: folds
Uncalled bet ($2) returned to aremom4e
aremom4e collected $2 from pot
aremom4e: doesn't show hand
*** SUMMARY ***
Total pot $2 | Rake $0
Seat 1: aremom4e (big blind) collected ($2)
Seat 2: punkrott (button) (small blind) folded before Flop


PokerStars Hand #146316626458:  Hold'em Limit ($3/$6 USD) - 2016/01/02 5:34:34 ET
Table 'Mekbuda II' 2-max Seat #1 is the button
Seat 1: aremom4e ($69.04 in chips)
Seat 2: punkrott ($166.34 in chips)
aremom4e: posts small blind $1
punkrott: posts big blind $3
*** HOLE CARDS ***
aremom4e: raises $3 to $6
punkrott: calls $3
*** FLOP *** [2h 8s 5h]
punkrott: checks
aremom4e: bets $3
punkrott: raises $3 to $6
aremom4e: calls $3
*** TURN *** [2h 8s 5h] [8c]
punkrott: checks
aremom4e: checks
*** RIVER *** [2h 8s 5h 8c] [5s]
punkrott: checks
aremom4e: bets $6
punkrott: folds
Uncalled bet ($6) returned to aremom4e
aremom4e collected $23.52 from pot
aremom4e: doesn't show hand
*** SUMMARY ***
Total pot $24 | Rake $0.48
Board [2h 8s 5h 8c 5s]
Seat 1: aremom4e (button) (small blind) collected ($23.52)
Seat 2: punkrott (big blind) folded on the River


PokerStars Hand #146316652024:  Hold'em Limit ($3/$6 USD) - 2016/01/02 5:35:21 ET
Table 'Mekbuda II' 2-max Seat #2 is the button
Seat 1: aremom4e ($87.32 in chips)
Seat 2: punkrott ($147.34 in chips)
punkrott: posts small blind $1
aremom4e: posts big blind $3
*** HOLE CARDS ***
punkrott: raises $3 to $6
aremom4e: raises $3 to $9
punkrott: calls $3
*** FLOP *** [3s 2h 9c]
aremom4e: bets $3
punkrott: calls $3
*** TURN *** [3s 2h 9c] [4h]
aremom4e: bets $6
punkrott: raises $6 to $12
aremom4e: calls $6
*** RIVER *** [3s 2h 9c 4h] [8c]
aremom4e: checks
punkrott: checks
*** SHOW DOWN ***
aremom4e: shows [9s Ad] (a pair of Nines)
punkrott: mucks hand
aremom4e collected $47.50 from pot
*** SUMMARY ***
Total pot $48 | Rake $0.50
Board [3s 2h 9c 4h 8c]
Seat 1: aremom4e (big blind) showed [9s Ad] and won ($47.50) with a pair of Nines
Seat 2: punkrott (button) (small blind) mucked


PokerStars Hand #146316646730:  Hold'em Limit ($3/$6 USD) - 2016/01/02 5:35:11 ET
Table 'Mekbuda II' 2-max Seat #1 is the button
Seat 1: aremom4e ($81.56 in chips)
Seat 2: punkrott ($153.34 in chips)
aremom4e: posts small blind $1
punkrott: posts big blind $3
*** HOLE CARDS ***
aremom4e: raises $3 to $6
punkrott: calls $3
*** FLOP *** [Kc 5c 3h]
punkrott: checks
aremom4e: bets $3
punkrott: folds
Uncalled bet ($3) returned to aremom4e
aremom4e collected $11.76 from pot
aremom4e: doesn't show hand
*** SUMMARY ***
Total pot $12 | Rake $0.24
Board [Kc 5c 3h]
Seat 1: aremom4e (button) (small blind) collected ($11.76)
Seat 2: punkrott (big blind) folded on the Flop


PokerStars Hand #146316644020:  Hold'em Limit ($3/$6 USD) - 2016/01/02 5:35:06 ET
Table 'Mekbuda II' 2-max Seat #2 is the button
Seat 1: aremom4e ($84.56 in chips)
Seat 2: punkrott ($150.34 in chips)
punkrott: posts small blind $1
aremom4e: posts big blind $3
*** HOLE CARDS ***
punkrott: raises $3 to $6
aremom4e: folds
Uncalled bet ($3) returned to punkrott
punkrott collected $6 from pot
punkrott: doesn't show hand
*** SUMMARY ***
Total pot $6 | Rake $0
Seat 1: aremom4e (big blind) folded before Flop
Seat 2: punkrott (button) (small blind) collected ($6)


PokerStars Hand #146316641252:  Hold'em Limit ($3/$6 USD) - 2016/01/02 5:35:01 ET
Table 'Mekbuda II' 2-max Seat #1 is the button
Seat 1: aremom4e ($81.56 in chips)
Seat 2: punkrott ($153.34 in chips)
aremom4e: posts small blind $1
punkrott: posts big blind $3
*** HOLE CARDS ***
aremom4e: raises $3 to $6
punkrott: folds
Uncalled bet ($3) returned to aremom4e
aremom4e collected $6 from pot
aremom4e: doesn't show hand
*** SUMMARY ***
Total pot $6 | Rake $0
Seat 1: aremom4e (button) (small blind) collected ($6)
Seat 2: punkrott (big blind) folded before Flop


PokerStars Hand #146316660417:  Hold'em Limit ($3/$6 USD) - 2016/01/02 5:35:36 ET
Table 'Mekbuda II' 2-max Seat #1 is the button
Seat 1: aremom4e ($110.82 in chips)
Seat 2: punkrott ($123.34 in chips)
aremom4e: posts small blind $1
punkrott: posts big blind $3
*** HOLE CARDS ***
aremom4e: raises $3 to $6
punkrott: calls $3
*** FLOP *** [2h 8s As]
punkrott: checks
aremom4e: bets $3
punkrott: folds
Uncalled bet ($3) returned to aremom4e
aremom4e collected $11.76 from pot
aremom4e: doesn't show hand
*** SUMMARY ***
Total pot $12 | Rake $0.24
Board [2h 8s As]
Seat 1: aremom4e (button) (small blind) collected ($11.76)
Seat 2: punkrott (big blind) folded on the Flop


PokerStars Hand #146316671495:  Hold'em Limit ($3/$6 USD) - 2016/01/02 5:35:57 ET
Table 'Mekbuda II' 2-max Seat #1 is the button
Seat 1: aremom4e ($107.58 in chips)
Seat 2: punkrott ($125.98 in chips)
aremom4e: posts small blind $1
punkrott: posts big blind $3
*** HOLE CARDS ***
aremom4e: folds
Uncalled bet ($2) returned to punkrott
punkrott collected $2 from pot
punkrott: doesn't show hand
*** SUMMARY ***
Total pot $2 | Rake $0
Seat 1: aremom4e (button) (small blind) folded before Flop
Seat 2: punkrott (big blind) collected ($2)


PokerStars Hand #146316664874:  Hold'em Limit ($3/$6 USD) - 2016/01/02 5:35:45 ET
Table 'Mekbuda II' 2-max Seat #2 is the button
Seat 1: aremom4e ($116.58 in chips)
Seat 2: punkrott ($117.34 in chips)
punkrott: posts small blind $1
aremom4e: posts big blind $3
*** HOLE CARDS ***
punkrott: raises $3 to $6
aremom4e: calls $3
*** FLOP *** [3c 3d 3s]
aremom4e: checks
punkrott: bets $3
aremom4e: calls $3
*** TURN *** [3c 3d 3s] [Td]
aremom4e: checks
punkrott: bets $6
aremom4e: folds
Uncalled bet ($6) returned to punkrott
punkrott collected $17.64 from pot
punkrott: doesn't show hand
*** SUMMARY ***
Total pot $18 | Rake $0.36
Board [3c 3d 3s Td]
Seat 1: aremom4e (big blind) folded on the Turn
Seat 2: punkrott (button) (small blind) collected ($17.64)


PokerStars Hand #146316681608:  Hold'em Limit ($3/$6 USD) - 2016/01/02 5:36:16 ET
Table 'Mekbuda II' 2-max Seat #1 is the button
Seat 1: aremom4e ($100.58 in chips)
Seat 2: punkrott ($132.74 in chips)
aremom4e: posts small blind $1
punkrott: posts big blind $3
*** HOLE CARDS ***
aremom4e: raises $3 to $6
punkrott: folds
Uncalled bet ($3) returned to aremom4e
aremom4e collected $6 from pot
aremom4e: doesn't show hand
*** SUMMARY ***
Total pot $6 | Rake $0
Seat 1: aremom4e (button) (small blind) collected ($6)
Seat 2: punkrott (big blind) folded before Flop


PokerStars Hand #146316674067:  Hold'em Limit ($3/$6 USD) - 2016/01/02 5:36:02 ET
Table 'Mekbuda II' 2-max Seat #2 is the button
Seat 1: aremom4e ($106.58 in chips)
Seat 2: punkrott ($126.98 in chips)
punkrott: posts small blind $1
aremom4e: posts big blind $3
*** HOLE CARDS ***
punkrott: raises $3 to $6
aremom4e: calls $3
*** FLOP *** [7s 8d Qd]
aremom4e: checks
punkrott: checks
*** TURN *** [7s 8d Qd] [4c]
aremom4e: checks
punkrott: bets $6
aremom4e: folds
Uncalled bet ($6) returned to punkrott
punkrott collected $11.76 from pot
punkrott: doesn't show hand
*** SUMMARY ***
Total pot $12 | Rake $0.24
Board [7s 8d Qd 4c]
Seat 1: aremom4e (big blind) folded on the Turn
Seat 2: punkrott (button) (small blind) collected ($11.76)


PokerStars Hand #146316691587:  Hold'em Limit ($3/$6 USD) - 2016/01/02 5:36:34 ET
Table 'Mekbuda II' 2-max Seat #1 is the button
Seat 1: aremom4e ($112.22 in chips)
Seat 2: punkrott ($120.74 in chips)
aremom4e: posts small blind $1
punkrott: posts big blind $3
*** HOLE CARDS ***
aremom4e: raises $3 to $6
punkrott: folds
Uncalled bet ($3) returned to aremom4e
aremom4e collected $6 from pot
aremom4e: doesn't show hand
*** SUMMARY ***
Total pot $6 | Rake $0
Seat 1: aremom4e (button) (small blind) collected ($6)
Seat 2: punkrott (big blind) folded before Flop


PokerStars Hand #146316684503:  Hold'em Limit ($3/$6 USD) - 2016/01/02 5:36:21 ET
Table 'Mekbuda II' 2-max Seat #2 is the button
Seat 1: aremom4e ($103.58 in chips)
Seat 2: punkrott ($129.74 in chips)
punkrott: posts small blind $1
aremom4e: posts big blind $3
*** HOLE CARDS ***
punkrott: raises $3 to $6
aremom4e: calls $3
*** FLOP *** [9d 3c Qh]
aremom4e: checks
punkrott: bets $3
aremom4e: calls $3
*** TURN *** [9d 3c Qh] [As]
aremom4e: checks
punkrott: checks
*** RIVER *** [9d 3c Qh As] [9h]
aremom4e: bets $6
punkrott: folds
Uncalled bet ($6) returned to aremom4e
aremom4e collected $17.64 from pot
aremom4e: doesn't show hand
*** SUMMARY ***
Total pot $18 | Rake $0.36
Board [9d 3c Qh As 9h]
Seat 1: aremom4e (big blind) collected ($17.64)
Seat 2: punkrott (button) (small blind) folded on the River


PokerStars Hand #146316715682:  Hold'em Limit ($3/$6 USD) - 2016/01/02 5:37:18 ET
Table 'Mekbuda II' 2-max Seat #2 is the button
Seat 1: aremom4e ($77.22 in chips)
Seat 2: punkrott ($154.76 in chips)
punkrott: posts small blind $1
aremom4e: posts big blind $3
*** HOLE CARDS ***
punkrott: raises $3 to $6
aremom4e: calls $3
*** FLOP *** [7c Th Js]
aremom4e: checks
punkrott: checks
*** TURN *** [7c Th Js] [8c]
aremom4e: checks
punkrott: bets $6
aremom4e: folds
Uncalled bet ($6) returned to punkrott
punkrott collected $11.76 from pot
punkrott: doesn't show hand
*** SUMMARY ***
Total pot $12 | Rake $0.24
Board [7c Th Js 8c]
Seat 1: aremom4e (big blind) folded on the Turn
Seat 2: punkrott (button) (small blind) collected ($11.76)


PokerStars Hand #146316712988:  Hold'em Limit ($3/$6 USD) - 2016/01/02 5:37:13 ET
Table 'Mekbuda II' 2-max Seat #1 is the button
Seat 1: aremom4e ($78.22 in chips)
Seat 2: punkrott ($153.76 in chips)
aremom4e: posts small blind $1
punkrott: posts big blind $3
*** HOLE CARDS ***
aremom4e: folds
Uncalled bet ($2) returned to punkrott
punkrott collected $2 from pot
punkrott: doesn't show hand
*** SUMMARY ***
Total pot $2 | Rake $0
Seat 1: aremom4e (button) (small blind) folded before Flop
Seat 2: punkrott (big blind) collected ($2)


PokerStars Hand #146316704417:  Hold'em Limit ($3/$6 USD) - 2016/01/02 5:36:58 ET
Table 'Mekbuda II' 2-max Seat #2 is the button
Seat 1: aremom4e ($102.22 in chips)
Seat 2: punkrott ($130.26 in chips)
punkrott: posts small blind $1
aremom4e: posts big blind $3
*** HOLE CARDS ***
punkrott: raises $3 to $6
aremom4e: calls $3
*** FLOP *** [Ad 3h 7s]
aremom4e: checks
punkrott: bets $3
aremom4e: raises $3 to $6
punkrott: calls $3
*** TURN *** [Ad 3h 7s] [2d]
aremom4e: bets $6
punkrott: calls $6
*** RIVER *** [Ad 3h 7s 2d] [Qc]
aremom4e: bets $6
punkrott: calls $6
*** SHOW DOWN ***
aremom4e: shows [5s 6s] (high card Ace)
punkrott: shows [7d Td] (a pair of Sevens)
punkrott collected $47.50 from pot
*** SUMMARY ***
Total pot $48 | Rake $0.50
Board [Ad 3h 7s 2d Qc]
Seat 1: aremom4e (big blind) showed [5s 6s] and lost with high card Ace
Seat 2: punkrott (button) (small blind) showed [7d Td] and won ($47.50) with a pair of Sevens


PokerStars Hand #146316701798:  Hold'em Limit ($3/$6 USD) - 2016/01/02 5:36:53 ET
Table 'Mekbuda II' 2-max Seat #1 is the button
Seat 1: aremom4e ($103.22 in chips)
Seat 2: punkrott ($129.26 in chips)
aremom4e: posts small blind $1
punkrott: posts big blind $3
*** HOLE CARDS ***
aremom4e: folds
Uncalled bet ($2) returned to punkrott
punkrott collected $2 from pot
punkrott: doesn't show hand
*** SUMMARY ***
Total pot $2 | Rake $0
Seat 1: aremom4e (button) (small blind) folded before Flop
Seat 2: punkrott (big blind) collected ($2)


PokerStars Hand #146316694462:  Hold'em Limit ($3/$6 USD) - 2016/01/02 5:36:39 ET
Table 'Mekbuda II' 2-max Seat #2 is the button
Seat 1: aremom4e ($115.22 in chips)
Seat 2: punkrott ($117.74 in chips)
punkrott: posts small blind $1
aremom4e: posts big blind $3
*** HOLE CARDS ***
punkrott: raises $3 to $6
aremom4e: calls $3
*** FLOP *** [7s 3s 9h]
aremom4e: checks
punkrott: checks
*** TURN *** [7s 3s 9h] [Qh]
aremom4e: bets $6
punkrott: calls $6
*** RIVER *** [7s 3s 9h Qh] [Kd]
aremom4e: checks
punkrott: checks
*** SHOW DOWN ***
aremom4e: shows [Td 6s] (high card King)
punkrott: shows [2h Ah] (high card Ace)
punkrott collected $23.52 from pot
*** SUMMARY ***
Total pot $24 | Rake $0.48
Board [7s 3s 9h Qh Kd]
Seat 1: aremom4e (big blind) showed [Td 6s] and lost with high card King
Seat 2: punkrott (button) (small blind) showed [2h Ah] and won ($23.52) with high card Ace


PokerStars Hand #146316738704:  Hold'em Limit ($3/$6 USD) - 2016/01/02 5:38:00 ET
Table 'Mekbuda II' 2-max Seat #2 is the button
Seat 1: aremom4e ($47.22 in chips)
Seat 2: punkrott ($183.78 in chips)
punkrott: posts small blind $1
aremom4e: posts big blind $3
*** HOLE CARDS ***
punkrott: raises $3 to $6
aremom4e: raises $3 to $9
punkrott: calls $3
*** FLOP *** [Ad 2s 5d]
aremom4e: bets $3
punkrott: calls $3
*** TURN *** [Ad 2s 5d] [Tc]
aremom4e: bets $6
punkrott: raises $6 to $12
aremom4e: calls $6
*** RIVER *** [Ad 2s 5d Tc] [9c]
aremom4e: checks
punkrott: bets $6
aremom4e: calls $6
*** SHOW DOWN ***
punkrott: shows [2c Ah] (two pair, Aces and Deuces)
aremom4e: mucks hand
punkrott collected $59.50 from pot
*** SUMMARY ***
Total pot $60 | Rake $0.50
Board [Ad 2s 5d Tc 9c]
Seat 1: aremom4e (big blind) mucked
Seat 2: punkrott (button) (small blind) showed [2c Ah] and won ($59.50) with two pair, Aces and Deuces


PokerStars Hand #146316735907:  Hold'em Limit ($3/$6 USD) - 2016/01/02 5:37:55 ET
Table 'Mekbuda II' 2-max Seat #1 is the button
Seat 1: aremom4e ($44.22 in chips)
Seat 2: punkrott ($186.78 in chips)
aremom4e: posts small blind $1
punkrott: posts big blind $3
*** HOLE CARDS ***
aremom4e: raises $3 to $6
punkrott: folds
Uncalled bet ($3) returned to aremom4e
aremom4e collected $6 from pot
aremom4e: doesn't show hand
*** SUMMARY ***
Total pot $6 | Rake $0
Seat 1: aremom4e (button) (small blind) collected ($6)
Seat 2: punkrott (big blind) folded before Flop


PokerStars Hand #146316731535:  Hold'em Limit ($3/$6 USD) - 2016/01/02 5:37:47 ET
Table 'Mekbuda II' 2-max Seat #2 is the button
Seat 1: aremom4e ($50.22 in chips)
Seat 2: punkrott ($181.02 in chips)
punkrott: posts small blind $1
aremom4e: posts big blind $3
*** HOLE CARDS ***
punkrott: raises $3 to $6
aremom4e: calls $3
*** FLOP *** [Ad Ah Qh]
aremom4e: checks
punkrott: bets $3
aremom4e: folds
Uncalled bet ($3) returned to punkrott
punkrott collected $11.76 from pot
punkrott: doesn't show hand
*** SUMMARY ***
Total pot $12 | Rake $0.24
Board [Ad Ah Qh]
Seat 1: aremom4e (big blind) folded on the Flop
Seat 2: punkrott (button) (small blind) collected ($11.76)


PokerStars Hand #146316722619:  Hold'em Limit ($3/$6 USD) - 2016/01/02 5:37:31 ET
Table 'Mekbuda II' 2-max Seat #1 is the button
Seat 1: aremom4e ($71.22 in chips)
Seat 2: punkrott ($160.52 in chips)
aremom4e: posts small blind $1
punkrott: posts big blind $3
*** HOLE CARDS ***
aremom4e: raises $3 to $6
punkrott: calls $3
*** FLOP *** [Kd 6d 9d]
punkrott: checks
aremom4e: bets $3
punkrott: calls $3
*** TURN *** [Kd 6d 9d] [Ks]
punkrott: checks
aremom4e: checks
*** RIVER *** [Kd 6d 9d Ks] [Kh]
punkrott: checks
aremom4e: bets $6
punkrott: raises $6 to $12
aremom4e: calls $6
*** SHOW DOWN ***
punkrott: shows [Kc 5h] (four of a kind, Kings)
aremom4e: mucks hand
punkrott collected $41.50 from pot
*** SUMMARY ***
Total pot $42 | Rake $0.50
Board [Kd 6d 9d Ks Kh]
Seat 1: aremom4e (button) (small blind) mucked
Seat 2: punkrott (big blind) showed [Kc 5h] and won ($41.50) with four of a kind, Kings


PokerStars Hand #146316747646:  Hold'em Limit ($3/$6 USD) - 2016/01/02 5:38:17 ET
Table 'Mekbuda II' 2-max Seat #1 is the button
Seat 1: aremom4e ($17.22 in chips)
Seat 2: punkrott ($213.28 in chips)
aremom4e: posts small blind $1
punkrott: posts big blind $3
*** HOLE CARDS ***
aremom4e: raises $3 to $6
punkrott: calls $3
*** FLOP *** [6c 8c Kc]
punkrott: checks
aremom4e: checks
*** TURN *** [6c 8c Kc] [Qd]
punkrott: bets $6
aremom4e: folds
Uncalled bet ($6) returned to punkrott
punkrott collected $11.76 from pot
punkrott: doesn't show hand
*** SUMMARY ***
Total pot $12 | Rake $0.24
Board [6c 8c Kc Qd]
Seat 1: aremom4e (button) (small blind) folded on the Turn
Seat 2: punkrott (big blind) collected ($11.76)


PokerStars Hand #146316820417:  Hold'em Limit ($3/$6 USD) - 2016/01/02 5:40:30 ET
Table 'Mekbuda II' 2-max Seat #2 is the button
Seat 1: aremom4e ($85.86 in chips)
Seat 2: punkrott ($218.44 in chips)
punkrott: posts small blind $1
aremom4e: posts big blind $3
*** HOLE CARDS ***
punkrott: raises $3 to $6
aremom4e: calls $3
*** FLOP *** [2c Kh Ad]
aremom4e: checks
punkrott: bets $3
aremom4e: folds
Uncalled bet ($3) returned to punkrott
punkrott collected $11.76 from pot
punkrott: doesn't show hand
*** SUMMARY ***
Total pot $12 | Rake $0.24
Board [2c Kh Ad]
Seat 1: aremom4e (big blind) folded on the Flop
Seat 2: punkrott (button) (small blind) collected ($11.76)


PokerStars Hand #146316817731:  Hold'em Limit ($3/$6 USD) - 2016/01/02 5:40:25 ET
Table 'Mekbuda II' 2-max Seat #1 is the button
Seat 1: aremom4e ($86.86 in chips)
Seat 2: punkrott ($217.44 in chips)
aremom4e: posts small blind $1
punkrott: posts big blind $3
*** HOLE CARDS ***
aremom4e: folds
Uncalled bet ($2) returned to punkrott
punkrott collected $2 from pot
punkrott: doesn't show hand
*** SUMMARY ***
Total pot $2 | Rake $0
Seat 1: aremom4e (button) (small blind) folded before Flop
Seat 2: punkrott (big blind) collected ($2)


PokerStars Hand #146316815434:  Hold'em Limit ($3/$6 USD) - 2016/01/02 5:40:21 ET
Table 'Mekbuda II' 2-max Seat #2 is the button
Seat 1: aremom4e ($85.86 in chips)
Seat 2: punkrott ($218.44 in chips)
punkrott: posts small blind $1
aremom4e: posts big blind $3
*** HOLE CARDS ***
punkrott: folds
Uncalled bet ($2) returned to aremom4e
aremom4e collected $2 from pot
aremom4e: doesn't show hand
*** SUMMARY ***
Total pot $2 | Rake $0
Seat 1: aremom4e (big blind) collected ($2)
Seat 2: punkrott (button) (small blind) folded before Flop


PokerStars Hand #146316812550:  Hold'em Limit ($3/$6 USD) - 2016/01/02 5:40:16 ET
Table 'Mekbuda II' 2-max Seat #1 is the button
Seat 1: aremom4e ($82.86 in chips)
Seat 2: punkrott ($221.44 in chips)
aremom4e: posts small blind $1
punkrott: posts big blind $3
*** HOLE CARDS ***
aremom4e: raises $3 to $6
punkrott: folds
Uncalled bet ($3) returned to aremom4e
aremom4e collected $6 from pot
aremom4e: doesn't show hand
*** SUMMARY ***
Total pot $6 | Rake $0
Seat 1: aremom4e (button) (small blind) collected ($6)
Seat 2: punkrott (big blind) folded before Flop


PokerStars Hand #146316805504:  Hold'em Limit ($3/$6 USD) - 2016/01/02 5:40:03 ET
Table 'Mekbuda II' 2-max Seat #2 is the button
Seat 1: aremom4e ($71.34 in chips)
Seat 2: punkrott ($233.44 in chips)
punkrott: posts small blind $1
aremom4e: posts big blind $3
*** HOLE CARDS ***
punkrott: raises $3 to $6
aremom4e: raises $3 to $9
punkrott: calls $3
*** FLOP *** [Ts 3c 3h]
aremom4e: bets $3
punkrott: calls $3
*** TURN *** [Ts 3c 3h] [Jc]
aremom4e: bets $6
punkrott: folds
Uncalled bet ($6) returned to aremom4e
aremom4e collected $23.52 from pot
aremom4e: doesn't show hand
*** SUMMARY ***
Total pot $24 | Rake $0.48
Board [Ts 3c 3h Jc]
Seat 1: aremom4e (big blind) collected ($23.52)
Seat 2: punkrott (button) (small blind) folded on the Turn


PokerStars Hand #146316798527:  Hold'em Limit ($3/$6 USD) - 2016/01/02 5:39:50 ET
Table 'Mekbuda II' 2-max Seat #1 is the button
Seat 1: aremom4e ($80.34 in chips)
Seat 2: punkrott ($224.80 in chips)
aremom4e: posts small blind $1
punkrott: posts big blind $3
*** HOLE CARDS ***
aremom4e: raises $3 to $6
punkrott: calls $3
*** FLOP *** [Jc Ah As]
punkrott: checks
aremom4e: bets $3
punkrott: calls $3
*** TURN *** [Jc Ah As] [7c]
punkrott: checks
aremom4e: checks
*** RIVER *** [Jc Ah As 7c] [Qs]
punkrott: bets $6
aremom4e: folds
Uncalled bet ($6) returned to punkrott
punkrott collected $17.64 from pot
punkrott: doesn't show hand
*** SUMMARY ***
Total pot $18 | Rake $0.36
Board [Jc Ah As 7c Qs]
Seat 1: aremom4e (button) (small blind) folded on the River
Seat 2: punkrott (big blind) collected ($17.64)


PokerStars Hand #146316791067:  Hold'em Limit ($3/$6 USD) - 2016/01/02 5:39:36 ET
Table 'Mekbuda II' 2-max Seat #2 is the button
Seat 1: aremom4e ($11.22 in chips)
Seat 2: punkrott ($219.04 in chips)
punkrott: posts small blind $1
aremom4e: posts big blind $3
*** HOLE CARDS ***
punkrott: raises $3 to $6
aremom4e: calls $3
*** FLOP *** [9d 9s 3d]
aremom4e: checks
punkrott: bets $3
aremom4e: folds
Uncalled bet ($3) returned to punkrott
punkrott collected $11.76 from pot
punkrott: doesn't show hand
*** SUMMARY ***
Total pot $12 | Rake $0.24
Board [9d 9s 3d]
Seat 1: aremom4e (big blind) folded on the Flop
Seat 2: punkrott (button) (small blind) collected ($11.76)


PokerStars Hand #146316847755:  Hold'em Limit ($3/$6 USD) - 2016/01/02 5:41:20 ET
Table 'Mekbuda II' 2-max Seat #1 is the button
Seat 1: aremom4e ($63.86 in chips)
Seat 2: punkrott ($239.60 in chips)
aremom4e: posts small blind $1
punkrott: posts big blind $3
*** HOLE CARDS ***
aremom4e: raises $3 to $6
punkrott: raises $3 to $9
aremom4e: calls $3
*** FLOP *** [Kd 7s 6d]
punkrott: bets $3
aremom4e: calls $3
*** TURN *** [Kd 7s 6d] [Tc]
punkrott: bets $6
aremom4e: calls $6
*** RIVER *** [Kd 7s 6d Tc] [Jc]
punkrott: bets $6
aremom4e: calls $6
*** SHOW DOWN ***
punkrott: shows [Js Ks] (two pair, Kings and Jacks)
aremom4e: mucks hand
punkrott collected $47.50 from pot
*** SUMMARY ***
Total pot $48 | Rake $0.50
Board [Kd 7s 6d Tc Jc]
Seat 1: aremom4e (button) (small blind) mucked
Seat 2: punkrott (big blind) showed [Js Ks] and won ($47.50) with two pair, Kings and Jacks


PokerStars Hand #146316841194:  Hold'em Limit ($3/$6 USD) - 2016/01/02 5:41:08 ET
Table 'Mekbuda II' 2-max Seat #2 is the button
Seat 1: aremom4e ($69.86 in chips)
Seat 2: punkrott ($233.84 in chips)
punkrott: posts small blind $1
aremom4e: posts big blind $3
*** HOLE CARDS ***
punkrott: raises $3 to $6
aremom4e: calls $3
*** FLOP *** [9c Td 3s]
aremom4e: checks
punkrott: bets $3
aremom4e: folds
Uncalled bet ($3) returned to punkrott
punkrott collected $11.76 from pot
punkrott: doesn't show hand
*** SUMMARY ***
Total pot $12 | Rake $0.24
Board [9c Td 3s]
Seat 1: aremom4e (big blind) folded on the Flop
Seat 2: punkrott (button) (small blind) collected ($11.76)


PokerStars Hand #146316838203:  Hold'em Limit ($3/$6 USD) - 2016/01/02 5:41:03 ET
Table 'Mekbuda II' 2-max Seat #1 is the button
Seat 1: aremom4e ($70.86 in chips)
Seat 2: punkrott ($232.84 in chips)
aremom4e: posts small blind $1
punkrott: posts big blind $3
*** HOLE CARDS ***
aremom4e: folds
Uncalled bet ($2) returned to punkrott
punkrott collected $2 from pot
punkrott: doesn't show hand
*** SUMMARY ***
Total pot $2 | Rake $0
Seat 1: aremom4e (button) (small blind) folded before Flop
Seat 2: punkrott (big blind) collected ($2)


PokerStars Hand #146316831255:  Hold'em Limit ($3/$6 USD) - 2016/01/02 5:40:50 ET
Table 'Mekbuda II' 2-max Seat #2 is the button
Seat 1: aremom4e ($76.86 in chips)
Seat 2: punkrott ($227.08 in chips)
punkrott: posts small blind $1
aremom4e: posts big blind $3
*** HOLE CARDS ***
punkrott: raises $3 to $6
aremom4e: calls $3
*** FLOP *** [Td 2d 6d]
aremom4e: checks
punkrott: bets $3
aremom4e: folds
Uncalled bet ($3) returned to punkrott
punkrott collected $11.76 from pot
punkrott: doesn't show hand
*** SUMMARY ***
Total pot $12 | Rake $0.24
Board [Td 2d 6d]
Seat 1: aremom4e (big blind) folded on the Flop
Seat 2: punkrott (button) (small blind) collected ($11.76)


PokerStars Hand #146316824775:  Hold'em Limit ($3/$6 USD) - 2016/01/02 5:40:38 ET
Table 'Mekbuda II' 2-max Seat #1 is the button
Seat 1: aremom4e ($79.86 in chips)
Seat 2: punkrott ($224.20 in chips)
aremom4e: posts small blind $1
punkrott: posts big blind $3
*** HOLE CARDS ***
aremom4e: calls $2
punkrott: checks
*** FLOP *** [Ah Kd Qd]
punkrott: checks
aremom4e: checks
*** TURN *** [Ah Kd Qd] [Jh]
punkrott: bets $6
aremom4e: folds
Uncalled bet ($6) returned to punkrott
punkrott collected $5.88 from pot
punkrott: doesn't show hand
*** SUMMARY ***
Total pot $6 | Rake $0.12
Board [Ah Kd Qd Jh]
Seat 1: aremom4e (button) (small blind) folded on the Turn
Seat 2: punkrott (big blind) collected ($5.88)


PokerStars Hand #146316885301:  Hold'em Limit ($3/$6 USD) - 2016/01/02 5:42:28 ET
Table 'Mekbuda II' 2-max Seat #1 is the button
Seat 1: aremom4e ($89.82 in chips)
Seat 2: punkrott ($280.36 in chips)
aremom4e: posts small blind $1
punkrott: posts big blind $3
*** HOLE CARDS ***
aremom4e: raises $3 to $6
punkrott: folds
Uncalled bet ($3) returned to aremom4e
aremom4e collected $6 from pot
aremom4e: doesn't show hand
*** SUMMARY ***
Total pot $6 | Rake $0
Seat 1: aremom4e (button) (small blind) collected ($6)
Seat 2: punkrott (big blind) folded before Flop


PokerStars Hand #146316880662:  Hold'em Limit ($3/$6 USD) - 2016/01/02 5:42:20 ET
Table 'Mekbuda II' 2-max Seat #2 is the button
Seat 1: aremom4e ($81.18 in chips)
Seat 2: punkrott ($289.36 in chips)
punkrott: posts small blind $1
aremom4e: posts big blind $3
*** HOLE CARDS ***
punkrott: raises $3 to $6
aremom4e: raises $3 to $9
punkrott: calls $3
*** FLOP *** [Qd Qh Ts]
aremom4e: bets $3
punkrott: folds
Uncalled bet ($3) returned to aremom4e
aremom4e collected $17.64 from pot
aremom4e: doesn't show hand
*** SUMMARY ***
Total pot $18 | Rake $0.36
Board [Qd Qh Ts]
Seat 1: aremom4e (big blind) collected ($17.64)
Seat 2: punkrott (button) (small blind) folded on the Flop


PokerStars Hand #146316875834:  Hold'em Limit ($3/$6 USD) - 2016/01/02 5:42:11 ET
Table 'Mekbuda II' 2-max Seat #1 is the button
Seat 1: aremom4e ($75.42 in chips)
Seat 2: punkrott ($295.36 in chips)
aremom4e: posts small blind $1
punkrott: posts big blind $3
*** HOLE CARDS ***
aremom4e: raises $3 to $6
punkrott: calls $3
*** FLOP *** [Ts 3d As]
punkrott: checks
aremom4e: bets $3
punkrott: folds
Uncalled bet ($3) returned to aremom4e
aremom4e collected $11.76 from pot
aremom4e: doesn't show hand
*** SUMMARY ***
Total pot $12 | Rake $0.24
Board [Ts 3d As]
Seat 1: aremom4e (button) (small blind) collected ($11.76)
Seat 2: punkrott (big blind) folded on the Flop


PokerStars Hand #146316868157:  Hold'em Limit ($3/$6 USD) - 2016/01/02 5:41:57 ET
Table 'Mekbuda II' 2-max Seat #2 is the button
Seat 1: aremom4e ($12.86 in chips)
Seat 2: punkrott ($289.60 in chips)
punkrott: posts small blind $1
aremom4e: posts big blind $3
*** HOLE CARDS ***
punkrott: raises $3 to $6
aremom4e: calls $3
*** FLOP *** [8h 2d 9d]
aremom4e: checks
punkrott: checks
*** TURN *** [8h 2d 9d] [9c]
aremom4e: checks
punkrott: bets $6
aremom4e: folds
Uncalled bet ($6) returned to punkrott
punkrott collected $11.76 from pot
punkrott: doesn't show hand
*** SUMMARY ***
Total pot $12 | Rake $0.24
Board [8h 2d 9d 9c]
Seat 1: aremom4e (big blind) folded on the Turn
Seat 2: punkrott (button) (small blind) collected ($11.76)


PokerStars Hand #146316864703:  Hold'em Limit ($3/$6 USD) - 2016/01/02 5:41:51 ET
Table 'Mekbuda II' 2-max Seat #1 is the button
Seat 1: aremom4e ($9.86 in chips)
Seat 2: punkrott ($292.60 in chips)
aremom4e: posts small blind $1
punkrott: posts big blind $3
*** HOLE CARDS ***
aremom4e: raises $3 to $6
punkrott: folds
Uncalled bet ($3) returned to aremom4e
aremom4e collected $6 from pot
aremom4e: doesn't show hand
*** SUMMARY ***
Total pot $6 | Rake $0
Seat 1: aremom4e (button) (small blind) collected ($6)
Seat 2: punkrott (big blind) folded before Flop


PokerStars Hand #146316855549:  Hold'em Limit ($3/$6 USD) - 2016/01/02 5:41:34 ET
Table 'Mekbuda II' 2-max Seat #2 is the button
Seat 1: aremom4e ($39.86 in chips)
Seat 2: punkrott ($263.10 in chips)
punkrott: posts small blind $1
aremom4e: posts big blind $3
*** HOLE CARDS ***
punkrott: raises $3 to $6
aremom4e: calls $3
*** FLOP *** [Js Ts Ah]
aremom4e: checks
punkrott: bets $3
aremom4e: raises $3 to $6
punkrott: calls $3
*** TURN *** [Js Ts Ah] [4s]
aremom4e: bets $6
punkrott: raises $6 to $12
aremom4e: calls $6
*** RIVER *** [Js Ts Ah 4s] [8h]
aremom4e: checks
punkrott: bets $6
aremom4e: calls $6
*** SHOW DOWN ***
punkrott: shows [6s 3s] (a flush, Jack high)
aremom4e: mucks hand
punkrott collected $59.50 from pot
*** SUMMARY ***
Total pot $60 | Rake $0.50
Board [Js Ts Ah 4s 8h]
Seat 1: aremom4e (big blind) mucked
Seat 2: punkrott (button) (small blind) showed [6s 3s] and won ($59.50) with a flush, Jack high


PokerStars Hand #146316923421:  Hold'em Limit ($3/$6 USD) - 2016/01/02 5:43:37 ET
Table 'Mekbuda II' 2-max Seat #1 is the button
Seat 1: aremom4e ($68.34 in chips)
Seat 2: punkrott ($300.14 in chips)
aremom4e: posts small blind $1
punkrott: posts big blind $3
*** HOLE CARDS ***
aremom4e: raises $3 to $6
punkrott: folds
Uncalled bet ($3) returned to aremom4e
aremom4e collected $6 from pot
aremom4e: doesn't show hand
*** SUMMARY ***
Total pot $6 | Rake $0
Seat 1: aremom4e (button) (small blind) collected ($6)
Seat 2: punkrott (big blind) folded before Flop


PokerStars Hand #146316914617:  Hold'em Limit ($3/$6 USD) - 2016/01/02 5:43:21 ET
Table 'Mekbuda II' 2-max Seat #2 is the button
Seat 1: aremom4e ($56.82 in chips)
Seat 2: punkrott ($312.14 in chips)
punkrott: posts small blind $1
aremom4e: posts big blind $3
*** HOLE CARDS ***
punkrott: raises $3 to $6
aremom4e: calls $3
*** FLOP *** [Ah Jh 8h]
aremom4e: checks
punkrott: checks
*** TURN *** [Ah Jh 8h] [Kc]
aremom4e: checks
punkrott: bets $6
aremom4e: calls $6
*** RIVER *** [Ah Jh 8h Kc] [3c]
aremom4e: checks
punkrott: checks
*** SHOW DOWN ***
aremom4e: shows [Ac 4d] (a pair of Aces)
punkrott: mucks hand
aremom4e collected $23.52 from pot
*** SUMMARY ***
Total pot $24 | Rake $0.48
Board [Ah Jh 8h Kc 3c]
Seat 1: aremom4e (big blind) showed [Ac 4d] and won ($23.52) with a pair of Aces
Seat 2: punkrott (button) (small blind) mucked


PokerStars Hand #146316907376:  Hold'em Limit ($3/$6 USD) - 2016/01/02 5:43:08 ET
Table 'Mekbuda II' 2-max Seat #1 is the button
Seat 1: aremom4e ($71.82 in chips)
Seat 2: punkrott ($297.64 in chips)
aremom4e: posts small blind $1
punkrott: posts big blind $3
*** HOLE CARDS ***
aremom4e: raises $3 to $6
punkrott: calls $3
*** FLOP *** [9d Jc Th]
punkrott: checks
aremom4e: bets $3
punkrott: calls $3
*** TURN *** [9d Jc Th] [9c]
punkrott: checks
aremom4e: checks
*** RIVER *** [9d Jc Th 9c] [7d]
punkrott: bets $6
aremom4e: calls $6
*** SHOW DOWN ***
punkrott: shows [Jd 6h] (two pair, Jacks and Nines)
aremom4e: mucks hand
punkrott collected $29.50 from pot
*** SUMMARY ***
Total pot $30 | Rake $0.50
Board [9d Jc Th 9c 7d]
Seat 1: aremom4e (button) (small blind) mucked
Seat 2: punkrott (big blind) showed [Jd 6h] and won ($29.50) with two pair, Jacks and Nines


PokerStars Hand #146316904481:  Hold'em Limit ($3/$6 USD) - 2016/01/02 5:43:03 ET
Table 'Mekbuda II' 2-max Seat #2 is the button
Seat 1: aremom4e ($74.82 in chips)
Seat 2: punkrott ($294.64 in chips)
punkrott: posts small blind $1
aremom4e: posts big blind $3
*** HOLE CARDS ***
punkrott: raises $3 to $6
aremom4e: folds
Uncalled bet ($3) returned to punkrott
punkrott collected $6 from pot
punkrott: doesn't show hand
*** SUMMARY ***
Total pot $6 | Rake $0
Seat 1: aremom4e (big blind) folded before Flop
Seat 2: punkrott (button) (small blind) collected ($6)


PokerStars Hand #146316896756:  Hold'em Limit ($3/$6 USD) - 2016/01/02 5:42:49 ET
Table 'Mekbuda II' 2-max Seat #1 is the button
Seat 1: aremom4e ($83.82 in chips)
Seat 2: punkrott ($286 in chips)
aremom4e: posts small blind $1
punkrott: posts big blind $3
*** HOLE CARDS ***
aremom4e: raises $3 to $6
punkrott: calls $3
*** FLOP *** [4h 9s 5h]
punkrott: checks
aremom4e: bets $3
punkrott: calls $3
*** TURN *** [4h 9s 5h] [3s]
punkrott: checks
aremom4e: checks
*** RIVER *** [4h 9s 5h 3s] [8s]
punkrott: checks
aremom4e: checks
*** SHOW DOWN ***
punkrott: shows [3h Ac] (a pair of Threes)
aremom4e: mucks hand
punkrott collected $17.64 from pot
*** SUMMARY ***
Total pot $18 | Rake $0.36
Board [4h 9s 5h 3s 8s]
Seat 1: aremom4e (button) (small blind) mucked
Seat 2: punkrott (big blind) showed [3h Ac] and won ($17.64) with a pair of Threes


PokerStars Hand #146316888047:  Hold'em Limit ($3/$6 USD) - 2016/01/02 5:42:33 ET
Table 'Mekbuda II' 2-max Seat #2 is the button
Seat 1: aremom4e ($92.82 in chips)
Seat 2: punkrott ($277.36 in chips)
punkrott: posts small blind $1
aremom4e: posts big blind $3
*** HOLE CARDS ***
punkrott: raises $3 to $6
aremom4e: calls $3
*** FLOP *** [3c Ac Ts]
aremom4e: checks
punkrott: bets $3
aremom4e: calls $3
*** TURN *** [3c Ac Ts] [Jd]
aremom4e: checks
punkrott: checks
*** RIVER *** [3c Ac Ts Jd] [Kd]
aremom4e: checks
punkrott: bets $6
aremom4e: folds
Uncalled bet ($6) returned to punkrott
punkrott collected $17.64 from pot
punkrott: doesn't show hand
*** SUMMARY ***
Total pot $18 | Rake $0.36
Board [3c Ac Ts Jd Kd]
Seat 1: aremom4e (big blind) folded on the River
Seat 2: punkrott (button) (small blind) collected ($17.64)


PokerStars Hand #146316950445:  Hold'em Limit ($3/$6 USD) - 2016/01/02 5:44:26 ET
Table 'Mekbuda II' 2-max Seat #2 is the button
Seat 1: aremom4e ($44.98 in chips)
Seat 2: punkrott ($322.16 in chips)
punkrott: posts small blind $1
aremom4e: posts big blind $3
*** HOLE CARDS ***
punkrott: raises $3 to $6
aremom4e: calls $3
*** FLOP *** [Kd Ts 2d]
aremom4e: checks
punkrott: bets $3
aremom4e: folds
Uncalled bet ($3) returned to punkrott
punkrott collected $11.76 from pot
punkrott: doesn't show hand
*** SUMMARY ***
Total pot $12 | Rake $0.24
Board [Kd Ts 2d]
Seat 1: aremom4e (big blind) folded on the Flop
Seat 2: punkrott (button) (small blind) collected ($11.76)


PokerStars Hand #146316941423:  Hold'em Limit ($3/$6 USD) - 2016/01/02 5:44:10 ET
Table 'Mekbuda II' 2-max Seat #1 is the button
Seat 1: aremom4e ($68.98 in chips)
Seat 2: punkrott ($298.66 in chips)
aremom4e: posts small blind $1
punkrott: posts big blind $3
*** HOLE CARDS ***
aremom4e: raises $3 to $6
punkrott: calls $3
*** FLOP *** [3d 3h Ks]
punkrott: checks
aremom4e: bets $3
punkrott: raises $3 to $6
aremom4e: calls $3
*** TURN *** [3d 3h Ks] [As]
punkrott: checks
aremom4e: bets $6
punkrott: calls $6
*** RIVER *** [3d 3h Ks As] [Kc]
punkrott: checks
aremom4e: bets $6
punkrott: raises $6 to $12
aremom4e: folds
Uncalled bet ($6) returned to punkrott
punkrott collected $47.50 from pot
punkrott: doesn't show hand
*** SUMMARY ***
Total pot $48 | Rake $0.50
Board [3d 3h Ks As Kc]
Seat 1: aremom4e (button) (small blind) folded on the River
Seat 2: punkrott (big blind) collected ($47.50)


PokerStars Hand #146316936251:  Hold'em Limit ($3/$6 USD) - 2016/01/02 5:44:01 ET
Table 'Mekbuda II' 2-max Seat #2 is the button
Seat 1: aremom4e ($60.34 in chips)
Seat 2: punkrott ($307.66 in chips)
punkrott: posts small blind $1
aremom4e: posts big blind $3
*** HOLE CARDS ***
punkrott: raises $3 to $6
aremom4e: calls $3
*** FLOP *** [2d Qc Kh]
aremom4e: checks
punkrott: bets $3
aremom4e: raises $3 to $6
punkrott: folds
Uncalled bet ($3) returned to aremom4e
aremom4e collected $17.64 from pot
aremom4e: doesn't show hand
*** SUMMARY ***
Total pot $18 | Rake $0.36
Board [2d Qc Kh]
Seat 1: aremom4e (big blind) collected ($17.64)
Seat 2: punkrott (button) (small blind) folded on the Flop


PokerStars Hand #146316928890:  Hold'em Limit ($3/$6 USD) - 2016/01/02 5:43:47 ET
Table 'Mekbuda II' 2-max Seat #1 is the button
Seat 1: aremom4e ($72.34 in chips)
Seat 2: punkrott ($296.14 in chips)
aremom4e: posts small blind $1
punkrott: posts big blind $3
*** HOLE CARDS ***
aremom4e: raises $3 to $6
punkrott: calls $3
*** FLOP *** [9c Td 8c]
punkrott: checks
aremom4e: checks
*** TURN *** [9c Td 8c] [2c]
punkrott: bets $6
aremom4e: calls $6
*** RIVER *** [9c Td 8c 2c] [7h]
punkrott: bets $6
aremom4e: folds
Uncalled bet ($6) returned to punkrott
punkrott collected $23.52 from pot
punkrott: doesn't show hand
*** SUMMARY ***
Total pot $24 | Rake $0.48
Board [9c Td 8c 2c 7h]
Seat 1: aremom4e (button) (small blind) folded on the River
Seat 2: punkrott (big blind) collected ($23.52)


PokerStars Hand #146316926444:  Hold'em Limit ($3/$6 USD) - 2016/01/02 5:43:43 ET
Table 'Mekbuda II' 2-max Seat #2 is the button
Seat 1: aremom4e ($71.34 in chips)
Seat 2: punkrott ($297.14 in chips)
punkrott: posts small blind $1
aremom4e: posts big blind $3
*** HOLE CARDS ***
punkrott: folds
Uncalled bet ($2) returned to aremom4e
aremom4e collected $2 from pot
aremom4e: doesn't show hand
*** SUMMARY ***
Total pot $2 | Rake $0
Seat 1: aremom4e (big blind) collected ($2)
Seat 2: punkrott (button) (small blind) folded before Flop


PokerStars Hand #146316983930:  Hold'em Limit ($3/$6 USD) - 2016/01/02 5:45:27 ET
Table 'Mekbuda II' 2-max Seat #1 is the button
Seat 1: aremom4e ($26.50 in chips)
Seat 2: punkrott ($338.96 in chips)
aremom4e: posts small blind $1
punkrott: posts big blind $3
*** HOLE CARDS ***
aremom4e: raises $3 to $6
punkrott: raises $3 to $9
aremom4e: calls $3
*** FLOP *** [3d 9s 3c]
punkrott: bets $3
aremom4e: calls $3
*** TURN *** [3d 9s 3c] [Td]
punkrott: bets $6
aremom4e: folds
Uncalled bet ($6) returned to punkrott
punkrott collected $23.52 from pot
punkrott: doesn't show hand
*** SUMMARY ***
Total pot $24 | Rake $0.48
Board [3d 9s 3c Td]
Seat 1: aremom4e (button) (small blind) folded on the Turn
Seat 2: punkrott (big blind) collected ($23.52)


PokerStars Hand #146316978398:  Hold'em Limit ($3/$6 USD) - 2016/01/02 5:45:17 ET
Table 'Mekbuda II' 2-max Seat #2 is the button
Seat 1: aremom4e ($32.50 in chips)
Seat 2: punkrott ($333.20 in chips)
punkrott: posts small blind $1
aremom4e: posts big blind $3
*** HOLE CARDS ***
punkrott: raises $3 to $6
aremom4e: calls $3
*** FLOP *** [3h 8h Th]
aremom4e: checks
punkrott: bets $3
aremom4e: folds
Uncalled bet ($3) returned to punkrott
punkrott collected $11.76 from pot
punkrott: doesn't show hand
*** SUMMARY ***
Total pot $12 | Rake $0.24
Board [3h 8h Th]
Seat 1: aremom4e (big blind) folded on the Flop
Seat 2: punkrott (button) (small blind) collected ($11.76)


PokerStars Hand #146316969900:  Hold'em Limit ($3/$6 USD) - 2016/01/02 5:45:02 ET
Table 'Mekbuda II' 2-max Seat #1 is the button
Seat 1: aremom4e ($38.50 in chips)
Seat 2: punkrott ($327.44 in chips)
aremom4e: posts small blind $1
punkrott: posts big blind $3
*** HOLE CARDS ***
aremom4e: calls $2
punkrott: checks
*** FLOP *** [5s 7h Ks]
punkrott: checks
aremom4e: bets $3
punkrott: calls $3
*** TURN *** [5s 7h Ks] [Kd]
punkrott: checks
aremom4e: checks
*** RIVER *** [5s 7h Ks Kd] [2d]
punkrott: checks
aremom4e: checks
*** SHOW DOWN ***
punkrott: shows [5h 4s] (two pair, Kings and Fives)
aremom4e: mucks hand
punkrott collected $11.76 from pot
*** SUMMARY ***
Total pot $12 | Rake $0.24
Board [5s 7h Ks Kd 2d]
Seat 1: aremom4e (button) (small blind) mucked
Seat 2: punkrott (big blind) showed [5h 4s] and won ($11.76) with two pair, Kings and Fives


PokerStars Hand #146316962181:  Hold'em Limit ($3/$6 USD) - 2016/01/02 5:44:48 ET
Table 'Mekbuda II' 2-max Seat #2 is the button
Seat 1: aremom4e ($26.98 in chips)
Seat 2: punkrott ($339.44 in chips)
punkrott: posts small blind $1
aremom4e: posts big blind $3
*** HOLE CARDS ***
punkrott: raises $3 to $6
aremom4e: calls $3
*** FLOP *** [6c 9h 2c]
aremom4e: checks
punkrott: checks
*** TURN *** [6c 9h 2c] [6d]
aremom4e: bets $6
punkrott: calls $6
*** RIVER *** [6c 9h 2c 6d] [Qh]
aremom4e: checks
punkrott: checks
*** SHOW DOWN ***
aremom4e: shows [2h 5c] (two pair, Sixes and Deuces)
punkrott: mucks hand
aremom4e collected $23.52 from pot
*** SUMMARY ***
Total pot $24 | Rake $0.48
Board [6c 9h 2c 6d Qh]
Seat 1: aremom4e (big blind) showed [2h 5c] and won ($23.52) with two pair, Sixes and Deuces
Seat 2: punkrott (button) (small blind) mucked


PokerStars Hand #146316955554:  Hold'em Limit ($3/$6 USD) - 2016/01/02 5:44:36 ET
Table 'Mekbuda II' 2-max Seat #1 is the button
Seat 1: aremom4e ($38.98 in chips)
Seat 2: punkrott ($327.92 in chips)
aremom4e: posts small blind $1
punkrott: posts big blind $3
*** HOLE CARDS ***
aremom4e: raises $3 to $6
punkrott: calls $3
*** FLOP *** [4d 5s Tc]
punkrott: checks
aremom4e: checks
*** TURN *** [4d 5s Tc] [7h]
punkrott: bets $6
aremom4e: calls $6
*** RIVER *** [4d 5s Tc 7h] [2c]
punkrott: bets $6
aremom4e: folds
Uncalled bet ($6) returned to punkrott
punkrott collected $23.52 from pot
punkrott: doesn't show hand
*** SUMMARY ***
Total pot $24 | Rake $0.48
Board [4d 5s Tc 7h 2c]
Seat 1: aremom4e (button) (small blind) folded on the River
Seat 2: punkrott (big blind) collected ($23.52)


PokerStars Hand #146317017544:  Hold'em Limit ($3/$6 USD) - 2016/01/02 5:46:28 ET
Table 'Mekbuda II' 2-max Seat #1 is the button
Seat 1: aremom4e ($43.30 in chips)
Seat 2: punkrott ($320.34 in chips)
aremom4e: posts small blind $1
punkrott: posts big blind $3
*** HOLE CARDS ***
aremom4e: raises $3 to $6
punkrott: calls $3
*** FLOP *** [4s 7d 6s]
punkrott: checks
aremom4e: bets $3
punkrott: calls $3
*** TURN *** [4s 7d 6s] [4d]
punkrott: checks
aremom4e: checks
*** RIVER *** [4s 7d 6s 4d] [5c]
punkrott: checks
aremom4e: checks
*** SHOW DOWN ***
punkrott: shows [9d 6h] (two pair, Sixes and Fours)
aremom4e: mucks hand
punkrott collected $17.64 from pot
*** SUMMARY ***
Total pot $18 | Rake $0.36
Board [4s 7d 6s 4d 5c]
Seat 1: aremom4e (button) (small blind) mucked
Seat 2: punkrott (big blind) showed [9d 6h] and won ($17.64) with two pair, Sixes and Fours


PokerStars Hand #146317009075:  Hold'em Limit ($3/$6 USD) - 2016/01/02 5:46:13 ET
Table 'Mekbuda II' 2-max Seat #2 is the button
Seat 1: aremom4e ($21.90 in chips)
Seat 2: punkrott ($342.24 in chips)
punkrott: posts small blind $1
aremom4e: posts big blind $3
*** HOLE CARDS ***
punkrott: raises $3 to $6
aremom4e: raises $3 to $9
punkrott: calls $3
*** FLOP *** [2h 3c 5h]
aremom4e: bets $3
punkrott: calls $3
*** TURN *** [2h 3c 5h] [Ts]
aremom4e: bets $6
punkrott: raises $6 to $12
aremom4e: calls $3.90 and is all-in
Uncalled bet ($2.10) returned to punkrott
*** RIVER *** [2h 3c 5h Ts] [Js]
*** SHOW DOWN ***
aremom4e: shows [9d 9c] (a pair of Nines)
punkrott: shows [6d Ad] (high card Ace)
aremom4e collected $43.30 from pot
*** SUMMARY ***
Total pot $43.80 | Rake $0.50
Board [2h 3c 5h Ts Js]
Seat 1: aremom4e (big blind) showed [9d 9c] and won ($43.30) with a pair of Nines
Seat 2: punkrott (button) (small blind) showed [6d Ad] and lost with high card Ace


PokerStars Hand #146317006411:  Hold'em Limit ($3/$6 USD) - 2016/01/02 5:46:08 ET
Table 'Mekbuda II' 2-max Seat #1 is the button
Seat 1: aremom4e ($22.90 in chips)
Seat 2: punkrott ($341.24 in chips)
aremom4e: posts small blind $1
punkrott: posts big blind $3
*** HOLE CARDS ***
aremom4e: folds
Uncalled bet ($2) returned to punkrott
punkrott collected $2 from pot
punkrott: doesn't show hand
*** SUMMARY ***
Total pot $2 | Rake $0
Seat 1: aremom4e (button) (small blind) folded before Flop
Seat 2: punkrott (big blind) collected ($2)


PokerStars Hand #146316999742:  Hold'em Limit ($3/$6 USD) - 2016/01/02 5:45:56 ET
Table 'Mekbuda II' 2-max Seat #2 is the button
Seat 1: aremom4e ($28.90 in chips)
Seat 2: punkrott ($335.48 in chips)
punkrott: posts small blind $1
aremom4e: posts big blind $3
*** HOLE CARDS ***
punkrott: raises $3 to $6
aremom4e: calls $3
*** FLOP *** [Jc Ac 7h]
aremom4e: checks
punkrott: checks
*** TURN *** [Jc Ac 7h] [Ah]
aremom4e: checks
punkrott: bets $6
aremom4e: folds
Uncalled bet ($6) returned to punkrott
punkrott collected $11.76 from pot
punkrott: doesn't show hand
*** SUMMARY ***
Total pot $12 | Rake $0.24
Board [Jc Ac 7h Ah]
Seat 1: aremom4e (big blind) folded on the Turn
Seat 2: punkrott (button) (small blind) collected ($11.76)


PokerStars Hand #146316994963:  Hold'em Limit ($3/$6 USD) - 2016/01/02 5:45:47 ET
Table 'Mekbuda II' 2-max Seat #1 is the button
Seat 1: aremom4e ($23.14 in chips)
Seat 2: punkrott ($341.48 in chips)
aremom4e: posts small blind $1
punkrott: posts big blind $3
*** HOLE CARDS ***
aremom4e: raises $3 to $6
punkrott: calls $3
*** FLOP *** [6d 4s 9h]
punkrott: checks
aremom4e: bets $3
punkrott: folds
Uncalled bet ($3) returned to aremom4e
aremom4e collected $11.76 from pot
aremom4e: doesn't show hand
*** SUMMARY ***
Total pot $12 | Rake $0.24
Board [6d 4s 9h]
Seat 1: aremom4e (button) (small blind) collected ($11.76)
Seat 2: punkrott (big blind) folded on the Flop


PokerStars Hand #146316990042:  Hold'em Limit ($3/$6 USD) - 2016/01/02 5:45:38 ET
Table 'Mekbuda II' 2-max Seat #2 is the button
Seat 1: aremom4e ($14.50 in chips)
Seat 2: punkrott ($350.48 in chips)
punkrott: posts small blind $1
aremom4e: posts big blind $3
*** HOLE CARDS ***
punkrott: raises $3 to $6
aremom4e: raises $3 to $9
punkrott: calls $3
*** FLOP *** [As Ts Td]
aremom4e: bets $3
punkrott: folds
Uncalled bet ($3) returned to aremom4e
aremom4e collected $17.64 from pot
aremom4e: doesn't show hand
*** SUMMARY ***
Total pot $18 | Rake $0.36
Board [As Ts Td]
Seat 1: aremom4e (big blind) collected ($17.64)
Seat 2: punkrott (button) (small blind) folded on the Flop


PokerStars Hand #146317056361:  Hold'em Limit ($3/$6 USD) - 2016/01/02 5:47:24 ET
Table 'Mekbuda II' 2-max Seat #1 is the button
Seat 1: aremom4e ($29.94 in chips)
Seat 2: punkrott ($332.48 in chips)
aremom4e: posts small blind $1
punkrott: posts big blind $3
*** HOLE CARDS ***
aremom4e: raises $3 to $6
punkrott: calls $3
*** FLOP *** [2d 4c Ac]
punkrott: checks
aremom4e: bets $3
punkrott: raises $3 to $6
aremom4e: calls $3
*** TURN *** [2d 4c Ac] [3c]
punkrott: bets $6
aremom4e: raises $6 to $12
punkrott: raises $6 to $18
aremom4e: calls $5.94 and is all-in
Uncalled bet ($0.06) returned to punkrott
*** RIVER *** [2d 4c Ac 3c] [2h]
*** SHOW DOWN ***
punkrott: shows [As 2c] (a full house, Deuces full of Aces)
aremom4e: shows [Qh 5c] (a straight, Ace to Five)
punkrott collected $59.38 from pot
*** SUMMARY ***
Total pot $59.88 | Rake $0.50
Board [2d 4c Ac 3c 2h]
Seat 1: aremom4e (button) (small blind) showed [Qh 5c] and lost with a straight, Ace to Five
Seat 2: punkrott (big blind) showed [As 2c] and won ($59.38) with a full house, Deuces full of Aces


PokerStars Hand #146317046151:  Hold'em Limit ($3/$6 USD) - 2016/01/02 5:47:13 ET
Table 'Mekbuda II' 2-max Seat #2 is the button
Seat 1: aremom4e ($21.30 in chips)
Seat 2: punkrott ($341.48 in chips)
punkrott: posts small blind $1
aremom4e: posts big blind $3
*** HOLE CARDS ***
punkrott: raises $3 to $6
aremom4e: raises $3 to $9
punkrott: calls $3
*** FLOP *** [4h 8c 9d]
aremom4e: bets $3
punkrott: folds
Uncalled bet ($3) returned to aremom4e
aremom4e collected $17.64 from pot
aremom4e: doesn't show hand
*** SUMMARY ***
Total pot $18 | Rake $0.36
Board [4h 8c 9d]
Seat 1: aremom4e (big blind) collected ($17.64)
Seat 2: punkrott (button) (small blind) folded on the Flop


PokerStars Hand #146317043204:  Hold'em Limit ($3/$6 USD) - 2016/01/02 5:47:07 ET
Table 'Mekbuda II' 2-max Seat #1 is the button
Seat 1: aremom4e ($18.30 in chips)
Seat 2: punkrott ($344.48 in chips)
aremom4e: posts small blind $1
punkrott: posts big blind $3
*** HOLE CARDS ***
aremom4e: raises $3 to $6
punkrott: folds
Uncalled bet ($3) returned to aremom4e
aremom4e collected $6 from pot
aremom4e: doesn't show hand
*** SUMMARY ***
Total pot $6 | Rake $0
Seat 1: aremom4e (button) (small blind) collected ($6)
Seat 2: punkrott (big blind) folded before Flop


PokerStars Hand #146317036823:  Hold'em Limit ($3/$6 USD) - 2016/01/02 5:47:03 ET
Table 'Mekbuda II' 2-max Seat #2 is the button
Seat 1: aremom4e ($17.30 in chips)
Seat 2: punkrott ($345.48 in chips)
punkrott: posts small blind $1
aremom4e: posts big blind $3
*** HOLE CARDS ***
punkrott: folds
Uncalled bet ($2) returned to aremom4e
aremom4e collected $2 from pot
aremom4e: doesn't show hand
*** SUMMARY ***
Total pot $2 | Rake $0
Seat 1: aremom4e (big blind) collected ($2)
Seat 2: punkrott (button) (small blind) folded before Flop


PokerStars Hand #146317027435:  Hold'em Limit ($3/$6 USD) - 2016/01/02 5:46:46 ET
Table 'Mekbuda II' 2-max Seat #1 is the button
Seat 1: aremom4e ($35.30 in chips)
Seat 2: punkrott ($327.98 in chips)
aremom4e: posts small blind $1
punkrott: posts big blind $3
*** HOLE CARDS ***
aremom4e: raises $3 to $6
punkrott: raises $3 to $9
aremom4e: calls $3
*** FLOP *** [Qc 2h Tc]
punkrott: bets $3
aremom4e: calls $3
*** TURN *** [Qc 2h Tc] [5s]
punkrott: bets $6
aremom4e: calls $6
*** RIVER *** [Qc 2h Tc 5s] [Qd]
punkrott: checks
aremom4e: checks
*** SHOW DOWN ***
punkrott: shows [Jc As] (a pair of Queens)
aremom4e: mucks hand
punkrott collected $35.50 from pot
*** SUMMARY ***
Total pot $36 | Rake $0.50
Board [Qc 2h Tc 5s Qd]
Seat 1: aremom4e (button) (small blind) mucked
Seat 2: punkrott (big blind) showed [Jc As] and won ($35.50) with a pair of Queens


PokerStars Hand #146317024986:  Hold'em Limit ($3/$6 USD) - 2016/01/02 5:46:41 ET
Table 'Mekbuda II' 2-max Seat #2 is the button
Seat 1: aremom4e ($34.30 in chips)
Seat 2: punkrott ($328.98 in chips)
punkrott: posts small blind $1
aremom4e: posts big blind $3
*** HOLE CARDS ***
punkrott: folds
Uncalled bet ($2) returned to aremom4e
aremom4e collected $2 from pot
aremom4e: doesn't show hand
*** SUMMARY ***
Total pot $2 | Rake $0
Seat 1: aremom4e (big blind) collected ($2)
Seat 2: punkrott (button) (small blind) folded before Flop


PokerStars Hand #146317098508:  Hold'em Limit ($3/$6 USD) - 2016/01/02 5:48:29 ET
Table 'Mekbuda II' 2-max Seat #1 is the button
Seat 1: aremom4e ($80.93 in chips)
Seat 2: punkrott ($386.18 in chips)
aremom4e: posts small blind $1
punkrott: posts big blind $3
*** HOLE CARDS ***
aremom4e: calls $2
punkrott: raises $3 to $6
aremom4e: calls $3
*** FLOP *** [Qd Th 3d]
punkrott: bets $3
aremom4e: folds
Uncalled bet ($3) returned to punkrott
punkrott collected $11.76 from pot
punkrott: doesn't show hand
*** SUMMARY ***
Total pot $12 | Rake $0.24
Board [Qd Th 3d]
Seat 1: aremom4e (button) (small blind) folded on the Flop
Seat 2: punkrott (big blind) collected ($11.76)


PokerStars Hand #146317089704:  Hold'em Limit ($3/$6 USD) - 2016/01/02 5:48:13 ET
Table 'Mekbuda II' 2-max Seat #2 is the button
Seat 1: aremom4e ($98.93 in chips)
Seat 2: punkrott ($368.68 in chips)
punkrott: posts small blind $1
aremom4e: posts big blind $3
*** HOLE CARDS ***
punkrott: raises $3 to $6
aremom4e: raises $3 to $9
punkrott: calls $3
*** FLOP *** [Td 2h 3s]
aremom4e: bets $3
punkrott: calls $3
*** TURN *** [Td 2h 3s] [8d]
aremom4e: bets $6
punkrott: calls $6
*** RIVER *** [Td 2h 3s 8d] [9s]
aremom4e: checks
punkrott: checks
*** SHOW DOWN ***
aremom4e: shows [Kh 4h] (high card King)
punkrott: shows [3h Ah] (a pair of Threes)
punkrott collected $35.50 from pot
*** SUMMARY ***
Total pot $36 | Rake $0.50
Board [Td 2h 3s 8d 9s]
Seat 1: aremom4e (big blind) showed [Kh 4h] and lost with high card King
Seat 2: punkrott (button) (small blind) showed [3h Ah] and won ($35.50) with a pair of Threes


PokerStars Hand #146317086954:  Hold'em Limit ($3/$6 USD) - 2016/01/02 5:48:08 ET
Table 'Mekbuda II' 2-max Seat #1 is the button
Seat 1: aremom4e ($99.93 in chips)
Seat 2: punkrott ($367.68 in chips)
aremom4e: posts small blind $1
punkrott: posts big blind $3
*** HOLE CARDS ***
aremom4e: folds
Uncalled bet ($2) returned to punkrott
punkrott collected $2 from pot
punkrott: doesn't show hand
*** SUMMARY ***
Total pot $2 | Rake $0
Seat 1: aremom4e (button) (small blind) folded before Flop
Seat 2: punkrott (big blind) collected ($2)


PokerStars Hand #146317080846:  Hold'em Limit ($3/$6 USD) - 2016/01/02 5:47:58 ET
Table 'Mekbuda II' 2-max Seat #2 is the button
Seat 1: aremom4e ($105.93 in chips)
Seat 2: punkrott ($361.92 in chips)
punkrott: posts small blind $1
aremom4e: posts big blind $3
*** HOLE CARDS ***
punkrott: raises $3 to $6
aremom4e: calls $3
*** FLOP *** [6h Qc 6c]
aremom4e: checks
punkrott: bets $3
aremom4e: folds
Uncalled bet ($3) returned to punkrott
punkrott collected $11.76 from pot
punkrott: doesn't show hand
*** SUMMARY ***
Total pot $12 | Rake $0.24
Board [6h Qc 6c]
Seat 1: aremom4e (big blind) folded on the Flop
Seat 2: punkrott (button) (small blind) collected ($11.76)


PokerStars Hand #146317122783:  Hold'em Limit ($3/$6 USD) - 2016/01/02 5:49:13 ET
Table 'Mekbuda II' 2-max Seat #1 is the button
Seat 1: aremom4e ($39.93 in chips)
Seat 2: punkrott ($425.96 in chips)
aremom4e: posts small blind $1
punkrott: posts big blind $3
*** HOLE CARDS ***
aremom4e: raises $3 to $6
punkrott: calls $3
*** FLOP *** [5h Jd 9s]
punkrott: checks
aremom4e: bets $3
punkrott: raises $3 to $6
aremom4e: calls $3
*** TURN *** [5h Jd 9s] [Ks]
punkrott: bets $6
aremom4e: calls $6
*** RIVER *** [5h Jd 9s Ks] [Tc]
punkrott: bets $6
aremom4e: calls $6
*** SHOW DOWN ***
punkrott: shows [Qs 6c] (a straight, Nine to King)
aremom4e: mucks hand
punkrott collected $47.50 from pot
*** SUMMARY ***
Total pot $48 | Rake $0.50
Board [5h Jd 9s Ks Tc]
Seat 1: aremom4e (button) (small blind) mucked
Seat 2: punkrott (big blind) showed [Qs 6c] and won ($47.50) with a straight, Nine to King


PokerStars Hand #146317120441:  Hold'em Limit ($3/$6 USD) - 2016/01/02 5:49:08 ET
Table 'Mekbuda II' 2-max Seat #2 is the button
Seat 1: aremom4e ($38.93 in chips)
Seat 2: punkrott ($426.96 in chips)
punkrott: posts small blind $1
aremom4e: posts big blind $3
*** HOLE CARDS ***
punkrott: folds
Uncalled bet ($2) returned to aremom4e
aremom4e collected $2 from pot
aremom4e: doesn't show hand
*** SUMMARY ***
Total pot $2 | Rake $0
Seat 1: aremom4e (big blind) collected ($2)
Seat 2: punkrott (button) (small blind) folded before Flop


PokerStars Hand #146317111310:  Hold'em Limit ($3/$6 USD) - 2016/01/02 5:48:52 ET
Table 'Mekbuda II' 2-max Seat #1 is the button
Seat 1: aremom4e ($62.93 in chips)
Seat 2: punkrott ($403.46 in chips)
aremom4e: posts small blind $1
punkrott: posts big blind $3
*** HOLE CARDS ***
aremom4e: raises $3 to $6
punkrott: raises $3 to $9
aremom4e: calls $3
*** FLOP *** [Jd Qd Ks]
punkrott: bets $3
aremom4e: calls $3
*** TURN *** [Jd Qd Ks] [7d]
punkrott: bets $6
aremom4e: raises $6 to $12
punkrott: calls $6
*** RIVER *** [Jd Qd Ks 7d] [Qs]
punkrott: checks
aremom4e: checks
*** SHOW DOWN ***
punkrott: shows [Ad Qc] (three of a kind, Queens)
aremom4e: mucks hand
punkrott collected $47.50 from pot
*** SUMMARY ***
Total pot $48 | Rake $0.50
Board [Jd Qd Ks 7d Qs]
Seat 1: aremom4e (button) (small blind) mucked
Seat 2: punkrott (big blind) showed [Ad Qc] and won ($47.50) with three of a kind, Queens


PokerStars Hand #146317103492:  Hold'em Limit ($3/$6 USD) - 2016/01/02 5:48:38 ET
Table 'Mekbuda II' 2-max Seat #2 is the button
Seat 1: aremom4e ($74.93 in chips)
Seat 2: punkrott ($391.94 in chips)
punkrott: posts small blind $1
aremom4e: posts big blind $3
*** HOLE CARDS ***
punkrott: raises $3 to $6
aremom4e: calls $3
*** FLOP *** [8d 2h 6s]
aremom4e: checks
punkrott: checks
*** TURN *** [8d 2h 6s] [9h]
aremom4e: checks
punkrott: bets $6
aremom4e: calls $6
*** RIVER *** [8d 2h 6s 9h] [8c]
aremom4e: checks
punkrott: checks
*** SHOW DOWN ***
aremom4e: shows [5c Th] (a pair of Eights)
punkrott: shows [7s Ad] (a pair of Eights - Ace kicker)
punkrott collected $23.52 from pot
*** SUMMARY ***
Total pot $24 | Rake $0.48
Board [8d 2h 6s 9h 8c]
Seat 1: aremom4e (big blind) showed [5c Th] and lost with a pair of Eights
Seat 2: punkrott (button) (small blind) showed [7s Ad] and won ($23.52) with a pair of Eights


PokerStars Hand #146317161553:  Hold'em Limit ($3/$6 USD) - 2016/01/02 5:50:22 ET
Table 'Mekbuda II' 2-max Seat #2 is the button
Seat 1: aremom4e ($41.86 in chips)
Seat 2: punkrott ($422.53 in chips)
punkrott: posts small blind $1
aremom4e: posts big blind $3
*** HOLE CARDS ***
punkrott: raises $3 to $6
aremom4e: raises $3 to $9
punkrott: calls $3
*** FLOP *** [8h As 2d]
aremom4e: bets $3
punkrott: folds
Uncalled bet ($3) returned to aremom4e
aremom4e collected $17.64 from pot
aremom4e: doesn't show hand
*** SUMMARY ***
Total pot $18 | Rake $0.36
Board [8h As 2d]
Seat 1: aremom4e (big blind) collected ($17.64)
Seat 2: punkrott (button) (small blind) folded on the Flop


PokerStars Hand #146317142611:  Hold'em Limit ($3/$6 USD) - 2016/01/02 5:49:48 ET
Table 'Mekbuda II' 2-max Seat #1 is the button
Seat 1: aremom4e ($31.36 in chips)
Seat 2: punkrott ($433.53 in chips)
aremom4e: posts small blind $1
punkrott: posts big blind $3
*** HOLE CARDS ***
aremom4e: folds
Uncalled bet ($2) returned to punkrott
punkrott collected $2 from pot
punkrott: doesn't show hand
*** SUMMARY ***
Total pot $2 | Rake $0
Seat 1: aremom4e (button) (small blind) folded before Flop
Seat 2: punkrott (big blind) collected ($2)


PokerStars Hand #146317133961:  Hold'em Limit ($3/$6 USD) - 2016/01/02 5:49:32 ET
Table 'Mekbuda II' 2-max Seat #2 is the button
Seat 1: aremom4e ($15.93 in chips)
Seat 2: punkrott ($449.46 in chips)
punkrott: posts small blind $1
aremom4e: posts big blind $3
*** HOLE CARDS ***
punkrott: raises $3 to $6
aremom4e: raises $3 to $9
punkrott: calls $3
*** FLOP *** [Qs 7h 4c]
aremom4e: bets $3
punkrott: calls $3
*** TURN *** [Qs 7h 4c] [6c]
aremom4e: bets $3.93 and is all-in
punkrott: calls $3.93
*** RIVER *** [Qs 7h 4c 6c] [Tc]
*** SHOW DOWN ***
aremom4e: shows [4d 8d] (a pair of Fours)
punkrott: shows [8s Jd] (high card Queen)
aremom4e collected $31.36 from pot
*** SUMMARY ***
Total pot $31.86 | Rake $0.50
Board [Qs 7h 4c 6c Tc]
Seat 1: aremom4e (big blind) showed [4d 8d] and won ($31.36) with a pair of Fours
Seat 2: punkrott (button) (small blind) showed [8s Jd] and lost with high card Queen


PokerStars Hand #146317145281:  Hold'em Limit ($3/$6 USD) - 2016/01/02 5:49:53 ET
Table 'Mekbuda II' 2-max Seat #2 is the button
Seat 1: aremom4e ($30.36 in chips)
Seat 2: punkrott ($434.53 in chips)
punkrott: posts small blind $1
aremom4e: posts big blind $3
*** HOLE CARDS ***
punkrott: folds
Uncalled bet ($2) returned to aremom4e
aremom4e collected $2 from pot
aremom4e: doesn't show hand
*** SUMMARY ***
Total pot $2 | Rake $0
Seat 1: aremom4e (big blind) collected ($2)
Seat 2: punkrott (button) (small blind) folded before Flop


PokerStars Hand #146317147691:  Hold'em Limit ($3/$6 USD) - 2016/01/02 5:49:57 ET
Table 'Mekbuda II' 2-max Seat #1 is the button
Seat 1: aremom4e ($31.36 in chips)
Seat 2: punkrott ($433.53 in chips)
aremom4e: posts small blind $1
punkrott: posts big blind $3
*** HOLE CARDS ***
aremom4e: raises $3 to $6
punkrott: calls $3
*** FLOP *** [6d 7d 5d]
punkrott: checks
aremom4e: bets $3
punkrott: calls $3
*** TURN *** [6d 7d 5d] [Kh]
punkrott: checks
aremom4e: checks
*** RIVER *** [6d 7d 5d Kh] [Th]
punkrott: bets $6
aremom4e: calls $6
*** SHOW DOWN ***
punkrott: shows [Jh 9d] (high card King)
aremom4e: shows [Qd Qs] (a pair of Queens)
aremom4e collected $29.50 from pot
*** SUMMARY ***
Total pot $30 | Rake $0.50
Board [6d 7d 5d Kh Th]
Seat 1: aremom4e (button) (small blind) showed [Qd Qs] and won ($29.50) with a pair of Queens
Seat 2: punkrott (big blind) showed [Jh 9d] and lost with high card King


PokerStars Hand #146317158801:  Hold'em Limit ($3/$6 USD) - 2016/01/02 5:50:17 ET
Table 'Mekbuda II' 2-max Seat #1 is the button
Seat 1: aremom4e ($42.86 in chips)
Seat 2: punkrott ($421.53 in chips)
aremom4e: posts small blind $1
punkrott: posts big blind $3
*** HOLE CARDS ***
aremom4e: folds
Uncalled bet ($2) returned to punkrott
punkrott collected $2 from pot
punkrott: doesn't show hand
*** SUMMARY ***
Total pot $2 | Rake $0
Seat 1: aremom4e (button) (small blind) folded before Flop
Seat 2: punkrott (big blind) collected ($2)


PokerStars Hand #146317155463:  Hold'em Limit ($3/$6 USD) - 2016/01/02 5:50:11 ET
Table 'Mekbuda II' 2-max Seat #2 is the button
Seat 1: aremom4e ($45.86 in chips)
Seat 2: punkrott ($418.53 in chips)
punkrott: posts small blind $1
aremom4e: posts big blind $3
*** HOLE CARDS ***
punkrott: raises $3 to $6
aremom4e: folds
Uncalled bet ($3) returned to punkrott
punkrott collected $6 from pot
punkrott: doesn't show hand
*** SUMMARY ***
Total pot $6 | Rake $0
Seat 1: aremom4e (big blind) folded before Flop
Seat 2: punkrott (button) (small blind) collected ($6)


PokerStars Hand #146317199328:  Hold'em Limit ($3/$6 USD) - 2016/01/02 5:51:30 ET
Table 'Mekbuda II' 2-max Seat #1 is the button
Seat 1: aremom4e ($52.28 in chips)
Seat 2: punkrott ($409.79 in chips)
aremom4e: posts small blind $1
punkrott: posts big blind $3
*** HOLE CARDS ***
aremom4e: raises $3 to $6
punkrott: calls $3
*** FLOP *** [4h 5h 6c]
punkrott: checks
aremom4e: bets $3
punkrott: calls $3
*** TURN *** [4h 5h 6c] [4c]
punkrott: checks
aremom4e: checks
*** RIVER *** [4h 5h 6c 4c] [6h]
punkrott: checks
aremom4e: checks
*** SHOW DOWN ***
punkrott: shows [7c Qc] (two pair, Sixes and Fours)
aremom4e: shows [7h Kc] (two pair, Sixes and Fours - King kicker)
aremom4e collected $17.64 from pot
*** SUMMARY ***
Total pot $18 | Rake $0.36
Board [4h 5h 6c 4c 6h]
Seat 1: aremom4e (button) (small blind) showed [7h Kc] and won ($17.64) with two pair, Sixes and Fours
Seat 2: punkrott (big blind) showed [7c Qc] and lost with two pair, Sixes and Fours


PokerStars Hand #146317191209:  Hold'em Limit ($3/$6 USD) - 2016/01/02 5:51:15 ET
Table 'Mekbuda II' 2-max Seat #2 is the button
Seat 1: aremom4e ($76.28 in chips)
Seat 2: punkrott ($386.29 in chips)
punkrott: posts small blind $1
aremom4e: posts big blind $3
*** HOLE CARDS ***
punkrott: raises $3 to $6
aremom4e: raises $3 to $9
punkrott: calls $3
*** FLOP *** [2d 7c 9s]
aremom4e: bets $3
punkrott: calls $3
*** TURN *** [2d 7c 9s] [4d]
aremom4e: bets $6
punkrott: raises $6 to $12
aremom4e: calls $6
*** RIVER *** [2d 7c 9s 4d] [Jh]
aremom4e: checks
punkrott: checks
*** SHOW DOWN ***
aremom4e: shows [Ac 3c] (high card Ace)
punkrott: shows [7s Ks] (a pair of Sevens)
punkrott collected $47.50 from pot
*** SUMMARY ***
Total pot $48 | Rake $0.50
Board [2d 7c 9s 4d Jh]
Seat 1: aremom4e (big blind) showed [Ac 3c] and lost with high card Ace
Seat 2: punkrott (button) (small blind) showed [7s Ks] and won ($47.50) with a pair of Sevens


PokerStars Hand #146317182009:  Hold'em Limit ($3/$6 USD) - 2016/01/02 5:50:59 ET
Table 'Mekbuda II' 2-max Seat #1 is the button
Seat 1: aremom4e ($61.78 in chips)
Seat 2: punkrott ($401.29 in chips)
aremom4e: posts small blind $1
punkrott: posts big blind $3
*** HOLE CARDS ***
aremom4e: calls $2
punkrott: raises $3 to $6
aremom4e: calls $3
*** FLOP *** [Jd Ts Ks]
punkrott: bets $3
aremom4e: calls $3
*** TURN *** [Jd Ts Ks] [Qs]
punkrott: checks
aremom4e: checks
*** RIVER *** [Jd Ts Ks Qs] [2d]
punkrott: bets $6
aremom4e: calls $6
*** SHOW DOWN ***
punkrott: shows [Qh 6h] (a pair of Queens)
aremom4e: shows [Kc 3h] (a pair of Kings)
aremom4e collected $29.50 from pot
*** SUMMARY ***
Total pot $30 | Rake $0.50
Board [Jd Ts Ks Qs 2d]
Seat 1: aremom4e (button) (small blind) showed [Kc 3h] and won ($29.50) with a pair of Kings
Seat 2: punkrott (big blind) showed [Qh 6h] and lost with a pair of Queens


PokerStars Hand #146317166322:  Hold'em Limit ($3/$6 USD) - 2016/01/02 5:50:31 ET
Table 'Mekbuda II' 2-max Seat #1 is the button
Seat 1: aremom4e ($50.50 in chips)
Seat 2: punkrott ($413.53 in chips)
aremom4e: posts small blind $1
punkrott: posts big blind $3
*** HOLE CARDS ***
aremom4e: raises $3 to $6
punkrott: calls $3
*** FLOP *** [6h Kd Ts]
punkrott: checks
aremom4e: bets $3
punkrott: raises $3 to $6
aremom4e: calls $3
*** TURN *** [6h Kd Ts] [Qd]
punkrott: checks
aremom4e: checks
*** RIVER *** [6h Kd Ts Qd] [Ac]
punkrott: checks
aremom4e: checks
*** SHOW DOWN ***
punkrott: shows [Td 9h] (a pair of Tens)
aremom4e: shows [9s Tc] (a pair of Tens)
punkrott collected $11.76 from pot
aremom4e collected $11.76 from pot
*** SUMMARY ***
Total pot $24 | Rake $0.48
Board [6h Kd Ts Qd Ac]
Seat 1: aremom4e (button) (small blind) showed [9s Tc] and won ($11.76) with a pair of Tens
Seat 2: punkrott (big blind) showed [Td 9h] and won ($11.76) with a pair of Tens


PokerStars Hand #146317175325:  Hold'em Limit ($3/$6 USD) - 2016/01/02 5:50:47 ET
Table 'Mekbuda II' 2-max Seat #2 is the button
Seat 1: aremom4e ($50.26 in chips)
Seat 2: punkrott ($413.29 in chips)
punkrott: posts small blind $1
aremom4e: posts big blind $3
*** HOLE CARDS ***
punkrott: raises $3 to $6
aremom4e: raises $3 to $9
punkrott: calls $3
*** FLOP *** [4c Tc Kd]
aremom4e: bets $3
punkrott: calls $3
*** TURN *** [4c Tc Kd] [5d]
aremom4e: bets $6
punkrott: folds
Uncalled bet ($6) returned to aremom4e
aremom4e collected $23.52 from pot
aremom4e: doesn't show hand
*** SUMMARY ***
Total pot $24 | Rake $0.48
Board [4c Tc Kd 5d]
Seat 1: aremom4e (big blind) collected ($23.52)
Seat 2: punkrott (button) (small blind) folded on the Turn


PokerStars Hand #146317211279:  Hold'em Limit ($3/$6 USD) - 2016/01/02 5:51:51 ET
Table 'Mekbuda II' 2-max Seat #1 is the button
Seat 1: aremom4e ($54.92 in chips)
Seat 2: punkrott ($406.55 in chips)
aremom4e: posts small blind $1
punkrott: posts big blind $3
*** HOLE CARDS ***
aremom4e: raises $3 to $6
punkrott: calls $3
*** FLOP *** [Ks 6h 3d]
punkrott: checks
aremom4e: bets $3
punkrott: calls $3
*** TURN *** [Ks 6h 3d] [Js]
punkrott: checks
aremom4e: checks
*** RIVER *** [Ks 6h 3d Js] [Qc]
punkrott: checks
aremom4e: checks
*** SHOW DOWN ***
punkrott: shows [8d As] (high card Ace)
aremom4e: shows [2c 2h] (a pair of Deuces)
aremom4e collected $17.64 from pot
*** SUMMARY ***
Total pot $18 | Rake $0.36
Board [Ks 6h 3d Js Qc]
Seat 1: aremom4e (button) (small blind) showed [2c 2h] and won ($17.64) with a pair of Deuces
Seat 2: punkrott (big blind) showed [8d As] and lost with high card Ace


PokerStars Hand #146317218871:  Hold'em Limit ($3/$6 USD) - 2016/01/02 5:52:04 ET
Table 'Mekbuda II' 2-max Seat #2 is the button
Seat 1: aremom4e ($63.56 in chips)
Seat 2: punkrott ($397.55 in chips)
punkrott: posts small blind $1
aremom4e: posts big blind $3
*** HOLE CARDS ***
punkrott: raises $3 to $6
aremom4e: calls $3
*** FLOP *** [7h Jd As]
aremom4e: checks
punkrott: bets $3
aremom4e: folds
Uncalled bet ($3) returned to punkrott
punkrott collected $11.76 from pot
punkrott: doesn't show hand
*** SUMMARY ***
Total pot $12 | Rake $0.24
Board [7h Jd As]
Seat 1: aremom4e (big blind) folded on the Flop
Seat 2: punkrott (button) (small blind) collected ($11.76)


PokerStars Hand #146317226172:  Hold'em Limit ($3/$6 USD) - 2016/01/02 5:52:17 ET
Table 'Mekbuda II' 2-max Seat #2 is the button
Seat 1: aremom4e ($56.56 in chips)
Seat 2: punkrott ($404.31 in chips)
punkrott: posts small blind $1
aremom4e: posts big blind $3
*** HOLE CARDS ***
punkrott: raises $3 to $6
aremom4e: calls $3
*** FLOP *** [7h 7s 9d]
aremom4e: checks
punkrott: bets $3
aremom4e: folds
Uncalled bet ($3) returned to punkrott
punkrott collected $11.76 from pot
punkrott: doesn't show hand
*** SUMMARY ***
Total pot $12 | Rake $0.24
Board [7h 7s 9d]
Seat 1: aremom4e (big blind) folded on the Flop
Seat 2: punkrott (button) (small blind) collected ($11.76)


PokerStars Hand #146317223364:  Hold'em Limit ($3/$6 USD) - 2016/01/02 5:52:12 ET
Table 'Mekbuda II' 2-max Seat #1 is the button
Seat 1: aremom4e ($57.56 in chips)
Seat 2: punkrott ($403.31 in chips)
aremom4e: posts small blind $1
punkrott: posts big blind $3
*** HOLE CARDS ***
aremom4e: folds
Uncalled bet ($2) returned to punkrott
punkrott collected $2 from pot
punkrott: doesn't show hand
*** SUMMARY ***
Total pot $2 | Rake $0
Seat 1: aremom4e (button) (small blind) folded before Flop
Seat 2: punkrott (big blind) collected ($2)


PokerStars Hand #146317233870:  Hold'em Limit ($3/$6 USD) - 2016/01/02 5:52:31 ET
Table 'Mekbuda II' 2-max Seat #2 is the button
Seat 1: aremom4e ($49.56 in chips)
Seat 2: punkrott ($411.07 in chips)
punkrott: posts small blind $1
aremom4e: posts big blind $3
*** HOLE CARDS ***
punkrott: raises $3 to $6
aremom4e: folds
Uncalled bet ($3) returned to punkrott
punkrott collected $6 from pot
punkrott: doesn't show hand
*** SUMMARY ***
Total pot $6 | Rake $0
Seat 1: aremom4e (big blind) folded before Flop
Seat 2: punkrott (button) (small blind) collected ($6)


PokerStars Hand #146317231107:  Hold'em Limit ($3/$6 USD) - 2016/01/02 5:52:26 ET
Table 'Mekbuda II' 2-max Seat #1 is the button
Seat 1: aremom4e ($50.56 in chips)
Seat 2: punkrott ($410.07 in chips)
aremom4e: posts small blind $1
punkrott: posts big blind $3
*** HOLE CARDS ***
aremom4e: folds
Uncalled bet ($2) returned to punkrott
punkrott collected $2 from pot
punkrott: doesn't show hand
*** SUMMARY ***
Total pot $2 | Rake $0
Seat 1: aremom4e (button) (small blind) folded before Flop
Seat 2: punkrott (big blind) collected ($2)


PokerStars Hand #146317236582:  Hold'em Limit ($3/$6 USD) - 2016/01/02 5:52:36 ET
Table 'Mekbuda II' 2-max Seat #1 is the button
Seat 1: aremom4e ($46.56 in chips)
Seat 2: punkrott ($414.07 in chips)
aremom4e: posts small blind $1
punkrott: posts big blind $3
*** HOLE CARDS ***
aremom4e: raises $3 to $6
punkrott: calls $3
*** FLOP *** [Tc 9d 3h]
punkrott: checks
aremom4e: bets $3
punkrott: raises $3 to $6
aremom4e: calls $3
*** TURN *** [Tc 9d 3h] [3s]
punkrott: bets $6
aremom4e: folds
Uncalled bet ($6) returned to punkrott
punkrott collected $23.52 from pot
punkrott: doesn't show hand
*** SUMMARY ***
Total pot $24 | Rake $0.48
Board [Tc 9d 3h 3s]
Seat 1: aremom4e (button) (small blind) folded on the Turn
Seat 2: punkrott (big blind) collected ($23.52)


PokerStars Hand #146317243982:  Hold'em Limit ($3/$6 USD) - 2016/01/02 5:52:49 ET
Table 'Mekbuda II' 2-max Seat #2 is the button
Seat 1: aremom4e ($34.56 in chips)
Seat 2: punkrott ($425.59 in chips)
punkrott: posts small blind $1
aremom4e: posts big blind $3
*** HOLE CARDS ***
punkrott: raises $3 to $6
aremom4e: calls $3
*** FLOP *** [2h Jc 9d]
aremom4e: checks
punkrott: bets $3
aremom4e: folds
Uncalled bet ($3) returned to punkrott
punkrott collected $11.76 from pot
punkrott: doesn't show hand
*** SUMMARY ***
Total pot $12 | Rake $0.24
Board [2h Jc 9d]
Seat 1: aremom4e (big blind) folded on the Flop
Seat 2: punkrott (button) (small blind) collected ($11.76)


PokerStars Hand #146317248919:  Hold'em Limit ($3/$6 USD) - 2016/01/02 5:52:57 ET
Table 'Mekbuda II' 2-max Seat #1 is the button
Seat 1: aremom4e ($28.56 in chips)
Seat 2: punkrott ($431.35 in chips)
aremom4e: posts small blind $1
punkrott: posts big blind $3
*** HOLE CARDS ***
aremom4e: raises $3 to $6
punkrott: calls $3
*** FLOP *** [Ts Kc Td]
punkrott: checks
aremom4e: bets $3
punkrott: raises $3 to $6
aremom4e: calls $3
*** TURN *** [Ts Kc Td] [5c]
punkrott: bets $6
aremom4e: calls $6
*** RIVER *** [Ts Kc Td 5c] [3s]
punkrott: bets $6
aremom4e: raises $4.56 to $10.56 and is all-in
punkrott: calls $4.56
*** SHOW DOWN ***
aremom4e: shows [Th Jc] (three of a kind, Tens)
punkrott: shows [3d Ks] (two pair, Kings and Tens)
aremom4e collected $56.62 from pot
*** SUMMARY ***
Total pot $57.12 | Rake $0.50
Board [Ts Kc Td 5c 3s]
Seat 1: aremom4e (button) (small blind) showed [Th Jc] and won ($56.62) with three of a kind, Tens
Seat 2: punkrott (big blind) showed [3d Ks] and lost with two pair, Kings and Tens


PokerStars Hand #146317258397:  Hold'em Limit ($3/$6 USD) - 2016/01/02 5:53:14 ET
Table 'Mekbuda II' 2-max Seat #2 is the button
Seat 1: aremom4e ($56.62 in chips)
Seat 2: punkrott ($402.79 in chips)
punkrott: posts small blind $1
aremom4e: posts big blind $3
*** HOLE CARDS ***
punkrott: raises $3 to $6
aremom4e: calls $3
*** FLOP *** [4h 5h Jc]
aremom4e: checks
punkrott: checks
*** TURN *** [4h 5h Jc] [4d]
aremom4e: bets $6
punkrott: folds
Uncalled bet ($6) returned to aremom4e
aremom4e collected $11.76 from pot
aremom4e: doesn't show hand
*** SUMMARY ***
Total pot $12 | Rake $0.24
Board [4h 5h Jc 4d]
Seat 1: aremom4e (big blind) collected ($11.76)
Seat 2: punkrott (button) (small blind) folded on the Turn


PokerStars Hand #146317264198:  Hold'em Limit ($3/$6 USD) - 2016/01/02 5:53:25 ET
Table 'Mekbuda II' 2-max Seat #1 is the button
Seat 1: aremom4e ($62.38 in chips)
Seat 2: punkrott ($396.79 in chips)
aremom4e: posts small blind $1
punkrott: posts big blind $3
*** HOLE CARDS ***
aremom4e: raises $3 to $6
punkrott: calls $3
*** FLOP *** [4c Tc 6d]
punkrott: checks
aremom4e: bets $3
punkrott: raises $3 to $6
aremom4e: calls $3
*** TURN *** [4c Tc 6d] [5d]
punkrott: bets $6
aremom4e: calls $6
*** RIVER *** [4c Tc 6d 5d] [2d]
punkrott: checks
aremom4e: checks
*** SHOW DOWN ***
punkrott: shows [8c 6h] (a pair of Sixes)
aremom4e: mucks hand
punkrott collected $35.50 from pot
*** SUMMARY ***
Total pot $36 | Rake $0.50
Board [4c Tc 6d 5d 2d]
Seat 1: aremom4e (button) (small blind) mucked
Seat 2: punkrott (big blind) showed [8c 6h] and won ($35.50) with a pair of Sixes


PokerStars Hand #146317273945:  Hold'em Limit ($3/$6 USD) - 2016/01/02 5:53:41 ET
Table 'Mekbuda II' 2-max Seat #2 is the button
Seat 1: aremom4e ($44.38 in chips)
Seat 2: punkrott ($414.29 in chips)
punkrott: posts small blind $1
aremom4e: posts big blind $3
*** HOLE CARDS ***
punkrott: raises $3 to $6
aremom4e: folds
Uncalled bet ($3) returned to punkrott
punkrott collected $6 from pot
punkrott: doesn't show hand
*** SUMMARY ***
Total pot $6 | Rake $0
Seat 1: aremom4e (big blind) folded before Flop
Seat 2: punkrott (button) (small blind) collected ($6)


PokerStars Hand #146317276859:  Hold'em Limit ($3/$6 USD) - 2016/01/02 5:53:47 ET
Table 'Mekbuda II' 2-max Seat #1 is the button
Seat 1: aremom4e ($41.38 in chips)
Seat 2: punkrott ($417.29 in chips)
aremom4e: posts small blind $1
punkrott: posts big blind $3
*** HOLE CARDS ***
aremom4e: raises $3 to $6
punkrott: calls $3
*** FLOP *** [Kc Tc Td]
punkrott: checks
aremom4e: bets $3
punkrott: calls $3
*** TURN *** [Kc Tc Td] [2h]
punkrott: checks
aremom4e: checks
*** RIVER *** [Kc Tc Td 2h] [Jd]
punkrott: checks
aremom4e: bets $6
punkrott: calls $6
*** SHOW DOWN ***
aremom4e: shows [8c Kd] (two pair, Kings and Tens)
punkrott: mucks hand
aremom4e collected $29.50 from pot
*** SUMMARY ***
Total pot $30 | Rake $0.50
Board [Kc Tc Td 2h Jd]
Seat 1: aremom4e (button) (small blind) showed [8c Kd] and won ($29.50) with two pair, Kings and Tens
Seat 2: punkrott (big blind) mucked


PokerStars Hand #146317285637:  Hold'em Limit ($3/$6 USD) - 2016/01/02 5:54:02 ET
Table 'Mekbuda II' 2-max Seat #2 is the button
Seat 1: aremom4e ($55.88 in chips)
Seat 2: punkrott ($402.29 in chips)
punkrott: posts small blind $1
aremom4e: posts big blind $3
*** HOLE CARDS ***
punkrott: raises $3 to $6
aremom4e: calls $3
*** FLOP *** [Td 9d Jh]
aremom4e: checks
punkrott: checks
*** TURN *** [Td 9d Jh] [As]
aremom4e: bets $6
punkrott: folds
Uncalled bet ($6) returned to aremom4e
aremom4e collected $11.76 from pot
aremom4e: doesn't show hand
*** SUMMARY ***
Total pot $12 | Rake $0.24
Board [Td 9d Jh As]
Seat 1: aremom4e (big blind) collected ($11.76)
Seat 2: punkrott (button) (small blind) folded on the Turn


PokerStars Hand #146317292516:  Hold'em Limit ($3/$6 USD) - 2016/01/02 5:54:14 ET
Table 'Mekbuda II' 2-max Seat #1 is the button
Seat 1: aremom4e ($61.64 in chips)
Seat 2: punkrott ($396.29 in chips)
aremom4e: posts small blind $1
punkrott: posts big blind $3
*** HOLE CARDS ***
aremom4e: raises $3 to $6
punkrott: calls $3
*** FLOP *** [Jh 2s Ac]
punkrott: checks
aremom4e: bets $3
punkrott: calls $3
*** TURN *** [Jh 2s Ac] [5s]
punkrott: checks
aremom4e: bets $6
punkrott: raises $6 to $12
aremom4e: calls $6
*** RIVER *** [Jh 2s Ac 5s] [Th]
punkrott: bets $6
aremom4e: calls $6
*** SHOW DOWN ***
punkrott: shows [As 7s] (a pair of Aces)
aremom4e: mucks hand
punkrott collected $53.50 from pot
*** SUMMARY ***
Total pot $54 | Rake $0.50
Board [Jh 2s Ac 5s Th]
Seat 1: aremom4e (button) (small blind) mucked
Seat 2: punkrott (big blind) showed [As 7s] and won ($53.50) with a pair of Aces


PokerStars Hand #146317305246:  Hold'em Limit ($3/$6 USD) - 2016/01/02 5:54:37 ET
Table 'Mekbuda II' 2-max Seat #1 is the button
Seat 1: aremom4e ($31.64 in chips)
Seat 2: punkrott ($425.79 in chips)
aremom4e: posts small blind $1
punkrott: posts big blind $3
*** HOLE CARDS ***
aremom4e: raises $3 to $6
punkrott: folds
Uncalled bet ($3) returned to aremom4e
aremom4e collected $6 from pot
aremom4e: doesn't show hand
*** SUMMARY ***
Total pot $6 | Rake $0
Seat 1: aremom4e (button) (small blind) collected ($6)
Seat 2: punkrott (big blind) folded before Flop


PokerStars Hand #146317302283:  Hold'em Limit ($3/$6 USD) - 2016/01/02 5:54:32 ET
Table 'Mekbuda II' 2-max Seat #2 is the button
Seat 1: aremom4e ($34.64 in chips)
Seat 2: punkrott ($422.79 in chips)
punkrott: posts small blind $1
aremom4e: posts big blind $3
*** HOLE CARDS ***
punkrott: raises $3 to $6
aremom4e: folds
Uncalled bet ($3) returned to punkrott
punkrott collected $6 from pot
punkrott: doesn't show hand
*** SUMMARY ***
Total pot $6 | Rake $0
Seat 1: aremom4e (big blind) folded before Flop
Seat 2: punkrott (button) (small blind) collected ($6)


PokerStars Hand #146317308227:  Hold'em Limit ($3/$6 USD) - 2016/01/02 5:54:42 ET
Table 'Mekbuda II' 2-max Seat #2 is the button
Seat 1: aremom4e ($34.64 in chips)
Seat 2: punkrott ($422.79 in chips)
punkrott: posts small blind $1
aremom4e: posts big blind $3
*** HOLE CARDS ***
punkrott: raises $3 to $6
aremom4e: folds
Uncalled bet ($3) returned to punkrott
punkrott collected $6 from pot
punkrott: doesn't show hand
*** SUMMARY ***
Total pot $6 | Rake $0
Seat 1: aremom4e (big blind) folded before Flop
Seat 2: punkrott (button) (small blind) collected ($6)


PokerStars Hand #146317311160:  Hold'em Limit ($3/$6 USD) - 2016/01/02 5:54:48 ET
Table 'Mekbuda II' 2-max Seat #1 is the button
Seat 1: aremom4e ($31.64 in chips)
Seat 2: punkrott ($425.79 in chips)
aremom4e: posts small blind $1
punkrott: posts big blind $3
*** HOLE CARDS ***
aremom4e: calls $2
punkrott: raises $3 to $6
aremom4e: calls $3
*** FLOP *** [Th 6d Kc]
punkrott: bets $3
aremom4e: folds
Uncalled bet ($3) returned to punkrott
punkrott collected $11.76 from pot
punkrott: doesn't show hand
*** SUMMARY ***
Total pot $12 | Rake $0.24
Board [Th 6d Kc]
Seat 1: aremom4e (button) (small blind) folded on the Flop
Seat 2: punkrott (big blind) collected ($11.76)


PokerStars Hand #146317317178:  Hold'em Limit ($3/$6 USD) - 2016/01/02 5:54:58 ET
Table 'Mekbuda II' 2-max Seat #2 is the button
Seat 1: aremom4e ($25.64 in chips)
Seat 2: punkrott ($431.55 in chips)
punkrott: posts small blind $1
aremom4e: posts big blind $3
*** HOLE CARDS ***
punkrott: raises $3 to $6
aremom4e: calls $3
*** FLOP *** [Kc Kh 6d]
aremom4e: checks
punkrott: bets $3
aremom4e: calls $3
*** TURN *** [Kc Kh 6d] [7h]
aremom4e: checks
punkrott: checks
*** RIVER *** [Kc Kh 6d 7h] [Jd]
aremom4e: bets $6
punkrott: folds
Uncalled bet ($6) returned to aremom4e
aremom4e collected $17.64 from pot
aremom4e: doesn't show hand
*** SUMMARY ***
Total pot $18 | Rake $0.36
Board [Kc Kh 6d 7h Jd]
Seat 1: aremom4e (big blind) collected ($17.64)
Seat 2: punkrott (button) (small blind) folded on the River


PokerStars Hand #146317323962:  Hold'em Limit ($3/$6 USD) - 2016/01/02 5:55:11 ET
Table 'Mekbuda II' 2-max Seat #1 is the button
Seat 1: aremom4e ($34.28 in chips)
Seat 2: punkrott ($422.55 in chips)
aremom4e: posts small blind $1
punkrott: posts big blind $3
*** HOLE CARDS ***
aremom4e: raises $3 to $6
punkrott: calls $3
*** FLOP *** [2h 2d Ts]
punkrott: checks
aremom4e: checks
*** TURN *** [2h 2d Ts] [Tc]
punkrott: bets $6
aremom4e: folds
Uncalled bet ($6) returned to punkrott
punkrott collected $11.76 from pot
punkrott: doesn't show hand
*** SUMMARY ***
Total pot $12 | Rake $0.24
Board [2h 2d Ts Tc]
Seat 1: aremom4e (button) (small blind) folded on the Turn
Seat 2: punkrott (big blind) collected ($11.76)


PokerStars Hand #146317328761:  Hold'em Limit ($3/$6 USD) - 2016/01/02 5:55:20 ET
Table 'Mekbuda II' 2-max Seat #2 is the button
Seat 1: aremom4e ($28.28 in chips)
Seat 2: punkrott ($428.31 in chips)
punkrott: posts small blind $1
aremom4e: posts big blind $3
*** HOLE CARDS ***
punkrott: raises $3 to $6
aremom4e: raises $3 to $9
punkrott: calls $3
*** FLOP *** [5d Td Kd]
aremom4e: bets $3
punkrott: calls $3
*** TURN *** [5d Td Kd] [Qs]
aremom4e: bets $6
punkrott: folds
Uncalled bet ($6) returned to aremom4e
aremom4e collected $23.52 from pot
aremom4e: doesn't show hand
*** SUMMARY ***
Total pot $24 | Rake $0.48
Board [5d Td Kd Qs]
Seat 1: aremom4e (big blind) collected ($23.52)
Seat 2: punkrott (button) (small blind) folded on the Turn


PokerStars Hand #146317334248:  Hold'em Limit ($3/$6 USD) - 2016/01/02 5:55:32 ET
Table 'Mekbuda II' 2-max Seat #1 is the button
Seat 1: aremom4e ($39.80 in chips)
Seat 2: punkrott ($416.31 in chips)
aremom4e: posts small blind $1
punkrott: posts big blind $3
*** HOLE CARDS ***
aremom4e: raises $3 to $6
punkrott: folds
Uncalled bet ($3) returned to aremom4e
aremom4e collected $6 from pot
aremom4e: doesn't show hand
*** SUMMARY ***
Total pot $6 | Rake $0
Seat 1: aremom4e (button) (small blind) collected ($6)
Seat 2: punkrott (big blind) folded before Flop


PokerStars Hand #146317336968:  Hold'em Limit ($3/$6 USD) - 2016/01/02 5:55:37 ET
Table 'Mekbuda II' 2-max Seat #2 is the button
Seat 1: aremom4e ($42.80 in chips)
Seat 2: punkrott ($413.31 in chips)
punkrott: posts small blind $1
aremom4e: posts big blind $3
*** HOLE CARDS ***
punkrott: raises $3 to $6
aremom4e: raises $3 to $9
punkrott: calls $3
*** FLOP *** [8d Jh 7h]
aremom4e: bets $3
punkrott: calls $3
*** TURN *** [8d Jh 7h] [2d]
aremom4e: bets $6
punkrott: folds
Uncalled bet ($6) returned to aremom4e
aremom4e collected $23.52 from pot
aremom4e: doesn't show hand
*** SUMMARY ***
Total pot $24 | Rake $0.48
Board [8d Jh 7h 2d]
Seat 1: aremom4e (big blind) collected ($23.52)
Seat 2: punkrott (button) (small blind) folded on the Turn


PokerStars Hand #146317353999:  Hold'em Limit ($3/$6 USD) - 2016/01/02 5:56:11 ET
Table 'Mekbuda II' 2-max Seat #1 is the button
Seat 1: aremom4e ($37.32 in chips)
Seat 2: punkrott ($417.81 in chips)
aremom4e: posts small blind $1
punkrott: posts big blind $3
*** HOLE CARDS ***
aremom4e: folds
Uncalled bet ($2) returned to punkrott
punkrott collected $2 from pot
punkrott: doesn't show hand
*** SUMMARY ***
Total pot $2 | Rake $0
Seat 1: aremom4e (button) (small blind) folded before Flop
Seat 2: punkrott (big blind) collected ($2)


PokerStars Hand #146317351810:  Hold'em Limit ($3/$6 USD) - 2016/01/02 5:56:07 ET
Table 'Mekbuda II' 2-max Seat #2 is the button
Seat 1: aremom4e ($36.32 in chips)
Seat 2: punkrott ($418.81 in chips)
punkrott: posts small blind $1
aremom4e: posts big blind $3
*** HOLE CARDS ***
punkrott: folds
Uncalled bet ($2) returned to aremom4e
aremom4e collected $2 from pot
aremom4e: doesn't show hand
*** SUMMARY ***
Total pot $2 | Rake $0
Seat 1: aremom4e (big blind) collected ($2)
Seat 2: punkrott (button) (small blind) folded before Flop


PokerStars Hand #146317343833:  Hold'em Limit ($3/$6 USD) - 2016/01/02 5:55:51 ET
Table 'Mekbuda II' 2-max Seat #1 is the button
Seat 1: aremom4e ($54.32 in chips)
Seat 2: punkrott ($401.31 in chips)
aremom4e: posts small blind $1
punkrott: posts big blind $3
*** HOLE CARDS ***
aremom4e: raises $3 to $6
punkrott: calls $3
*** FLOP *** [5s Jd 4h]
punkrott: checks
aremom4e: bets $3
punkrott: raises $3 to $6
aremom4e: calls $3
*** TURN *** [5s Jd 4h] [3h]
punkrott: bets $6
aremom4e: calls $6
*** RIVER *** [5s Jd 4h 3h] [2h]
punkrott: checks
aremom4e: checks
*** SHOW DOWN ***
punkrott: shows [5d 9c] (a pair of Fives)
aremom4e: mucks hand
punkrott collected $35.50 from pot
*** SUMMARY ***
Total pot $36 | Rake $0.50
Board [5s Jd 4h 3h 2h]
Seat 1: aremom4e (button) (small blind) mucked
Seat 2: punkrott (big blind) showed [5d 9c] and won ($35.50) with a pair of Fives


PokerStars Hand #146317356361:  Hold'em Limit ($3/$6 USD) - 2016/01/02 5:56:16 ET
Table 'Mekbuda II' 2-max Seat #2 is the button
Seat 1: aremom4e ($36.32 in chips)
Seat 2: punkrott ($418.81 in chips)
punkrott: posts small blind $1
aremom4e: posts big blind $3
*** HOLE CARDS ***
punkrott: raises $3 to $6
aremom4e: folds
Uncalled bet ($3) returned to punkrott
punkrott collected $6 from pot
punkrott: doesn't show hand
*** SUMMARY ***
Total pot $6 | Rake $0
Seat 1: aremom4e (big blind) folded before Flop
Seat 2: punkrott (button) (small blind) collected ($6)


PokerStars Hand #146317367468:  Hold'em Limit ($3/$6 USD) - 2016/01/02 5:56:38 ET
Table 'Mekbuda II' 2-max Seat #2 is the button
Seat 1: aremom4e ($62.82 in chips)
Seat 2: punkrott ($391.81 in chips)
punkrott: posts small blind $1
aremom4e: posts big blind $3
*** HOLE CARDS ***
punkrott: folds
Uncalled bet ($2) returned to aremom4e
aremom4e collected $2 from pot
aremom4e: doesn't show hand
*** SUMMARY ***
Total pot $2 | Rake $0
Seat 1: aremom4e (big blind) collected ($2)
Seat 2: punkrott (button) (small blind) folded before Flop


PokerStars Hand #146317358578:  Hold'em Limit ($3/$6 USD) - 2016/01/02 5:56:20 ET
Table 'Mekbuda II' 2-max Seat #1 is the button
Seat 1: aremom4e ($33.32 in chips)
Seat 2: punkrott ($421.81 in chips)
aremom4e: posts small blind $1
punkrott: posts big blind $3
*** HOLE CARDS ***
aremom4e: raises $3 to $6
punkrott: calls $3
*** FLOP *** [3c Ac 6d]
punkrott: checks
aremom4e: bets $3
punkrott: raises $3 to $6
aremom4e: calls $3
*** TURN *** [3c Ac 6d] [3h]
punkrott: bets $6
aremom4e: calls $6
*** RIVER *** [3c Ac 6d 3h] [Tc]
punkrott: bets $6
aremom4e: raises $6 to $12
punkrott: calls $6
*** SHOW DOWN ***
aremom4e: shows [Kc 6c] (a flush, Ace high)
punkrott: mucks hand
aremom4e collected $59.50 from pot
*** SUMMARY ***
Total pot $60 | Rake $0.50
Board [3c Ac 6d 3h Tc]
Seat 1: aremom4e (button) (small blind) showed [Kc 6c] and won ($59.50) with a flush, Ace high
Seat 2: punkrott (big blind) mucked


PokerStars Hand #146317372224:  Hold'em Limit ($3/$6 USD) - 2016/01/02 5:56:48 ET
Table 'Mekbuda II' 2-max Seat #2 is the button
Seat 1: aremom4e ($62.82 in chips)
Seat 2: punkrott ($391.81 in chips)
punkrott: posts small blind $1
aremom4e: posts big blind $3
*** HOLE CARDS ***
punkrott: raises $3 to $6
aremom4e: calls $3
*** FLOP *** [Qs Kc 3c]
aremom4e: checks
punkrott: bets $3
aremom4e: folds
Uncalled bet ($3) returned to punkrott
punkrott collected $11.76 from pot
punkrott: doesn't show hand
*** SUMMARY ***
Total pot $12 | Rake $0.24
Board [Qs Kc 3c]
Seat 1: aremom4e (big blind) folded on the Flop
Seat 2: punkrott (button) (small blind) collected ($11.76)


PokerStars Hand #146317369693:  Hold'em Limit ($3/$6 USD) - 2016/01/02 5:56:43 ET
Table 'Mekbuda II' 2-max Seat #1 is the button
Seat 1: aremom4e ($63.82 in chips)
Seat 2: punkrott ($390.81 in chips)
aremom4e: posts small blind $1
punkrott: posts big blind $3
*** HOLE CARDS ***
aremom4e: folds
Uncalled bet ($2) returned to punkrott
punkrott collected $2 from pot
punkrott: doesn't show hand
*** SUMMARY ***
Total pot $2 | Rake $0
Seat 1: aremom4e (button) (small blind) folded before Flop
Seat 2: punkrott (big blind) collected ($2)


PokerStars Hand #146317379132:  Hold'em Limit ($3/$6 USD) - 2016/01/02 5:57:01 ET
Table 'Mekbuda II' 2-max Seat #2 is the button
Seat 1: aremom4e ($55.82 in chips)
Seat 2: punkrott ($398.57 in chips)
punkrott: posts small blind $1
aremom4e: posts big blind $3
*** HOLE CARDS ***
punkrott: raises $3 to $6
aremom4e: folds
Uncalled bet ($3) returned to punkrott
punkrott collected $6 from pot
punkrott: doesn't show hand
*** SUMMARY ***
Total pot $6 | Rake $0
Seat 1: aremom4e (big blind) folded before Flop
Seat 2: punkrott (button) (small blind) collected ($6)


PokerStars Hand #146317376511:  Hold'em Limit ($3/$6 USD) - 2016/01/02 5:56:56 ET
Table 'Mekbuda II' 2-max Seat #1 is the button
Seat 1: aremom4e ($56.82 in chips)
Seat 2: punkrott ($397.57 in chips)
aremom4e: posts small blind $1
punkrott: posts big blind $3
*** HOLE CARDS ***
aremom4e: folds
Uncalled bet ($2) returned to punkrott
punkrott collected $2 from pot
punkrott: doesn't show hand
*** SUMMARY ***
Total pot $2 | Rake $0
Seat 1: aremom4e (button) (small blind) folded before Flop
Seat 2: punkrott (big blind) collected ($2)


PokerStars Hand #146317381689:  Hold'em Limit ($3/$6 USD) - 2016/01/02 5:57:06 ET
Table 'Mekbuda II' 2-max Seat #1 is the button
Seat 1: aremom4e ($52.82 in chips)
Seat 2: punkrott ($401.57 in chips)
aremom4e: posts small blind $1
punkrott: posts big blind $3
*** HOLE CARDS ***
aremom4e: raises $3 to $6
punkrott: folds
Uncalled bet ($3) returned to aremom4e
aremom4e collected $6 from pot
aremom4e: doesn't show hand
*** SUMMARY ***
Total pot $6 | Rake $0
Seat 1: aremom4e (button) (small blind) collected ($6)
Seat 2: punkrott (big blind) folded before Flop


PokerStars Hand #146317392978:  Hold'em Limit ($3/$6 USD) - 2016/01/02 5:57:29 ET
Table 'Mekbuda II' 2-max Seat #1 is the button
Seat 1: aremom4e ($79.32 in chips)
Seat 2: punkrott ($374.57 in chips)
aremom4e: posts small blind $1
punkrott: posts big blind $3
*** HOLE CARDS ***
aremom4e: raises $3 to $6
punkrott: folds
Uncalled bet ($3) returned to aremom4e
aremom4e collected $6 from pot
aremom4e: doesn't show hand
*** SUMMARY ***
Total pot $6 | Rake $0
Seat 1: aremom4e (button) (small blind) collected ($6)
Seat 2: punkrott (big blind) folded before Flop


PokerStars Hand #146317384338:  Hold'em Limit ($3/$6 USD) - 2016/01/02 5:57:12 ET
Table 'Mekbuda II' 2-max Seat #2 is the button
Seat 1: aremom4e ($55.82 in chips)
Seat 2: punkrott ($398.57 in chips)
punkrott: posts small blind $1
aremom4e: posts big blind $3
*** HOLE CARDS ***
punkrott: raises $3 to $6
aremom4e: calls $3
*** FLOP *** [Ah Js 2s]
aremom4e: checks
punkrott: bets $3
aremom4e: raises $3 to $6
punkrott: calls $3
*** TURN *** [Ah Js 2s] [4h]
aremom4e: bets $6
punkrott: calls $6
*** RIVER *** [Ah Js 2s 4h] [2d]
aremom4e: bets $6
punkrott: calls $6
*** SHOW DOWN ***
aremom4e: shows [6h Jh] (two pair, Jacks and Deuces)
punkrott: mucks hand
aremom4e collected $47.50 from pot
*** SUMMARY ***
Total pot $48 | Rake $0.50
Board [Ah Js 2s 4h 2d]
Seat 1: aremom4e (big blind) showed [6h Jh] and won ($47.50) with two pair, Jacks and Deuces
Seat 2: punkrott (button) (small blind) mucked


PokerStars Hand #146317404000:  Hold'em Limit ($3/$6 USD) - 2016/01/02 5:57:50 ET
Table 'Mekbuda II' 2-max Seat #1 is the button
Seat 1: aremom4e ($99.82 in chips)
Seat 2: punkrott ($353.57 in chips)
aremom4e: posts small blind $1
punkrott: posts big blind $3
*** HOLE CARDS ***
aremom4e: folds
Uncalled bet ($2) returned to punkrott
punkrott collected $2 from pot
punkrott: doesn't show hand
*** SUMMARY ***
Total pot $2 | Rake $0
Seat 1: aremom4e (button) (small blind) folded before Flop
Seat 2: punkrott (big blind) collected ($2)


PokerStars Hand #146317396330:  Hold'em Limit ($3/$6 USD) - 2016/01/02 5:57:35 ET
Table 'Mekbuda II' 2-max Seat #2 is the button
Seat 1: aremom4e ($82.32 in chips)
Seat 2: punkrott ($371.57 in chips)
punkrott: posts small blind $1
aremom4e: posts big blind $3
*** HOLE CARDS ***
punkrott: raises $3 to $6
aremom4e: raises $3 to $9
punkrott: calls $3
*** FLOP *** [Qh 3h Ad]
aremom4e: bets $3
punkrott: calls $3
*** TURN *** [Qh 3h Ad] [Ts]
aremom4e: checks
punkrott: checks
*** RIVER *** [Qh 3h Ad Ts] [5h]
aremom4e: bets $6
punkrott: calls $6
*** SHOW DOWN ***
aremom4e: shows [Tc Ah] (two pair, Aces and Tens)
punkrott: mucks hand
aremom4e collected $35.50 from pot
*** SUMMARY ***
Total pot $36 | Rake $0.50
Board [Qh 3h Ad Ts 5h]
Seat 1: aremom4e (big blind) showed [Tc Ah] and won ($35.50) with two pair, Aces and Tens
Seat 2: punkrott (button) (small blind) mucked


PokerStars Hand #146317413250:  Hold'em Limit ($3/$6 USD) - 2016/01/02 5:58:08 ET
Table 'Mekbuda II' 2-max Seat #1 is the button
Seat 1: aremom4e ($86.82 in chips)
Seat 2: punkrott ($366.09 in chips)
aremom4e: posts small blind $1
punkrott: posts big blind $3
*** HOLE CARDS ***
aremom4e: raises $3 to $6
punkrott: folds
Uncalled bet ($3) returned to aremom4e
aremom4e collected $6 from pot
aremom4e: doesn't show hand
*** SUMMARY ***
Total pot $6 | Rake $0
Seat 1: aremom4e (button) (small blind) collected ($6)
Seat 2: punkrott (big blind) folded before Flop


PokerStars Hand #146317406761:  Hold'em Limit ($3/$6 USD) - 2016/01/02 5:57:56 ET
Table 'Mekbuda II' 2-max Seat #2 is the button
Seat 1: aremom4e ($98.82 in chips)
Seat 2: punkrott ($354.57 in chips)
punkrott: posts small blind $1
aremom4e: posts big blind $3
*** HOLE CARDS ***
punkrott: raises $3 to $6
aremom4e: raises $3 to $9
punkrott: calls $3
*** FLOP *** [7h 8c 7s]
aremom4e: bets $3
punkrott: calls $3
*** TURN *** [7h 8c 7s] [6s]
aremom4e: checks
punkrott: bets $6
aremom4e: folds
Uncalled bet ($6) returned to punkrott
punkrott collected $23.52 from pot
punkrott: doesn't show hand
*** SUMMARY ***
Total pot $24 | Rake $0.48
Board [7h 8c 7s 6s]
Seat 1: aremom4e (big blind) folded on the Turn
Seat 2: punkrott (button) (small blind) collected ($23.52)


PokerStars Hand #146317415957:  Hold'em Limit ($3/$6 USD) - 2016/01/02 5:58:14 ET
Table 'Mekbuda II' 2-max Seat #2 is the button
Seat 1: aremom4e ($89.82 in chips)
Seat 2: punkrott ($363.09 in chips)
punkrott: posts small blind $1
aremom4e: posts big blind $3
*** HOLE CARDS ***
punkrott: raises $3 to $6
aremom4e: calls $3
*** FLOP *** [7h Td Kd]
aremom4e: checks
punkrott: bets $3
aremom4e: folds
Uncalled bet ($3) returned to punkrott
punkrott collected $11.76 from pot
punkrott: doesn't show hand
*** SUMMARY ***
Total pot $12 | Rake $0.24
Board [7h Td Kd]
Seat 1: aremom4e (big blind) folded on the Flop
Seat 2: punkrott (button) (small blind) collected ($11.76)


PokerStars Hand #146317420257:  Hold'em Limit ($3/$6 USD) - 2016/01/02 5:58:22 ET
Table 'Mekbuda II' 2-max Seat #1 is the button
Seat 1: aremom4e ($83.82 in chips)
Seat 2: punkrott ($368.85 in chips)
aremom4e: posts small blind $1
punkrott: posts big blind $3
*** HOLE CARDS ***
aremom4e: raises $3 to $6
punkrott: calls $3
*** FLOP *** [Qd Js 9s]
punkrott: checks
aremom4e: bets $3
punkrott: folds
Uncalled bet ($3) returned to aremom4e
aremom4e collected $11.76 from pot
aremom4e: doesn't show hand
*** SUMMARY ***
Total pot $12 | Rake $0.24
Board [Qd Js 9s]
Seat 1: aremom4e (button) (small blind) collected ($11.76)
Seat 2: punkrott (big blind) folded on the Flop


PokerStars Hand #146317424580:  Hold'em Limit ($3/$6 USD) - 2016/01/02 5:58:30 ET
Table 'Mekbuda II' 2-max Seat #2 is the button
Seat 1: aremom4e ($89.58 in chips)
Seat 2: punkrott ($362.85 in chips)
punkrott: posts small blind $1
aremom4e: posts big blind $3
*** HOLE CARDS ***
punkrott: raises $3 to $6
aremom4e: calls $3
*** FLOP *** [2d 8c 6h]
aremom4e: checks
punkrott: checks
*** TURN *** [2d 8c 6h] [4s]
aremom4e: bets $6
punkrott: raises $6 to $12
aremom4e: calls $6
*** RIVER *** [2d 8c 6h 4s] [Ah]
aremom4e: checks
punkrott: checks
*** SHOW DOWN ***
aremom4e: shows [Qs 5c] (high card Ace)
punkrott: shows [6c 7s] (a pair of Sixes)
punkrott collected $35.50 from pot
*** SUMMARY ***
Total pot $36 | Rake $0.50
Board [2d 8c 6h 4s Ah]
Seat 1: aremom4e (big blind) showed [Qs 5c] and lost with high card Ace
Seat 2: punkrott (button) (small blind) showed [6c 7s] and won ($35.50) with a pair of Sixes


PokerStars Hand #146317432177:  Hold'em Limit ($3/$6 USD) - 2016/01/02 5:58:45 ET
Table 'Mekbuda II' 2-max Seat #1 is the button
Seat 1: aremom4e ($71.58 in chips)
Seat 2: punkrott ($380.35 in chips)
aremom4e: posts small blind $1
punkrott: posts big blind $3
*** HOLE CARDS ***
aremom4e: raises $3 to $6
punkrott: calls $3
*** FLOP *** [2c 4s 8c]
punkrott: checks
aremom4e: bets $3
punkrott: calls $3
*** TURN *** [2c 4s 8c] [Ad]
punkrott: checks
aremom4e: checks
*** RIVER *** [2c 4s 8c Ad] [3s]
punkrott: bets $6
aremom4e: calls $6
*** SHOW DOWN ***
punkrott: shows [5c 7d] (a straight, Ace to Five)
aremom4e: mucks hand
punkrott collected $29.50 from pot
*** SUMMARY ***
Total pot $30 | Rake $0.50
Board [2c 4s 8c Ad 3s]
Seat 1: aremom4e (button) (small blind) mucked
Seat 2: punkrott (big blind) showed [5c 7d] and won ($29.50) with a straight, Ace to Five


PokerStars Hand #146317440148:  Hold'em Limit ($3/$6 USD) - 2016/01/02 5:59:01 ET
Table 'Mekbuda II' 2-max Seat #2 is the button
Seat 1: aremom4e ($56.58 in chips)
Seat 2: punkrott ($394.85 in chips)
punkrott: posts small blind $1
aremom4e: posts big blind $3
*** HOLE CARDS ***
punkrott: raises $3 to $6
aremom4e: calls $3
*** FLOP *** [9d Ah 3c]
aremom4e: checks
punkrott: bets $3
aremom4e: folds
Uncalled bet ($3) returned to punkrott
punkrott collected $11.76 from pot
punkrott: doesn't show hand
*** SUMMARY ***
Total pot $12 | Rake $0.24
Board [9d Ah 3c]
Seat 1: aremom4e (big blind) folded on the Flop
Seat 2: punkrott (button) (small blind) collected ($11.76)


PokerStars Hand #146317461316:  Hold'em Limit ($3/$6 USD) - 2016/01/02 5:59:42 ET
Table 'Mekbuda II' 2-max Seat #2 is the button
Seat 1: aremom4e ($65.08 in chips)
Seat 2: punkrott ($385.61 in chips)
punkrott: posts small blind $1
aremom4e: posts big blind $3
*** HOLE CARDS ***
punkrott: folds
Uncalled bet ($2) returned to aremom4e
aremom4e collected $2 from pot
aremom4e: doesn't show hand
*** SUMMARY ***
Total pot $2 | Rake $0
Seat 1: aremom4e (big blind) collected ($2)
Seat 2: punkrott (button) (small blind) folded before Flop


PokerStars Hand #146317444493:  Hold'em Limit ($3/$6 USD) - 2016/01/02 5:59:09 ET
Table 'Mekbuda II' 2-max Seat #1 is the button
Seat 1: aremom4e ($50.58 in chips)
Seat 2: punkrott ($400.61 in chips)
aremom4e: posts small blind $1
punkrott: posts big blind $3
*** HOLE CARDS ***
aremom4e: raises $3 to $6
punkrott: calls $3
*** FLOP *** [Ks 5s 3d]
punkrott: checks
aremom4e: bets $3
punkrott: calls $3
*** TURN *** [Ks 5s 3d] [Kh]
punkrott: checks
aremom4e: checks
*** RIVER *** [Ks 5s 3d Kh] [5h]
punkrott: bets $6
aremom4e: raises $6 to $12
punkrott: folds
Uncalled bet ($6) returned to aremom4e
aremom4e collected $29.50 from pot
aremom4e: doesn't show hand
*** SUMMARY ***
Total pot $30 | Rake $0.50
Board [Ks 5s 3d Kh 5h]
Seat 1: aremom4e (button) (small blind) collected ($29.50)
Seat 2: punkrott (big blind) folded on the River


PokerStars Hand #146317463486:  Hold'em Limit ($3/$6 USD) - 2016/01/02 5:59:47 ET
Table 'Mekbuda II' 2-max Seat #1 is the button
Seat 1: aremom4e ($66.08 in chips)
Seat 2: punkrott ($384.61 in chips)
aremom4e: posts small blind $1
punkrott: posts big blind $3
*** HOLE CARDS ***
aremom4e: raises $3 to $6
punkrott: folds
Uncalled bet ($3) returned to aremom4e
aremom4e collected $6 from pot
aremom4e: doesn't show hand
*** SUMMARY ***
Total pot $6 | Rake $0
Seat 1: aremom4e (button) (small blind) collected ($6)
Seat 2: punkrott (big blind) folded before Flop


PokerStars Hand #146317466338:  Hold'em Limit ($3/$6 USD) - 2016/01/02 5:59:52 ET
Table 'Mekbuda II' 2-max Seat #2 is the button
Seat 1: aremom4e ($69.08 in chips)
Seat 2: punkrott ($381.61 in chips)
punkrott: posts small blind $1
aremom4e: posts big blind $3
*** HOLE CARDS ***
punkrott: raises $3 to $6
aremom4e: calls $3
*** FLOP *** [Qd Th 9d]
aremom4e: checks
punkrott: checks
*** TURN *** [Qd Th 9d] [7h]
aremom4e: bets $6
punkrott: calls $6
*** RIVER *** [Qd Th 9d 7h] [6d]
aremom4e: bets $6
punkrott: folds
Uncalled bet ($6) returned to aremom4e
aremom4e collected $23.52 from pot
aremom4e: doesn't show hand
*** SUMMARY ***
Total pot $24 | Rake $0.48
Board [Qd Th 9d 7h 6d]
Seat 1: aremom4e (big blind) collected ($23.52)
Seat 2: punkrott (button) (small blind) folded on the River


PokerStars Hand #146317476675:  Hold'em Limit ($3/$6 USD) - 2016/01/02 6:00:12 ET
Table 'Mekbuda II' 2-max Seat #2 is the button
Seat 1: aremom4e ($79.60 in chips)
Seat 2: punkrott ($370.61 in chips)
punkrott: posts small blind $1
aremom4e: posts big blind $3
*** HOLE CARDS ***
punkrott: raises $3 to $6
aremom4e: folds
Uncalled bet ($3) returned to punkrott
punkrott collected $6 from pot
punkrott: doesn't show hand
*** SUMMARY ***
Total pot $6 | Rake $0
Seat 1: aremom4e (big blind) folded before Flop
Seat 2: punkrott (button) (small blind) collected ($6)


PokerStars Hand #146317474127:  Hold'em Limit ($3/$6 USD) - 2016/01/02 6:00:07 ET
Table 'Mekbuda II' 2-max Seat #1 is the button
Seat 1: aremom4e ($80.60 in chips)
Seat 2: punkrott ($369.61 in chips)
aremom4e: posts small blind $1
punkrott: posts big blind $3
*** HOLE CARDS ***
aremom4e: folds
Uncalled bet ($2) returned to punkrott
punkrott collected $2 from pot
punkrott: doesn't show hand
*** SUMMARY ***
Total pot $2 | Rake $0
Seat 1: aremom4e (button) (small blind) folded before Flop
Seat 2: punkrott (big blind) collected ($2)


PokerStars Hand #146317486573:  Hold'em Limit ($3/$6 USD) - 2016/01/02 6:00:30 ET
Table 'Mekbuda II' 2-max Seat #2 is the button
Seat 1: aremom4e ($67.60 in chips)
Seat 2: punkrott ($382.25 in chips)
punkrott: posts small blind $1
aremom4e: posts big blind $3
*** HOLE CARDS ***
punkrott: raises $3 to $6
aremom4e: folds
Uncalled bet ($3) returned to punkrott
punkrott collected $6 from pot
punkrott: doesn't show hand
*** SUMMARY ***
Total pot $6 | Rake $0
Seat 1: aremom4e (big blind) folded before Flop
Seat 2: punkrott (button) (small blind) collected ($6)


PokerStars Hand #146317479380:  Hold'em Limit ($3/$6 USD) - 2016/01/02 6:00:17 ET
Table 'Mekbuda II' 2-max Seat #1 is the button
Seat 1: aremom4e ($76.60 in chips)
Seat 2: punkrott ($373.61 in chips)
aremom4e: posts small blind $1
punkrott: posts big blind $3
*** HOLE CARDS ***
aremom4e: raises $3 to $6
punkrott: calls $3
*** FLOP *** [8c 2d Kh]
punkrott: checks
aremom4e: bets $3
punkrott: calls $3
*** TURN *** [8c 2d Kh] [5d]
punkrott: checks
aremom4e: checks
*** RIVER *** [8c 2d Kh 5d] [4c]
punkrott: checks
aremom4e: checks
*** SHOW DOWN ***
punkrott: shows [2c As] (a pair of Deuces)
aremom4e: mucks hand
punkrott collected $17.64 from pot
*** SUMMARY ***
Total pot $18 | Rake $0.36
Board [8c 2d Kh 5d 4c]
Seat 1: aremom4e (button) (small blind) mucked
Seat 2: punkrott (big blind) showed [2c As] and won ($17.64) with a pair of Deuces


PokerStars Hand #146317492200:  Hold'em Limit ($3/$6 USD) - 2016/01/02 6:00:41 ET
Table 'Mekbuda II' 2-max Seat #2 is the button
Seat 1: aremom4e ($67.60 in chips)
Seat 2: punkrott ($382.25 in chips)
punkrott: posts small blind $1
aremom4e: posts big blind $3
*** HOLE CARDS ***
punkrott: folds
Uncalled bet ($2) returned to aremom4e
aremom4e collected $2 from pot
aremom4e: doesn't show hand
*** SUMMARY ***
Total pot $2 | Rake $0
Seat 1: aremom4e (big blind) collected ($2)
Seat 2: punkrott (button) (small blind) folded before Flop


PokerStars Hand #146317489295:  Hold'em Limit ($3/$6 USD) - 2016/01/02 6:00:35 ET
Table 'Mekbuda II' 2-max Seat #1 is the button
Seat 1: aremom4e ($64.60 in chips)
Seat 2: punkrott ($385.25 in chips)
aremom4e: posts small blind $1
punkrott: posts big blind $3
*** HOLE CARDS ***
aremom4e: raises $3 to $6
punkrott: folds
Uncalled bet ($3) returned to aremom4e
aremom4e collected $6 from pot
aremom4e: doesn't show hand
*** SUMMARY ***
Total pot $6 | Rake $0
Seat 1: aremom4e (button) (small blind) collected ($6)
Seat 2: punkrott (big blind) folded before Flop


PokerStars Hand #146317496993:  Hold'em Limit ($3/$6 USD) - 2016/01/02 6:00:50 ET
Table 'Mekbuda II' 2-max Seat #2 is the button
Seat 1: aremom4e ($67.60 in chips)
Seat 2: punkrott ($382.25 in chips)
punkrott: posts small blind $1
aremom4e: posts big blind $3
*** HOLE CARDS ***
punkrott: raises $3 to $6
aremom4e: folds
Uncalled bet ($3) returned to punkrott
punkrott collected $6 from pot
punkrott: doesn't show hand
*** SUMMARY ***
Total pot $6 | Rake $0
Seat 1: aremom4e (big blind) folded before Flop
Seat 2: punkrott (button) (small blind) collected ($6)


PokerStars Hand #146317494375:  Hold'em Limit ($3/$6 USD) - 2016/01/02 6:00:45 ET
Table 'Mekbuda II' 2-max Seat #1 is the button
Seat 1: aremom4e ($68.60 in chips)
Seat 2: punkrott ($381.25 in chips)
aremom4e: posts small blind $1
punkrott: posts big blind $3
*** HOLE CARDS ***
aremom4e: folds
Uncalled bet ($2) returned to punkrott
punkrott collected $2 from pot
punkrott: doesn't show hand
*** SUMMARY ***
Total pot $2 | Rake $0
Seat 1: aremom4e (button) (small blind) folded before Flop
Seat 2: punkrott (big blind) collected ($2)


PokerStars Hand #146317499924:  Hold'em Limit ($3/$6 USD) - 2016/01/02 6:00:55 ET
Table 'Mekbuda II' 2-max Seat #1 is the button
Seat 1: aremom4e ($64.60 in chips)
Seat 2: punkrott ($385.25 in chips)
aremom4e: posts small blind $1
punkrott: posts big blind $3
*** HOLE CARDS ***
aremom4e: raises $3 to $6
punkrott: folds
Uncalled bet ($3) returned to aremom4e
aremom4e collected $6 from pot
aremom4e: doesn't show hand
*** SUMMARY ***
Total pot $6 | Rake $0
Seat 1: aremom4e (button) (small blind) collected ($6)
Seat 2: punkrott (big blind) folded before Flop


PokerStars Hand #146317502867:  Hold'em Limit ($3/$6 USD) - 2016/01/02 6:01:00 ET
Table 'Mekbuda II' 2-max Seat #2 is the button
Seat 1: aremom4e ($67.60 in chips)
Seat 2: punkrott ($382.25 in chips)
punkrott: posts small blind $1
aremom4e: posts big blind $3
*** HOLE CARDS ***
punkrott: raises $3 to $6
aremom4e: calls $3
*** FLOP *** [4d 3s 4h]
aremom4e: checks
punkrott: bets $3
aremom4e: calls $3
*** TURN *** [4d 3s 4h] [Jc]
aremom4e: checks
punkrott: checks
*** RIVER *** [4d 3s 4h Jc] [7c]
aremom4e: bets $6
punkrott: folds
Uncalled bet ($6) returned to aremom4e
aremom4e collected $17.64 from pot
aremom4e: doesn't show hand
*** SUMMARY ***
Total pot $18 | Rake $0.36
Board [4d 3s 4h Jc 7c]
Seat 1: aremom4e (big blind) collected ($17.64)
Seat 2: punkrott (button) (small blind) folded on the River


PokerStars Hand #146317510101:  Hold'em Limit ($3/$6 USD) - 2016/01/02 6:01:13 ET
Table 'Mekbuda II' 2-max Seat #1 is the button
Seat 1: aremom4e ($76.24 in chips)
Seat 2: punkrott ($373.25 in chips)
aremom4e: posts small blind $1
punkrott: posts big blind $3
*** HOLE CARDS ***
aremom4e: raises $3 to $6
punkrott: calls $3
*** FLOP *** [9s 5h Jc]
punkrott: checks
aremom4e: bets $3
punkrott: calls $3
*** TURN *** [9s 5h Jc] [Ah]
punkrott: checks
aremom4e: bets $6
punkrott: folds
Uncalled bet ($6) returned to aremom4e
aremom4e collected $17.64 from pot
aremom4e: doesn't show hand
*** SUMMARY ***
Total pot $18 | Rake $0.36
Board [9s 5h Jc Ah]
Seat 1: aremom4e (button) (small blind) collected ($17.64)
Seat 2: punkrott (big blind) folded on the Turn


PokerStars Hand #146317525796:  Hold'em Limit ($3/$6 USD) - 2016/01/02 6:01:41 ET
Table 'Mekbuda II' 2-max Seat #1 is the button
Seat 1: aremom4e ($54.88 in chips)
Seat 2: punkrott ($393.75 in chips)
aremom4e: posts small blind $1
punkrott: posts big blind $3
*** HOLE CARDS ***
aremom4e: raises $3 to $6
punkrott: folds
Uncalled bet ($3) returned to aremom4e
aremom4e collected $6 from pot
aremom4e: doesn't show hand
*** SUMMARY ***
Total pot $6 | Rake $0
Seat 1: aremom4e (button) (small blind) collected ($6)
Seat 2: punkrott (big blind) folded before Flop


PokerStars Hand #146317516788:  Hold'em Limit ($3/$6 USD) - 2016/01/02 6:01:25 ET
Table 'Mekbuda II' 2-max Seat #2 is the button
Seat 1: aremom4e ($84.88 in chips)
Seat 2: punkrott ($364.25 in chips)
punkrott: posts small blind $1
aremom4e: posts big blind $3
*** HOLE CARDS ***
punkrott: raises $3 to $6
aremom4e: raises $3 to $9
punkrott: calls $3
*** FLOP *** [8s 6h 6s]
aremom4e: bets $3
punkrott: calls $3
*** TURN *** [8s 6h 6s] [3d]
aremom4e: bets $6
punkrott: raises $6 to $12
aremom4e: calls $6
*** RIVER *** [8s 6h 6s 3d] [3s]
aremom4e: checks
punkrott: bets $6
aremom4e: calls $6
*** SHOW DOWN ***
punkrott: shows [6c 9h] (a full house, Sixes full of Threes)
aremom4e: mucks hand
punkrott collected $59.50 from pot
*** SUMMARY ***
Total pot $60 | Rake $0.50
Board [8s 6h 6s 3d 3s]
Seat 1: aremom4e (big blind) mucked
Seat 2: punkrott (button) (small blind) showed [6c 9h] and won ($59.50) with a full house, Sixes full of Threes


PokerStars Hand #146317528950:  Hold'em Limit ($3/$6 USD) - 2016/01/02 6:01:46 ET
Table 'Mekbuda II' 2-max Seat #2 is the button
Seat 1: aremom4e ($57.88 in chips)
Seat 2: punkrott ($390.75 in chips)
punkrott: posts small blind $1
aremom4e: posts big blind $3
*** HOLE CARDS ***
punkrott: raises $3 to $6
aremom4e: calls $3
*** FLOP *** [7c Ac Td]
aremom4e: checks
punkrott: checks
*** TURN *** [7c Ac Td] [6c]
aremom4e: bets $6
punkrott: calls $6
*** RIVER *** [7c Ac Td 6c] [Ah]
aremom4e: checks
punkrott: checks
*** SHOW DOWN ***
aremom4e: shows [5d Ts] (two pair, Aces and Tens)
punkrott: mucks hand
aremom4e collected $23.52 from pot
*** SUMMARY ***
Total pot $24 | Rake $0.48
Board [7c Ac Td 6c Ah]
Seat 1: aremom4e (big blind) showed [5d Ts] and won ($23.52) with two pair, Aces and Tens
Seat 2: punkrott (button) (small blind) mucked


PokerStars Hand #146317542212:  Hold'em Limit ($3/$6 USD) - 2016/01/02 6:02:09 ET
Table 'Mekbuda II' 2-max Seat #2 is the button
Seat 1: aremom4e ($75.16 in chips)
Seat 2: punkrott ($372.75 in chips)
punkrott: posts small blind $1
aremom4e: posts big blind $3
*** HOLE CARDS ***
punkrott: raises $3 to $6
aremom4e: calls $3
*** FLOP *** [2s 8c 2c]
aremom4e: checks
punkrott: bets $3
aremom4e: folds
Uncalled bet ($3) returned to punkrott
punkrott collected $11.76 from pot
punkrott: doesn't show hand
*** SUMMARY ***
Total pot $12 | Rake $0.24
Board [2s 8c 2c]
Seat 1: aremom4e (big blind) folded on the Flop
Seat 2: punkrott (button) (small blind) collected ($11.76)


PokerStars Hand #146317546772:  Hold'em Limit ($3/$6 USD) - 2016/01/02 6:02:16 ET
Table 'Mekbuda II' 2-max Seat #1 is the button
Seat 1: aremom4e ($69.16 in chips)
Seat 2: punkrott ($378.51 in chips)
aremom4e: posts small blind $1
punkrott: posts big blind $3
*** HOLE CARDS ***
aremom4e: folds
Uncalled bet ($2) returned to punkrott
punkrott collected $2 from pot
punkrott: doesn't show hand
*** SUMMARY ***
Total pot $2 | Rake $0
Seat 1: aremom4e (button) (small blind) folded before Flop
Seat 2: punkrott (big blind) collected ($2)


PokerStars Hand #146317554540:  Hold'em Limit ($3/$6 USD) - 2016/01/02 6:02:30 ET
Table 'Mekbuda II' 2-max Seat #1 is the button
Seat 1: aremom4e ($62.16 in chips)
Seat 2: punkrott ($385.27 in chips)
aremom4e: posts small blind $1
punkrott: posts big blind $3
*** HOLE CARDS ***
aremom4e: raises $3 to $6
punkrott: folds
Uncalled bet ($3) returned to aremom4e
aremom4e collected $6 from pot
aremom4e: doesn't show hand
*** SUMMARY ***
Total pot $6 | Rake $0
Seat 1: aremom4e (button) (small blind) collected ($6)
Seat 2: punkrott (big blind) folded before Flop


PokerStars Hand #146317549392:  Hold'em Limit ($3/$6 USD) - 2016/01/02 6:02:21 ET
Table 'Mekbuda II' 2-max Seat #2 is the button
Seat 1: aremom4e ($68.16 in chips)
Seat 2: punkrott ($379.51 in chips)
punkrott: posts small blind $1
aremom4e: posts big blind $3
*** HOLE CARDS ***
punkrott: raises $3 to $6
aremom4e: calls $3
*** FLOP *** [5s 5c Td]
aremom4e: checks
punkrott: bets $3
aremom4e: folds
Uncalled bet ($3) returned to punkrott
punkrott collected $11.76 from pot
punkrott: doesn't show hand
*** SUMMARY ***
Total pot $12 | Rake $0.24
Board [5s 5c Td]
Seat 1: aremom4e (big blind) folded on the Flop
Seat 2: punkrott (button) (small blind) collected ($11.76)


PokerStars Hand #146317557823:  Hold'em Limit ($3/$6 USD) - 2016/01/02 6:02:35 ET
Table 'Mekbuda II' 2-max Seat #2 is the button
Seat 1: aremom4e ($65.16 in chips)
Seat 2: punkrott ($382.27 in chips)
punkrott: posts small blind $1
aremom4e: posts big blind $3
*** HOLE CARDS ***
punkrott: raises $3 to $6
aremom4e: calls $3
*** FLOP *** [4d 4s 9c]
aremom4e: checks
punkrott: bets $3
aremom4e: folds
Uncalled bet ($3) returned to punkrott
punkrott collected $11.76 from pot
punkrott: doesn't show hand
*** SUMMARY ***
Total pot $12 | Rake $0.24
Board [4d 4s 9c]
Seat 1: aremom4e (big blind) folded on the Flop
Seat 2: punkrott (button) (small blind) collected ($11.76)


PokerStars Hand #146317562450:  Hold'em Limit ($3/$6 USD) - 2016/01/02 6:02:43 ET
Table 'Mekbuda II' 2-max Seat #1 is the button
Seat 1: aremom4e ($59.16 in chips)
Seat 2: punkrott ($388.03 in chips)
aremom4e: posts small blind $1
punkrott: posts big blind $3
*** HOLE CARDS ***
aremom4e: raises $3 to $6
punkrott: raises $3 to $9
aremom4e: calls $3
*** FLOP *** [8h 2h Qh]
punkrott: bets $3
aremom4e: calls $3
*** TURN *** [8h 2h Qh] [7h]
punkrott: checks
aremom4e: bets $6
punkrott: raises $6 to $12
aremom4e: calls $6
*** RIVER *** [8h 2h Qh 7h] [Th]
punkrott: bets $6
aremom4e: folds
Uncalled bet ($6) returned to punkrott
punkrott collected $47.50 from pot
punkrott: doesn't show hand
*** SUMMARY ***
Total pot $48 | Rake $0.50
Board [8h 2h Qh 7h Th]
Seat 1: aremom4e (button) (small blind) folded on the River
Seat 2: punkrott (big blind) collected ($47.50)


PokerStars Hand #146317572635:  Hold'em Limit ($3/$6 USD) - 2016/01/02 6:03:01 ET
Table 'Mekbuda II' 2-max Seat #2 is the button
Seat 1: aremom4e ($35.16 in chips)
Seat 2: punkrott ($411.53 in chips)
punkrott: posts small blind $1
aremom4e: posts big blind $3
*** HOLE CARDS ***
punkrott: raises $3 to $6
aremom4e: raises $3 to $9
punkrott: calls $3
*** FLOP *** [4c Ah 6h]
aremom4e: bets $3
punkrott: calls $3
*** TURN *** [4c Ah 6h] [Jh]
aremom4e: bets $6
punkrott: calls $6
*** RIVER *** [4c Ah 6h Jh] [8s]
aremom4e: checks
punkrott: bets $6
aremom4e: calls $6
*** SHOW DOWN ***
punkrott: shows [Ac 5h] (a pair of Aces)
aremom4e: mucks hand
punkrott collected $47.50 from pot
*** SUMMARY ***
Total pot $48 | Rake $0.50
Board [4c Ah 6h Jh 8s]
Seat 1: aremom4e (big blind) mucked
Seat 2: punkrott (button) (small blind) showed [Ac 5h] and won ($47.50) with a pair of Aces


PokerStars Hand #146317581973:  Hold'em Limit ($3/$6 USD) - 2016/01/02 6:03:17 ET
Table 'Mekbuda II' 2-max Seat #1 is the button
Seat 1: aremom4e ($11.16 in chips)
Seat 2: punkrott ($435.03 in chips)
aremom4e: posts small blind $1
punkrott: posts big blind $3
*** HOLE CARDS ***
aremom4e: raises $3 to $6
punkrott: raises $3 to $9
aremom4e: calls $3
*** FLOP *** [5c 7h Ad]
punkrott: bets $3
aremom4e: calls $2.16 and is all-in
Uncalled bet ($0.84) returned to punkrott
*** TURN *** [5c 7h Ad] [Ks]
*** RIVER *** [5c 7h Ad Ks] [Kd]
*** SHOW DOWN ***
punkrott: shows [7c 6c] (two pair, Kings and Sevens)
aremom4e: shows [Ac 9h] (two pair, Aces and Kings)
aremom4e collected $21.87 from pot
*** SUMMARY ***
Total pot $22.32 | Rake $0.45
Board [5c 7h Ad Ks Kd]
Seat 1: aremom4e (button) (small blind) showed [Ac 9h] and won ($21.87) with two pair, Aces and Kings
Seat 2: punkrott (big blind) showed [7c 6c] and lost with two pair, Kings and Sevens


PokerStars Hand #146317590041:  Hold'em Limit ($3/$6 USD) - 2016/01/02 6:03:30 ET
Table 'Mekbuda II' 2-max Seat #2 is the button
Seat 1: aremom4e ($21.87 in chips)
Seat 2: punkrott ($423.87 in chips)
punkrott: posts small blind $1
aremom4e: posts big blind $3
*** HOLE CARDS ***
punkrott: raises $3 to $6
aremom4e: calls $3
*** FLOP *** [8d 3d 2h]
aremom4e: checks
punkrott: bets $3
aremom4e: folds
Uncalled bet ($3) returned to punkrott
punkrott collected $11.76 from pot
punkrott: doesn't show hand
*** SUMMARY ***
Total pot $12 | Rake $0.24
Board [8d 3d 2h]
Seat 1: aremom4e (big blind) folded on the Flop
Seat 2: punkrott (button) (small blind) collected ($11.76)


PokerStars Hand #146317594877:  Hold'em Limit ($3/$6 USD) - 2016/01/02 6:03:39 ET
Table 'Mekbuda II' 2-max Seat #1 is the button
Seat 1: aremom4e ($15.87 in chips)
Seat 2: punkrott ($429.63 in chips)
aremom4e: posts small blind $1
punkrott: posts big blind $3
*** HOLE CARDS ***
aremom4e: raises $3 to $6
punkrott: raises $3 to $9
aremom4e: calls $3
*** FLOP *** [7s Qh 7h]
punkrott: bets $3
aremom4e: calls $3
*** TURN *** [7s Qh 7h] [Qs]
punkrott: bets $6
aremom4e: calls $3.87 and is all-in
Uncalled bet ($2.13) returned to punkrott
*** RIVER *** [7s Qh 7h Qs] [Qc]
*** SHOW DOWN ***
punkrott: shows [As 8d] (a full house, Queens full of Sevens)
aremom4e: shows [9h 8h] (a full house, Queens full of Sevens)
punkrott collected $15.62 from pot
aremom4e collected $15.62 from pot
*** SUMMARY ***
Total pot $31.74 | Rake $0.50
Board [7s Qh 7h Qs Qc]
Seat 1: aremom4e (button) (small blind) showed [9h 8h] and won ($15.62) with a full house, Queens full of Sevens
Seat 2: punkrott (big blind) showed [As 8d] and won ($15.62) with a full house, Queens full of Sevens


PokerStars Hand #146317602976:  Hold'em Limit ($3/$6 USD) - 2016/01/02 6:03:52 ET
Table 'Mekbuda II' 2-max Seat #2 is the button
Seat 1: aremom4e ($15.62 in chips)
Seat 2: punkrott ($429.38 in chips)
punkrott: posts small blind $1
aremom4e: posts big blind $3
*** HOLE CARDS ***
punkrott: raises $3 to $6
aremom4e: raises $3 to $9
punkrott: calls $3
*** FLOP *** [4d Kh Ks]
aremom4e: bets $3
punkrott: raises $3 to $6
aremom4e: calls $3
*** TURN *** [4d Kh Ks] [8d]
aremom4e: checks
punkrott: bets $6
aremom4e: calls $0.62 and is all-in
Uncalled bet ($5.38) returned to punkrott
*** RIVER *** [4d Kh Ks 8d] [8c]
*** SHOW DOWN ***
aremom4e: shows [Qs 3s] (two pair, Kings and Eights)
punkrott: shows [4c 3c] (two pair, Kings and Eights - lower kicker)
aremom4e collected $30.74 from pot
*** SUMMARY ***
Total pot $31.24 | Rake $0.50
Board [4d Kh Ks 8d 8c]
Seat 1: aremom4e (big blind) showed [Qs 3s] and won ($30.74) with two pair, Kings and Eights
Seat 2: punkrott (button) (small blind) showed [4c 3c] and lost with two pair, Kings and Eights


PokerStars Hand #146317612026:  Hold'em Limit ($3/$6 USD) - 2016/01/02 6:04:07 ET
Table 'Mekbuda II' 2-max Seat #1 is the button
Seat 1: aremom4e ($30.74 in chips)
Seat 2: punkrott ($413.76 in chips)
aremom4e: posts small blind $1
punkrott: posts big blind $3
*** HOLE CARDS ***
aremom4e: raises $3 to $6
punkrott: calls $3
*** FLOP *** [Jc Ad Qs]
punkrott: checks
aremom4e: bets $3
punkrott: calls $3
*** TURN *** [Jc Ad Qs] [Kh]
punkrott: checks
aremom4e: bets $6
punkrott: folds
Uncalled bet ($6) returned to aremom4e
aremom4e collected $17.64 from pot
aremom4e: doesn't show hand
*** SUMMARY ***
Total pot $18 | Rake $0.36
Board [Jc Ad Qs Kh]
Seat 1: aremom4e (button) (small blind) collected ($17.64)
Seat 2: punkrott (big blind) folded on the Turn


PokerStars Hand #146317620165:  Hold'em Limit ($3/$6 USD) - 2016/01/02 6:04:21 ET
Table 'Mekbuda II' 2-max Seat #2 is the button
Seat 1: aremom4e ($39.38 in chips)
Seat 2: punkrott ($404.76 in chips)
punkrott: posts small blind $1
aremom4e: posts big blind $3
*** HOLE CARDS ***
punkrott: raises $3 to $6
aremom4e: raises $3 to $9
punkrott: calls $3
*** FLOP *** [Qs 5s 2c]
aremom4e: bets $3
punkrott: calls $3
*** TURN *** [Qs 5s 2c] [4s]
aremom4e: checks
punkrott: bets $6
aremom4e: raises $6 to $12
punkrott: calls $6
*** RIVER *** [Qs 5s 2c 4s] [Js]
aremom4e: bets $6
punkrott: calls $6
*** SHOW DOWN ***
aremom4e: shows [Qc Qh] (three of a kind, Queens)
punkrott: shows [Ks Jc] (a flush, King high)
punkrott collected $59.50 from pot
*** SUMMARY ***
Total pot $60 | Rake $0.50
Board [Qs 5s 2c 4s Js]
Seat 1: aremom4e (big blind) showed [Qc Qh] and lost with three of a kind, Queens
Seat 2: punkrott (button) (small blind) showed [Ks Jc] and won ($59.50) with a flush, King high


PokerStars Hand #146317631528:  Hold'em Limit ($3/$6 USD) - 2016/01/02 6:04:40 ET
Table 'Mekbuda II' 2-max Seat #1 is the button
Seat 1: aremom4e ($9.38 in chips)
Seat 2: punkrott ($434.26 in chips)
aremom4e: posts small blind $1
punkrott: posts big blind $3
*** HOLE CARDS ***
aremom4e: raises $3 to $6
punkrott: raises $3 to $9
aremom4e: calls $3
*** FLOP *** [4s 5s Qs]
punkrott: bets $3
aremom4e: calls $0.38 and is all-in
Uncalled bet ($2.62) returned to punkrott
*** TURN *** [4s 5s Qs] [3s]
*** RIVER *** [4s 5s Qs 3s] [4d]
*** SHOW DOWN ***
punkrott: shows [7s As] (a flush, Ace high)
aremom4e: shows [5h 8d] (two pair, Fives and Fours)
punkrott collected $18.38 from pot
*** SUMMARY ***
Total pot $18.76 | Rake $0.38
Board [4s 5s Qs 3s 4d]
Seat 1: aremom4e (button) (small blind) showed [5h 8d] and lost with two pair, Fives and Fours
Seat 2: punkrott (big blind) showed [7s As] and won ($18.38) with a flush, Ace high


