PokerStars Hand #147425541903:  Hold'em Limit ($3/$6 USD) - 2016/01/21 11:24:29 ET
Table 'Mekbuda' 6-max Seat #6 is the button
Seat 1: _fayzulllo_ ($59.38 in chips)
Seat 6: Pandakey ($120 in chips)
Pandakey: posts small blind $1
_fayzulllo_: posts big blind $3
*** HOLE CARDS ***
belik555 joins the table at seat #2
Pandakey: raises $3 to $6
_fayzulllo_: calls $3
*** FLOP *** [7s 7h Jc]
_fayzulllo_: checks
Pandakey: bets $3
_fayzulllo_: calls $3
*** TURN *** [7s 7h Jc] [Kc]
_fayzulllo_: checks
Pandakey: bets $6
_fayzulllo_: calls $6
*** RIVER *** [7s 7h Jc Kc] [Ks]
_fayzulllo_: checks
Pandakey: bets $6
_fayzulllo_: calls $6
*** SHOW DOWN ***
Pandakey: shows [5d 7d] (a full house, Sevens full of Kings)
_fayzulllo_: mucks hand
Pandakey collected $41.50 from pot
*** SUMMARY ***
Total pot $42 | Rake $0.50
Board [7s 7h Jc Kc Ks]
Seat 1: _fayzulllo_ (big blind) mucked
Seat 6: Pandakey (button) (small blind) showed [5d 7d] and won ($41.50) with a full house, Sevens full of Kings


PokerStars Hand #147425631457:  Hold'em Limit ($3/$6 USD) - 2016/01/21 11:26:11 ET
Table 'Mekbuda' 6-max Seat #1 is the button
Seat 1: _fayzulllo_ ($20.20 in chips)
Seat 2: belik555 ($92.50 in chips)
_fayzulllo_: posts small blind $1
belik555: posts big blind $3
*** HOLE CARDS ***
_fayzulllo_: folds
Uncalled bet ($2) returned to belik555
belik555 collected $2 from pot
belik555: doesn't show hand
*** SUMMARY ***
Total pot $2 | Rake $0
Seat 1: _fayzulllo_ (button) (small blind) folded before Flop
Seat 2: belik555 (big blind) collected ($2)


PokerStars Hand #147425590644:  Hold'em Limit ($3/$6 USD) - 2016/01/21 11:25:25 ET
Table 'Mekbuda' 6-max Seat #2 is the button
Seat 1: _fayzulllo_ ($41.20 in chips)
Seat 2: belik555 ($72 in chips)
belik555: posts small blind $1
Pandakey: is sitting out
_fayzulllo_: posts big blind $3
*** HOLE CARDS ***
belik555: raises $3 to $6
_fayzulllo_: calls $3
*** FLOP *** [5c 7h 7c]
_fayzulllo_: checks
belik555: bets $3
_fayzulllo_: calls $3
*** TURN *** [5c 7h 7c] [8s]
Luarvik888 joins the table at seat #3
Pandakey leaves the table
_fayzulllo_: checks
belik555: bets $6
_fayzulllo_: calls $6
*** RIVER *** [5c 7h 7c 8s] [2c]
_fayzulllo_: checks
belik555: bets $6
_fayzulllo_: calls $6
*** SHOW DOWN ***
belik555: shows [7d Jc] (three of a kind, Sevens)
_fayzulllo_: mucks hand
belik555 collected $41.50 from pot
*** SUMMARY ***
Total pot $42 | Rake $0.50
Board [5c 7h 7c 8s 2c]
Seat 1: _fayzulllo_ (big blind) mucked
Seat 2: belik555 (button) (small blind) showed [7d Jc] and won ($41.50) with three of a kind, Sevens


PokerStars Hand #147425696431:  Hold'em Limit ($3/$6 USD) - 2016/01/21 11:27:25 ET
Table 'Mekbuda' 6-max Seat #2 is the button
Seat 2: belik555 ($80.06 in chips)
Seat 3: Luarvik888 ($111 in chips)
belik555: posts small blind $1
Luarvik888: posts big blind $3
*** HOLE CARDS ***
belik555: raises $3 to $6
Luarvik888: calls $3
*** FLOP *** [4d 8s Qc]
Luarvik888: checks
belik555: bets $3
Luarvik888: folds
Uncalled bet ($3) returned to belik555
belik555 collected $11.76 from pot
belik555: doesn't show hand
*** SUMMARY ***
Total pot $12 | Rake $0.24
Board [4d 8s Qc]
Seat 2: belik555 (button) (small blind) collected ($11.76)
Seat 3: Luarvik888 (big blind) folded on the Flop


PokerStars Hand #147425671531:  Hold'em Limit ($3/$6 USD) - 2016/01/21 11:26:57 ET
Table 'Mekbuda' 6-max Seat #3 is the button
Seat 2: belik555 ($74.30 in chips)
Seat 3: Luarvik888 ($117 in chips)
Luarvik888: posts small blind $1
_fayzulllo_: is sitting out
belik555: posts big blind $3
*** HOLE CARDS ***
Luarvik888: raises $3 to $6
_fayzulllo_ leaves the table
belik555: calls $3
*** FLOP *** [3c 6h 9d]
belik555: checks
Luarvik888: checks
*** TURN *** [3c 6h 9d] [Td]
belik555: bets $6
Luarvik888: folds
Uncalled bet ($6) returned to belik555
belik555 collected $11.76 from pot
belik555: doesn't show hand
*** SUMMARY ***
Total pot $12 | Rake $0.24
Board [3c 6h 9d Td]
Seat 2: belik555 (big blind) collected ($11.76)
Seat 3: Luarvik888 (button) (small blind) folded on the Turn


PokerStars Hand #147425749676:  Hold'em Limit ($3/$6 USD) - 2016/01/21 11:28:27 ET
Table 'Mekbuda' 6-max Seat #2 is the button
Seat 2: belik555 ($79.82 in chips)
Seat 3: Luarvik888 ($110.76 in chips)
belik555: posts small blind $1
Luarvik888: posts big blind $3
*** HOLE CARDS ***
belik555: raises $3 to $6
Luarvik888: calls $3
*** FLOP *** [6s 9s 3s]
Luarvik888: checks
belik555: bets $3
Luarvik888: calls $3
*** TURN *** [6s 9s 3s] [Kd]
Luarvik888: checks
belik555: checks
*** RIVER *** [6s 9s 3s Kd] [9d]
Luarvik888: bets $6
belik555: calls $6
*** SHOW DOWN ***
Luarvik888: shows [8c 4s] (a pair of Nines)
belik555: shows [Ac 8s] (a pair of Nines - Ace kicker)
belik555 collected $29.50 from pot
*** SUMMARY ***
Total pot $30 | Rake $0.50
Board [6s 9s 3s Kd 9d]
Seat 2: belik555 (button) (small blind) showed [Ac 8s] and won ($29.50) with a pair of Nines
Seat 3: Luarvik888 (big blind) showed [8c 4s] and lost with a pair of Nines


PokerStars Hand #147425727743:  Hold'em Limit ($3/$6 USD) - 2016/01/21 11:28:01 ET
Table 'Mekbuda' 6-max Seat #3 is the button
Seat 2: belik555 ($85.82 in chips)
Seat 3: Luarvik888 ($105 in chips)
Luarvik888: posts small blind $1
belik555: posts big blind $3
*** HOLE CARDS ***
Luarvik888: raises $3 to $6
belik555: calls $3
*** FLOP *** [Kd Jh 4h]
belik555: checks
amarillo778 joins the table at seat #4
Luarvik888: checks
*** TURN *** [Kd Jh 4h] [7d]
belik555: checks
Luarvik888: checks
*** RIVER *** [Kd Jh 4h 7d] [9h]
belik555: checks
Luarvik888: checks
*** SHOW DOWN ***
belik555: shows [Ac 2s] (high card Ace)
Luarvik888: shows [5h 5d] (a pair of Fives)
Luarvik888 collected $11.76 from pot
*** SUMMARY ***
Total pot $12 | Rake $0.24
Board [Kd Jh 4h 7d 9h]
Seat 2: belik555 (big blind) showed [Ac 2s] and lost with high card Ace
Seat 3: Luarvik888 (button) (small blind) showed [5h 5d] and won ($11.76) with a pair of Fives


PokerStars Hand #147425826057:  Hold'em Limit ($3/$6 USD) - 2016/01/21 11:29:54 ET
Table 'Mekbuda' 6-max Seat #2 is the button
Seat 2: belik555 ($138.56 in chips)
Seat 4: amarillo778 ($247.86 in chips)
belik555: posts small blind $1
Luarvik888: is sitting out
amarillo778: posts big blind $3
*** HOLE CARDS ***
belik555: raises $3 to $6
Luarvik888 leaves the table
amarillo778: calls $3
*** FLOP *** [9s 2c Qc]
amarillo778: checks
belik555: bets $3
amarillo778: calls $3
*** TURN *** [9s 2c Qc] [6d]
amarillo778: checks
ChOfW joins the table at seat #5
belik555: checks
*** RIVER *** [9s 2c Qc 6d] [Ac]
amarillo778: bets $6
belik555: folds
Uncalled bet ($6) returned to amarillo778
amarillo778 collected $17.64 from pot
amarillo778: doesn't show hand
*** SUMMARY ***
Total pot $18 | Rake $0.36
Board [9s 2c Qc 6d Ac]
Seat 2: belik555 (button) (small blind) folded on the River
Seat 4: amarillo778 (big blind) collected ($17.64)


PokerStars Hand #147426066729:  Hold'em Limit ($3/$6 USD) - 2016/01/21 11:34:26 ET
Table 'Mekbuda' 6-max Seat #2 is the button
Seat 2: belik555 ($148.83 in chips)
Seat 4: amarillo778 ($210.50 in chips)
belik555: posts small blind $1
amarillo778: posts big blind $3
*** HOLE CARDS ***
belik555: raises $3 to $6
amarillo778: calls $3
*** FLOP *** [9d 7d 8c]
amarillo778: checks
belik555: bets $3
amarillo778: raises $3 to $6
belik555: calls $3
*** TURN *** [9d 7d 8c] [Ks]
amarillo778: bets $6
belik555: calls $6
*** RIVER *** [9d 7d 8c Ks] [Kh]
amarillo778: bets $6
belik555: calls $6
*** SHOW DOWN ***
amarillo778: shows [3c 9c] (two pair, Kings and Nines)
belik555: mucks hand
amarillo778 collected $47.50 from pot
*** SUMMARY ***
Total pot $48 | Rake $0.50
Board [9d 7d 8c Ks Kh]
Seat 2: belik555 (button) (small blind) mucked
Seat 4: amarillo778 (big blind) showed [3c 9c] and won ($47.50) with two pair, Kings and Nines


PokerStars Hand #147426061217:  Hold'em Limit ($3/$6 USD) - 2016/01/21 11:34:19 ET
Table 'Mekbuda' 6-max Seat #4 is the button
Seat 2: belik555 ($151.83 in chips)
Seat 4: amarillo778 ($207.50 in chips)
amarillo778: posts small blind $1
belik555: posts big blind $3
*** HOLE CARDS ***
amarillo778: raises $3 to $6
belik555: folds
Uncalled bet ($3) returned to amarillo778
amarillo778 collected $6 from pot
amarillo778: doesn't show hand
*** SUMMARY ***
Total pot $6 | Rake $0
Seat 2: belik555 (big blind) folded before Flop
Seat 4: amarillo778 (button) (small blind) collected ($6)


PokerStars Hand #147426054329:  Hold'em Limit ($3/$6 USD) - 2016/01/21 11:34:12 ET
Table 'Mekbuda' 6-max Seat #2 is the button
Seat 2: belik555 ($148.83 in chips)
Seat 4: amarillo778 ($210.50 in chips)
belik555: posts small blind $1
amarillo778: posts big blind $3
*** HOLE CARDS ***
belik555: raises $3 to $6
amarillo778: folds
Uncalled bet ($3) returned to belik555
belik555 collected $6 from pot
belik555: doesn't show hand
*** SUMMARY ***
Total pot $6 | Rake $0
Seat 2: belik555 (button) (small blind) collected ($6)
Seat 4: amarillo778 (big blind) folded before Flop


PokerStars Hand #147426040279:  Hold'em Limit ($3/$6 USD) - 2016/01/21 11:33:56 ET
Table 'Mekbuda' 6-max Seat #4 is the button
Seat 2: belik555 ($140.19 in chips)
Seat 4: amarillo778 ($219.50 in chips)
amarillo778: posts small blind $1
ChOfW: is sitting out
belik555: posts big blind $3
*** HOLE CARDS ***
amarillo778: raises $3 to $6
ChOfW leaves the table
belik555: raises $3 to $9
amarillo778: calls $3
*** FLOP *** [7h 5d 3h]
belik555: bets $3
amarillo778: folds
Uncalled bet ($3) returned to belik555
belik555 collected $17.64 from pot
belik555: doesn't show hand
*** SUMMARY ***
Total pot $18 | Rake $0.36
Board [7h 5d 3h]
Seat 2: belik555 (big blind) collected ($17.64)
Seat 4: amarillo778 (button) (small blind) folded on the Flop


PokerStars Hand #147426152886:  Hold'em Limit ($3/$6 USD) - 2016/01/21 11:36:02 ET
Table 'Mekbuda' 6-max Seat #4 is the button
Seat 2: belik555 ($118.35 in chips)
Seat 4: amarillo778 ($239.50 in chips)
amarillo778: posts small blind $1
belik555: posts big blind $3
*** HOLE CARDS ***
amarillo778: folds
Uncalled bet ($2) returned to belik555
belik555 collected $2 from pot
belik555: doesn't show hand
*** SUMMARY ***
Total pot $2 | Rake $0
Seat 2: belik555 (big blind) collected ($2)
Seat 4: amarillo778 (button) (small blind) folded before Flop


PokerStars Hand #147426125224:  Hold'em Limit ($3/$6 USD) - 2016/01/21 11:35:31 ET
Table 'Mekbuda' 6-max Seat #2 is the button
Seat 2: belik555 ($106.83 in chips)
Seat 4: amarillo778 ($251.50 in chips)
belik555: posts small blind $1
amarillo778: posts big blind $3
*** HOLE CARDS ***
belik555: raises $3 to $6
amarillo778: raises $3 to $9
belik555: calls $3
*** FLOP *** [4h 3h Jd]
amarillo778: checks
belik555: bets $3
amarillo778: calls $3
*** TURN *** [4h 3h Jd] [Jh]
amarillo778: checks
belik555: bets $6
amarillo778: folds
Uncalled bet ($6) returned to belik555
belik555 collected $23.52 from pot
belik555: doesn't show hand
*** SUMMARY ***
Total pot $24 | Rake $0.48
Board [4h 3h Jd Jh]
Seat 2: belik555 (button) (small blind) collected ($23.52)
Seat 4: amarillo778 (big blind) folded on the Turn


PokerStars Hand #147426102590:  Hold'em Limit ($3/$6 USD) - 2016/01/21 11:35:06 ET
Table 'Mekbuda' 6-max Seat #4 is the button
Seat 2: belik555 ($124.83 in chips)
Seat 4: amarillo778 ($234 in chips)
amarillo778: posts small blind $1
belik555: posts big blind $3
*** HOLE CARDS ***
amarillo778: raises $3 to $6
belik555: calls $3
*** FLOP *** [Td 9c 4s]
belik555: checks
amarillo778: checks
*** TURN *** [Td 9c 4s] [3c]
belik555: checks
amarillo778: bets $6
belik555: calls $6
*** RIVER *** [Td 9c 4s 3c] [Qs]
belik555: checks
amarillo778: bets $6
belik555: calls $6
*** SHOW DOWN ***
amarillo778: shows [Jc Kh] (a straight, Nine to King)
belik555: mucks hand
amarillo778 collected $35.50 from pot
*** SUMMARY ***
Total pot $36 | Rake $0.50
Board [Td 9c 4s 3c Qs]
Seat 2: belik555 (big blind) mucked
Seat 4: amarillo778 (button) (small blind) showed [Jc Kh] and won ($35.50) with a straight, Nine to King


PokerStars Hand #147426156853:  Hold'em Limit ($3/$6 USD) - 2016/01/21 11:36:07 ET
Table 'Mekbuda' 6-max Seat #2 is the button
Seat 2: belik555 ($119.35 in chips)
Seat 4: amarillo778 ($238.50 in chips)
belik555: posts small blind $1
amarillo778: posts big blind $3
*** HOLE CARDS ***
belik555: raises $3 to $6
amarillo778: calls $3
*** FLOP *** [8s 3d 9s]
amarillo778: checks
belik555: bets $3
amarillo778: raises $3 to $6
belik555: calls $3
*** TURN *** [8s 3d 9s] [8d]
amarillo778: bets $6
belik555: raises $6 to $12
TinaTurner72 joins the table at seat #5
amarillo778: calls $6
*** RIVER *** [8s 3d 9s 8d] [Jc]
amarillo778: checks
belik555: bets $6
amarillo778: calls $6
*** SHOW DOWN ***
belik555: shows [Qc Qs] (two pair, Queens and Eights)
amarillo778: mucks hand
belik555 collected $59.50 from pot
*** SUMMARY ***
Total pot $60 | Rake $0.50
Board [8s 3d 9s 8d Jc]
Seat 2: belik555 (button) (small blind) showed [Qc Qs] and won ($59.50) with two pair, Queens and Eights
Seat 4: amarillo778 (big blind) mucked


PokerStars Hand #147429413425:  Hold'em Limit ($3/$6 USD) - 2016/01/21 12:35:39 ET
Table 'Mekbuda' 6-max Seat #3 is the button
Seat 3: glenndale22 ($157.31 in chips)
Seat 4: krytalex ($85.10 in chips)
glenndale22: posts small blind $1
krytalex: posts big blind $3
*** HOLE CARDS ***
glenndale22: calls $2
krytalex: raises $3 to $6
glenndale22: calls $3
*** FLOP *** [9s Qc As]
Molot7530 joins the table at seat #6
krytalex: bets $3
glenndale22: calls $3
*** TURN *** [9s Qc As] [Ac]
krytalex: bets $6
glenndale22: calls $6
*** RIVER *** [9s Qc As Ac] [5d]
krytalex: bets $6
glenndale22: calls $6
*** SHOW DOWN ***
krytalex: shows [Ad 7s] (three of a kind, Aces)
glenndale22: mucks hand
krytalex collected $41.50 from pot
*** SUMMARY ***
Total pot $42 | Rake $0.50
Board [9s Qc As Ac 5d]
Seat 3: glenndale22 (button) (small blind) mucked
Seat 4: krytalex (big blind) showed [Ad 7s] and won ($41.50) with three of a kind, Aces


PokerStars Hand #147429402624:  Hold'em Limit ($3/$6 USD) - 2016/01/21 12:35:28 ET
Table 'Mekbuda' 6-max Seat #4 is the button
Seat 3: glenndale22 ($156.31 in chips)
Seat 4: krytalex ($86.10 in chips)
krytalex: posts small blind $1
glenndale22: posts big blind $3
*** HOLE CARDS ***
krytalex: folds
Uncalled bet ($2) returned to glenndale22
glenndale22 collected $2 from pot
glenndale22: doesn't show hand
*** SUMMARY ***
Total pot $2 | Rake $0
Seat 3: glenndale22 (big blind) collected ($2)
Seat 4: krytalex (button) (small blind) folded before Flop


PokerStars Hand #147436232585:  Hold'em Limit ($3/$6 USD) - 2016/01/21 14:25:18 ET
Table 'Mekbuda' 6-max Seat #4 is the button
Seat 4: Mullern ($40 in chips)
Seat 5: Pandakey ($120 in chips)
Mullern: posts small blind $1
Pandakey: posts big blind $3
*** HOLE CARDS ***
Mullern: raises $3 to $6
Pandakey: raises $3 to $9
Mullern: calls $3
*** FLOP *** [7c 8h Qh]
Pandakey: bets $3
Mullern: calls $3
*** TURN *** [7c 8h Qh] [Ad]
Pandakey: bets $6
Mullern: calls $6
*** RIVER *** [7c 8h Qh Ad] [Jc]
Pandakey: bets $6
Mullern: folds
Uncalled bet ($6) returned to Pandakey
Pandakey collected $35.50 from pot
Pandakey: doesn't show hand
*** SUMMARY ***
Total pot $36 | Rake $0.50
Board [7c 8h Qh Ad Jc]
Seat 4: Mullern (button) (small blind) folded on the River
Seat 5: Pandakey (big blind) collected ($35.50)


PokerStars Hand #147436301038:  Hold'em Limit ($3/$6 USD) - 2016/01/21 14:26:21 ET
Table 'Mekbuda' 6-max Seat #5 is the button
Seat 4: Mullern ($22 in chips)
Seat 5: Pandakey ($137.50 in chips)
Pandakey: posts small blind $1
Mullern: posts big blind $3
*** HOLE CARDS ***
Pandakey: raises $3 to $6
Mullern: calls $3
*** FLOP *** [5h 5d 2s]
Mullern: checks
Pandakey: bets $3
Mullern: calls $3
*** TURN *** [5h 5d 2s] [Tc]
Mullern: checks
Pandakey: bets $6
Mullern: raises $6 to $12
Pandakey: raises $6 to $18
Mullern: calls $1 and is all-in
Uncalled bet ($5) returned to Pandakey
*** RIVER *** [5h 5d 2s Tc] [Jc]
*** SHOW DOWN ***
Mullern: shows [Td Kd] (two pair, Tens and Fives)
Pandakey: shows [Ad As] (two pair, Aces and Fives)
Pandakey collected $43.50 from pot
*** SUMMARY ***
Total pot $44 | Rake $0.50
Board [5h 5d 2s Tc Jc]
Seat 4: Mullern (big blind) showed [Td Kd] and lost with two pair, Tens and Fives
Seat 5: Pandakey (button) (small blind) showed [Ad As] and won ($43.50) with two pair, Aces and Fives


PokerStars Hand #147442300811:  Hold'em Limit ($3/$6 USD) - 2016/01/21 15:56:38 ET
Table 'Mekbuda' 6-max Seat #6 is the button
Seat 3: Mac-Firefox ($91.50 in chips)
Seat 6: SashaYuvelir ($148.12 in chips)
SashaYuvelir: posts small blind $1
BuzovaPro: is sitting out
belik555: is sitting out
Mac-Firefox: posts big blind $3
*** HOLE CARDS ***
SashaYuvelir: folds
Uncalled bet ($2) returned to Mac-Firefox
Mac-Firefox collected $2 from pot
Mac-Firefox: doesn't show hand
belik555 leaves the table
*** SUMMARY ***
Total pot $2 | Rake $0
Seat 3: Mac-Firefox (big blind) collected ($2)
Seat 6: SashaYuvelir (button) (small blind) folded before Flop


PokerStars Hand #147442305058:  Hold'em Limit ($3/$6 USD) - 2016/01/21 15:56:43 ET
Table 'Mekbuda' 6-max Seat #3 is the button
Seat 3: Mac-Firefox ($92.50 in chips)
Seat 6: SashaYuvelir ($147.12 in chips)
Mac-Firefox: posts small blind $1
SashaYuvelir: posts big blind $3
*** HOLE CARDS ***
Mac-Firefox: folds
Uncalled bet ($2) returned to SashaYuvelir
SashaYuvelir collected $2 from pot
SashaYuvelir: doesn't show hand
*** SUMMARY ***
Total pot $2 | Rake $0
Seat 3: Mac-Firefox (button) (small blind) folded before Flop
Seat 6: SashaYuvelir (big blind) collected ($2)


PokerStars Hand #147442314796:  Hold'em Limit ($3/$6 USD) - 2016/01/21 15:56:54 ET
Table 'Mekbuda' 6-max Seat #6 is the button
Seat 3: Mac-Firefox ($91.50 in chips)
Seat 6: SashaYuvelir ($148.12 in chips)
SashaYuvelir: posts small blind $1
Mac-Firefox: posts big blind $3
*** HOLE CARDS ***
SashaYuvelir: raises $3 to $6
Mac-Firefox: calls $3
*** FLOP *** [9s As Kc]
Mac-Firefox: checks
SashaYuvelir: bets $3
Mac-Firefox: calls $3
*** TURN *** [9s As Kc] [9d]
Mac-Firefox: checks
SashaYuvelir: bets $6
Mac-Firefox: folds
Uncalled bet ($6) returned to SashaYuvelir
SashaYuvelir collected $17.64 from pot
SashaYuvelir: doesn't show hand
*** SUMMARY ***
Total pot $18 | Rake $0.36
Board [9s As Kc 9d]
Seat 3: Mac-Firefox (big blind) folded on the Turn
Seat 6: SashaYuvelir (button) (small blind) collected ($17.64)


