PokerStars Hand #147547016871:  Hold'em Limit ($3/$6 USD) - 2016/01/23 13:20:02 ET
Table 'Mekbuda III' 2-max Seat #2 is the button
Seat 1: melyh82 ($116.86 in chips)
Seat 2: krytalex ($120 in chips)
krytalex: posts small blind $1
melyh82: posts big blind $3
*** HOLE CARDS ***
krytalex: raises $3 to $6
melyh82: calls $3
*** FLOP *** [4c 5s 6s]
melyh82: checks
krytalex: bets $3
melyh82: calls $3
*** TURN *** [4c 5s 6s] [8d]
melyh82: checks
krytalex: bets $6
melyh82: calls $6
*** RIVER *** [4c 5s 6s 8d] [4s]
melyh82: bets $6
krytalex: folds
Uncalled bet ($6) returned to melyh82
melyh82 collected $29.50 from pot
*** SUMMARY ***
Total pot $30 | Rake $0.50
Board [4c 5s 6s 8d 4s]
Seat 1: melyh82 (big blind) collected ($29.50)
Seat 2: krytalex (button) (small blind) folded on the River


PokerStars Hand #147547098037:  Hold'em Limit ($3/$6 USD) - 2016/01/23 13:21:21 ET
Table 'Mekbuda III' 2-max Seat #1 is the button
Seat 1: melyh82 ($111.36 in chips)
Seat 2: krytalex ($124.50 in chips)
melyh82: posts small blind $1
krytalex: posts big blind $3
*** HOLE CARDS ***
melyh82: raises $3 to $6
krytalex: calls $3
*** FLOP *** [Jd Ks 6c]
krytalex: checks
melyh82: bets $3
krytalex: folds
Uncalled bet ($3) returned to melyh82
melyh82 collected $11.76 from pot
*** SUMMARY ***
Total pot $12 | Rake $0.24
Board [Jd Ks 6c]
Seat 1: melyh82 (button) (small blind) collected ($11.76)
Seat 2: krytalex (big blind) folded on the Flop


PokerStars Hand #147547089880:  Hold'em Limit ($3/$6 USD) - 2016/01/23 13:21:13 ET
Table 'Mekbuda III' 2-max Seat #2 is the button
Seat 1: melyh82 ($110.36 in chips)
Seat 2: krytalex ($125.50 in chips)
krytalex: posts small blind $1
melyh82: posts big blind $3
*** HOLE CARDS ***
krytalex: folds
Uncalled bet ($2) returned to melyh82
melyh82 collected $2 from pot
*** SUMMARY ***
Total pot $2 | Rake $0
Seat 1: melyh82 (big blind) collected ($2)
Seat 2: krytalex (button) (small blind) folded before Flop


PokerStars Hand #147547057806:  Hold'em Limit ($3/$6 USD) - 2016/01/23 13:20:42 ET
Table 'Mekbuda III' 2-max Seat #1 is the button
Seat 1: melyh82 ($131.36 in chips)
Seat 2: krytalex ($105 in chips)
melyh82: posts small blind $1
krytalex: posts big blind $3
*** HOLE CARDS ***
melyh82: raises $3 to $6
krytalex: calls $3
*** FLOP *** [9h 6c 7h]
krytalex: bets $3
melyh82: calls $3
*** TURN *** [9h 6c 7h] [Ad]
krytalex: bets $6
melyh82: calls $6
*** RIVER *** [9h 6c 7h Ad] [Kc]
krytalex: bets $6
melyh82: calls $6
*** SHOW DOWN ***
krytalex: shows [8d Tc] (a straight, Six to Ten)
melyh82: mucks hand
krytalex collected $41.50 from pot
*** SUMMARY ***
Total pot $42 | Rake $0.50
Board [9h 6c 7h Ad Kc]
Seat 1: melyh82 (button) (small blind) mucked
Seat 2: krytalex (big blind) showed [8d Tc] and won ($41.50) with a straight, Six to Ten


PokerStars Hand #147547172059:  Hold'em Limit ($3/$6 USD) - 2016/01/23 13:22:33 ET
Table 'Mekbuda III' 2-max Seat #2 is the button
Seat 1: melyh82 ($130.62 in chips)
Seat 2: krytalex ($104.50 in chips)
krytalex: posts small blind $1
melyh82: posts big blind $3
*** HOLE CARDS ***
krytalex: raises $3 to $6
melyh82: raises $3 to $9
krytalex: calls $3
*** FLOP *** [9h Ac Tc]
melyh82: bets $3
krytalex: folds
Uncalled bet ($3) returned to melyh82
melyh82 collected $17.64 from pot
*** SUMMARY ***
Total pot $18 | Rake $0.36
Board [9h Ac Tc]
Seat 1: melyh82 (big blind) collected ($17.64)
Seat 2: krytalex (button) (small blind) folded on the Flop


PokerStars Hand #147547163022:  Hold'em Limit ($3/$6 USD) - 2016/01/23 13:22:24 ET
Table 'Mekbuda III' 2-max Seat #1 is the button
Seat 1: melyh82 ($131.62 in chips)
Seat 2: krytalex ($103.50 in chips)
melyh82: posts small blind $1
krytalex: posts big blind $3
*** HOLE CARDS ***
melyh82: folds
Uncalled bet ($2) returned to krytalex
krytalex collected $2 from pot
*** SUMMARY ***
Total pot $2 | Rake $0
Seat 1: melyh82 (button) (small blind) folded before Flop
Seat 2: krytalex (big blind) collected ($2)


PokerStars Hand #147547126233:  Hold'em Limit ($3/$6 USD) - 2016/01/23 13:21:48 ET
Table 'Mekbuda III' 2-max Seat #2 is the button
Seat 1: melyh82 ($117.12 in chips)
Seat 2: krytalex ($118.50 in chips)
krytalex: posts small blind $1
melyh82: posts big blind $3
*** HOLE CARDS ***
krytalex: raises $3 to $6
melyh82: calls $3
*** FLOP *** [As 9d 7h]
melyh82: checks
krytalex: bets $3
melyh82: calls $3
*** TURN *** [As 9d 7h] [Qd]
melyh82: checks
krytalex: checks
*** RIVER *** [As 9d 7h Qd] [9c]
melyh82: bets $6
krytalex: calls $6
*** SHOW DOWN ***
melyh82: shows [Kh 9h] (three of a kind, Nines)
krytalex: mucks hand
melyh82 collected $29.50 from pot
*** SUMMARY ***
Total pot $30 | Rake $0.50
Board [As 9d 7h Qd 9c]
Seat 1: melyh82 (big blind) showed [Kh 9h] and won ($29.50) with three of a kind, Nines
Seat 2: krytalex (button) (small blind) mucked


PokerStars Hand #147547216257:  Hold'em Limit ($3/$6 USD) - 2016/01/23 13:23:16 ET
Table 'Mekbuda III' 2-max Seat #2 is the button
Seat 1: melyh82 ($145.02 in chips)
Seat 2: krytalex ($89.50 in chips)
krytalex: posts small blind $1
melyh82: posts big blind $3
*** HOLE CARDS ***
krytalex: calls $2
melyh82: checks
*** FLOP *** [Qd Kh 8s]
melyh82: checks
krytalex: bets $3
melyh82: folds
Uncalled bet ($3) returned to krytalex
krytalex collected $5.88 from pot
*** SUMMARY ***
Total pot $6 | Rake $0.12
Board [Qd Kh 8s]
Seat 1: melyh82 (big blind) folded on the Flop
Seat 2: krytalex (button) (small blind) collected ($5.88)


PokerStars Hand #147547192487:  Hold'em Limit ($3/$6 USD) - 2016/01/23 13:22:53 ET
Table 'Mekbuda III' 2-max Seat #1 is the button
Seat 1: melyh82 ($139.26 in chips)
Seat 2: krytalex ($95.50 in chips)
melyh82: posts small blind $1
krytalex: posts big blind $3
*** HOLE CARDS ***
melyh82: raises $3 to $6
krytalex: calls $3
*** FLOP *** [7c Kc Js]
krytalex: checks
melyh82: bets $3
krytalex: folds
Uncalled bet ($3) returned to melyh82
melyh82 collected $11.76 from pot
*** SUMMARY ***
Total pot $12 | Rake $0.24
Board [7c Kc Js]
Seat 1: melyh82 (button) (small blind) collected ($11.76)
Seat 2: krytalex (big blind) folded on the Flop


PokerStars Hand #147547301306:  Hold'em Limit ($3/$6 USD) - 2016/01/23 13:24:40 ET
Table 'Mekbuda III' 2-max Seat #2 is the button
Seat 1: melyh82 ($147.78 in chips)
Seat 2: krytalex ($86.38 in chips)
krytalex: posts small blind $1
melyh82: posts big blind $3
*** HOLE CARDS ***
krytalex: folds
Uncalled bet ($2) returned to melyh82
melyh82 collected $2 from pot
*** SUMMARY ***
Total pot $2 | Rake $0
Seat 1: melyh82 (big blind) collected ($2)
Seat 2: krytalex (button) (small blind) folded before Flop


PokerStars Hand #147547292182:  Hold'em Limit ($3/$6 USD) - 2016/01/23 13:24:31 ET
Table 'Mekbuda III' 2-max Seat #1 is the button
Seat 1: melyh82 ($144.78 in chips)
Seat 2: krytalex ($89.38 in chips)
melyh82: posts small blind $1
krytalex: posts big blind $3
*** HOLE CARDS ***
melyh82: raises $3 to $6
krytalex: folds
Uncalled bet ($3) returned to melyh82
melyh82 collected $6 from pot
*** SUMMARY ***
Total pot $6 | Rake $0
Seat 1: melyh82 (button) (small blind) collected ($6)
Seat 2: krytalex (big blind) folded before Flop


PokerStars Hand #147547276272:  Hold'em Limit ($3/$6 USD) - 2016/01/23 13:24:16 ET
Table 'Mekbuda III' 2-max Seat #2 is the button
Seat 1: melyh82 ($147.78 in chips)
Seat 2: krytalex ($86.38 in chips)
krytalex: posts small blind $1
melyh82: posts big blind $3
*** HOLE CARDS ***
krytalex: raises $3 to $6
melyh82: folds
Uncalled bet ($3) returned to krytalex
krytalex collected $6 from pot
*** SUMMARY ***
Total pot $6 | Rake $0
Seat 1: melyh82 (big blind) folded before Flop
Seat 2: krytalex (button) (small blind) collected ($6)


PokerStars Hand #147547246293:  Hold'em Limit ($3/$6 USD) - 2016/01/23 13:23:46 ET
Table 'Mekbuda III' 2-max Seat #1 is the button
Seat 1: melyh82 ($142.02 in chips)
Seat 2: krytalex ($92.38 in chips)
melyh82: posts small blind $1
krytalex: posts big blind $3
*** HOLE CARDS ***
melyh82: raises $3 to $6
krytalex: calls $3
*** FLOP *** [Ts 5h 7s]
krytalex: checks
melyh82: bets $3
krytalex: folds
Uncalled bet ($3) returned to melyh82
melyh82 collected $11.76 from pot
*** SUMMARY ***
Total pot $12 | Rake $0.24
Board [Ts 5h 7s]
Seat 1: melyh82 (button) (small blind) collected ($11.76)
Seat 2: krytalex (big blind) folded on the Flop


PokerStars Hand #147547327850:  Hold'em Limit ($3/$6 USD) - 2016/01/23 13:25:06 ET
Table 'Mekbuda III' 2-max Seat #2 is the button
Seat 1: melyh82 ($151.78 in chips)
Seat 2: krytalex ($82.38 in chips)
krytalex: posts small blind $1
melyh82: posts big blind $3
*** HOLE CARDS ***
krytalex: raises $3 to $6
melyh82: calls $3
*** FLOP *** [Ts 7h 8s]
melyh82: checks
krytalex: bets $3
melyh82: calls $3
*** TURN *** [Ts 7h 8s] [4s]
melyh82: checks
krytalex: checks
*** RIVER *** [Ts 7h 8s 4s] [Jd]
melyh82: checks
krytalex: checks
*** SHOW DOWN ***
melyh82: shows [8h 5h] (a pair of Eights)
krytalex: mucks hand
melyh82 collected $17.64 from pot
*** SUMMARY ***
Total pot $18 | Rake $0.36
Board [Ts 7h 8s 4s Jd]
Seat 1: melyh82 (big blind) showed [8h 5h] and won ($17.64) with a pair of Eights
Seat 2: krytalex (button) (small blind) mucked


PokerStars Hand #147547314876:  Hold'em Limit ($3/$6 USD) - 2016/01/23 13:24:53 ET
Table 'Mekbuda III' 2-max Seat #1 is the button
Seat 1: melyh82 ($148.78 in chips)
Seat 2: krytalex ($85.38 in chips)
melyh82: posts small blind $1
krytalex: posts big blind $3
*** HOLE CARDS ***
melyh82: raises $3 to $6
krytalex: folds
Uncalled bet ($3) returned to melyh82
melyh82 collected $6 from pot
*** SUMMARY ***
Total pot $6 | Rake $0
Seat 1: melyh82 (button) (small blind) collected ($6)
Seat 2: krytalex (big blind) folded before Flop


PokerStars Hand #147547428487:  Hold'em Limit ($3/$6 USD) - 2016/01/23 13:26:46 ET
Table 'Mekbuda III' 2-max Seat #2 is the button
Seat 1: melyh82 ($156.42 in chips)
Seat 2: krytalex ($77.14 in chips)
krytalex: posts small blind $1
melyh82: posts big blind $3
*** HOLE CARDS ***
krytalex: raises $3 to $6
melyh82: folds
Uncalled bet ($3) returned to krytalex
krytalex collected $6 from pot
*** SUMMARY ***
Total pot $6 | Rake $0
Seat 1: melyh82 (big blind) folded before Flop
Seat 2: krytalex (button) (small blind) collected ($6)


PokerStars Hand #147547418868:  Hold'em Limit ($3/$6 USD) - 2016/01/23 13:26:36 ET
Table 'Mekbuda III' 2-max Seat #1 is the button
Seat 1: melyh82 ($153.42 in chips)
Seat 2: krytalex ($80.14 in chips)
melyh82: posts small blind $1
krytalex: posts big blind $3
*** HOLE CARDS ***
melyh82: raises $3 to $6
krytalex: folds
Uncalled bet ($3) returned to melyh82
melyh82 collected $6 from pot
*** SUMMARY ***
Total pot $6 | Rake $0
Seat 1: melyh82 (button) (small blind) collected ($6)
Seat 2: krytalex (big blind) folded before Flop


PokerStars Hand #147547387833:  Hold'em Limit ($3/$6 USD) - 2016/01/23 13:26:05 ET
Table 'Mekbuda III' 2-max Seat #2 is the button
Seat 1: melyh82 ($159.42 in chips)
Seat 2: krytalex ($74.38 in chips)
krytalex: posts small blind $1
melyh82: posts big blind $3
*** HOLE CARDS ***
krytalex: raises $3 to $6
melyh82: calls $3
*** FLOP *** [Ad 3s 8h]
melyh82: checks
krytalex: bets $3
melyh82: folds
Uncalled bet ($3) returned to krytalex
krytalex collected $11.76 from pot
*** SUMMARY ***
Total pot $12 | Rake $0.24
Board [Ad 3s 8h]
Seat 1: melyh82 (big blind) folded on the Flop
Seat 2: krytalex (button) (small blind) collected ($11.76)


PokerStars Hand #147547378264:  Hold'em Limit ($3/$6 USD) - 2016/01/23 13:25:56 ET
Table 'Mekbuda III' 2-max Seat #1 is the button
Seat 1: melyh82 ($160.42 in chips)
Seat 2: krytalex ($73.38 in chips)
melyh82: posts small blind $1
krytalex: posts big blind $3
*** HOLE CARDS ***
melyh82: folds
Uncalled bet ($2) returned to krytalex
krytalex collected $2 from pot
*** SUMMARY ***
Total pot $2 | Rake $0
Seat 1: melyh82 (button) (small blind) folded before Flop
Seat 2: krytalex (big blind) collected ($2)


PokerStars Hand #147547469603:  Hold'em Limit ($3/$6 USD) - 2016/01/23 13:27:27 ET
Table 'Mekbuda III' 2-max Seat #2 is the button
Seat 1: melyh82 ($141.42 in chips)
Seat 2: krytalex ($91.66 in chips)
krytalex: posts small blind $1
melyh82: posts big blind $3
*** HOLE CARDS ***
krytalex: folds
Uncalled bet ($2) returned to melyh82
melyh82 collected $2 from pot
*** SUMMARY ***
Total pot $2 | Rake $0
Seat 1: melyh82 (big blind) collected ($2)
Seat 2: krytalex (button) (small blind) folded before Flop


PokerStars Hand #147547445251:  Hold'em Limit ($3/$6 USD) - 2016/01/23 13:27:02 ET
Table 'Mekbuda III' 2-max Seat #1 is the button
Seat 1: melyh82 ($153.42 in chips)
Seat 2: krytalex ($80.14 in chips)
melyh82: posts small blind $1
krytalex: posts big blind $3
*** HOLE CARDS ***
melyh82: raises $3 to $6
krytalex: calls $3
*** FLOP *** [8d 9s 3s]
krytalex: checks
melyh82: checks
*** TURN *** [8d 9s 3s] [7c]
krytalex: bets $6
melyh82: calls $6
*** RIVER *** [8d 9s 3s 7c] [8c]
krytalex: bets $6
melyh82: folds
Uncalled bet ($6) returned to krytalex
krytalex collected $23.52 from pot
*** SUMMARY ***
Total pot $24 | Rake $0.48
Board [8d 9s 3s 7c 8c]
Seat 1: melyh82 (button) (small blind) folded on the River
Seat 2: krytalex (big blind) collected ($23.52)


PokerStars Hand #147547482773:  Hold'em Limit ($3/$6 USD) - 2016/01/23 13:27:40 ET
Table 'Mekbuda III' 2-max Seat #1 is the button
Seat 1: melyh82 ($142.42 in chips)
Seat 2: krytalex ($90.66 in chips)
melyh82: posts small blind $1
krytalex: posts big blind $3
*** HOLE CARDS ***
melyh82: raises $3 to $6
krytalex: raises $3 to $9
melyh82: calls $3
*** FLOP *** [4s 6s 4c]
krytalex: bets $3
melyh82: folds
Uncalled bet ($3) returned to krytalex
melyh82 leaves the table
krytalex collected $17.64 from pot
*** SUMMARY ***
Total pot $18 | Rake $0.36
Board [4s 6s 4c]
Seat 1: melyh82 (button) (small blind) folded on the Flop
Seat 2: krytalex (big blind) collected ($17.64)


PokerStars Hand #147547782382:  Hold'em Limit ($3/$6 USD) - 2016/01/23 13:32:37 ET
Table 'Mekbuda III' 2-max Seat #2 is the button
Seat 1: melyh82 ($50 in chips)
Seat 2: krytalex ($108.80 in chips)
krytalex: posts small blind $1
melyh82: posts big blind $3
*** HOLE CARDS ***
krytalex: raises $3 to $6
melyh82: calls $3
*** FLOP *** [7h 4c 8s]
melyh82: bets $3
krytalex: raises $3 to $6
melyh82: calls $3
*** TURN *** [7h 4c 8s] [Jh]
melyh82: checks
krytalex: bets $6
melyh82: calls $6
*** RIVER *** [7h 4c 8s Jh] [Jc]
melyh82: checks
krytalex: bets $6
melyh82: folds
Uncalled bet ($6) returned to krytalex
krytalex collected $35.50 from pot
*** SUMMARY ***
Total pot $36 | Rake $0.50
Board [7h 4c 8s Jh Jc]
Seat 1: melyh82 (big blind) folded on the River
Seat 2: krytalex (button) (small blind) collected ($35.50)


PokerStars Hand #147547925781:  Hold'em Limit ($3/$6 USD) - 2016/01/23 13:34:59 ET
Table 'Mekbuda III' 2-max Seat #2 is the button
Seat 1: melyh82 ($46.50 in chips)
Seat 2: krytalex ($111.30 in chips)
krytalex: posts small blind $1
melyh82: posts big blind $3
*** HOLE CARDS ***
krytalex: folds
Uncalled bet ($2) returned to melyh82
melyh82 collected $2 from pot
*** SUMMARY ***
Total pot $2 | Rake $0
Seat 1: melyh82 (big blind) collected ($2)
Seat 2: krytalex (button) (small blind) folded before Flop


PokerStars Hand #147547920212:  Hold'em Limit ($3/$6 USD) - 2016/01/23 13:34:54 ET
Table 'Mekbuda III' 2-max Seat #1 is the button
Seat 1: melyh82 ($47.50 in chips)
Seat 2: krytalex ($110.30 in chips)
melyh82: posts small blind $1
krytalex: posts big blind $3
*** HOLE CARDS ***
melyh82: folds
Uncalled bet ($2) returned to krytalex
krytalex collected $2 from pot
*** SUMMARY ***
Total pot $2 | Rake $0
Seat 1: melyh82 (button) (small blind) folded before Flop
Seat 2: krytalex (big blind) collected ($2)


PokerStars Hand #147547914662:  Hold'em Limit ($3/$6 USD) - 2016/01/23 13:34:48 ET
Table 'Mekbuda III' 2-max Seat #2 is the button
Seat 1: melyh82 ($46.50 in chips)
Seat 2: krytalex ($111.30 in chips)
krytalex: posts small blind $1
melyh82: posts big blind $3
*** HOLE CARDS ***
krytalex: folds
Uncalled bet ($2) returned to melyh82
melyh82 collected $2 from pot
*** SUMMARY ***
Total pot $2 | Rake $0
Seat 1: melyh82 (big blind) collected ($2)
Seat 2: krytalex (button) (small blind) folded before Flop


PokerStars Hand #147547906289:  Hold'em Limit ($3/$6 USD) - 2016/01/23 13:34:40 ET
Table 'Mekbuda III' 2-max Seat #1 is the button
Seat 1: melyh82 ($43.50 in chips)
Seat 2: krytalex ($114.30 in chips)
melyh82: posts small blind $1
krytalex: posts big blind $3
*** HOLE CARDS ***
melyh82: raises $3 to $6
krytalex: folds
Uncalled bet ($3) returned to melyh82
melyh82 collected $6 from pot
*** SUMMARY ***
Total pot $6 | Rake $0
Seat 1: melyh82 (button) (small blind) collected ($6)
Seat 2: krytalex (big blind) folded before Flop


PokerStars Hand #147547894298:  Hold'em Limit ($3/$6 USD) - 2016/01/23 13:34:28 ET
Table 'Mekbuda III' 2-max Seat #2 is the button
Seat 1: melyh82 ($46.50 in chips)
Seat 2: krytalex ($111.30 in chips)
krytalex: posts small blind $1
melyh82: posts big blind $3
*** HOLE CARDS ***
krytalex: raises $3 to $6
melyh82: folds
Uncalled bet ($3) returned to krytalex
krytalex collected $6 from pot
*** SUMMARY ***
Total pot $6 | Rake $0
Seat 1: melyh82 (big blind) folded before Flop
Seat 2: krytalex (button) (small blind) collected ($6)


PokerStars Hand #147547823515:  Hold'em Limit ($3/$6 USD) - 2016/01/23 13:33:17 ET
Table 'Mekbuda III' 2-max Seat #1 is the button
Seat 1: melyh82 ($32 in chips)
Seat 2: krytalex ($126.30 in chips)
melyh82: posts small blind $1
krytalex: posts big blind $3
*** HOLE CARDS ***
melyh82: raises $3 to $6
krytalex: calls $3
*** FLOP *** [3d 2c Ah]
krytalex: checks
melyh82: bets $3
krytalex: calls $3
*** TURN *** [3d 2c Ah] [As]
krytalex: checks
melyh82: checks
*** RIVER *** [3d 2c Ah As] [Ac]
krytalex: checks
melyh82: bets $6
krytalex: calls $6
*** SHOW DOWN ***
melyh82: shows [Ks 2d] (a full house, Aces full of Deuces)
krytalex: mucks hand
melyh82 collected $29.50 from pot
*** SUMMARY ***
Total pot $30 | Rake $0.50
Board [3d 2c Ah As Ac]
Seat 1: melyh82 (button) (small blind) showed [Ks 2d] and won ($29.50) with a full house, Aces full of Deuces
Seat 2: krytalex (big blind) mucked


PokerStars Hand #147547935701:  Hold'em Limit ($3/$6 USD) - 2016/01/23 13:35:09 ET
Table 'Mekbuda III' 2-max Seat #2 is the button
Seat 1: melyh82 ($46.50 in chips)
Seat 2: krytalex ($111.30 in chips)
krytalex: posts small blind $1
melyh82: posts big blind $3
*** HOLE CARDS ***
krytalex: folds
Uncalled bet ($2) returned to melyh82
melyh82 collected $2 from pot
*** SUMMARY ***
Total pot $2 | Rake $0
Seat 1: melyh82 (big blind) collected ($2)
Seat 2: krytalex (button) (small blind) folded before Flop


PokerStars Hand #147547931165:  Hold'em Limit ($3/$6 USD) - 2016/01/23 13:35:04 ET
Table 'Mekbuda III' 2-max Seat #1 is the button
Seat 1: melyh82 ($47.50 in chips)
Seat 2: krytalex ($110.30 in chips)
melyh82: posts small blind $1
krytalex: posts big blind $3
*** HOLE CARDS ***
melyh82: folds
Uncalled bet ($2) returned to krytalex
krytalex collected $2 from pot
*** SUMMARY ***
Total pot $2 | Rake $0
Seat 1: melyh82 (button) (small blind) folded before Flop
Seat 2: krytalex (big blind) collected ($2)


PokerStars Hand #147548035750:  Hold'em Limit ($3/$6 USD) - 2016/01/23 13:36:48 ET
Table 'Mekbuda III' 2-max Seat #2 is the button
Seat 1: melyh82 ($31.14 in chips)
Seat 2: krytalex ($125.80 in chips)
krytalex: posts small blind $1
melyh82: posts big blind $3
*** HOLE CARDS ***
krytalex: folds
Uncalled bet ($2) returned to melyh82
melyh82 collected $2 from pot
*** SUMMARY ***
Total pot $2 | Rake $0
Seat 1: melyh82 (big blind) collected ($2)
Seat 2: krytalex (button) (small blind) folded before Flop


PokerStars Hand #147548031367:  Hold'em Limit ($3/$6 USD) - 2016/01/23 13:36:44 ET
Table 'Mekbuda III' 2-max Seat #1 is the button
Seat 1: melyh82 ($32.14 in chips)
Seat 2: krytalex ($124.80 in chips)
melyh82: posts small blind $1
krytalex: posts big blind $3
*** HOLE CARDS ***
melyh82: folds
Uncalled bet ($2) returned to krytalex
krytalex collected $2 from pot
*** SUMMARY ***
Total pot $2 | Rake $0
Seat 1: melyh82 (button) (small blind) folded before Flop
Seat 2: krytalex (big blind) collected ($2)


PokerStars Hand #147547995970:  Hold'em Limit ($3/$6 USD) - 2016/01/23 13:36:09 ET
Table 'Mekbuda III' 2-max Seat #2 is the button
Seat 1: melyh82 ($23.50 in chips)
Seat 2: krytalex ($133.80 in chips)
krytalex: posts small blind $1
melyh82: posts big blind $3
*** HOLE CARDS ***
krytalex: raises $3 to $6
melyh82: raises $3 to $9
krytalex: calls $3
*** FLOP *** [6c Td 2h]
melyh82: bets $3
krytalex: folds
Uncalled bet ($3) returned to melyh82
melyh82 collected $17.64 from pot
*** SUMMARY ***
Total pot $18 | Rake $0.36
Board [6c Td 2h]
Seat 1: melyh82 (big blind) collected ($17.64)
Seat 2: krytalex (button) (small blind) folded on the Flop


PokerStars Hand #147547941622:  Hold'em Limit ($3/$6 USD) - 2016/01/23 13:35:15 ET
Table 'Mekbuda III' 2-max Seat #1 is the button
Seat 1: melyh82 ($47.50 in chips)
Seat 2: krytalex ($110.30 in chips)
melyh82: posts small blind $1
krytalex: posts big blind $3
*** HOLE CARDS ***
melyh82: raises $3 to $6
krytalex: raises $3 to $9
melyh82: calls $3
*** FLOP *** [9d Jh 6c]
krytalex: bets $3
melyh82: calls $3
*** TURN *** [9d Jh 6c] [3d]
krytalex: bets $6
melyh82: calls $6
*** RIVER *** [9d Jh 6c 3d] [8s]
krytalex: checks
melyh82: bets $6
krytalex: calls $6
*** SHOW DOWN ***
melyh82: shows [Qs Kh] (high card King)
krytalex: shows [Ah Qh] (high card Ace)
krytalex collected $47.50 from pot
*** SUMMARY ***
Total pot $48 | Rake $0.50
Board [9d Jh 6c 3d 8s]
Seat 1: melyh82 (button) (small blind) showed [Qs Kh] and lost with high card King
Seat 2: krytalex (big blind) showed [Ah Qh] and won ($47.50) with high card Ace


PokerStars Hand #147548065411:  Hold'em Limit ($3/$6 USD) - 2016/01/23 13:37:18 ET
Table 'Mekbuda III' 2-max Seat #2 is the button
Seat 1: melyh82 ($43.66 in chips)
Seat 2: krytalex ($112.80 in chips)
krytalex: posts small blind $1
melyh82: posts big blind $3
*** HOLE CARDS ***
krytalex: folds
Uncalled bet ($2) returned to melyh82
melyh82 collected $2 from pot
*** SUMMARY ***
Total pot $2 | Rake $0
Seat 1: melyh82 (big blind) collected ($2)
Seat 2: krytalex (button) (small blind) folded before Flop


PokerStars Hand #147548042080:  Hold'em Limit ($3/$6 USD) - 2016/01/23 13:36:55 ET
Table 'Mekbuda III' 2-max Seat #1 is the button
Seat 1: melyh82 ($32.14 in chips)
Seat 2: krytalex ($124.80 in chips)
melyh82: posts small blind $1
krytalex: posts big blind $3
*** HOLE CARDS ***
melyh82: raises $3 to $6
krytalex: raises $3 to $9
melyh82: calls $3
*** FLOP *** [5h Js Ac]
krytalex: bets $3
melyh82: raises $3 to $6
krytalex: folds
Uncalled bet ($3) returned to melyh82
melyh82 collected $23.52 from pot
*** SUMMARY ***
Total pot $24 | Rake $0.48
Board [5h Js Ac]
Seat 1: melyh82 (button) (small blind) collected ($23.52)
Seat 2: krytalex (big blind) folded on the Flop


PokerStars Hand #147548132723:  Hold'em Limit ($3/$6 USD) - 2016/01/23 13:38:26 ET
Table 'Mekbuda III' 2-max Seat #2 is the button
Seat 1: melyh82 ($65.16 in chips)
Seat 2: krytalex ($90.80 in chips)
krytalex: posts small blind $1
melyh82: posts big blind $3
*** HOLE CARDS ***
krytalex: raises $3 to $6
melyh82: calls $3
*** FLOP *** [2s 3s 9c]
melyh82: bets $3
krytalex: raises $3 to $6
melyh82: calls $3
*** TURN *** [2s 3s 9c] [Kc]
melyh82: checks
krytalex: bets $6
melyh82: folds
Uncalled bet ($6) returned to krytalex
krytalex collected $23.52 from pot
*** SUMMARY ***
Total pot $24 | Rake $0.48
Board [2s 3s 9c Kc]
Seat 1: melyh82 (big blind) folded on the Turn
Seat 2: krytalex (button) (small blind) collected ($23.52)


PokerStars Hand #147548074289:  Hold'em Limit ($3/$6 USD) - 2016/01/23 13:37:27 ET
Table 'Mekbuda III' 2-max Seat #1 is the button
Seat 1: melyh82 ($44.66 in chips)
Seat 2: krytalex ($111.80 in chips)
melyh82: posts small blind $1
krytalex: posts big blind $3
*** HOLE CARDS ***
melyh82: raises $3 to $6
krytalex: raises $3 to $9
melyh82: calls $3
*** FLOP *** [8d 9s 8c]
krytalex: bets $3
melyh82: raises $3 to $6
krytalex: calls $3
*** TURN *** [8d 9s 8c] [Ts]
krytalex: checks
melyh82: bets $6
krytalex: calls $6
*** RIVER *** [8d 9s 8c Ts] [Jh]
krytalex: checks
melyh82: checks
*** SHOW DOWN ***
krytalex: shows [5s As] (a pair of Eights)
melyh82: shows [Ac Kc] (a pair of Eights - Ace+King kicker)
melyh82 collected $41.50 from pot
*** SUMMARY ***
Total pot $42 | Rake $0.50
Board [8d 9s 8c Ts Jh]
Seat 1: melyh82 (button) (small blind) showed [Ac Kc] and won ($41.50) with a pair of Eights
Seat 2: krytalex (big blind) showed [5s As] and lost with a pair of Eights


PokerStars Hand #147548183491:  Hold'em Limit ($3/$6 USD) - 2016/01/23 13:39:17 ET
Table 'Mekbuda III' 2-max Seat #1 is the button
Seat 1: melyh82 ($57.16 in chips)
Seat 2: krytalex ($98.32 in chips)
melyh82: posts small blind $1
krytalex: posts big blind $3
*** HOLE CARDS ***
melyh82: raises $3 to $6
krytalex: calls $3
*** FLOP *** [Ad Jc 2h]
krytalex: checks
melyh82: bets $3
krytalex: folds
Uncalled bet ($3) returned to melyh82
melyh82 collected $11.76 from pot
*** SUMMARY ***
Total pot $12 | Rake $0.24
Board [Ad Jc 2h]
Seat 1: melyh82 (button) (small blind) collected ($11.76)
Seat 2: krytalex (big blind) folded on the Flop


PokerStars Hand #147548177752:  Hold'em Limit ($3/$6 USD) - 2016/01/23 13:39:11 ET
Table 'Mekbuda III' 2-max Seat #2 is the button
Seat 1: melyh82 ($56.16 in chips)
Seat 2: krytalex ($99.32 in chips)
krytalex: posts small blind $1
melyh82: posts big blind $3
*** HOLE CARDS ***
krytalex: folds
Uncalled bet ($2) returned to melyh82
melyh82 collected $2 from pot
*** SUMMARY ***
Total pot $2 | Rake $0
Seat 1: melyh82 (big blind) collected ($2)
Seat 2: krytalex (button) (small blind) folded before Flop


PokerStars Hand #147548166814:  Hold'em Limit ($3/$6 USD) - 2016/01/23 13:39:00 ET
Table 'Mekbuda III' 2-max Seat #1 is the button
Seat 1: melyh82 ($53.16 in chips)
Seat 2: krytalex ($102.32 in chips)
melyh82: posts small blind $1
krytalex: posts big blind $3
*** HOLE CARDS ***
melyh82: raises $3 to $6
krytalex: folds
Uncalled bet ($3) returned to melyh82
melyh82 collected $6 from pot
*** SUMMARY ***
Total pot $6 | Rake $0
Seat 1: melyh82 (button) (small blind) collected ($6)
Seat 2: krytalex (big blind) folded before Flop


PokerStars Hand #147548204390:  Hold'em Limit ($3/$6 USD) - 2016/01/23 13:39:38 ET
Table 'Mekbuda III' 2-max Seat #2 is the button
Seat 1: melyh82 ($62.92 in chips)
Seat 2: krytalex ($92.32 in chips)
krytalex: posts small blind $1
melyh82: posts big blind $3
*** HOLE CARDS ***
krytalex: raises $3 to $6
melyh82: calls $3
*** FLOP *** [Ac 3d 4d]
melyh82: checks
krytalex: bets $3
melyh82: calls $3
*** TURN *** [Ac 3d 4d] [6c]
melyh82: checks
krytalex: checks
*** RIVER *** [Ac 3d 4d 6c] [Jc]
melyh82: checks
krytalex: checks
*** SHOW DOWN ***
melyh82: shows [Qs 4h] (a pair of Fours)
krytalex: mucks hand
melyh82 collected $17.64 from pot
*** SUMMARY ***
Total pot $18 | Rake $0.36
Board [Ac 3d 4d 6c Jc]
Seat 1: melyh82 (big blind) showed [Qs 4h] and won ($17.64) with a pair of Fours
Seat 2: krytalex (button) (small blind) mucked


PokerStars Hand #147548257960:  Hold'em Limit ($3/$6 USD) - 2016/01/23 13:40:32 ET
Table 'Mekbuda III' 2-max Seat #1 is the button
Seat 1: melyh82 ($71.56 in chips)
Seat 2: krytalex ($83.32 in chips)
melyh82: posts small blind $1
krytalex: posts big blind $3
*** HOLE CARDS ***
melyh82: raises $3 to $6
krytalex: calls $3
*** FLOP *** [Qd 4c 9s]
krytalex: checks
melyh82: bets $3
krytalex: raises $3 to $6
melyh82: calls $3
*** TURN *** [Qd 4c 9s] [2d]
krytalex: bets $6
melyh82: calls $6
*** RIVER *** [Qd 4c 9s 2d] [Qh]
krytalex: bets $6
melyh82: folds
Uncalled bet ($6) returned to krytalex
krytalex collected $35.50 from pot
*** SUMMARY ***
Total pot $36 | Rake $0.50
Board [Qd 4c 9s 2d Qh]
Seat 1: melyh82 (button) (small blind) folded on the River
Seat 2: krytalex (big blind) collected ($35.50)


PokerStars Hand #147548296956:  Hold'em Limit ($3/$6 USD) - 2016/01/23 13:41:11 ET
Table 'Mekbuda III' 2-max Seat #2 is the button
Seat 1: melyh82 ($53.56 in chips)
Seat 2: krytalex ($100.82 in chips)
krytalex: posts small blind $1
melyh82: posts big blind $3
*** HOLE CARDS ***
krytalex: raises $3 to $6
melyh82: calls $3
*** FLOP *** [Jd 9s Qs]
melyh82: checks
krytalex: bets $3
melyh82: folds
Uncalled bet ($3) returned to krytalex
krytalex collected $11.76 from pot
*** SUMMARY ***
Total pot $12 | Rake $0.24
Board [Jd 9s Qs]
Seat 1: melyh82 (big blind) folded on the Flop
Seat 2: krytalex (button) (small blind) collected ($11.76)


PokerStars Hand #147548319137:  Hold'em Limit ($3/$6 USD) - 2016/01/23 13:41:33 ET
Table 'Mekbuda III' 2-max Seat #1 is the button
Seat 1: melyh82 ($47.56 in chips)
Seat 2: krytalex ($106.58 in chips)
melyh82: posts small blind $1
krytalex: posts big blind $3
*** HOLE CARDS ***
melyh82: folds
Uncalled bet ($2) returned to krytalex
krytalex collected $2 from pot
*** SUMMARY ***
Total pot $2 | Rake $0
Seat 1: melyh82 (button) (small blind) folded before Flop
Seat 2: krytalex (big blind) collected ($2)


PokerStars Hand #147548361425:  Hold'em Limit ($3/$6 USD) - 2016/01/23 13:42:15 ET
Table 'Mekbuda III' 2-max Seat #1 is the button
Seat 1: melyh82 ($22.56 in chips)
Seat 2: krytalex ($131.08 in chips)
melyh82: posts small blind $1
krytalex: posts big blind $3
*** HOLE CARDS ***
melyh82: raises $3 to $6
krytalex: calls $3
*** FLOP *** [5h 6c 5s]
krytalex: checks
melyh82: bets $3
krytalex: calls $3
*** TURN *** [5h 6c 5s] [Th]
krytalex: checks
melyh82: bets $6
krytalex: calls $6
*** RIVER *** [5h 6c 5s Th] [5c]
krytalex: checks
melyh82: bets $6
krytalex: calls $6
*** SHOW DOWN ***
melyh82: shows [4h 6d] (a full house, Fives full of Sixes)
krytalex: mucks hand
melyh82 collected $41.50 from pot
*** SUMMARY ***
Total pot $42 | Rake $0.50
Board [5h 6c 5s Th 5c]
Seat 1: melyh82 (button) (small blind) showed [4h 6d] and won ($41.50) with a full house, Fives full of Sixes
Seat 2: krytalex (big blind) mucked


PokerStars Hand #147548432619:  Hold'em Limit ($3/$6 USD) - 2016/01/23 13:43:26 ET
Table 'Mekbuda III' 2-max Seat #2 is the button
Seat 1: melyh82 ($88.52 in chips)
Seat 2: krytalex ($110.08 in chips)
krytalex: posts small blind $1
melyh82: posts big blind $3
*** HOLE CARDS ***
krytalex: folds
Uncalled bet ($2) returned to melyh82
melyh82 collected $2 from pot
*** SUMMARY ***
Total pot $2 | Rake $0
Seat 1: melyh82 (big blind) collected ($2)
Seat 2: krytalex (button) (small blind) folded before Flop


PokerStars Hand #147548438264:  Hold'em Limit ($3/$6 USD) - 2016/01/23 13:43:31 ET
Table 'Mekbuda III' 2-max Seat #1 is the button
Seat 1: melyh82 ($89.52 in chips)
Seat 2: krytalex ($109.08 in chips)
melyh82: posts small blind $1
krytalex: posts big blind $3
*** HOLE CARDS ***
melyh82: folds
Uncalled bet ($2) returned to krytalex
krytalex collected $2 from pot
*** SUMMARY ***
Total pot $2 | Rake $0
Seat 1: melyh82 (button) (small blind) folded before Flop
Seat 2: krytalex (big blind) collected ($2)


PokerStars Hand #147548443799:  Hold'em Limit ($3/$6 USD) - 2016/01/23 13:43:37 ET
Table 'Mekbuda III' 2-max Seat #2 is the button
Seat 1: melyh82 ($88.52 in chips)
Seat 2: krytalex ($110.08 in chips)
krytalex: posts small blind $1
melyh82: posts big blind $3
*** HOLE CARDS ***
krytalex: raises $3 to $6
melyh82: calls $3
*** FLOP *** [7c 9s 6s]
melyh82: checks
krytalex: bets $3
melyh82: calls $3
*** TURN *** [7c 9s 6s] [Kd]
melyh82: checks
krytalex: checks
*** RIVER *** [7c 9s 6s Kd] [7s]
melyh82: checks
krytalex: checks
*** SHOW DOWN ***
melyh82: shows [Ac 3d] (a pair of Sevens)
krytalex: shows [6d Qc] (two pair, Sevens and Sixes)
krytalex collected $17.64 from pot
*** SUMMARY ***
Total pot $18 | Rake $0.36
Board [7c 9s 6s Kd 7s]
Seat 1: melyh82 (big blind) showed [Ac 3d] and lost with a pair of Sevens
Seat 2: krytalex (button) (small blind) showed [6d Qc] and won ($17.64) with two pair, Sevens and Sixes


PokerStars Hand #147548472683:  Hold'em Limit ($3/$6 USD) - 2016/01/23 13:44:06 ET
Table 'Mekbuda III' 2-max Seat #1 is the button
Seat 1: melyh82 ($79.52 in chips)
Seat 2: krytalex ($118.72 in chips)
melyh82: posts small blind $1
krytalex: posts big blind $3
*** HOLE CARDS ***
melyh82: raises $3 to $6
krytalex: calls $3
*** FLOP *** [4h 8s Kc]
krytalex: checks
melyh82: bets $3
krytalex: calls $3
*** TURN *** [4h 8s Kc] [Kh]
krytalex: checks
melyh82: checks
*** RIVER *** [4h 8s Kc Kh] [Qs]
krytalex: checks
melyh82: bets $6
krytalex: folds
Uncalled bet ($6) returned to melyh82
melyh82 collected $17.64 from pot
*** SUMMARY ***
Total pot $18 | Rake $0.36
Board [4h 8s Kc Kh Qs]
Seat 1: melyh82 (button) (small blind) collected ($17.64)
Seat 2: krytalex (big blind) folded on the River


PokerStars Hand #147548529389:  Hold'em Limit ($3/$6 USD) - 2016/01/23 13:45:04 ET
Table 'Mekbuda III' 2-max Seat #2 is the button
Seat 1: melyh82 ($88.16 in chips)
Seat 2: krytalex ($109.72 in chips)
krytalex: posts small blind $1
melyh82: posts big blind $3
*** HOLE CARDS ***
krytalex: folds
Uncalled bet ($2) returned to melyh82
melyh82 collected $2 from pot
*** SUMMARY ***
Total pot $2 | Rake $0
Seat 1: melyh82 (big blind) collected ($2)
Seat 2: krytalex (button) (small blind) folded before Flop


PokerStars Hand #147548537940:  Hold'em Limit ($3/$6 USD) - 2016/01/23 13:45:13 ET
Table 'Mekbuda III' 2-max Seat #1 is the button
Seat 1: melyh82 ($89.16 in chips)
Seat 2: krytalex ($108.72 in chips)
melyh82: posts small blind $1
krytalex: posts big blind $3
*** HOLE CARDS ***
melyh82: raises $3 to $6
krytalex: calls $3
*** FLOP *** [7h As Qs]
krytalex: checks
melyh82: bets $3
krytalex: raises $3 to $6
melyh82: calls $3
*** TURN *** [7h As Qs] [Tc]
krytalex: bets $6
melyh82: calls $6
*** RIVER *** [7h As Qs Tc] [Jd]
krytalex: checks
melyh82: bets $6
krytalex: calls $6
*** SHOW DOWN ***
melyh82: shows [2d Ad] (a pair of Aces)
krytalex: shows [2s Ac] (a pair of Aces)
krytalex collected $23.75 from pot
melyh82 collected $23.75 from pot
*** SUMMARY ***
Total pot $48 | Rake $0.50
Board [7h As Qs Tc Jd]
Seat 1: melyh82 (button) (small blind) showed [2d Ad] and won ($23.75) with a pair of Aces
Seat 2: krytalex (big blind) showed [2s Ac] and won ($23.75) with a pair of Aces


PokerStars Hand #147548620823:  Hold'em Limit ($3/$6 USD) - 2016/01/23 13:46:35 ET
Table 'Mekbuda III' 2-max Seat #1 is the button
Seat 1: melyh82 ($97.55 in chips)
Seat 2: krytalex ($99.47 in chips)
melyh82: posts small blind $1
krytalex: posts big blind $3
*** HOLE CARDS ***
melyh82: raises $3 to $6
krytalex: calls $3
*** FLOP *** [Ts 7s Ks]
krytalex: checks
melyh82: checks
*** TURN *** [Ts 7s Ks] [Tc]
krytalex: checks
melyh82: bets $6
krytalex: calls $6
*** RIVER *** [Ts 7s Ks Tc] [7c]
krytalex: checks
melyh82: bets $6
krytalex: calls $6
*** SHOW DOWN ***
melyh82: shows [As Qs] (a flush, Ace high)
krytalex: mucks hand
melyh82 collected $35.50 from pot
*** SUMMARY ***
Total pot $36 | Rake $0.50
Board [Ts 7s Ks Tc 7c]
Seat 1: melyh82 (button) (small blind) showed [As Qs] and won ($35.50) with a flush, Ace high
Seat 2: krytalex (big blind) mucked


PokerStars Hand #147548662504:  Hold'em Limit ($3/$6 USD) - 2016/01/23 13:47:17 ET
Table 'Mekbuda III' 2-max Seat #2 is the button
Seat 1: melyh82 ($115.05 in chips)
Seat 2: krytalex ($81.47 in chips)
krytalex: posts small blind $1
melyh82: posts big blind $3
*** HOLE CARDS ***
krytalex: raises $3 to $6
melyh82: calls $3
*** FLOP *** [Th Ac Ad]
melyh82: checks
krytalex: bets $3
melyh82: raises $3 to $6
krytalex: folds
Uncalled bet ($3) returned to melyh82
melyh82 collected $17.64 from pot
*** SUMMARY ***
Total pot $18 | Rake $0.36
Board [Th Ac Ad]
Seat 1: melyh82 (big blind) collected ($17.64)
Seat 2: krytalex (button) (small blind) folded on the Flop


PokerStars Hand #147548704319:  Hold'em Limit ($3/$6 USD) - 2016/01/23 13:47:59 ET
Table 'Mekbuda III' 2-max Seat #2 is the button
Seat 1: melyh82 ($126.69 in chips)
Seat 2: krytalex ($72 in chips)
krytalex: posts small blind $1
melyh82: posts big blind $3
*** HOLE CARDS ***
krytalex: folds
Uncalled bet ($2) returned to melyh82
melyh82 collected $2 from pot
*** SUMMARY ***
Total pot $2 | Rake $0
Seat 1: melyh82 (big blind) collected ($2)
Seat 2: krytalex (button) (small blind) folded before Flop


PokerStars Hand #147548694845:  Hold'em Limit ($3/$6 USD) - 2016/01/23 13:47:50 ET
Table 'Mekbuda III' 2-max Seat #1 is the button
Seat 1: melyh82 ($123.69 in chips)
Seat 2: krytalex ($72.47 in chips)
melyh82: posts small blind $1
krytalex: posts big blind $3
*** HOLE CARDS ***
melyh82: raises $3 to $6
krytalex: folds
Uncalled bet ($3) returned to melyh82
melyh82 collected $6 from pot
*** SUMMARY ***
Total pot $6 | Rake $0
Seat 1: melyh82 (button) (small blind) collected ($6)
Seat 2: krytalex (big blind) folded before Flop


PokerStars Hand #147548712093:  Hold'em Limit ($3/$6 USD) - 2016/01/23 13:48:07 ET
Table 'Mekbuda III' 2-max Seat #1 is the button
Seat 1: melyh82 ($127.69 in chips)
Seat 2: krytalex ($72 in chips)
melyh82: posts small blind $1
krytalex: posts big blind $3
*** HOLE CARDS ***
melyh82: raises $3 to $6
krytalex: calls $3
*** FLOP *** [Th Tc 8c]
krytalex: checks
melyh82: bets $3
krytalex: calls $3
*** TURN *** [Th Tc 8c] [Jh]
krytalex: bets $6
melyh82: raises $6 to $12
krytalex: calls $6
*** RIVER *** [Th Tc 8c Jh] [9s]
krytalex: bets $6
melyh82: calls $6
*** SHOW DOWN ***
krytalex: shows [7s Jd] (a straight, Seven to Jack)
melyh82: mucks hand
krytalex collected $53.50 from pot
*** SUMMARY ***
Total pot $54 | Rake $0.50
Board [Th Tc 8c Jh 9s]
Seat 1: melyh82 (button) (small blind) mucked
Seat 2: krytalex (big blind) showed [7s Jd] and won ($53.50) with a straight, Seven to Jack


PokerStars Hand #147548795606:  Hold'em Limit ($3/$6 USD) - 2016/01/23 13:49:31 ET
Table 'Mekbuda III' 2-max Seat #1 is the button
Seat 1: melyh82 ($115.19 in chips)
Seat 2: krytalex ($83.50 in chips)
melyh82: posts small blind $1
krytalex: posts big blind $3
*** HOLE CARDS ***
melyh82: folds
Uncalled bet ($2) returned to krytalex
krytalex collected $2 from pot
*** SUMMARY ***
Total pot $2 | Rake $0
Seat 1: melyh82 (button) (small blind) folded before Flop
Seat 2: krytalex (big blind) collected ($2)


PokerStars Hand #147548759025:  Hold'em Limit ($3/$6 USD) - 2016/01/23 13:48:54 ET
Table 'Mekbuda III' 2-max Seat #2 is the button
Seat 1: melyh82 ($100.69 in chips)
Seat 2: krytalex ($98.50 in chips)
krytalex: posts small blind $1
melyh82: posts big blind $3
*** HOLE CARDS ***
krytalex: raises $3 to $6
melyh82: calls $3
*** FLOP *** [Ks Jd Jh]
melyh82: checks
krytalex: bets $3
melyh82: calls $3
*** TURN *** [Ks Jd Jh] [4s]
melyh82: checks
krytalex: checks
*** RIVER *** [Ks Jd Jh 4s] [4d]
melyh82: bets $6
krytalex: calls $6
*** SHOW DOWN ***
melyh82: shows [Qs Js] (a full house, Jacks full of Fours)
krytalex: mucks hand
melyh82 collected $29.50 from pot
*** SUMMARY ***
Total pot $30 | Rake $0.50
Board [Ks Jd Jh 4s 4d]
Seat 1: melyh82 (big blind) showed [Qs Js] and won ($29.50) with a full house, Jacks full of Fours
Seat 2: krytalex (button) (small blind) mucked


PokerStars Hand #147548801126:  Hold'em Limit ($3/$6 USD) - 2016/01/23 13:49:37 ET
Table 'Mekbuda III' 2-max Seat #2 is the button
Seat 1: melyh82 ($114.19 in chips)
Seat 2: krytalex ($84.50 in chips)
krytalex: posts small blind $1
melyh82: posts big blind $3
*** HOLE CARDS ***
krytalex: raises $3 to $6
melyh82: calls $3
*** FLOP *** [4c Ad 7h]
melyh82: checks
krytalex: bets $3
melyh82: folds
Uncalled bet ($3) returned to krytalex
krytalex collected $11.76 from pot
*** SUMMARY ***
Total pot $12 | Rake $0.24
Board [4c Ad 7h]
Seat 1: melyh82 (big blind) folded on the Flop
Seat 2: krytalex (button) (small blind) collected ($11.76)


PokerStars Hand #147548821354:  Hold'em Limit ($3/$6 USD) - 2016/01/23 13:49:58 ET
Table 'Mekbuda III' 2-max Seat #1 is the button
Seat 1: melyh82 ($108.19 in chips)
Seat 2: krytalex ($90.26 in chips)
melyh82: posts small blind $1
krytalex: posts big blind $3
*** HOLE CARDS ***
melyh82: raises $3 to $6
krytalex: raises $3 to $9
melyh82: calls $3
*** FLOP *** [3s Td 4c]
krytalex: bets $3
melyh82: calls $3
*** TURN *** [3s Td 4c] [Ad]
krytalex: bets $6
melyh82: folds
Uncalled bet ($6) returned to krytalex
krytalex collected $23.52 from pot
*** SUMMARY ***
Total pot $24 | Rake $0.48
Board [3s Td 4c Ad]
Seat 1: melyh82 (button) (small blind) folded on the Turn
Seat 2: krytalex (big blind) collected ($23.52)


PokerStars Hand #147548839110:  Hold'em Limit ($3/$6 USD) - 2016/01/23 13:50:16 ET
Table 'Mekbuda III' 2-max Seat #2 is the button
Seat 1: melyh82 ($96.19 in chips)
Seat 2: krytalex ($101.78 in chips)
krytalex: posts small blind $1
melyh82: posts big blind $3
*** HOLE CARDS ***
krytalex: raises $3 to $6
melyh82: raises $3 to $9
krytalex: calls $3
*** FLOP *** [7h 4c Kd]
melyh82: bets $3
krytalex: folds
Uncalled bet ($3) returned to melyh82
melyh82 collected $17.64 from pot
*** SUMMARY ***
Total pot $18 | Rake $0.36
Board [7h 4c Kd]
Seat 1: melyh82 (big blind) collected ($17.64)
Seat 2: krytalex (button) (small blind) folded on the Flop


PokerStars Hand #147548856285:  Hold'em Limit ($3/$6 USD) - 2016/01/23 13:50:33 ET
Table 'Mekbuda III' 2-max Seat #1 is the button
Seat 1: melyh82 ($104.83 in chips)
Seat 2: krytalex ($92.78 in chips)
melyh82: posts small blind $1
krytalex: posts big blind $3
*** HOLE CARDS ***
melyh82: raises $3 to $6
krytalex: calls $3
*** FLOP *** [8d Tc 2s]
krytalex: checks
melyh82: bets $3
krytalex: calls $3
*** TURN *** [8d Tc 2s] [7d]
krytalex: checks
melyh82: checks
*** RIVER *** [8d Tc 2s 7d] [Ah]
krytalex: checks
melyh82: bets $6
krytalex: calls $6
*** SHOW DOWN ***
melyh82: shows [3s Ac] (a pair of Aces)
krytalex: shows [6c As] (a pair of Aces)
krytalex collected $14.75 from pot
melyh82 collected $14.75 from pot
*** SUMMARY ***
Total pot $30 | Rake $0.50
Board [8d Tc 2s 7d Ah]
Seat 1: melyh82 (button) (small blind) showed [3s Ac] and won ($14.75) with a pair of Aces
Seat 2: krytalex (big blind) showed [6c As] and won ($14.75) with a pair of Aces


PokerStars Hand #147548902011:  Hold'em Limit ($3/$6 USD) - 2016/01/23 13:51:20 ET
Table 'Mekbuda III' 2-max Seat #2 is the button
Seat 1: melyh82 ($104.58 in chips)
Seat 2: krytalex ($92.53 in chips)
krytalex: posts small blind $1
melyh82: posts big blind $3
*** HOLE CARDS ***
krytalex: folds
Uncalled bet ($2) returned to melyh82
melyh82 collected $2 from pot
*** SUMMARY ***
Total pot $2 | Rake $0
Seat 1: melyh82 (big blind) collected ($2)
Seat 2: krytalex (button) (small blind) folded before Flop


PokerStars Hand #147548907209:  Hold'em Limit ($3/$6 USD) - 2016/01/23 13:51:25 ET
Table 'Mekbuda III' 2-max Seat #1 is the button
Seat 1: melyh82 ($105.58 in chips)
Seat 2: krytalex ($91.53 in chips)
melyh82: posts small blind $1
krytalex: posts big blind $3
*** HOLE CARDS ***
melyh82: raises $3 to $6
krytalex: folds
Uncalled bet ($3) returned to melyh82
melyh82 collected $6 from pot
*** SUMMARY ***
Total pot $6 | Rake $0
Seat 1: melyh82 (button) (small blind) collected ($6)
Seat 2: krytalex (big blind) folded before Flop


PokerStars Hand #147548944699:  Hold'em Limit ($3/$6 USD) - 2016/01/23 13:52:03 ET
Table 'Mekbuda III' 2-max Seat #1 is the button
Seat 1: melyh82 ($132.08 in chips)
Seat 2: krytalex ($72 in chips)
melyh82: posts small blind $1
krytalex: posts big blind $3
*** HOLE CARDS ***
melyh82: folds
Uncalled bet ($2) returned to krytalex
krytalex collected $2 from pot
*** SUMMARY ***
Total pot $2 | Rake $0
Seat 1: melyh82 (button) (small blind) folded before Flop
Seat 2: krytalex (big blind) collected ($2)


PokerStars Hand #147548913515:  Hold'em Limit ($3/$6 USD) - 2016/01/23 13:51:31 ET
Table 'Mekbuda III' 2-max Seat #2 is the button
Seat 1: melyh82 ($108.58 in chips)
Seat 2: krytalex ($88.53 in chips)
krytalex: posts small blind $1
melyh82: posts big blind $3
*** HOLE CARDS ***
krytalex: raises $3 to $6
melyh82: calls $3
*** FLOP *** [3d 5d 2h]
melyh82: bets $3
krytalex: raises $3 to $6
melyh82: calls $3
*** TURN *** [3d 5d 2h] [Ts]
melyh82: checks
krytalex: bets $6
melyh82: calls $6
*** RIVER *** [3d 5d 2h Ts] [Kc]
melyh82: checks
krytalex: bets $6
melyh82: calls $6
*** SHOW DOWN ***
krytalex: shows [4d Jd] (high card King)
melyh82: shows [6s Ah] (high card Ace)
melyh82 collected $47.50 from pot
*** SUMMARY ***
Total pot $48 | Rake $0.50
Board [3d 5d 2h Ts Kc]
Seat 1: melyh82 (big blind) showed [6s Ah] and won ($47.50) with high card Ace
Seat 2: krytalex (button) (small blind) showed [4d Jd] and lost with high card King


PokerStars Hand #147548949709:  Hold'em Limit ($3/$6 USD) - 2016/01/23 13:52:08 ET
Table 'Mekbuda III' 2-max Seat #2 is the button
Seat 1: melyh82 ($131.08 in chips)
Seat 2: krytalex ($73 in chips)
krytalex: posts small blind $1
melyh82: posts big blind $3
*** HOLE CARDS ***
krytalex: raises $3 to $6
melyh82: calls $3
*** FLOP *** [5d As Jc]
melyh82: checks
krytalex: bets $3
melyh82: raises $3 to $6
krytalex: folds
Uncalled bet ($3) returned to melyh82
melyh82 collected $17.64 from pot
*** SUMMARY ***
Total pot $18 | Rake $0.36
Board [5d As Jc]
Seat 1: melyh82 (big blind) collected ($17.64)
Seat 2: krytalex (button) (small blind) folded on the Flop


PokerStars Hand #147549020387:  Hold'em Limit ($3/$6 USD) - 2016/01/23 13:53:21 ET
Table 'Mekbuda III' 2-max Seat #2 is the button
Seat 1: melyh82 ($148.36 in chips)
Seat 2: krytalex ($72 in chips)
krytalex: posts small blind $1
melyh82: posts big blind $3
*** HOLE CARDS ***
krytalex: folds
Uncalled bet ($2) returned to melyh82
melyh82 collected $2 from pot
*** SUMMARY ***
Total pot $2 | Rake $0
Seat 1: melyh82 (big blind) collected ($2)
Seat 2: krytalex (button) (small blind) folded before Flop


PokerStars Hand #147548977708:  Hold'em Limit ($3/$6 USD) - 2016/01/23 13:52:37 ET
Table 'Mekbuda III' 2-max Seat #1 is the button
Seat 1: melyh82 ($139.72 in chips)
Seat 2: krytalex ($72 in chips)
melyh82: posts small blind $1
krytalex: posts big blind $3
*** HOLE CARDS ***
melyh82: raises $3 to $6
krytalex: calls $3
*** FLOP *** [4c Ah 2h]
krytalex: checks
melyh82: bets $3
krytalex: calls $3
*** TURN *** [4c Ah 2h] [8s]
krytalex: checks
melyh82: bets $6
krytalex: folds
Uncalled bet ($6) returned to melyh82
melyh82 collected $17.64 from pot
*** SUMMARY ***
Total pot $18 | Rake $0.36
Board [4c Ah 2h 8s]
Seat 1: melyh82 (button) (small blind) collected ($17.64)
Seat 2: krytalex (big blind) folded on the Turn


PokerStars Hand #147549042266:  Hold'em Limit ($3/$6 USD) - 2016/01/23 13:53:43 ET
Table 'Mekbuda III' 2-max Seat #2 is the button
Seat 1: melyh82 ($137.36 in chips)
Seat 2: krytalex ($83.52 in chips)
krytalex: posts small blind $1
melyh82: posts big blind $3
*** HOLE CARDS ***
krytalex: folds
Uncalled bet ($2) returned to melyh82
melyh82 collected $2 from pot
*** SUMMARY ***
Total pot $2 | Rake $0
Seat 1: melyh82 (big blind) collected ($2)
Seat 2: krytalex (button) (small blind) folded before Flop


PokerStars Hand #147549026202:  Hold'em Limit ($3/$6 USD) - 2016/01/23 13:53:27 ET
Table 'Mekbuda III' 2-max Seat #1 is the button
Seat 1: melyh82 ($149.36 in chips)
Seat 2: krytalex ($72 in chips)
melyh82: posts small blind $1
krytalex: posts big blind $3
*** HOLE CARDS ***
melyh82: raises $3 to $6
krytalex: raises $3 to $9
melyh82: calls $3
*** FLOP *** [Kh Ac Td]
krytalex: bets $3
melyh82: calls $3
*** TURN *** [Kh Ac Td] [Qd]
krytalex: bets $6
melyh82: folds
Uncalled bet ($6) returned to krytalex
krytalex collected $23.52 from pot
*** SUMMARY ***
Total pot $24 | Rake $0.48
Board [Kh Ac Td Qd]
Seat 1: melyh82 (button) (small blind) folded on the Turn
Seat 2: krytalex (big blind) collected ($23.52)


PokerStars Hand #147549046625:  Hold'em Limit ($3/$6 USD) - 2016/01/23 13:53:48 ET
Table 'Mekbuda III' 2-max Seat #1 is the button
Seat 1: melyh82 ($138.36 in chips)
Seat 2: krytalex ($82.52 in chips)
melyh82: posts small blind $1
krytalex: posts big blind $3
*** HOLE CARDS ***
melyh82: raises $3 to $6
krytalex: calls $3
*** FLOP *** [5c Td 8h]
krytalex: checks
melyh82: bets $3
krytalex: folds
Uncalled bet ($3) returned to melyh82
melyh82 collected $11.76 from pot
*** SUMMARY ***
Total pot $12 | Rake $0.24
Board [5c Td 8h]
Seat 1: melyh82 (button) (small blind) collected ($11.76)
Seat 2: krytalex (big blind) folded on the Flop


PokerStars Hand #147549065858:  Hold'em Limit ($3/$6 USD) - 2016/01/23 13:54:08 ET
Table 'Mekbuda III' 2-max Seat #2 is the button
Seat 1: melyh82 ($144.12 in chips)
Seat 2: krytalex ($76.52 in chips)
krytalex: posts small blind $1
melyh82: posts big blind $3
*** HOLE CARDS ***
krytalex: raises $3 to $6
melyh82: raises $3 to $9
krytalex: calls $3
*** FLOP *** [Jd 3s 7c]
melyh82: bets $3
krytalex: raises $3 to $6
melyh82: calls $3
*** TURN *** [Jd 3s 7c] [6s]
melyh82: checks
krytalex: bets $6
melyh82: calls $6
*** RIVER *** [Jd 3s 7c 6s] [3d]
melyh82: checks
krytalex: bets $6
melyh82: folds
Uncalled bet ($6) returned to krytalex
krytalex collected $41.50 from pot
*** SUMMARY ***
Total pot $42 | Rake $0.50
Board [Jd 3s 7c 6s 3d]
Seat 1: melyh82 (big blind) folded on the River
Seat 2: krytalex (button) (small blind) collected ($41.50)


PokerStars Hand #147549096766:  Hold'em Limit ($3/$6 USD) - 2016/01/23 13:54:39 ET
Table 'Mekbuda III' 2-max Seat #1 is the button
Seat 1: melyh82 ($123.12 in chips)
Seat 2: krytalex ($97.02 in chips)
melyh82: posts small blind $1
krytalex: posts big blind $3
*** HOLE CARDS ***
melyh82: raises $3 to $6
krytalex: calls $3
*** FLOP *** [7c 4c Td]
krytalex: checks
melyh82: bets $3
krytalex: calls $3
*** TURN *** [7c 4c Td] [Kd]
krytalex: bets $6
melyh82: calls $6
*** RIVER *** [7c 4c Td Kd] [Qd]
krytalex: bets $6
melyh82: folds
Uncalled bet ($6) returned to krytalex
krytalex collected $29.50 from pot
*** SUMMARY ***
Total pot $30 | Rake $0.50
Board [7c 4c Td Kd Qd]
Seat 1: melyh82 (button) (small blind) folded on the River
Seat 2: krytalex (big blind) collected ($29.50)


PokerStars Hand #147549147021:  Hold'em Limit ($3/$6 USD) - 2016/01/23 13:55:39 ET
Table 'Mekbuda III' 2-max Seat #1 is the button
Seat 1: melyh82 ($84.12 in chips)
Seat 2: krytalex ($135.02 in chips)
melyh82: posts small blind $1
krytalex: posts big blind $3
*** HOLE CARDS ***
melyh82: raises $3 to $6
krytalex: folds
Uncalled bet ($3) returned to melyh82
melyh82 collected $6 from pot
*** SUMMARY ***
Total pot $6 | Rake $0
Seat 1: melyh82 (button) (small blind) collected ($6)
Seat 2: krytalex (big blind) folded before Flop


PokerStars Hand #147549133393:  Hold'em Limit ($3/$6 USD) - 2016/01/23 13:55:20 ET
Table 'Mekbuda III' 2-max Seat #2 is the button
Seat 1: melyh82 ($108.12 in chips)
Seat 2: krytalex ($111.52 in chips)
krytalex: posts small blind $1
melyh82: posts big blind $3
*** HOLE CARDS ***
krytalex: raises $3 to $6
melyh82: calls $3
*** FLOP *** [3d 7h 2h]
melyh82: checks
krytalex: bets $3
melyh82: raises $3 to $6
krytalex: calls $3
*** TURN *** [3d 7h 2h] [Ah]
melyh82: bets $6
krytalex: calls $6
*** RIVER *** [3d 7h 2h Ah] [4c]
melyh82: bets $6
krytalex: calls $6
*** SHOW DOWN ***
melyh82: shows [6h Tc] (high card Ace)
krytalex: shows [3c Kh] (a pair of Threes)
krytalex collected $47.50 from pot
*** SUMMARY ***
Total pot $48 | Rake $0.50
Board [3d 7h 2h Ah 4c]
Seat 1: melyh82 (big blind) showed [6h Tc] and lost with high card Ace
Seat 2: krytalex (button) (small blind) showed [3c Kh] and won ($47.50) with a pair of Threes


PokerStars Hand #147549163846:  Hold'em Limit ($3/$6 USD) - 2016/01/23 13:56:02 ET
Table 'Mekbuda III' 2-max Seat #1 is the button
Seat 1: melyh82 ($75.12 in chips)
Seat 2: krytalex ($143.54 in chips)
melyh82: posts small blind $1
krytalex: posts big blind $3
*** HOLE CARDS ***
melyh82: raises $3 to $6
krytalex: calls $3
*** FLOP *** [As 4s 2c]
krytalex: checks
melyh82: checks
*** TURN *** [As 4s 2c] [9h]
krytalex: checks
melyh82: checks
*** RIVER *** [As 4s 2c 9h] [6c]
krytalex: checks
melyh82: bets $6
krytalex: calls $6
*** SHOW DOWN ***
melyh82: shows [Kc 6d] (a pair of Sixes)
krytalex: mucks hand
melyh82 collected $23.52 from pot
*** SUMMARY ***
Total pot $24 | Rake $0.48
Board [As 4s 2c 9h 6c]
Seat 1: melyh82 (button) (small blind) showed [Kc 6d] and won ($23.52) with a pair of Sixes
Seat 2: krytalex (big blind) mucked


PokerStars Hand #147549182141:  Hold'em Limit ($3/$6 USD) - 2016/01/23 13:56:27 ET
Table 'Mekbuda III' 2-max Seat #1 is the button
Seat 1: melyh82 ($87.64 in chips)
Seat 2: krytalex ($130.54 in chips)
melyh82: posts small blind $1
krytalex: posts big blind $3
*** HOLE CARDS ***
melyh82: folds
Uncalled bet ($2) returned to krytalex
krytalex collected $2 from pot
*** SUMMARY ***
Total pot $2 | Rake $0
Seat 1: melyh82 (button) (small blind) folded before Flop
Seat 2: krytalex (big blind) collected ($2)


PokerStars Hand #147549177858:  Hold'em Limit ($3/$6 USD) - 2016/01/23 13:56:21 ET
Table 'Mekbuda III' 2-max Seat #2 is the button
Seat 1: melyh82 ($86.64 in chips)
Seat 2: krytalex ($131.54 in chips)
krytalex: posts small blind $1
melyh82: posts big blind $3
*** HOLE CARDS ***
krytalex: folds
Uncalled bet ($2) returned to melyh82
melyh82 collected $2 from pot
*** SUMMARY ***
Total pot $2 | Rake $0
Seat 1: melyh82 (big blind) collected ($2)
Seat 2: krytalex (button) (small blind) folded before Flop


PokerStars Hand #147549152351:  Hold'em Limit ($3/$6 USD) - 2016/01/23 13:55:46 ET
Table 'Mekbuda III' 2-max Seat #2 is the button
Seat 1: melyh82 ($87.12 in chips)
Seat 2: krytalex ($132.02 in chips)
krytalex: posts small blind $1
melyh82: posts big blind $3
*** HOLE CARDS ***
krytalex: raises $3 to $6
melyh82: calls $3
*** FLOP *** [8c 8h 6d]
melyh82: checks
krytalex: bets $3
melyh82: raises $3 to $6
krytalex: calls $3
*** TURN *** [8c 8h 6d] [Qh]
melyh82: checks
krytalex: bets $6
melyh82: folds
Uncalled bet ($6) returned to krytalex
krytalex collected $23.52 from pot
*** SUMMARY ***
Total pot $24 | Rake $0.48
Board [8c 8h 6d Qh]
Seat 1: melyh82 (big blind) folded on the Turn
Seat 2: krytalex (button) (small blind) collected ($23.52)


PokerStars Hand #147549185920:  Hold'em Limit ($3/$6 USD) - 2016/01/23 13:56:32 ET
Table 'Mekbuda III' 2-max Seat #2 is the button
Seat 1: melyh82 ($86.64 in chips)
Seat 2: krytalex ($131.54 in chips)
krytalex: posts small blind $1
melyh82: posts big blind $3
*** HOLE CARDS ***
krytalex: raises $3 to $6
melyh82: calls $3
*** FLOP *** [8c 4h Ts]
melyh82: checks
krytalex: bets $3
melyh82: calls $3
*** TURN *** [8c 4h Ts] [Qc]
melyh82: checks
krytalex: bets $6
melyh82: folds
Uncalled bet ($6) returned to krytalex
krytalex collected $17.64 from pot
*** SUMMARY ***
Total pot $18 | Rake $0.36
Board [8c 4h Ts Qc]
Seat 1: melyh82 (big blind) folded on the Turn
Seat 2: krytalex (button) (small blind) collected ($17.64)


PokerStars Hand #147549211246:  Hold'em Limit ($3/$6 USD) - 2016/01/23 13:57:06 ET
Table 'Mekbuda III' 2-max Seat #2 is the button
Seat 1: melyh82 ($76.64 in chips)
Seat 2: krytalex ($141.18 in chips)
krytalex: posts small blind $1
melyh82: posts big blind $3
*** HOLE CARDS ***
krytalex: folds
Uncalled bet ($2) returned to melyh82
melyh82 collected $2 from pot
*** SUMMARY ***
Total pot $2 | Rake $0
Seat 1: melyh82 (big blind) collected ($2)
Seat 2: krytalex (button) (small blind) folded before Flop


PokerStars Hand #147549207870:  Hold'em Limit ($3/$6 USD) - 2016/01/23 13:57:01 ET
Table 'Mekbuda III' 2-max Seat #1 is the button
Seat 1: melyh82 ($77.64 in chips)
Seat 2: krytalex ($140.18 in chips)
melyh82: posts small blind $1
krytalex: posts big blind $3
*** HOLE CARDS ***
melyh82: folds
Uncalled bet ($2) returned to krytalex
krytalex collected $2 from pot
*** SUMMARY ***
Total pot $2 | Rake $0
Seat 1: melyh82 (button) (small blind) folded before Flop
Seat 2: krytalex (big blind) collected ($2)


PokerStars Hand #147549215518:  Hold'em Limit ($3/$6 USD) - 2016/01/23 13:57:11 ET
Table 'Mekbuda III' 2-max Seat #1 is the button
Seat 1: melyh82 ($77.64 in chips)
Seat 2: krytalex ($140.18 in chips)
melyh82: posts small blind $1
krytalex: posts big blind $3
*** HOLE CARDS ***
melyh82: raises $3 to $6
krytalex: calls $3
*** FLOP *** [5h Ah Jh]
krytalex: checks
melyh82: bets $3
krytalex: calls $3
*** TURN *** [5h Ah Jh] [Th]
krytalex: checks
melyh82: bets $6
krytalex: calls $6
*** RIVER *** [5h Ah Jh Th] [9s]
krytalex: checks
melyh82: checks
*** SHOW DOWN ***
krytalex: shows [3h Qc] (a flush, Ace high)
melyh82: mucks hand
krytalex collected $29.50 from pot
*** SUMMARY ***
Total pot $30 | Rake $0.50
Board [5h Ah Jh Th 9s]
Seat 1: melyh82 (button) (small blind) mucked
Seat 2: krytalex (big blind) showed [3h Qc] and won ($29.50) with a flush, Ace high


PokerStars Hand #147549241263:  Hold'em Limit ($3/$6 USD) - 2016/01/23 13:57:46 ET
Table 'Mekbuda III' 2-max Seat #2 is the button
Seat 1: melyh82 ($62.64 in chips)
Seat 2: krytalex ($154.68 in chips)
krytalex: posts small blind $1
melyh82: posts big blind $3
*** HOLE CARDS ***
krytalex: folds
Uncalled bet ($2) returned to melyh82
melyh82 collected $2 from pot
*** SUMMARY ***
Total pot $2 | Rake $0
Seat 1: melyh82 (big blind) collected ($2)
Seat 2: krytalex (button) (small blind) folded before Flop


