PokerStars Hand #153912623322:  Hold'em Limit ($3/$6 USD) - 2016/05/27 11:21:42 ET
Table 'Mekbuda II' 6-max Seat #5 is the button
Seat 4: TbIP-TbIP 88 ($72 in chips)
Seat 5: Krazy90 ($123 in chips)
Robisss3 will be allowed to play after the button
sawel888: is sitting out
sawel888 leaves the table
Krazy90: posts small blind $1
TbIP-TbIP 88: posts big blind $3
*** HOLE CARDS ***
Krazy90: folds
Uncalled bet ($2) returned to TbIP-TbIP 88
TbIP-TbIP 88 collected $2 from pot
TbIP-TbIP 88: doesn't show hand
*** SUMMARY ***
Total pot $2 | Rake $0
Seat 4: TbIP-TbIP 88 (big blind) collected ($2)
Seat 5: Krazy90 (button) (small blind) folded before Flop


PokerStars Hand #153912628670:  Hold'em Limit ($3/$6 USD) - 2016/05/27 11:21:50 ET
Table 'Mekbuda II' 6-max Seat #4 is the button
Seat 4: TbIP-TbIP 88 ($73 in chips)
Seat 5: Krazy90 ($122 in chips)
TbIP-TbIP 88: posts small blind $1
Krazy90: posts big blind $3
*** HOLE CARDS ***
TbIP-TbIP 88: raises $3 to $6
Krazy90: calls $3
*** FLOP *** [Jc Ah 4c]
Krazy90: checks
TbIP-TbIP 88: bets $3
Krazy90: calls $3
*** TURN *** [Jc Ah 4c] [Tc]
Krazy90: checks
TbIP-TbIP 88: checks
*** RIVER *** [Jc Ah 4c Tc] [3h]
Krazy90: checks
TbIP-TbIP 88: checks
*** SHOW DOWN ***
Krazy90: shows [4s Kh] (a pair of Fours)
TbIP-TbIP 88: mucks hand
Krazy90 collected $17.64 from pot
*** SUMMARY ***
Total pot $18 | Rake $0.36
Board [Jc Ah 4c Tc 3h]
Seat 4: TbIP-TbIP 88 (button) (small blind) mucked
Seat 5: Krazy90 (big blind) showed [4s Kh] and won ($17.64) with a pair of Fours


PokerStars Hand #153912677707:  Hold'em Limit ($3/$6 USD) - 2016/05/27 11:23:11 ET
Table 'Mekbuda II' 6-max Seat #5 is the button
Seat 5: Krazy90 ($120 in chips)
Seat 6: Robisss3 ($44.50 in chips)
Krazy90: posts small blind $1
Robisss3: posts big blind $3
*** HOLE CARDS ***
Krazy90: raises $3 to $6
Robisss3: raises $3 to $9
Krazy90: calls $3
*** FLOP *** [Qd 5s 2h]
Robisss3: bets $3
Krazy90: calls $3
*** TURN *** [Qd 5s 2h] [3s]
Robisss3: checks
Krazy90: bets $6
Robisss3: folds
Uncalled bet ($6) returned to Krazy90
Krazy90 collected $23.52 from pot
Krazy90: doesn't show hand
*** SUMMARY ***
Total pot $24 | Rake $0.48
Board [Qd 5s 2h 3s]
Seat 5: Krazy90 (button) (small blind) collected ($23.52)
Seat 6: Robisss3 (big blind) folded on the Turn


PokerStars Hand #153912685686:  Hold'em Limit ($3/$6 USD) - 2016/05/27 11:23:25 ET
Table 'Mekbuda II' 6-max Seat #6 is the button
Seat 5: Krazy90 ($131.52 in chips)
Seat 6: Robisss3 ($32.50 in chips)
Robisss3: posts small blind $1
Krazy90: posts big blind $3
*** HOLE CARDS ***
Robisss3: raises $3 to $6
Krazy90: folds
Uncalled bet ($3) returned to Robisss3
Robisss3 collected $6 from pot
Robisss3: doesn't show hand
*** SUMMARY ***
Total pot $6 | Rake $0
Seat 5: Krazy90 (big blind) folded before Flop
Seat 6: Robisss3 (button) (small blind) collected ($6)


PokerStars Hand #153912691400:  Hold'em Limit ($3/$6 USD) - 2016/05/27 11:23:34 ET
Table 'Mekbuda II' 6-max Seat #5 is the button
Seat 5: Krazy90 ($128.52 in chips)
Seat 6: Robisss3 ($35.50 in chips)
Krazy90: posts small blind $1
Robisss3: posts big blind $3
*** HOLE CARDS ***
Krazy90: raises $3 to $6
Robisss3: raises $3 to $9
Krazy90: calls $3
*** FLOP *** [3d 5s 3h]
Robisss3: bets $3
Krazy90: calls $3
*** TURN *** [3d 5s 3h] [8d]
Robisss3: bets $6
Krazy90: folds
Uncalled bet ($6) returned to Robisss3
Robisss3 collected $23.52 from pot
Robisss3: doesn't show hand
*** SUMMARY ***
Total pot $24 | Rake $0.48
Board [3d 5s 3h 8d]
Seat 5: Krazy90 (button) (small blind) folded on the Turn
Seat 6: Robisss3 (big blind) collected ($23.52)


PokerStars Hand #153912668275:  Hold'em Limit ($3/$6 USD) - 2016/05/27 11:22:56 ET
Table 'Mekbuda II' 6-max Seat #6 is the button
Seat 5: Krazy90 ($129.64 in chips)
Seat 6: Robisss3 ($24 in chips)
Robisss3: posts small blind $1
TbIP-TbIP 88: is sitting out
Krazy90: posts big blind $3
*** HOLE CARDS ***
Robisss3: raises $3 to $6
Krazy90: calls $3
*** FLOP *** [6h 9c Kh]
Krazy90: checks
Robisss3: bets $3
Krazy90: calls $3
*** TURN *** [6h 9c Kh] [2c]
Krazy90: checks
Robisss3: bets $6
Krazy90: calls $6
*** RIVER *** [6h 9c Kh 2c] [Th]
Krazy90: checks
Robisss3: bets $6
Krazy90: calls $6
*** SHOW DOWN ***
Robisss3: shows [6c As] (a pair of Sixes)
Krazy90: mucks hand
Robisss3 collected $41.50 from pot
*** SUMMARY ***
Total pot $42 | Rake $0.50
Board [6h 9c Kh 2c Th]
Seat 5: Krazy90 (big blind) mucked
Seat 6: Robisss3 (button) (small blind) showed [6c As] and won ($41.50) with a pair of Sixes


PokerStars Hand #153912700708:  Hold'em Limit ($3/$6 USD) - 2016/05/27 11:23:49 ET
Table 'Mekbuda II' 6-max Seat #6 is the button
Seat 5: Krazy90 ($120 in chips)
Seat 6: Robisss3 ($47.02 in chips)
Robisss3: posts small blind $1
Krazy90: posts big blind $3
*** HOLE CARDS ***
Robisss3: raises $3 to $6
Krazy90: calls $3
*** FLOP *** [2c 3c Jh]
Krazy90: checks
Robisss3: bets $3
Krazy90: raises $3 to $6
Robisss3: raises $3 to $9
Krazy90: calls $3
*** TURN *** [2c 3c Jh] [Kc]
Krazy90: checks
Robisss3: checks
*** RIVER *** [2c 3c Jh Kc] [8h]
Krazy90: bets $6
Robisss3: calls $6
*** SHOW DOWN ***
Krazy90: shows [3d 9d] (a pair of Threes)
Robisss3: shows [4d 4c] (a pair of Fours)
Robisss3 collected $41.50 from pot
*** SUMMARY ***
Total pot $42 | Rake $0.50
Board [2c 3c Jh Kc 8h]
Seat 5: Krazy90 (big blind) showed [3d 9d] and lost with a pair of Threes
Seat 6: Robisss3 (button) (small blind) showed [4d 4c] and won ($41.50) with a pair of Fours


PokerStars Hand #153912730749:  Hold'em Limit ($3/$6 USD) - 2016/05/27 11:24:39 ET
Table 'Mekbuda II' 6-max Seat #6 is the button
Seat 5: Krazy90 ($146.50 in chips)
Seat 6: Robisss3 ($40.52 in chips)
Robisss3: posts small blind $1
Krazy90: posts big blind $3
*** HOLE CARDS ***
Robisss3: raises $3 to $6
Vaboss63 joins the table at seat #1
Krazy90: folds
Uncalled bet ($3) returned to Robisss3
Robisss3 collected $6 from pot
Robisss3: doesn't show hand
*** SUMMARY ***
Total pot $6 | Rake $0
Seat 5: Krazy90 (big blind) folded before Flop
Seat 6: Robisss3 (button) (small blind) collected ($6)


PokerStars Hand #153912711027:  Hold'em Limit ($3/$6 USD) - 2016/05/27 11:24:06 ET
Table 'Mekbuda II' 6-max Seat #5 is the button
Seat 5: Krazy90 ($120 in chips)
Seat 6: Robisss3 ($67.52 in chips)
Krazy90: posts small blind $1
Robisss3: posts big blind $3
*** HOLE CARDS ***
Krazy90: raises $3 to $6
Robisss3: calls $3
*** FLOP *** [3s 8h Ad]
Robisss3: checks
Krazy90: bets $3
Robisss3: calls $3
*** TURN *** [3s 8h Ad] [6d]
Robisss3: checks
Krazy90: bets $6
Robisss3: raises $6 to $12
Krazy90: calls $6
*** RIVER *** [3s 8h Ad 6d] [8d]
Robisss3: bets $6
Krazy90: calls $6
*** SHOW DOWN ***
Robisss3: shows [Ah 3c] (two pair, Aces and Eights)
Krazy90: shows [7c 8s] (three of a kind, Eights)
Krazy90 collected $53.50 from pot
*** SUMMARY ***
Total pot $54 | Rake $0.50
Board [3s 8h Ad 6d 8d]
Seat 5: Krazy90 (button) (small blind) showed [7c 8s] and won ($53.50) with three of a kind, Eights
Seat 6: Robisss3 (big blind) showed [Ah 3c] and lost with two pair, Aces and Eights


PokerStars Hand #153912740536:  Hold'em Limit ($3/$6 USD) - 2016/05/27 11:24:55 ET
Table 'Mekbuda II' 6-max Seat #5 is the button
Seat 5: Krazy90 ($143.50 in chips)
Seat 6: Robisss3 ($43.52 in chips)
Krazy90: posts small blind $1
Robisss3: posts big blind $3
*** HOLE CARDS ***
Krazy90: raises $3 to $6
Robisss3: calls $3
*** FLOP *** [Qs Qh 9s]
Robisss3: checks
Ale4o joins the table at seat #2
Krazy90: bets $3
Robisss3: folds
Uncalled bet ($3) returned to Krazy90
Krazy90 collected $11.76 from pot
Krazy90: doesn't show hand
*** SUMMARY ***
Total pot $12 | Rake $0.24
Board [Qs Qh 9s]
Seat 5: Krazy90 (button) (small blind) collected ($11.76)
Seat 6: Robisss3 (big blind) folded on the Flop


PokerStars Hand #153914178741:  Hold'em Limit ($3/$6 USD) - 2016/05/27 12:03:01 ET
Table 'Mekbuda II' 6-max Seat #6 is the button
Seat 3: Krazy90 ($139.71 in chips)
Seat 6: Mr10P ($64.56 in chips)
Mr10P: posts small blind $1
Ale4o: is sitting out
Krazy90: posts big blind $3
*** HOLE CARDS ***
Mr10P: folds
Uncalled bet ($2) returned to Krazy90
Krazy90 collected $2 from pot
Krazy90: doesn't show hand
*** SUMMARY ***
Total pot $2 | Rake $0
Seat 3: Krazy90 (big blind) collected ($2)
Seat 6: Mr10P (button) (small blind) folded before Flop


PokerStars Hand #153914183284:  Hold'em Limit ($3/$6 USD) - 2016/05/27 12:03:08 ET
Table 'Mekbuda II' 6-max Seat #3 is the button
Seat 3: Krazy90 ($140.71 in chips)
Seat 6: Mr10P ($63.56 in chips)
Krazy90: posts small blind $1
Mr10P: posts big blind $3
*** HOLE CARDS ***
Krazy90: raises $3 to $6
Mr10P: calls $3
*** FLOP *** [Kd Ts Qc]
Ale4o leaves the table
Mr10P: checks
Krazy90: bets $3
Mr10P: raises $3 to $6
Krazy90: calls $3
*** TURN *** [Kd Ts Qc] [8h]
Mr10P: bets $6
Krazy90: calls $6
*** RIVER *** [Kd Ts Qc 8h] [5d]
Mr10P: bets $6
Krazy90: calls $6
*** SHOW DOWN ***
Mr10P: shows [6h Js] (high card King)
Krazy90: shows [Kh 7d] (a pair of Kings)
Krazy90 collected $47.50 from pot
*** SUMMARY ***
Total pot $48 | Rake $0.50
Board [Kd Ts Qc 8h 5d]
Seat 3: Krazy90 (button) (small blind) showed [Kh 7d] and won ($47.50) with a pair of Kings
Seat 6: Mr10P (big blind) showed [6h Js] and lost with high card King


