PokerStars Hand #168027841967:  Hold'em Limit ($3/$6 USD) - 2017/03/24 3:05:33 ET
Table 'Melanie' 6-max Seat #3 is the button
Seat 3: LifeisagameX ($84 in chips)
Seat 4: Rus29APX ($120 in chips)
LifeisagameX: posts small blind $1
Rus29APX: posts big blind $3
*** HOLE CARDS ***
LifeisagameX: raises $3 to $6
Rus29APX: raises $3 to $9
LifeisagameX: calls $3
*** FLOP *** [Kd 3h 6s]
Rus29APX: bets $3
LifeisagameX: calls $3
*** TURN *** [Kd 3h 6s] [Td]
Rus29APX: bets $6
LifeisagameX: calls $6
*** RIVER *** [Kd 3h 6s Td] [4h]
Rus29APX: bets $6
LifeisagameX: calls $6
*** SHOW DOWN ***
Rus29APX: shows [3d 6d] (two pair, Sixes and Threes)
LifeisagameX: mucks hand
Rus29APX collected $47.50 from pot
*** SUMMARY ***
Total pot $48 | Rake $0.50
Board [Kd 3h 6s Td 4h]
Seat 3: LifeisagameX (button) (small blind) mucked
Seat 4: Rus29APX (big blind) showed [3d 6d] and won ($47.50) with two pair, Sixes and Threes


PokerStars Hand #168027863224:  Hold'em Limit ($3/$6 USD) - 2017/03/24 3:06:56 ET
Table 'Melanie' 6-max Seat #4 is the button
Seat 3: LifeisagameX ($84 in chips)
Seat 4: Rus29APX ($143.50 in chips)
Rus29APX: posts small blind $1
LifeisagameX: posts big blind $3
*** HOLE CARDS ***
Rus29APX: raises $3 to $6
LifeisagameX: calls $3
*** FLOP *** [Ah Ks Tc]
LifeisagameX: checks
Rus29APX: bets $3
LifeisagameX: calls $3
*** TURN *** [Ah Ks Tc] [8h]
LifeisagameX: checks
Rus29APX: checks
*** RIVER *** [Ah Ks Tc 8h] [8d]
LifeisagameX: checks
Rus29APX: checks
*** SHOW DOWN ***
LifeisagameX: shows [4s Jc] (a pair of Eights)
Rus29APX: shows [Qd 9h] (a pair of Eights - Ace+King+Queen kicker)
Rus29APX collected $17.64 from pot
*** SUMMARY ***
Total pot $18 | Rake $0.36
Board [Ah Ks Tc 8h 8d]
Seat 3: LifeisagameX (big blind) showed [4s Jc] and lost with a pair of Eights
Seat 4: Rus29APX (button) (small blind) showed [Qd 9h] and won ($17.64) with a pair of Eights


PokerStars Hand #168027879495:  Hold'em Limit ($3/$6 USD) - 2017/03/24 3:07:58 ET
Table 'Melanie' 6-max Seat #3 is the button
Seat 3: LifeisagameX ($84 in chips)
Seat 4: Rus29APX ($152.14 in chips)
LifeisagameX: posts small blind $1
Rus29APX: posts big blind $3
*** HOLE CARDS ***
LifeisagameX: folds
Uncalled bet ($2) returned to Rus29APX
Rus29APX collected $2 from pot
Rus29APX: doesn't show hand
*** SUMMARY ***
Total pot $2 | Rake $0
Seat 3: LifeisagameX (button) (small blind) folded before Flop
Seat 4: Rus29APX (big blind) collected ($2)


PokerStars Hand #168027881386:  Hold'em Limit ($3/$6 USD) - 2017/03/24 3:08:06 ET
Table 'Melanie' 6-max Seat #4 is the button
Seat 3: LifeisagameX ($84 in chips)
Seat 4: Rus29APX ($153.14 in chips)
Rus29APX: posts small blind $1
LifeisagameX: posts big blind $3
*** HOLE CARDS ***
Rus29APX: raises $3 to $6
LifeisagameX: calls $3
*** FLOP *** [6s 2d 6h]
LifeisagameX: checks
Rus29APX: bets $3
LifeisagameX: calls $3
*** TURN *** [6s 2d 6h] [Td]
LifeisagameX: checks
Rus29APX: checks
*** RIVER *** [6s 2d 6h Td] [Kd]
LifeisagameX: bets $6
Rus29APX: calls $6
*** SHOW DOWN ***
LifeisagameX: shows [Th 9d] (two pair, Tens and Sixes)
Rus29APX: mucks hand
LifeisagameX collected $29.50 from pot
*** SUMMARY ***
Total pot $30 | Rake $0.50
Board [6s 2d 6h Td Kd]
Seat 3: LifeisagameX (big blind) showed [Th 9d] and won ($29.50) with two pair, Tens and Sixes
Seat 4: Rus29APX (button) (small blind) mucked


PokerStars Hand #168027895399:  Hold'em Limit ($3/$6 USD) - 2017/03/24 3:09:00 ET
Table 'Melanie' 6-max Seat #3 is the button
Seat 3: LifeisagameX ($98.50 in chips)
Seat 4: Rus29APX ($138.14 in chips)
LifeisagameX: posts small blind $1
Rus29APX: posts big blind $3
*** HOLE CARDS ***
LifeisagameX: raises $3 to $6
Rus29APX: calls $3
*** FLOP *** [4d 3c Jc]
Rus29APX: checks
LifeisagameX: bets $3
Rus29APX: calls $3
*** TURN *** [4d 3c Jc] [4s]
Rus29APX: checks
LifeisagameX: checks
*** RIVER *** [4d 3c Jc 4s] [6d]
Rus29APX: checks
LifeisagameX: bets $6
Rus29APX: calls $6
*** SHOW DOWN ***
LifeisagameX: shows [Qc 3h] (two pair, Fours and Threes)
Rus29APX: mucks hand
LifeisagameX collected $29.50 from pot
*** SUMMARY ***
Total pot $30 | Rake $0.50
Board [4d 3c Jc 4s 6d]
Seat 3: LifeisagameX (button) (small blind) showed [Qc 3h] and won ($29.50) with two pair, Fours and Threes
Seat 4: Rus29APX (big blind) mucked


PokerStars Hand #168027934053:  Hold'em Limit ($3/$6 USD) - 2017/03/24 3:11:28 ET
Table 'Melanie' 6-max Seat #3 is the button
Seat 3: LifeisagameX ($84 in chips)
Seat 4: Rus29APX ($152.64 in chips)
LifeisagameX: posts small blind $1
Rus29APX: posts big blind $3
*** HOLE CARDS ***
LifeisagameX: raises $3 to $6
Rus29APX: calls $3
*** FLOP *** [7d 4h Qc]
Rus29APX: checks
LifeisagameX: bets $3
Rus29APX: raises $3 to $6
LifeisagameX: calls $3
*** TURN *** [7d 4h Qc] [5s]
Rus29APX: bets $6
LifeisagameX: calls $6
*** RIVER *** [7d 4h Qc 5s] [5c]
Rus29APX: bets $6
LifeisagameX: calls $6
*** SHOW DOWN ***
Rus29APX: shows [6d 9s] (a pair of Fives)
LifeisagameX: shows [7c Kd] (two pair, Sevens and Fives)
LifeisagameX collected $47.50 from pot
*** SUMMARY ***
Total pot $48 | Rake $0.50
Board [7d 4h Qc 5s 5c]
Seat 3: LifeisagameX (button) (small blind) showed [7c Kd] and won ($47.50) with two pair, Sevens and Fives
Seat 4: Rus29APX (big blind) showed [6d 9s] and lost with a pair of Fives


PokerStars Hand #168027918401:  Hold'em Limit ($3/$6 USD) - 2017/03/24 3:10:28 ET
Table 'Melanie' 6-max Seat #4 is the button
Seat 3: LifeisagameX ($113 in chips)
Seat 4: Rus29APX ($123.14 in chips)
Rus29APX: posts small blind $1
LifeisagameX: posts big blind $3
*** HOLE CARDS ***
Rus29APX: raises $3 to $6
LifeisagameX: raises $3 to $9
Rus29APX: calls $3
*** FLOP *** [5h 8h Jd]
LifeisagameX: bets $3
Rus29APX: calls $3
*** TURN *** [5h 8h Jd] [9d]
LifeisagameX: bets $6
Rus29APX: raises $6 to $12
LifeisagameX: calls $6
*** RIVER *** [5h 8h Jd 9d] [Jc]
LifeisagameX: checks
Rus29APX: bets $6
LifeisagameX: calls $6
*** SHOW DOWN ***
Rus29APX: shows [Jh 5d] (a full house, Jacks full of Fives)
LifeisagameX: mucks hand
Rus29APX collected $59.50 from pot
*** SUMMARY ***
Total pot $60 | Rake $0.50
Board [5h 8h Jd 9d Jc]
Seat 3: LifeisagameX (big blind) mucked
Seat 4: Rus29APX (button) (small blind) showed [Jh 5d] and won ($59.50) with a full house, Jacks full of Fives


PokerStars Hand #168027972762:  Hold'em Limit ($3/$6 USD) - 2017/03/24 3:13:56 ET
Table 'Melanie' 6-max Seat #3 is the button
Seat 3: LifeisagameX ($113.26 in chips)
Seat 4: Rus29APX ($122.64 in chips)
LifeisagameX: posts small blind $1
Rus29APX: posts big blind $3
*** HOLE CARDS ***
LifeisagameX: folds
Uncalled bet ($2) returned to Rus29APX
Rus29APX collected $2 from pot
Rus29APX: doesn't show hand
*** SUMMARY ***
Total pot $2 | Rake $0
Seat 3: LifeisagameX (button) (small blind) folded before Flop
Seat 4: Rus29APX (big blind) collected ($2)


PokerStars Hand #168027948345:  Hold'em Limit ($3/$6 USD) - 2017/03/24 3:12:23 ET
Table 'Melanie' 6-max Seat #4 is the button
Seat 3: LifeisagameX ($107.50 in chips)
Seat 4: Rus29APX ($128.64 in chips)
Rus29APX: posts small blind $1
LifeisagameX: posts big blind $3
*** HOLE CARDS ***
Rus29APX: raises $3 to $6
LifeisagameX: calls $3
*** FLOP *** [3d 6h Jc]
LifeisagameX: checks
Rus29APX: checks
*** TURN *** [3d 6h Jc] [Ks]
LifeisagameX: checks
Rus29APX: checks
*** RIVER *** [3d 6h Jc Ks] [Ad]
LifeisagameX: bets $6
Rus29APX has timed out
Rus29APX: folds
Uncalled bet ($6) returned to LifeisagameX
LifeisagameX collected $11.76 from pot
LifeisagameX: doesn't show hand
*** SUMMARY ***
Total pot $12 | Rake $0.24
Board [3d 6h Jc Ks Ad]
Seat 3: LifeisagameX (big blind) collected ($11.76)
Seat 4: Rus29APX (button) (small blind) folded on the River


PokerStars Hand #168027974535:  Hold'em Limit ($3/$6 USD) - 2017/03/24 3:14:03 ET
Table 'Melanie' 6-max Seat #4 is the button
Seat 3: LifeisagameX ($112.26 in chips)
Seat 4: Rus29APX ($123.64 in chips)
Rus29APX: posts small blind $1
LifeisagameX: posts big blind $3
*** HOLE CARDS ***
Rus29APX: folds
Uncalled bet ($2) returned to LifeisagameX
LifeisagameX collected $2 from pot
LifeisagameX: doesn't show hand
*** SUMMARY ***
Total pot $2 | Rake $0
Seat 3: LifeisagameX (big blind) collected ($2)
Seat 4: Rus29APX (button) (small blind) folded before Flop


