PokerStars Hand #149578707442:  Hold'em Limit ($3/$6 USD) - 2016/02/28 16:00:08 ET
Table 'Melanie' 10-max Seat #9 is the button
Seat 1: VolkovDmitri ($120 in chips)
Seat 9: MARIBORO8 ($68.64 in chips)
MARIBORO8: posts small blind $1
VolkovDmitri: posts big blind $3
*** HOLE CARDS ***
MARIBORO8: raises $3 to $6
VolkovDmitri: calls $3
*** FLOP *** [Kh 8h Ks]
VolkovDmitri: bets $3
MARIBORO8: calls $3
*** TURN *** [Kh 8h Ks] [4h]
VolkovDmitri: checks
MARIBORO8: checks
*** RIVER *** [Kh 8h Ks 4h] [Th]
VolkovDmitri: checks
MARIBORO8: bets $6
VolkovDmitri: folds
Uncalled bet ($6) returned to MARIBORO8
MARIBORO8 collected $17.64 from pot
MARIBORO8: doesn't show hand
*** SUMMARY ***
Total pot $18 | Rake $0.36
Board [Kh 8h Ks 4h Th]
Seat 1: VolkovDmitri (big blind) folded on the River
Seat 9: MARIBORO8 (button) (small blind) collected ($17.64)


PokerStars Hand #149578742390:  Hold'em Limit ($3/$6 USD) - 2016/02/28 16:00:49 ET
Table 'Melanie' 10-max Seat #1 is the button
Seat 1: VolkovDmitri ($120 in chips)
Seat 9: MARIBORO8 ($77.28 in chips)
VolkovDmitri: posts small blind $1
MARIBORO8: posts big blind $3
*** HOLE CARDS ***
VolkovDmitri: raises $3 to $6
MARIBORO8: calls $3
*** FLOP *** [7s 7h Ah]
MARIBORO8: checks
VolkovDmitri: checks
*** TURN *** [7s 7h Ah] [5h]
MARIBORO8: checks
VolkovDmitri: bets $6
MARIBORO8: calls $6
*** RIVER *** [7s 7h Ah 5h] [8h]
MARIBORO8: checks
VolkovDmitri: bets $6
MARIBORO8: calls $6
*** SHOW DOWN ***
VolkovDmitri: shows [7d Jh] (a flush, Ace high)
MARIBORO8: mucks hand
VolkovDmitri collected $35.50 from pot
*** SUMMARY ***
Total pot $36 | Rake $0.50
Board [7s 7h Ah 5h 8h]
Seat 1: VolkovDmitri (button) (small blind) showed [7d Jh] and won ($35.50) with a flush, Ace high
Seat 9: MARIBORO8 (big blind) mucked


PokerStars Hand #149578811047:  Hold'em Limit ($3/$6 USD) - 2016/02/28 16:02:01 ET
Table 'Melanie' 10-max Seat #1 is the button
Seat 1: VolkovDmitri ($138.50 in chips)
Seat 9: MARIBORO8 ($58.28 in chips)
VolkovDmitri: posts small blind $1
MARIBORO8: posts big blind $3
*** HOLE CARDS ***
VolkovDmitri: raises $3 to $6
MARIBORO8: calls $3
*** FLOP *** [3h 2d 9h]
MARIBORO8: checks
VolkovDmitri: bets $3
MARIBORO8: calls $3
*** TURN *** [3h 2d 9h] [Ah]
MARIBORO8: checks
VolkovDmitri: checks
*** RIVER *** [3h 2d 9h Ah] [8d]
MARIBORO8: bets $6
VolkovDmitri: calls $6
*** SHOW DOWN ***
MARIBORO8: shows [8s 2c] (two pair, Eights and Deuces)
VolkovDmitri: mucks hand
MARIBORO8 collected $29.50 from pot
*** SUMMARY ***
Total pot $30 | Rake $0.50
Board [3h 2d 9h Ah 8d]
Seat 1: VolkovDmitri (button) (small blind) mucked
Seat 9: MARIBORO8 (big blind) showed [8s 2c] and won ($29.50) with two pair, Eights and Deuces


PokerStars Hand #149578804458:  Hold'em Limit ($3/$6 USD) - 2016/02/28 16:01:54 ET
Table 'Melanie' 10-max Seat #9 is the button
Seat 1: VolkovDmitri ($137.50 in chips)
Seat 9: MARIBORO8 ($59.28 in chips)
MARIBORO8: posts small blind $1
VolkovDmitri: posts big blind $3
*** HOLE CARDS ***
MARIBORO8: folds
Uncalled bet ($2) returned to VolkovDmitri
VolkovDmitri collected $2 from pot
VolkovDmitri: doesn't show hand
*** SUMMARY ***
Total pot $2 | Rake $0
Seat 1: VolkovDmitri (big blind) collected ($2)
Seat 9: MARIBORO8 (button) (small blind) folded before Flop


PokerStars Hand #149578852798:  Hold'em Limit ($3/$6 USD) - 2016/02/28 16:02:42 ET
Table 'Melanie' 10-max Seat #9 is the button
Seat 1: VolkovDmitri ($123.50 in chips)
Seat 9: MARIBORO8 ($72.78 in chips)
MARIBORO8: posts small blind $1
VolkovDmitri: posts big blind $3
*** HOLE CARDS ***
MARIBORO8: raises $3 to $6
VolkovDmitri: calls $3
*** FLOP *** [Ks Jc 6s]
VolkovDmitri: checks
MARIBORO8: bets $3
VolkovDmitri: folds
Uncalled bet ($3) returned to MARIBORO8
MARIBORO8 collected $11.76 from pot
MARIBORO8: doesn't show hand
*** SUMMARY ***
Total pot $12 | Rake $0.24
Board [Ks Jc 6s]
Seat 1: VolkovDmitri (big blind) folded on the Flop
Seat 9: MARIBORO8 (button) (small blind) collected ($11.76)


PokerStars Hand #149578942148:  Hold'em Limit ($3/$6 USD) - 2016/02/28 16:04:04 ET
Table 'Melanie' 10-max Seat #9 is the button
Seat 1: VolkovDmitri ($120 in chips)
Seat 9: MARIBORO8 ($90.06 in chips)
MARIBORO8: posts small blind $1
VolkovDmitri: posts big blind $3
*** HOLE CARDS ***
MARIBORO8: raises $3 to $6
VolkovDmitri: raises $3 to $9
MARIBORO8: calls $3
*** FLOP *** [Qc 9d Td]
VolkovDmitri: bets $3
MARIBORO8: calls $3
*** TURN *** [Qc 9d Td] [Qs]
VolkovDmitri: checks
MARIBORO8: checks
*** RIVER *** [Qc 9d Td Qs] [Ac]
VolkovDmitri: checks
MARIBORO8: checks
*** SHOW DOWN ***
VolkovDmitri: shows [Ad 3h] (two pair, Aces and Queens)
MARIBORO8: mucks hand
VolkovDmitri collected $23.52 from pot
*** SUMMARY ***
Total pot $24 | Rake $0.48
Board [Qc 9d Td Qs Ac]
Seat 1: VolkovDmitri (big blind) showed [Ad 3h] and won ($23.52) with two pair, Aces and Queens
Seat 9: MARIBORO8 (button) (small blind) mucked


PokerStars Hand #149578879996:  Hold'em Limit ($3/$6 USD) - 2016/02/28 16:03:07 ET
Table 'Melanie' 10-max Seat #1 is the button
Seat 1: VolkovDmitri ($120 in chips)
Seat 9: MARIBORO8 ($78.54 in chips)
VolkovDmitri: posts small blind $1
MARIBORO8: posts big blind $3
*** HOLE CARDS ***
VolkovDmitri: raises $3 to $6
MARIBORO8: calls $3
*** FLOP *** [8d 6c Ah]
MARIBORO8: checks
VolkovDmitri: checks
*** TURN *** [8d 6c Ah] [Qc]
MARIBORO8: checks
VolkovDmitri: checks
*** RIVER *** [8d 6c Ah Qc] [8c]
MARIBORO8: bets $6
VolkovDmitri: calls $6
*** SHOW DOWN ***
MARIBORO8: shows [3s 6d] (two pair, Eights and Sixes)
VolkovDmitri: mucks hand
MARIBORO8 collected $23.52 from pot
*** SUMMARY ***
Total pot $24 | Rake $0.48
Board [8d 6c Ah Qc 8c]
Seat 1: VolkovDmitri (button) (small blind) mucked
Seat 9: MARIBORO8 (big blind) showed [3s 6d] and won ($23.52) with two pair, Eights and Sixes


PokerStars Hand #149578983572:  Hold'em Limit ($3/$6 USD) - 2016/02/28 16:04:42 ET
Table 'Melanie' 10-max Seat #1 is the button
Seat 1: VolkovDmitri ($131.52 in chips)
Seat 9: MARIBORO8 ($78.06 in chips)
VolkovDmitri: posts small blind $1
MARIBORO8: posts big blind $3
*** HOLE CARDS ***
VolkovDmitri: raises $3 to $6
MARIBORO8: calls $3
*** FLOP *** [Kh Qh 3s]
MARIBORO8: checks
VolkovDmitri: bets $3
MARIBORO8: folds
Uncalled bet ($3) returned to VolkovDmitri
VolkovDmitri collected $11.76 from pot
VolkovDmitri: doesn't show hand
*** SUMMARY ***
Total pot $12 | Rake $0.24
Board [Kh Qh 3s]
Seat 1: VolkovDmitri (button) (small blind) collected ($11.76)
Seat 9: MARIBORO8 (big blind) folded on the Flop


PokerStars Hand #149579017309:  Hold'em Limit ($3/$6 USD) - 2016/02/28 16:05:14 ET
Table 'Melanie' 10-max Seat #9 is the button
Seat 1: VolkovDmitri ($137.28 in chips)
Seat 9: MARIBORO8 ($72.06 in chips)
MARIBORO8: posts small blind $1
VolkovDmitri: posts big blind $3
*** HOLE CARDS ***
MARIBORO8: folds
Uncalled bet ($2) returned to VolkovDmitri
VolkovDmitri collected $2 from pot
VolkovDmitri: doesn't show hand
*** SUMMARY ***
Total pot $2 | Rake $0
Seat 1: VolkovDmitri (big blind) collected ($2)
Seat 9: MARIBORO8 (button) (small blind) folded before Flop


PokerStars Hand #149579024290:  Hold'em Limit ($3/$6 USD) - 2016/02/28 16:05:20 ET
Table 'Melanie' 10-max Seat #1 is the button
Seat 1: VolkovDmitri ($138.28 in chips)
Seat 9: MARIBORO8 ($71.06 in chips)
VolkovDmitri: posts small blind $1
MARIBORO8: posts big blind $3
*** HOLE CARDS ***
VolkovDmitri: raises $3 to $6
MARIBORO8: raises $3 to $9
VolkovDmitri: calls $3
*** FLOP *** [Tc 7c Td]
MARIBORO8: bets $3
VolkovDmitri: calls $3
*** TURN *** [Tc 7c Td] [5d]
MARIBORO8: bets $6
VolkovDmitri: calls $6
*** RIVER *** [Tc 7c Td 5d] [Ts]
MARIBORO8: bets $6
VolkovDmitri: raises $6 to $12
MARIBORO8: folds
Uncalled bet ($6) returned to VolkovDmitri
VolkovDmitri collected $47.50 from pot
VolkovDmitri: doesn't show hand
*** SUMMARY ***
Total pot $48 | Rake $0.50
Board [Tc 7c Td 5d Ts]
Seat 1: VolkovDmitri (button) (small blind) collected ($47.50)
Seat 9: MARIBORO8 (big blind) folded on the River


PokerStars Hand #149579081913:  Hold'em Limit ($3/$6 USD) - 2016/02/28 16:06:13 ET
Table 'Melanie' 10-max Seat #9 is the button
Seat 1: VolkovDmitri ($161.78 in chips)
Seat 9: MARIBORO8 ($47.06 in chips)
MARIBORO8: posts small blind $1
VolkovDmitri: posts big blind $3
*** HOLE CARDS ***
MARIBORO8: raises $3 to $6
VolkovDmitri: calls $3
*** FLOP *** [5h 9c 7c]
VolkovDmitri: bets $3
MARIBORO8: raises $3 to $6
VolkovDmitri: calls $3
*** TURN *** [5h 9c 7c] [Ac]
VolkovDmitri: checks
MARIBORO8: bets $6
VolkovDmitri: calls $6
*** RIVER *** [5h 9c 7c Ac] [2d]
VolkovDmitri: checks
MARIBORO8: checks
*** SHOW DOWN ***
VolkovDmitri: shows [Td 7h] (a pair of Sevens)
MARIBORO8: mucks hand
VolkovDmitri collected $35.50 from pot
*** SUMMARY ***
Total pot $36 | Rake $0.50
Board [5h 9c 7c Ac 2d]
Seat 1: VolkovDmitri (big blind) showed [Td 7h] and won ($35.50) with a pair of Sevens
Seat 9: MARIBORO8 (button) (small blind) mucked


PokerStars Hand #149579155728:  Hold'em Limit ($3/$6 USD) - 2016/02/28 16:07:20 ET
Table 'Melanie' 10-max Seat #1 is the button
Seat 1: VolkovDmitri ($179.28 in chips)
Seat 9: MARIBORO8 ($29.06 in chips)
VolkovDmitri: posts small blind $1
MARIBORO8: posts big blind $3
*** HOLE CARDS ***
VolkovDmitri: raises $3 to $6
MARIBORO8: calls $3
*** FLOP *** [3c 5h 6h]
MARIBORO8: checks
VolkovDmitri: checks
*** TURN *** [3c 5h 6h] [9s]
MARIBORO8: bets $6
VolkovDmitri: calls $6
*** RIVER *** [3c 5h 6h 9s] [3h]
MARIBORO8: bets $6
VolkovDmitri: folds
Uncalled bet ($6) returned to MARIBORO8
MARIBORO8 collected $23.52 from pot
MARIBORO8: doesn't show hand
*** SUMMARY ***
Total pot $24 | Rake $0.48
Board [3c 5h 6h 9s 3h]
Seat 1: VolkovDmitri (button) (small blind) folded on the River
Seat 9: MARIBORO8 (big blind) collected ($23.52)


PokerStars Hand #149579207215:  Hold'em Limit ($3/$6 USD) - 2016/02/28 16:08:07 ET
Table 'Melanie' 10-max Seat #9 is the button
Seat 1: VolkovDmitri ($167.28 in chips)
Seat 9: MARIBORO8 ($40.58 in chips)
MARIBORO8: posts small blind $1
VolkovDmitri: posts big blind $3
*** HOLE CARDS ***
plummgg joins the table at seat #8
MARIBORO8: raises $3 to $6
VolkovDmitri: raises $3 to $9
MARIBORO8: calls $3
*** FLOP *** [8d 7d Th]
VolkovDmitri: checks
MARIBORO8: checks
*** TURN *** [8d 7d Th] [4c]
VolkovDmitri: checks
MARIBORO8: checks
*** RIVER *** [8d 7d Th 4c] [Qs]
VolkovDmitri: bets $6
MARIBORO8: calls $6
*** SHOW DOWN ***
VolkovDmitri: shows [As Qd] (a pair of Queens)
MARIBORO8: mucks hand
VolkovDmitri collected $29.50 from pot
*** SUMMARY ***
Total pot $30 | Rake $0.50
Board [8d 7d Th 4c Qs]
Seat 1: VolkovDmitri (big blind) showed [As Qd] and won ($29.50) with a pair of Queens
Seat 9: MARIBORO8 (button) (small blind) mucked


PokerStars Hand #149579310027:  Hold'em Limit ($3/$6 USD) - 2016/02/28 16:09:42 ET
Table 'Melanie' 10-max Seat #8 is the button
Seat 1: VolkovDmitri ($214.56 in chips)
Seat 8: plummgg ($23.82 in chips)
plummgg: posts small blind $1
VolkovDmitri: posts big blind $3
*** HOLE CARDS ***
plummgg: folds
Uncalled bet ($2) returned to VolkovDmitri
VolkovDmitri collected $2 from pot
VolkovDmitri: doesn't show hand
*** SUMMARY ***
Total pot $2 | Rake $0
Seat 1: VolkovDmitri (big blind) collected ($2)
Seat 8: plummgg (button) (small blind) folded before Flop


