PokerStars Hand #172100832278:  Hold'em Limit ($3/$6 USD) - 2017/06/22 12:37:18 ET
Table 'Melanie II' 6-max Seat #2 is the button
Seat 2: Krazy90 ($120 in chips)
Seat 3: Titanic001 ($137.50 in chips)
Krazy90: posts small blind $1
Titanic001: posts big blind $3
*** HOLE CARDS ***
Krazy90: raises $3 to $6
Titanic001: calls $3
*** FLOP *** [5s Ad 7d]
Titanic001: checks
Krazy90: bets $3
Titanic001: folds
Uncalled bet ($3) returned to Krazy90
Krazy90 collected $11.76 from pot
Krazy90: doesn't show hand
*** SUMMARY ***
Total pot $12 | Rake $0.24
Board [5s Ad 7d]
Seat 2: Krazy90 (button) (small blind) collected ($11.76)
Seat 3: Titanic001 (big blind) folded on the Flop


PokerStars Hand #172100822948:  Hold'em Limit ($3/$6 USD) - 2017/06/22 12:37:03 ET
Table 'Melanie II' 6-max Seat #3 is the button
Seat 2: Krazy90 ($124 in chips)
Seat 3: Titanic001 ($117 in chips)
Titanic001: posts small blind $1
Krazy90: posts big blind $3
*** HOLE CARDS ***
Titanic001: raises $3 to $6
Krazy90: calls $3
*** FLOP *** [Ts 6h 7c]
Krazy90: checks
Titanic001: bets $3
Krazy90: raises $3 to $6
Titanic001: raises $3 to $9
Krazy90: calls $3
*** TURN *** [Ts 6h 7c] [Ah]
Krazy90: checks
Titanic001: checks
*** RIVER *** [Ts 6h 7c Ah] [3c]
Krazy90: bets $6
harbour joins the table at seat #4
Titanic001: calls $6
*** SHOW DOWN ***
Krazy90: shows [Qs 8c] (high card Ace)
Titanic001: shows [7d Kd] (a pair of Sevens)
Titanic001 collected $41.50 from pot
*** SUMMARY ***
Total pot $42 | Rake $0.50
Board [Ts 6h 7c Ah 3c]
Seat 2: Krazy90 (big blind) showed [Qs 8c] and lost with high card Ace
Seat 3: Titanic001 (button) (small blind) showed [7d Kd] and won ($41.50) with a pair of Sevens


PokerStars Hand #172100815736:  Hold'em Limit ($3/$6 USD) - 2017/06/22 12:36:51 ET
Table 'Melanie II' 6-max Seat #3 is the button
Seat 2: Krazy90 ($120 in chips)
Seat 3: Titanic001 ($121 in chips)
Titanic001: posts small blind $1
Krazy90: posts big blind $3
*** HOLE CARDS ***
Titanic001: folds
Uncalled bet ($2) returned to Krazy90
Krazy90 collected $2 from pot
Krazy90: doesn't show hand
*** SUMMARY ***
Total pot $2 | Rake $0
Seat 2: Krazy90 (big blind) collected ($2)
Seat 3: Titanic001 (button) (small blind) folded before Flop


PokerStars Hand #172100810521:  Hold'em Limit ($3/$6 USD) - 2017/06/22 12:36:42 ET
Table 'Melanie II' 6-max Seat #2 is the button
Seat 2: Krazy90 ($120 in chips)
Seat 3: Titanic001 ($120 in chips)
Krazy90: posts small blind $1
Titanic001: posts big blind $3
*** HOLE CARDS ***
Krazy90: folds
Uncalled bet ($2) returned to Titanic001
Titanic001 collected $2 from pot
*** SUMMARY ***
Total pot $2 | Rake $0
Seat 2: Krazy90 (button) (small blind) folded before Flop
Seat 3: Titanic001 (big blind) collected ($2)


PokerStars Hand #172100818789:  Hold'em Limit ($3/$6 USD) - 2017/06/22 12:36:56 ET
Table 'Melanie II' 6-max Seat #2 is the button
Seat 2: Krazy90 ($121 in chips)
Seat 3: Titanic001 ($120 in chips)
Krazy90: posts small blind $1
Titanic001: posts big blind $3
*** HOLE CARDS ***
Krazy90: raises $3 to $6
Titanic001: folds
Uncalled bet ($3) returned to Krazy90
Krazy90 collected $6 from pot
Krazy90: doesn't show hand
*** SUMMARY ***
Total pot $6 | Rake $0
Seat 2: Krazy90 (button) (small blind) collected ($6)
Seat 3: Titanic001 (big blind) folded before Flop


PokerStars Hand #172103740864:  Hold'em Limit ($3/$6 USD) - 2017/06/22 13:53:00 ET
Table 'Melanie II' 6-max Seat #1 is the button
Seat 1: Great_Kang ($181.12 in chips)
Seat 4: Carl1891 ($66.16 in chips)
Great_Kang: posts small blind $1
Carl1891: posts big blind $3
*** HOLE CARDS ***
Great_Kang: folds
Uncalled bet ($2) returned to Carl1891
Carl1891 collected $2 from pot
Carl1891: doesn't show hand
*** SUMMARY ***
Total pot $2 | Rake $0
Seat 1: Great_Kang (button) (small blind) folded before Flop
Seat 4: Carl1891 (big blind) collected ($2)


PokerStars Hand #172103737692:  Hold'em Limit ($3/$6 USD) - 2017/06/22 13:52:55 ET
Table 'Melanie II' 6-max Seat #4 is the button
Seat 1: Great_Kang ($180.12 in chips)
Seat 4: Carl1891 ($67.16 in chips)
Carl1891: posts small blind $1
Great_Kang: posts big blind $3
*** HOLE CARDS ***
Carl1891: folds
Uncalled bet ($2) returned to Great_Kang
Great_Kang collected $2 from pot
Great_Kang: doesn't show hand
*** SUMMARY ***
Total pot $2 | Rake $0
Seat 1: Great_Kang (big blind) collected ($2)
Seat 4: Carl1891 (button) (small blind) folded before Flop


PokerStars Hand #172103725313:  Hold'em Limit ($3/$6 USD) - 2017/06/22 13:52:37 ET
Table 'Melanie II' 6-max Seat #1 is the button
Seat 1: Great_Kang ($181.12 in chips)
Seat 4: Carl1891 ($66.16 in chips)
Great_Kang: posts small blind $1
krytalex: is sitting out
Carl1891: posts big blind $3
*** HOLE CARDS ***
krytalex leaves the table
Great_Kang: folds
Uncalled bet ($2) returned to Carl1891
Carl1891 collected $2 from pot
Carl1891: doesn't show hand
*** SUMMARY ***
Total pot $2 | Rake $0
Seat 1: Great_Kang (button) (small blind) folded before Flop
Seat 4: Carl1891 (big blind) collected ($2)


PokerStars Hand #172103745461:  Hold'em Limit ($3/$6 USD) - 2017/06/22 13:53:07 ET
Table 'Melanie II' 6-max Seat #4 is the button
Seat 1: Great_Kang ($180.12 in chips)
Seat 4: Carl1891 ($67.16 in chips)
Carl1891: posts small blind $1
Great_Kang: posts big blind $3
*** HOLE CARDS ***
Carl1891: folds
Uncalled bet ($2) returned to Great_Kang
Great_Kang collected $2 from pot
Great_Kang: doesn't show hand
*** SUMMARY ***
Total pot $2 | Rake $0
Seat 1: Great_Kang (big blind) collected ($2)
Seat 4: Carl1891 (button) (small blind) folded before Flop


PokerStars Hand #172103748361:  Hold'em Limit ($3/$6 USD) - 2017/06/22 13:53:11 ET
Table 'Melanie II' 6-max Seat #1 is the button
Seat 1: Great_Kang ($181.12 in chips)
Seat 4: Carl1891 ($66.16 in chips)
Great_Kang: posts small blind $1
Carl1891: posts big blind $3
*** HOLE CARDS ***
Great_Kang: raises $3 to $6
Carl1891: raises $3 to $9
Great_Kang: calls $3
*** FLOP *** [8s 4d Th]
Carl1891: bets $3
Great_Kang: calls $3
*** TURN *** [8s 4d Th] [7h]
Carl1891: bets $6
Great_Kang: calls $6
*** RIVER *** [8s 4d Th 7h] [9h]
Carl1891: bets $6
Great_Kang: raises $6 to $12
Carl1891: calls $6
*** SHOW DOWN ***
Great_Kang: shows [Jd 7c] (a straight, Seven to Jack)
Carl1891: shows [Jh Ad] (a straight, Seven to Jack)
Carl1891 collected $29.75 from pot
Great_Kang collected $29.75 from pot
*** SUMMARY ***
Total pot $60 | Rake $0.50
Board [8s 4d Th 7h 9h]
Seat 1: Great_Kang (button) (small blind) showed [Jd 7c] and won ($29.75) with a straight, Seven to Jack
Seat 4: Carl1891 (big blind) showed [Jh Ad] and won ($29.75) with a straight, Seven to Jack


PokerStars Hand #172103779015:  Hold'em Limit ($3/$6 USD) - 2017/06/22 13:53:57 ET
Table 'Melanie II' 6-max Seat #4 is the button
Seat 1: Great_Kang ($180.87 in chips)
Seat 4: Carl1891 ($65.91 in chips)
Carl1891: posts small blind $1
Great_Kang: posts big blind $3
*** HOLE CARDS ***
Carl1891: raises $3 to $6
Great_Kang: raises $3 to $9
Carl1891: raises $3 to $12
Betting is capped
Great_Kang: calls $3
*** FLOP *** [6h 7s 2h]
Great_Kang: checks
Carl1891: bets $3
Great_Kang: calls $3
*** TURN *** [6h 7s 2h] [7c]
Great_Kang: checks
Carl1891: bets $6
Great_Kang: calls $6
*** RIVER *** [6h 7s 2h 7c] [Qh]
Great_Kang: checks
Carl1891: bets $6
Great_Kang: calls $6
*** SHOW DOWN ***
Carl1891: shows [Ah As] (two pair, Aces and Sevens)
Great_Kang: mucks hand
Carl1891 collected $53.50 from pot
*** SUMMARY ***
Total pot $54 | Rake $0.50
Board [6h 7s 2h 7c Qh]
Seat 1: Great_Kang (big blind) mucked
Seat 4: Carl1891 (button) (small blind) showed [Ah As] and won ($53.50) with two pair, Aces and Sevens


PokerStars Hand #172103810320:  Hold'em Limit ($3/$6 USD) - 2017/06/22 13:54:43 ET
Table 'Melanie II' 6-max Seat #4 is the button
Seat 1: Great_Kang ($144.87 in chips)
Seat 4: Carl1891 ($101.05 in chips)
Carl1891: posts small blind $1
Great_Kang: posts big blind $3
*** HOLE CARDS ***
Carl1891: folds
Uncalled bet ($2) returned to Great_Kang
Great_Kang collected $2 from pot
Great_Kang: doesn't show hand
*** SUMMARY ***
Total pot $2 | Rake $0
Seat 1: Great_Kang (big blind) collected ($2)
Seat 4: Carl1891 (button) (small blind) folded before Flop


PokerStars Hand #172103799049:  Hold'em Limit ($3/$6 USD) - 2017/06/22 13:54:27 ET
Table 'Melanie II' 6-max Seat #1 is the button
Seat 1: Great_Kang ($153.87 in chips)
Seat 4: Carl1891 ($92.41 in chips)
Great_Kang: posts small blind $1
Carl1891: posts big blind $3
*** HOLE CARDS ***
Great_Kang: raises $3 to $6
Carl1891: raises $3 to $9
Great_Kang: calls $3
*** FLOP *** [Qd As 6c]
Carl1891: bets $3
Great_Kang: folds
Uncalled bet ($3) returned to Carl1891
Carl1891 collected $17.64 from pot
Carl1891: doesn't show hand
*** SUMMARY ***
Total pot $18 | Rake $0.36
Board [Qd As 6c]
Seat 1: Great_Kang (button) (small blind) folded on the Flop
Seat 4: Carl1891 (big blind) collected ($17.64)


PokerStars Hand #172103829009:  Hold'em Limit ($3/$6 USD) - 2017/06/22 13:55:13 ET
Table 'Melanie II' 6-max Seat #4 is the button
Seat 1: Great_Kang ($130.87 in chips)
Seat 4: Carl1891 ($114.55 in chips)
Carl1891: posts small blind $1
Great_Kang: posts big blind $3
*** HOLE CARDS ***
Carl1891: folds
Uncalled bet ($2) returned to Great_Kang
Great_Kang collected $2 from pot
Great_Kang: doesn't show hand
*** SUMMARY ***
Total pot $2 | Rake $0
Seat 1: Great_Kang (big blind) collected ($2)
Seat 4: Carl1891 (button) (small blind) folded before Flop


PokerStars Hand #172103814010:  Hold'em Limit ($3/$6 USD) - 2017/06/22 13:54:49 ET
Table 'Melanie II' 6-max Seat #1 is the button
Seat 1: Great_Kang ($145.87 in chips)
Seat 4: Carl1891 ($100.05 in chips)
Great_Kang: posts small blind $1
Carl1891: posts big blind $3
*** HOLE CARDS ***
Great_Kang: raises $3 to $6
Carl1891: calls $3
*** FLOP *** [Ac Js 9d]
Carl1891: checks
Great_Kang: bets $3
Carl1891: calls $3
*** TURN *** [Ac Js 9d] [Qc]
Carl1891: checks
Great_Kang: checks
*** RIVER *** [Ac Js 9d Qc] [Jc]
Carl1891: bets $6
HAOYUN88888 joins the table at seat #3
Great_Kang: calls $6
*** SHOW DOWN ***
Carl1891: shows [4c Jd] (three of a kind, Jacks)
Great_Kang: mucks hand
Carl1891 collected $29.50 from pot
*** SUMMARY ***
Total pot $30 | Rake $0.50
Board [Ac Js 9d Qc Jc]
Seat 1: Great_Kang (button) (small blind) mucked
Seat 4: Carl1891 (big blind) showed [4c Jd] and won ($29.50) with three of a kind, Jacks


PokerStars Hand #172105675243:  Hold'em Limit ($3/$6 USD) - 2017/06/22 14:39:57 ET
Table 'Melanie II' 6-max Seat #6 is the button
Seat 2: d3w1l ($155.56 in chips)
Seat 6: Jack_Wu1985 ($177.74 in chips)
Jack_Wu1985: posts small blind $1
d3w1l: posts big blind $3
*** HOLE CARDS ***
Jack_Wu1985: raises $3 to $6
d3w1l: folds
Uncalled bet ($3) returned to Jack_Wu1985
Jack_Wu1985 collected $6 from pot
Jack_Wu1985: doesn't show hand
*** SUMMARY ***
Total pot $6 | Rake $0
Seat 2: d3w1l (big blind) folded before Flop
Seat 6: Jack_Wu1985 (button) (small blind) collected ($6)


PokerStars Hand #172105666789:  Hold'em Limit ($3/$6 USD) - 2017/06/22 14:39:46 ET
Table 'Melanie II' 6-max Seat #2 is the button
Seat 2: d3w1l ($156.56 in chips)
Seat 6: Jack_Wu1985 ($176.74 in chips)
d3w1l: posts small blind $1
Carl1891: is sitting out
Jack_Wu1985: posts big blind $3
*** HOLE CARDS ***
d3w1l: folds
Uncalled bet ($2) returned to Jack_Wu1985
Jack_Wu1985 collected $2 from pot
Jack_Wu1985: doesn't show hand
*** SUMMARY ***
Total pot $2 | Rake $0
Seat 2: d3w1l (button) (small blind) folded before Flop
Seat 6: Jack_Wu1985 (big blind) collected ($2)


