PokerStars Hand #157976495841:  Hold'em Limit ($3/$6 USD) - 2016/08/31 11:11:29 ET
Table 'Melanie' 6-max Seat #4 is the button
Seat 3: Shara.Vi ($51.12 in chips)
Seat 4: crash19867 ($120 in chips)
GoliafUa: is sitting out
crash19867: posts small blind $1
Shara.Vi: posts big blind $3
*** HOLE CARDS ***
crash19867: raises $3 to $6
Shara.Vi: calls $3
*** FLOP *** [Ad Jd 6h]
Shara.Vi: checks
crash19867: bets $3
Shara.Vi: folds
Uncalled bet ($3) returned to crash19867
crash19867 collected $11.76 from pot
crash19867: doesn't show hand
*** SUMMARY ***
Total pot $12 | Rake $0.24
Board [Ad Jd 6h]
Seat 3: Shara.Vi (big blind) folded on the Flop
Seat 4: crash19867 (button) (small blind) collected ($11.76)


PokerStars Hand #157976506764:  Hold'em Limit ($3/$6 USD) - 2016/08/31 11:11:48 ET
Table 'Melanie' 6-max Seat #4 is the button
Seat 3: Shara.Vi ($48.12 in chips)
Seat 4: crash19867 ($122.76 in chips)
crash19867: posts small blind $1
Shara.Vi: posts big blind $3
*** HOLE CARDS ***
crash19867: folds
Uncalled bet ($2) returned to Shara.Vi
Shara.Vi collected $2 from pot
*** SUMMARY ***
Total pot $2 | Rake $0
Seat 3: Shara.Vi (big blind) collected ($2)
Seat 4: crash19867 (button) (small blind) folded before Flop


PokerStars Hand #157976503206:  Hold'em Limit ($3/$6 USD) - 2016/08/31 11:11:41 ET
Table 'Melanie' 6-max Seat #3 is the button
Seat 3: Shara.Vi ($45.12 in chips)
Seat 4: crash19867 ($125.76 in chips)
Shara.Vi: posts small blind $1
crash19867: posts big blind $3
*** HOLE CARDS ***
Shara.Vi: raises $3 to $6
crash19867: folds
Uncalled bet ($3) returned to Shara.Vi
Shara.Vi collected $6 from pot
*** SUMMARY ***
Total pot $6 | Rake $0
Seat 3: Shara.Vi (button) (small blind) collected ($6)
Seat 4: crash19867 (big blind) folded before Flop


PokerStars Hand #157976606764:  Hold'em Limit ($3/$6 USD) - 2016/08/31 11:14:35 ET
Table 'Melanie' 6-max Seat #4 is the button
Seat 3: fthienpo ($123.88 in chips)
Seat 4: crash19867 ($116 in chips)
crash19867: posts small blind $1
fthienpo: posts big blind $3
*** HOLE CARDS ***
crash19867: raises $3 to $6
fthienpo: calls $3
*** FLOP *** [4h Qh Ts]
fthienpo: checks
crash19867: bets $3
fthienpo: raises $3 to $6
crash19867: folds
Uncalled bet ($3) returned to fthienpo
fthienpo collected $17.64 from pot
fthienpo: doesn't show hand
*** SUMMARY ***
Total pot $18 | Rake $0.36
Board [4h Qh Ts]
Seat 3: fthienpo (big blind) collected ($17.64)
Seat 4: crash19867 (button) (small blind) folded on the Flop


PokerStars Hand #157976592999:  Hold'em Limit ($3/$6 USD) - 2016/08/31 11:14:12 ET
Table 'Melanie' 6-max Seat #4 is the button
Seat 3: fthienpo ($120 in chips)
Seat 4: crash19867 ($120 in chips)
GoliafUa: is sitting out
crash19867: posts small blind $1
fthienpo: posts big blind $3
*** HOLE CARDS ***
crash19867: folds
Uncalled bet ($2) returned to fthienpo
fthienpo collected $2 from pot
fthienpo: doesn't show hand
*** SUMMARY ***
Total pot $2 | Rake $0
Seat 3: fthienpo (big blind) collected ($2)
Seat 4: crash19867 (button) (small blind) folded before Flop


PokerStars Hand #157976599381:  Hold'em Limit ($3/$6 USD) - 2016/08/31 11:14:22 ET
Table 'Melanie' 6-max Seat #3 is the button
Seat 3: fthienpo ($121 in chips)
Seat 4: crash19867 ($119 in chips)
fthienpo: posts small blind $1
crash19867: posts big blind $3
*** HOLE CARDS ***
fthienpo: calls $2
crash19867: checks
*** FLOP *** [Kc 5h Ah]
crash19867: checks
fthienpo: bets $3
crash19867: folds
Uncalled bet ($3) returned to fthienpo
fthienpo collected $5.88 from pot
fthienpo: doesn't show hand
*** SUMMARY ***
Total pot $6 | Rake $0.12
Board [Kc 5h Ah]
Seat 3: fthienpo (button) (small blind) collected ($5.88)
Seat 4: crash19867 (big blind) folded on the Flop


PokerStars Hand #157976613533:  Hold'em Limit ($3/$6 USD) - 2016/08/31 11:14:46 ET
Table 'Melanie' 6-max Seat #3 is the button
Seat 3: fthienpo ($132.52 in chips)
Seat 4: crash19867 ($107 in chips)
fthienpo: posts small blind $1
crash19867: posts big blind $3
*** HOLE CARDS ***
fthienpo: calls $2
parnishka11 joins the table at seat #2
crash19867: raises $3 to $6
fthienpo: calls $3
*** FLOP *** [6s 4c As]
crash19867: bets $3
fthienpo: calls $3
*** TURN *** [6s 4c As] [8h]
.uuum7 joins the table at seat #6
crash19867: bets $6
fthienpo: calls $6
*** RIVER *** [6s 4c As 8h] [Ac]
crash19867: bets $6
fthienpo: calls $6
*** SHOW DOWN ***
crash19867: shows [Qd Ad] (three of a kind, Aces)
fthienpo: mucks hand
crash19867 collected $41.50 from pot
*** SUMMARY ***
Total pot $42 | Rake $0.50
Board [6s 4c As 8h Ac]
Seat 3: fthienpo (button) (small blind) mucked
Seat 4: crash19867 (big blind) showed [Qd Ad] and won ($41.50) with three of a kind, Aces


PokerStars Hand #157981946064:  Hold'em Limit ($3/$6 USD) - 2016/08/31 13:31:42 ET
Table 'Melanie' 6-max Seat #3 is the button
Seat 3: Hi Im Alexey ($73 in chips)
Seat 4: jestanie ($120 in chips)
Hi Im Alexey: posts small blind $1
jestanie: posts big blind $3
*** HOLE CARDS ***
Hi Im Alexey: raises $3 to $6
jestanie: folds
Uncalled bet ($3) returned to Hi Im Alexey
Hi Im Alexey collected $6 from pot
*** SUMMARY ***
Total pot $6 | Rake $0
Seat 3: Hi Im Alexey (button) (small blind) collected ($6)
Seat 4: jestanie (big blind) folded before Flop


PokerStars Hand #157981939814:  Hold'em Limit ($3/$6 USD) - 2016/08/31 13:31:34 ET
Table 'Melanie' 6-max Seat #4 is the button
Seat 3: Hi Im Alexey ($76 in chips)
Seat 4: jestanie ($117 in chips)
jestanie: posts small blind $1
Hi Im Alexey: posts big blind $3
*** HOLE CARDS ***
jestanie: raises $3 to $6
Hi Im Alexey: folds
Uncalled bet ($3) returned to jestanie
jestanie collected $6 from pot
jestanie: doesn't show hand
*** SUMMARY ***
Total pot $6 | Rake $0
Seat 3: Hi Im Alexey (big blind) folded before Flop
Seat 4: jestanie (button) (small blind) collected ($6)


PokerStars Hand #157981969441:  Hold'em Limit ($3/$6 USD) - 2016/08/31 13:32:14 ET
Table 'Melanie' 6-max Seat #3 is the button
Seat 3: Hi Im Alexey ($87.52 in chips)
Seat 4: jestanie ($105 in chips)
Hi Im Alexey: posts small blind $1
jestanie: posts big blind $3
*** HOLE CARDS ***
Hi Im Alexey: raises $3 to $6
jestanie: folds
Uncalled bet ($3) returned to Hi Im Alexey
Hi Im Alexey collected $6 from pot
*** SUMMARY ***
Total pot $6 | Rake $0
Seat 3: Hi Im Alexey (button) (small blind) collected ($6)
Seat 4: jestanie (big blind) folded before Flop


PokerStars Hand #157981950951:  Hold'em Limit ($3/$6 USD) - 2016/08/31 13:31:49 ET
Table 'Melanie' 6-max Seat #4 is the button
Seat 3: Hi Im Alexey ($76 in chips)
Seat 4: jestanie ($117 in chips)
jestanie: posts small blind $1
Hi Im Alexey: posts big blind $3
*** HOLE CARDS ***
jestanie: raises $3 to $6
Hi Im Alexey: calls $3
*** FLOP *** [3h 7d 3c]
Hi Im Alexey: checks
jestanie: checks
*** TURN *** [3h 7d 3c] [5d]
Hi Im Alexey: bets $6
jestanie: calls $6
*** RIVER *** [3h 7d 3c 5d] [Td]
Hi Im Alexey: bets $6
peterpanXXX joins the table at seat #5
jestanie: folds
Uncalled bet ($6) returned to Hi Im Alexey
Hi Im Alexey collected $23.52 from pot
*** SUMMARY ***
Total pot $24 | Rake $0.48
Board [3h 7d 3c 5d Td]
Seat 3: Hi Im Alexey (big blind) collected ($23.52)
Seat 4: jestanie (button) (small blind) folded on the River


PokerStars Hand #157986620716:  Hold'em Limit ($3/$6 USD) - 2016/08/31 15:14:59 ET
Table 'Melanie' 6-max Seat #1 is the button
Seat 1: Wurst2000 ($103.36 in chips)
Seat 4: nibakk ($95.83 in chips)
Wurst2000: posts small blind $1
Ag3r0n: is sitting out
nibakk: posts big blind $3
vestimokrec leaves the table
*** HOLE CARDS ***
Ag3r0n leaves the table
Wurst2000: folds
Uncalled bet ($2) returned to nibakk
nibakk collected $2 from pot
nibakk: doesn't show hand
*** SUMMARY ***
Total pot $2 | Rake $0
Seat 1: Wurst2000 (button) (small blind) folded before Flop
Seat 4: nibakk (big blind) collected ($2)


PokerStars Hand #157986630387:  Hold'em Limit ($3/$6 USD) - 2016/08/31 15:15:10 ET
Table 'Melanie' 6-max Seat #4 is the button
Seat 1: Wurst2000 ($102.36 in chips)
Seat 4: nibakk ($96.83 in chips)
nibakk: posts small blind $1
Wurst2000: posts big blind $3
*** HOLE CARDS ***
nibakk: raises $3 to $6
Wurst2000: calls $3
*** FLOP *** [Tc 3s 9s]
Wurst2000: checks
nibakk: bets $3
Wurst2000: raises $3 to $6
nibakk: folds
Uncalled bet ($3) returned to Wurst2000
Wurst2000 collected $17.64 from pot
Wurst2000: doesn't show hand
*** SUMMARY ***
Total pot $18 | Rake $0.36
Board [Tc 3s 9s]
Seat 1: Wurst2000 (big blind) collected ($17.64)
Seat 4: nibakk (button) (small blind) folded on the Flop


PokerStars Hand #157986640353:  Hold'em Limit ($3/$6 USD) - 2016/08/31 15:15:22 ET
Table 'Melanie' 6-max Seat #1 is the button
Seat 1: Wurst2000 ($111 in chips)
Seat 4: nibakk ($87.83 in chips)
Wurst2000: posts small blind $1
nibakk: posts big blind $3
*** HOLE CARDS ***
Wurst2000: raises $3 to $6
peterpanXXX joins the table at seat #3
nibakk: calls $3
*** FLOP *** [Qh Kc Th]
nibakk: checks
Wurst2000: bets $3
nibakk: calls $3
*** TURN *** [Qh Kc Th] [6d]
nibakk: checks
Wurst2000: bets $6
nibakk: raises $6 to $12
Wurst2000: calls $6
*** RIVER *** [Qh Kc Th 6d] [Jd]
``MULAT``86 joins the table at seat #2
nibakk: checks
Wurst2000: checks
*** SHOW DOWN ***
nibakk: shows [Ts 6c] (two pair, Tens and Sixes)
Wurst2000: mucks hand
vestimokrec joins the table at seat #5
nibakk collected $41.50 from pot
*** SUMMARY ***
Total pot $42 | Rake $0.50
Board [Qh Kc Th 6d Jd]
Seat 1: Wurst2000 (button) (small blind) mucked
Seat 4: nibakk (big blind) showed [Ts 6c] and won ($41.50) with two pair, Tens and Sixes


PokerStars Hand #157991360188:  Hold'em Limit ($3/$6 USD) - 2016/08/31 16:50:18 ET
Table 'Melanie' 6-max Seat #2 is the button
Seat 2: ``MULAT``86 ($232.80 in chips)
Seat 6: GRAILKO ($184 in chips)
``MULAT``86: posts small blind $1
Ag3r0n: is sitting out
ZOGI is disconnected
vestimokrec: is sitting out
GRAILKO: posts big blind $3
Ag3r0n leaves the table
*** HOLE CARDS ***
vestimokrec leaves the table
``MULAT``86: raises $3 to $6
GRAILKO: calls $3
*** FLOP *** [4c 9d 9c]
GRAILKO: checks
``MULAT``86: bets $3
GRAILKO: folds
Uncalled bet ($3) returned to ``MULAT``86
``MULAT``86 collected $11.76 from pot
``MULAT``86: doesn't show hand
*** SUMMARY ***
Total pot $12 | Rake $0.24
Board [4c 9d 9c]
Seat 2: ``MULAT``86 (button) (small blind) collected ($11.76)
Seat 6: GRAILKO (big blind) folded on the Flop


