PokerStars Hand #158405343918:  Hold'em Limit ($3/$6 USD) - 2016/09/10 3:54:41 ET
Table 'Melanie' 6-max Seat #6 is the button
Seat 1: Krazy90 ($143.50 in chips)
Seat 6: Mite1981 ($115.60 in chips)
Mite1981: posts small blind $1
Krazy90: posts big blind $3
*** HOLE CARDS ***
Mite1981: raises $3 to $6
Krazy90: calls $3
*** FLOP *** [8d 3d 4s]
Krazy90: checks
Mite1981: checks
*** TURN *** [8d 3d 4s] [2d]
Krazy90: bets $6
Mite1981: calls $6
*** RIVER *** [8d 3d 4s 2d] [Ah]
Krazy90: checks
Mite1981: bets $6
Krazy90: calls $6
*** SHOW DOWN ***
Mite1981: shows [Td Jh] (high card Ace)
Krazy90: shows [Th 8c] (a pair of Eights)
Krazy90 collected $35.50 from pot
*** SUMMARY ***
Total pot $36 | Rake $0.50
Board [8d 3d 4s 2d Ah]
Seat 1: Krazy90 (big blind) showed [Th 8c] and won ($35.50) with a pair of Eights
Seat 6: Mite1981 (button) (small blind) showed [Td Jh] and lost with high card Ace


PokerStars Hand #158405336833:  Hold'em Limit ($3/$6 USD) - 2016/09/10 3:54:18 ET
Table 'Melanie' 6-max Seat #1 is the button
Seat 1: Krazy90 ($120 in chips)
Seat 6: Mite1981 ($139.60 in chips)
Krazy90: posts small blind $1
LifeisagameX: is sitting out
Mite1981: posts big blind $3
*** HOLE CARDS ***
Krazy90: raises $3 to $6
LifeisagameX leaves the table
Mite1981: calls $3
*** FLOP *** [2d 9c 8h]
Mite1981: checks
Krazy90: checks
*** TURN *** [2d 9c 8h] [3d]
Mite1981: bets $6
Krazy90: calls $6
*** RIVER *** [2d 9c 8h 3d] [6d]
Mite1981: bets $6
Krazy90: raises $6 to $12
Mite1981: calls $6
*** SHOW DOWN ***
Krazy90: shows [5c 4c] (a straight, Deuce to Six)
Mite1981: mucks hand
Krazy90 collected $47.50 from pot
*** SUMMARY ***
Total pot $48 | Rake $0.50
Board [2d 9c 8h 3d 6d]
Seat 1: Krazy90 (button) (small blind) showed [5c 4c] and won ($47.50) with a straight, Deuce to Six
Seat 6: Mite1981 (big blind) mucked


PokerStars Hand #158405349341:  Hold'em Limit ($3/$6 USD) - 2016/09/10 3:54:58 ET
Table 'Melanie' 6-max Seat #1 is the button
Seat 1: Krazy90 ($161 in chips)
Seat 6: Mite1981 ($97.60 in chips)
Krazy90: posts small blind $1
Mite1981: posts big blind $3
*** HOLE CARDS ***
Krazy90: raises $3 to $6
Mite1981: calls $3
*** FLOP *** [5s 6s Jc]
Mite1981: checks
Krazy90: bets $3
Mite1981: calls $3
*** TURN *** [5s 6s Jc] [8s]
Mite1981: checks
Krazy90: checks
*** RIVER *** [5s 6s Jc 8s] [8c]
Mite1981: bets $6
Krazy90: calls $6
*** SHOW DOWN ***
Mite1981: shows [6h Qh] (two pair, Eights and Sixes)
Krazy90: mucks hand
Mite1981 collected $29.50 from pot
*** SUMMARY ***
Total pot $30 | Rake $0.50
Board [5s 6s Jc 8s 8c]
Seat 1: Krazy90 (button) (small blind) mucked
Seat 6: Mite1981 (big blind) showed [6h Qh] and won ($29.50) with two pair, Eights and Sixes


PokerStars Hand #158405354702:  Hold'em Limit ($3/$6 USD) - 2016/09/10 3:55:16 ET
Table 'Melanie' 6-max Seat #6 is the button
Seat 1: Krazy90 ($146 in chips)
Seat 6: Mite1981 ($112.10 in chips)
Mite1981: posts small blind $1
Krazy90: posts big blind $3
*** HOLE CARDS ***
Mite1981: raises $3 to $6
Krazy90: folds
Uncalled bet ($3) returned to Mite1981
Mite1981 collected $6 from pot
Mite1981: doesn't show hand
*** SUMMARY ***
Total pot $6 | Rake $0
Seat 1: Krazy90 (big blind) folded before Flop
Seat 6: Mite1981 (button) (small blind) collected ($6)


PokerStars Hand #158405356318:  Hold'em Limit ($3/$6 USD) - 2016/09/10 3:55:22 ET
Table 'Melanie' 6-max Seat #1 is the button
Seat 1: Krazy90 ($143 in chips)
Seat 6: Mite1981 ($115.10 in chips)
Krazy90: posts small blind $1
Mite1981: posts big blind $3
*** HOLE CARDS ***
Krazy90: raises $3 to $6
Mite1981: raises $3 to $9
Krazy90: calls $3
*** FLOP *** [Tc 7s 5s]
Mite1981: bets $3
Krazy90: raises $3 to $6
Mite1981: calls $3
*** TURN *** [Tc 7s 5s] [8c]
Mite1981: checks
Krazy90: bets $6
Mite1981: folds
Uncalled bet ($6) returned to Krazy90
Krazy90 collected $29.50 from pot
Krazy90: doesn't show hand
*** SUMMARY ***
Total pot $30 | Rake $0.50
Board [Tc 7s 5s 8c]
Seat 1: Krazy90 (button) (small blind) collected ($29.50)
Seat 6: Mite1981 (big blind) folded on the Turn


PokerStars Hand #158405360835:  Hold'em Limit ($3/$6 USD) - 2016/09/10 3:55:38 ET
Table 'Melanie' 6-max Seat #6 is the button
Seat 1: Krazy90 ($157.50 in chips)
Seat 6: Mite1981 ($100.10 in chips)
Mite1981: posts small blind $1
Krazy90: posts big blind $3
*** HOLE CARDS ***
Mite1981: folds
Uncalled bet ($2) returned to Krazy90
Krazy90 collected $2 from pot
Krazy90: doesn't show hand
*** SUMMARY ***
Total pot $2 | Rake $0
Seat 1: Krazy90 (big blind) collected ($2)
Seat 6: Mite1981 (button) (small blind) folded before Flop


PokerStars Hand #158405371396:  Hold'em Limit ($3/$6 USD) - 2016/09/10 3:56:16 ET
Table 'Melanie' 6-max Seat #1 is the button
Seat 1: Krazy90 ($173 in chips)
Seat 6: Mite1981 ($83.98 in chips)
Krazy90: posts small blind $1
Mite1981: posts big blind $3
*** HOLE CARDS ***
Krazy90: calls $2
Mite1981: checks
*** FLOP *** [As 7c Js]
Mite1981: checks
Krazy90: checks
*** TURN *** [As 7c Js] [7s]
Mite1981: bets $6
Krazy90: folds
Uncalled bet ($6) returned to Mite1981
Mite1981 collected $5.88 from pot
Mite1981: doesn't show hand
*** SUMMARY ***
Total pot $6 | Rake $0.12
Board [As 7c Js 7s]
Seat 1: Krazy90 (button) (small blind) folded on the Turn
Seat 6: Mite1981 (big blind) collected ($5.88)


PokerStars Hand #158405362123:  Hold'em Limit ($3/$6 USD) - 2016/09/10 3:55:43 ET
Table 'Melanie' 6-max Seat #1 is the button
Seat 1: Krazy90 ($158.50 in chips)
Seat 6: Mite1981 ($99.10 in chips)
Krazy90: posts small blind $1
Mite1981: posts big blind $3
*** HOLE CARDS ***
Krazy90: raises $3 to $6
Mite1981: raises $3 to $9
Krazy90: calls $3
*** FLOP *** [2s Tc 4h]
Mite1981: bets $3
Krazy90: calls $3
*** TURN *** [2s Tc 4h] [4d]
Mite1981: checks
Krazy90: checks
*** RIVER *** [2s Tc 4h 4d] [7s]
Mite1981: checks
Krazy90: bets $6
Mite1981: calls $6
*** SHOW DOWN ***
Krazy90: shows [5d 7h] (two pair, Sevens and Fours)
Mite1981: mucks hand
Krazy90 collected $35.50 from pot
*** SUMMARY ***
Total pot $36 | Rake $0.50
Board [2s Tc 4h 4d 7s]
Seat 1: Krazy90 (button) (small blind) showed [5d 7h] and won ($35.50) with two pair, Sevens and Fours
Seat 6: Mite1981 (big blind) mucked


PokerStars Hand #158405395052:  Hold'em Limit ($3/$6 USD) - 2016/09/10 3:57:41 ET
Table 'Melanie' 6-max Seat #1 is the button
Seat 1: Krazy90 ($157.38 in chips)
Seat 6: Mite1981 ($98.24 in chips)
Krazy90: posts small blind $1
Mite1981: posts big blind $3
*** HOLE CARDS ***
Krazy90: raises $3 to $6
Mite1981: calls $3
*** FLOP *** [4h 7d Ks]
Mite1981: checks
Krazy90: bets $3
Mite1981: calls $3
*** TURN *** [4h 7d Ks] [Ad]
Mite1981: checks
Krazy90: bets $6
Mite1981: calls $6
*** RIVER *** [4h 7d Ks Ad] [6d]
Mite1981: checks
Krazy90: checks
*** SHOW DOWN ***
Mite1981: shows [Td Qc] (high card Ace)
Krazy90: shows [9c 9h] (a pair of Nines)
Krazy90 collected $29.50 from pot
*** SUMMARY ***
Total pot $30 | Rake $0.50
Board [4h 7d Ks Ad 6d]
Seat 1: Krazy90 (button) (small blind) showed [9c 9h] and won ($29.50) with a pair of Nines
Seat 6: Mite1981 (big blind) showed [Td Qc] and lost with high card Ace


PokerStars Hand #158405391110:  Hold'em Limit ($3/$6 USD) - 2016/09/10 3:57:27 ET
Table 'Melanie' 6-max Seat #6 is the button
Seat 1: Krazy90 ($157.50 in chips)
Seat 6: Mite1981 ($98.36 in chips)
Mite1981: posts small blind $1
Krazy90: posts big blind $3
*** HOLE CARDS ***
Mite1981: raises $3 to $6
Krazy90: calls $3
*** FLOP *** [7h 9c 3c]
Krazy90: checks
Mite1981: checks
*** TURN *** [7h 9c 3c] [9d]
Krazy90: checks
Mite1981: checks
*** RIVER *** [7h 9c 3c 9d] [Qs]
Krazy90: checks
Mite1981: checks
*** SHOW DOWN ***
Krazy90: shows [Ks 4h] (a pair of Nines)
Mite1981: shows [Kd 4d] (a pair of Nines)
Krazy90 collected $5.88 from pot
Mite1981 collected $5.88 from pot
*** SUMMARY ***
Total pot $12 | Rake $0.24
Board [7h 9c 3c 9d Qs]
Seat 1: Krazy90 (big blind) showed [Ks 4h] and won ($5.88) with a pair of Nines
Seat 6: Mite1981 (button) (small blind) showed [Kd 4d] and won ($5.88) with a pair of Nines


PokerStars Hand #158405381321:  Hold'em Limit ($3/$6 USD) - 2016/09/10 3:56:52 ET
Table 'Melanie' 6-max Seat #6 is the button
Seat 1: Krazy90 ($170 in chips)
Seat 6: Mite1981 ($86.86 in chips)
Mite1981: posts small blind $1
Krazy90: posts big blind $3
*** HOLE CARDS ***
Mite1981: raises $3 to $6
Krazy90: calls $3
*** FLOP *** [6h Tc 7h]
Krazy90: checks
Mite1981: bets $3
Krazy90: calls $3
*** TURN *** [6h Tc 7h] [7c]
Krazy90: checks
Mite1981: bets $6
Krazy90: raises $6 to $12
Mite1981: calls $6
*** RIVER *** [6h Tc 7h 7c] [Jd]
Krazy90: checks
Mite1981: bets $6
Krazy90: calls $6
*** SHOW DOWN ***
Mite1981: shows [9s 8c] (a straight, Seven to Jack)
Krazy90: mucks hand
Mite1981 collected $53.50 from pot
*** SUMMARY ***
Total pot $54 | Rake $0.50
Board [6h Tc 7h 7c Jd]
Seat 1: Krazy90 (big blind) mucked
Seat 6: Mite1981 (button) (small blind) showed [9s 8c] and won ($53.50) with a straight, Seven to Jack


PokerStars Hand #158405387208:  Hold'em Limit ($3/$6 USD) - 2016/09/10 3:57:13 ET
Table 'Melanie' 6-max Seat #1 is the button
Seat 1: Krazy90 ($143 in chips)
Seat 6: Mite1981 ($113.36 in chips)
Krazy90: posts small blind $1
Mite1981: posts big blind $3
*** HOLE CARDS ***
Krazy90: raises $3 to $6
Mite1981: calls $3
*** FLOP *** [Kd Ks 2d]
Mite1981: checks
Krazy90: bets $3
Mite1981: calls $3
*** TURN *** [Kd Ks 2d] [3s]
Mite1981: checks
Krazy90: checks
*** RIVER *** [Kd Ks 2d 3s] [6h]
Mite1981: bets $6
Krazy90: calls $6
*** SHOW DOWN ***
Mite1981: shows [9c 4s] (a pair of Kings)
Krazy90: shows [Th 6c] (two pair, Kings and Sixes)
Krazy90 collected $29.50 from pot
*** SUMMARY ***
Total pot $30 | Rake $0.50
Board [Kd Ks 2d 3s 6h]
Seat 1: Krazy90 (button) (small blind) showed [Th 6c] and won ($29.50) with two pair, Kings and Sixes
Seat 6: Mite1981 (big blind) showed [9c 4s] and lost with a pair of Kings


PokerStars Hand #158405399373:  Hold'em Limit ($3/$6 USD) - 2016/09/10 3:57:56 ET
Table 'Melanie' 6-max Seat #6 is the button
Seat 1: Krazy90 ($171.88 in chips)
Seat 6: Mite1981 ($83.24 in chips)
Mite1981: posts small blind $1
Krazy90: posts big blind $3
*** HOLE CARDS ***
Mite1981: raises $3 to $6
Krazy90: calls $3
*** FLOP *** [8s 2h 8c]
Krazy90: checks
Mite1981: bets $3
Krazy90: calls $3
*** TURN *** [8s 2h 8c] [Kd]
Krazy90: checks
Mite1981: bets $6
Krazy90: calls $6
*** RIVER *** [8s 2h 8c Kd] [Qs]
Krazy90: checks
Mite1981: checks
*** SHOW DOWN ***
Krazy90: shows [Ad 5h] (a pair of Eights)
Mite1981: shows [3s Ac] (a pair of Eights)
Krazy90 collected $14.75 from pot
Mite1981 collected $14.75 from pot
*** SUMMARY ***
Total pot $30 | Rake $0.50
Board [8s 2h 8c Kd Qs]
Seat 1: Krazy90 (big blind) showed [Ad 5h] and won ($14.75) with a pair of Eights
Seat 6: Mite1981 (button) (small blind) showed [3s Ac] and won ($14.75) with a pair of Eights


PokerStars Hand #158405404241:  Hold'em Limit ($3/$6 USD) - 2016/09/10 3:58:13 ET
Table 'Melanie' 6-max Seat #1 is the button
Seat 1: Krazy90 ($171.63 in chips)
Seat 6: Mite1981 ($82.99 in chips)
Krazy90: posts small blind $1
Mite1981: posts big blind $3
*** HOLE CARDS ***
Krazy90: raises $3 to $6
Mite1981: raises $3 to $9
Krazy90: calls $3
*** FLOP *** [3c 6s Th]
freestyler85 joins the table at seat #2
Mite1981: bets $3
Krazy90: calls $3
*** TURN *** [3c 6s Th] [3d]
Mite1981: bets $6
Krazy90: calls $6
*** RIVER *** [3c 6s Th 3d] [2c]
Mite1981: bets $6
Krazy90: calls $6
*** SHOW DOWN ***
Mite1981: shows [9c 9h] (two pair, Nines and Threes)
Krazy90: mucks hand
Mite1981 collected $47.50 from pot
*** SUMMARY ***
Total pot $48 | Rake $0.50
Board [3c 6s Th 3d 2c]
Seat 1: Krazy90 (button) (small blind) mucked
Seat 6: Mite1981 (big blind) showed [9c 9h] and won ($47.50) with two pair, Nines and Threes


PokerStars Hand #158405408302:  Hold'em Limit ($3/$6 USD) - 2016/09/10 3:58:28 ET
Table 'Melanie' 6-max Seat #6 is the button
Seat 1: Krazy90 ($147.63 in chips)
Seat 6: Mite1981 ($106.49 in chips)
Mite1981: posts small blind $1
Krazy90: posts big blind $3
*** HOLE CARDS ***
Mite1981: folds
Uncalled bet ($2) returned to Krazy90
Krazy90 collected $2 from pot
Krazy90: doesn't show hand
*** SUMMARY ***
Total pot $2 | Rake $0
Seat 1: Krazy90 (big blind) collected ($2)
Seat 6: Mite1981 (button) (small blind) folded before Flop


PokerStars Hand #158406649893:  Hold'em Limit ($3/$6 USD) - 2016/09/10 5:00:40 ET
Table 'Melanie' 6-max Seat #5 is the button
Seat 1: Krazy90 ($120 in chips)
Seat 5: Donald ($184.98 in chips)
liyaolizhe will be allowed to play after the button
Donald: posts small blind $1
Krazy90: posts big blind $3
*** HOLE CARDS ***
Donald: folds
Uncalled bet ($2) returned to Krazy90
Krazy90 collected $2 from pot
Krazy90: doesn't show hand
alasad444 leaves the table
*** SUMMARY ***
Total pot $2 | Rake $0
Seat 1: Krazy90 (big blind) collected ($2)
Seat 5: Donald (button) (small blind) folded before Flop


PokerStars Hand #158407118163:  Hold'em Limit ($3/$6 USD) - 2016/09/10 5:21:35 ET
Table 'Melanie' 6-max Seat #1 is the button
Seat 1: Krazy90 ($233.41 in chips)
Seat 5: Donald ($85.41 in chips)
Krazy90: posts small blind $1
Donald: posts big blind $3
*** HOLE CARDS ***
alasad444 leaves the table
Krazy90: raises $3 to $6
Donald: calls $3
*** FLOP *** [Ac Ah 7d]
Donald: checks
Krazy90: checks
*** TURN *** [Ac Ah 7d] [8h]
Donald: bets $6
Krazy90: folds
Uncalled bet ($6) returned to Donald
Donald collected $11.76 from pot
Donald: doesn't show hand
*** SUMMARY ***
Total pot $12 | Rake $0.24
Board [Ac Ah 7d 8h]
Seat 1: Krazy90 (button) (small blind) folded on the Turn
Seat 5: Donald (big blind) collected ($11.76)


PokerStars Hand #158407314230:  Hold'em Limit ($3/$6 USD) - 2016/09/10 5:29:53 ET
Table 'Melanie' 6-max Seat #3 is the button
Seat 3: Galit999 ($121 in chips)
Seat 6: LifeisagameX ($84 in chips)
Galit999: posts small blind $1
LifeisagameX: posts big blind $3
*** HOLE CARDS ***
Galit999: folds
Uncalled bet ($2) returned to LifeisagameX
LifeisagameX collected $2 from pot
LifeisagameX: doesn't show hand
*** SUMMARY ***
Total pot $2 | Rake $0
Seat 3: Galit999 (button) (small blind) folded before Flop
Seat 6: LifeisagameX (big blind) collected ($2)


PokerStars Hand #158407308346:  Hold'em Limit ($3/$6 USD) - 2016/09/10 5:29:38 ET
Table 'Melanie' 6-max Seat #6 is the button
Seat 3: Galit999 ($120 in chips)
Seat 6: LifeisagameX ($84 in chips)
LifeisagameX: posts small blind $1
Galit999: posts big blind $3
*** HOLE CARDS ***
LifeisagameX: folds
Uncalled bet ($2) returned to Galit999
Galit999 collected $2 from pot
Galit999: doesn't show hand
*** SUMMARY ***
Total pot $2 | Rake $0
Seat 3: Galit999 (big blind) collected ($2)
Seat 6: LifeisagameX (button) (small blind) folded before Flop


PokerStars Hand #158407316340:  Hold'em Limit ($3/$6 USD) - 2016/09/10 5:29:58 ET
Table 'Melanie' 6-max Seat #6 is the button
Seat 3: Galit999 ($120 in chips)
Seat 6: LifeisagameX ($85 in chips)
LifeisagameX: posts small blind $1
Galit999: posts big blind $3
*** HOLE CARDS ***
LifeisagameX: raises $3 to $6
Galit999: raises $3 to $9
LifeisagameX: calls $3
*** FLOP *** [Ac As 6h]
Galit999: bets $3
LifeisagameX: calls $3
*** TURN *** [Ac As 6h] [8c]
Galit999: checks
LifeisagameX: checks
*** RIVER *** [Ac As 6h 8c] [2s]
Galit999: checks
LifeisagameX: checks
*** SHOW DOWN ***
Galit999: shows [Qd Jd] (a pair of Aces)
LifeisagameX: shows [Ks 5h] (a pair of Aces - King kicker)
LifeisagameX collected $23.52 from pot
*** SUMMARY ***
Total pot $24 | Rake $0.48
Board [Ac As 6h 8c 2s]
Seat 3: Galit999 (big blind) showed [Qd Jd] and lost with a pair of Aces
Seat 6: LifeisagameX (button) (small blind) showed [Ks 5h] and won ($23.52) with a pair of Aces


PokerStars Hand #158407341754:  Hold'em Limit ($3/$6 USD) - 2016/09/10 5:31:03 ET
Table 'Melanie' 6-max Seat #3 is the button
Seat 3: Galit999 ($108 in chips)
Seat 6: LifeisagameX ($96.52 in chips)
Galit999: posts small blind $1
LifeisagameX: posts big blind $3
*** HOLE CARDS ***
Galit999: raises $3 to $6
LifeisagameX: raises $3 to $9
Galit999: calls $3
*** FLOP *** [5h 9s Jd]
LifeisagameX: bets $3
Galit999: raises $3 to $6
LifeisagameX: calls $3
*** TURN *** [5h 9s Jd] [4d]
LifeisagameX: checks
Galit999: checks
*** RIVER *** [5h 9s Jd 4d] [2h]
LifeisagameX: bets $6
Galit999: folds
Uncalled bet ($6) returned to LifeisagameX
LifeisagameX collected $29.50 from pot
LifeisagameX: doesn't show hand
*** SUMMARY ***
Total pot $30 | Rake $0.50
Board [5h 9s Jd 4d 2h]
Seat 3: Galit999 (button) (small blind) folded on the River
Seat 6: LifeisagameX (big blind) collected ($29.50)


PokerStars Hand #158407358450:  Hold'em Limit ($3/$6 USD) - 2016/09/10 5:31:46 ET
Table 'Melanie' 6-max Seat #6 is the button
Seat 3: Galit999 ($93 in chips)
Seat 6: LifeisagameX ($111.02 in chips)
LifeisagameX: posts small blind $1
Galit999: posts big blind $3
*** HOLE CARDS ***
LifeisagameX: raises $3 to $6
Galit999: folds
Uncalled bet ($3) returned to LifeisagameX
LifeisagameX collected $6 from pot
LifeisagameX: doesn't show hand
*** SUMMARY ***
Total pot $6 | Rake $0
Seat 3: Galit999 (big blind) folded before Flop
Seat 6: LifeisagameX (button) (small blind) collected ($6)


PokerStars Hand #158407362180:  Hold'em Limit ($3/$6 USD) - 2016/09/10 5:31:55 ET
Table 'Melanie' 6-max Seat #3 is the button
Seat 3: Galit999 ($90 in chips)
Seat 6: LifeisagameX ($114.02 in chips)
Galit999: posts small blind $1
LifeisagameX: posts big blind $3
*** HOLE CARDS ***
Galit999: raises $3 to $6
LifeisagameX: calls $3
*** FLOP *** [9s 3d 3s]
LifeisagameX: checks
Galit999: bets $3
LifeisagameX: raises $3 to $6
Galit999: calls $3
*** TURN *** [9s 3d 3s] [Qd]
LifeisagameX: checks
Galit999: bets $6
LifeisagameX: calls $6
*** RIVER *** [9s 3d 3s Qd] [Ah]
LifeisagameX: checks
Galit999: checks
*** SHOW DOWN ***
LifeisagameX: shows [7h 9c] (two pair, Nines and Threes)
Galit999: mucks hand
LifeisagameX collected $35.50 from pot
*** SUMMARY ***
Total pot $36 | Rake $0.50
Board [9s 3d 3s Qd Ah]
Seat 3: Galit999 (button) (small blind) mucked
Seat 6: LifeisagameX (big blind) showed [7h 9c] and won ($35.50) with two pair, Nines and Threes


PokerStars Hand #158407377506:  Hold'em Limit ($3/$6 USD) - 2016/09/10 5:32:35 ET
Table 'Melanie' 6-max Seat #6 is the button
Seat 3: Galit999 ($72 in chips)
Seat 6: LifeisagameX ($131.52 in chips)
LifeisagameX: posts small blind $1
Galit999: posts big blind $3
*** HOLE CARDS ***
LifeisagameX: raises $3 to $6
Galit999: calls $3
*** FLOP *** [Ac Jd Jh]
Galit999: checks
LifeisagameX: checks
*** TURN *** [Ac Jd Jh] [5d]
Galit999: checks
LifeisagameX: checks
*** RIVER *** [Ac Jd Jh 5d] [Ah]
Galit999: checks
LifeisagameX: checks
*** SHOW DOWN ***
Galit999: shows [3s 2s] (two pair, Aces and Jacks)
LifeisagameX: shows [Qh 9h] (two pair, Aces and Jacks - Queen kicker)
LifeisagameX collected $11.76 from pot
*** SUMMARY ***
Total pot $12 | Rake $0.24
Board [Ac Jd Jh 5d Ah]
Seat 3: Galit999 (big blind) showed [3s 2s] and lost with two pair, Aces and Jacks
Seat 6: LifeisagameX (button) (small blind) showed [Qh 9h] and won ($11.76) with two pair, Aces and Jacks


PokerStars Hand #158407391285:  Hold'em Limit ($3/$6 USD) - 2016/09/10 5:33:10 ET
Table 'Melanie' 6-max Seat #3 is the button
Seat 3: Galit999 ($66 in chips)
Seat 6: LifeisagameX ($137.28 in chips)
Galit999: posts small blind $1
LifeisagameX: posts big blind $3
*** HOLE CARDS ***
Galit999: raises $3 to $6
LifeisagameX: calls $3
*** FLOP *** [2d Qs 2c]
LifeisagameX: checks
Galit999: bets $3
LifeisagameX: folds
Uncalled bet ($3) returned to Galit999
Galit999 collected $11.76 from pot
Galit999: doesn't show hand
*** SUMMARY ***
Total pot $12 | Rake $0.24
Board [2d Qs 2c]
Seat 3: Galit999 (button) (small blind) collected ($11.76)
Seat 6: LifeisagameX (big blind) folded on the Flop


PokerStars Hand #158407398799:  Hold'em Limit ($3/$6 USD) - 2016/09/10 5:33:29 ET
Table 'Melanie' 6-max Seat #6 is the button
Seat 3: Galit999 ($71.76 in chips)
Seat 6: LifeisagameX ($131.28 in chips)
LifeisagameX: posts small blind $1
Galit999: posts big blind $3
*** HOLE CARDS ***
LifeisagameX: raises $3 to $6
Galit999: calls $3
*** FLOP *** [Qc Jc Ad]
Galit999: checks
LifeisagameX: bets $3
Galit999: raises $3 to $6
LifeisagameX: calls $3
*** TURN *** [Qc Jc Ad] [8s]
Galit999: bets $6
LifeisagameX: calls $6
*** RIVER *** [Qc Jc Ad 8s] [4h]
Galit999: bets $6
_fayzulllo_ joins the table at seat #5
LifeisagameX: calls $6
*** SHOW DOWN ***
Galit999: shows [Kc 6d] (high card Ace)
LifeisagameX: shows [Qd 6c] (a pair of Queens)
LifeisagameX collected $47.50 from pot
*** SUMMARY ***
Total pot $48 | Rake $0.50
Board [Qc Jc Ad 8s 4h]
Seat 3: Galit999 (big blind) showed [Kc 6d] and lost with high card Ace
Seat 6: LifeisagameX (button) (small blind) showed [Qd 6c] and won ($47.50) with a pair of Queens


PokerStars Hand #158407452722:  Hold'em Limit ($3/$6 USD) - 2016/09/10 5:35:47 ET
Table 'Melanie' 6-max Seat #5 is the button
Seat 3: Galit999 ($58.32 in chips)
Seat 5: _fayzulllo_ ($86.50 in chips)
_fayzulllo_: posts small blind $1
Galit999: posts big blind $3
*** HOLE CARDS ***
_fayzulllo_: folds
Uncalled bet ($2) returned to Galit999
Galit999 collected $2 from pot
Galit999: doesn't show hand
*** SUMMARY ***
Total pot $2 | Rake $0
Seat 3: Galit999 (big blind) collected ($2)
Seat 5: _fayzulllo_ (button) (small blind) folded before Flop


PokerStars Hand #158407446401:  Hold'em Limit ($3/$6 USD) - 2016/09/10 5:35:31 ET
Table 'Melanie' 6-max Seat #3 is the button
Seat 3: Galit999 ($73.32 in chips)
Seat 5: _fayzulllo_ ($72 in chips)
Galit999: posts small blind $1
_fayzulllo_: posts big blind $3
*** HOLE CARDS ***
Galit999: raises $3 to $6
_fayzulllo_: calls $3
*** FLOP *** [6h 2h 7s]
LifeisagameX leaves the table
_fayzulllo_: checks
Galit999: bets $3
_fayzulllo_: calls $3
*** TURN *** [6h 2h 7s] [9d]
_fayzulllo_: checks
Galit999: bets $6
_fayzulllo_: calls $6
*** RIVER *** [6h 2h 7s 9d] [4c]
_fayzulllo_: checks
Galit999: checks
*** SHOW DOWN ***
_fayzulllo_: shows [Qh 6c] (a pair of Sixes)
Galit999: mucks hand
_fayzulllo_ collected $29.50 from pot
*** SUMMARY ***
Total pot $30 | Rake $0.50
Board [6h 2h 7s 9d 4c]
Seat 3: Galit999 (button) (small blind) mucked
Seat 5: _fayzulllo_ (big blind) showed [Qh 6c] and won ($29.50) with a pair of Sixes


PokerStars Hand #158407455013:  Hold'em Limit ($3/$6 USD) - 2016/09/10 5:35:53 ET
Table 'Melanie' 6-max Seat #3 is the button
Seat 3: Galit999 ($59.32 in chips)
Seat 5: _fayzulllo_ ($85.50 in chips)
Galit999: posts small blind $1
_fayzulllo_: posts big blind $3
*** HOLE CARDS ***
Galit999: raises $3 to $6
_fayzulllo_: calls $3
*** FLOP *** [3c 8d 7c]
_fayzulllo_: checks
Galit999: bets $3
_fayzulllo_: calls $3
*** TURN *** [3c 8d 7c] [Kc]
_fayzulllo_: checks
Galit999: bets $6
_fayzulllo_: calls $6
*** RIVER *** [3c 8d 7c Kc] [8s]
_fayzulllo_: checks
Galit999: checks
*** SHOW DOWN ***
_fayzulllo_: shows [7s 6d] (two pair, Eights and Sevens)
Galit999: mucks hand
_fayzulllo_ collected $29.50 from pot
Agrotait joins the table at seat #4
*** SUMMARY ***
Total pot $30 | Rake $0.50
Board [3c 8d 7c Kc 8s]
Seat 3: Galit999 (button) (small blind) mucked
Seat 5: _fayzulllo_ (big blind) showed [7s 6d] and won ($29.50) with two pair, Eights and Sevens


PokerStars Hand #158407460989:  Hold'em Limit ($3/$6 USD) - 2016/09/10 5:36:08 ET
Table 'Melanie' 6-max Seat #5 is the button
Seat 3: Galit999 ($44.32 in chips)
Seat 5: _fayzulllo_ ($100 in chips)
_fayzulllo_: posts small blind $1
Galit999: posts big blind $3
*** HOLE CARDS ***
_fayzulllo_: folds
Uncalled bet ($2) returned to Galit999
Galit999 collected $2 from pot
Galit999: doesn't show hand
*** SUMMARY ***
Total pot $2 | Rake $0
Seat 3: Galit999 (big blind) collected ($2)
Seat 5: _fayzulllo_ (button) (small blind) folded before Flop


PokerStars Hand #158407486261:  Hold'em Limit ($3/$6 USD) - 2016/09/10 5:37:13 ET
Table 'Melanie' 6-max Seat #5 is the button
Seat 4: Agrotait ($71 in chips)
Seat 5: _fayzulllo_ ($110.89 in chips)
_fayzulllo_: posts small blind $1
Galit999: is sitting out
Agrotait: posts big blind $3
*** HOLE CARDS ***
_fayzulllo_: calls $2
Agrotait: raises $3 to $6
_fayzulllo_: calls $3
*** FLOP *** [2d Qs 8h]
Agrotait: bets $3
_fayzulllo_: raises $3 to $6
Agrotait: calls $3
*** TURN *** [2d Qs 8h] [Kd]
Agrotait: checks
_fayzulllo_: bets $6
Agrotait: folds
Uncalled bet ($6) returned to _fayzulllo_
_fayzulllo_ collected $23.52 from pot
*** SUMMARY ***
Total pot $24 | Rake $0.48
Board [2d Qs 8h Kd]
Seat 4: Agrotait (big blind) folded on the Turn
Seat 5: _fayzulllo_ (button) (small blind) collected ($23.52)


PokerStars Hand #158407517966:  Hold'em Limit ($3/$6 USD) - 2016/09/10 5:38:33 ET
Table 'Melanie' 6-max Seat #3 is the button
Seat 3: Galit999 ($12.93 in chips)
Seat 4: Agrotait ($109.50 in chips)
Galit999: posts small blind $1
Agrotait: posts big blind $3
*** HOLE CARDS ***
Galit999: raises $3 to $6
Agrotait: calls $3
*** FLOP *** [9s 3s Qs]
Agrotait: checks
Galit999: bets $3
Agrotait: raises $3 to $6
Galit999: raises $0.93 to $6.93 and is all-in
Agrotait: calls $0.93
*** TURN *** [9s 3s Qs] [3h]
*** RIVER *** [9s 3s Qs 3h] [Ts]
*** SHOW DOWN ***
Agrotait: shows [2s 6s] (a flush, Queen high)
Galit999: shows [Qd Ac] (two pair, Queens and Threes)
Ag3r0n joins the table at seat #6
Agrotait collected $25.36 from pot
*** SUMMARY ***
Total pot $25.86 | Rake $0.50
Board [9s 3s Qs 3h Ts]
Seat 3: Galit999 (button) (small blind) showed [Qd Ac] and lost with two pair, Queens and Threes
Seat 4: Agrotait (big blind) showed [2s 6s] and won ($25.36) with a flush, Queen high


PokerStars Hand #158407515520:  Hold'em Limit ($3/$6 USD) - 2016/09/10 5:38:27 ET
Table 'Melanie' 6-max Seat #4 is the button
Seat 3: Galit999 ($11.93 in chips)
Seat 4: Agrotait ($110.50 in chips)
Agrotait: posts small blind $1
Galit999: posts big blind $3
*** HOLE CARDS ***
libaikang joins the table at seat #2
Agrotait: folds
Uncalled bet ($2) returned to Galit999
Galit999 collected $2 from pot
Galit999: doesn't show hand
*** SUMMARY ***
Total pot $2 | Rake $0
Seat 3: Galit999 (big blind) collected ($2)
Seat 4: Agrotait (button) (small blind) folded before Flop


PokerStars Hand #158407512338:  Hold'em Limit ($3/$6 USD) - 2016/09/10 5:38:19 ET
Table 'Melanie' 6-max Seat #3 is the button
Seat 3: Galit999 ($8.93 in chips)
Seat 4: Agrotait ($113.50 in chips)
Galit999: posts small blind $1
Agrotait: posts big blind $3
*** HOLE CARDS ***
Galit999: raises $3 to $6
Agrotait: folds
Uncalled bet ($3) returned to Galit999
Galit999 collected $6 from pot
Galit999: doesn't show hand
*** SUMMARY ***
Total pot $6 | Rake $0
Seat 3: Galit999 (button) (small blind) collected ($6)
Seat 4: Agrotait (big blind) folded before Flop


PokerStars Hand #158407502434:  Hold'em Limit ($3/$6 USD) - 2016/09/10 5:37:54 ET
Table 'Melanie' 6-max Seat #4 is the button
Seat 3: Galit999 ($50.93 in chips)
Seat 4: Agrotait ($72 in chips)
Agrotait: posts small blind $1
Galit999: posts big blind $3
*** HOLE CARDS ***
Agrotait: raises $3 to $6
Galit999: raises $3 to $9
Agrotait: calls $3
*** FLOP *** [8c Qh 2c]
Galit999: bets $3
Agrotait: calls $3
*** TURN *** [8c Qh 2c] [3h]
Galit999: bets $6
Agrotait: raises $6 to $12
Galit999: raises $6 to $18
Agrotait: calls $6
*** RIVER *** [8c Qh 2c 3h] [Ac]
Galit999: bets $6
Agrotait: raises $6 to $12
Galit999: calls $6
*** SHOW DOWN ***
Agrotait: shows [As Qc] (two pair, Aces and Queens)
Galit999: mucks hand
Agrotait collected $83.50 from pot
*** SUMMARY ***
Total pot $84 | Rake $0.50
Board [8c Qh 2c 3h Ac]
Seat 3: Galit999 (big blind) mucked
Seat 4: Agrotait (button) (small blind) showed [As Qc] and won ($83.50) with two pair, Aces and Queens


PokerStars Hand #158408007874:  Hold'em Limit ($3/$6 USD) - 2016/09/10 5:59:28 ET
Table 'Melanie' 6-max Seat #1 is the button
Seat 1: knalle ($1879.01 in chips)
Seat 6: Ag3r0n ($86.92 in chips)
knalle: posts small blind $1
freestyler85: is sitting out
Agrotait: is sitting out
Ag3r0n: posts big blind $3
*** HOLE CARDS ***
knalle: folds
Uncalled bet ($2) returned to Ag3r0n
Ag3r0n collected $2 from pot
*** SUMMARY ***
Total pot $2 | Rake $0
Seat 1: knalle (button) (small blind) folded before Flop
Seat 6: Ag3r0n (big blind) collected ($2)


PokerStars Hand #158408009738:  Hold'em Limit ($3/$6 USD) - 2016/09/10 5:59:33 ET
Table 'Melanie' 6-max Seat #6 is the button
Seat 1: knalle ($1878.01 in chips)
Seat 6: Ag3r0n ($87.92 in chips)
Ag3r0n: posts small blind $1
knalle: posts big blind $3
*** HOLE CARDS ***
freestyler85 leaves the table
Ag3r0n: raises $3 to $6
Agrotait leaves the table
knalle: calls $3
*** FLOP *** [Kh 6c Ks]
knalle: checks
Ag3r0n: checks
*** TURN *** [Kh 6c Ks] [Ad]
knalle: checks
Ag3r0n: checks
*** RIVER *** [Kh 6c Ks Ad] [Jc]
knalle: checks
Ag3r0n: checks
*** SHOW DOWN ***
knalle: shows [2s Kc] (three of a kind, Kings)
Ag3r0n: mucks hand
knalle collected $11.76 from pot
*** SUMMARY ***
Total pot $12 | Rake $0.24
Board [Kh 6c Ks Ad Jc]
Seat 1: knalle (big blind) showed [2s Kc] and won ($11.76) with three of a kind, Kings
Seat 6: Ag3r0n (button) (small blind) mucked


PokerStars Hand #158408015301:  Hold'em Limit ($3/$6 USD) - 2016/09/10 5:59:49 ET
Table 'Melanie' 6-max Seat #1 is the button
Seat 1: knalle ($1883.77 in chips)
Seat 6: Ag3r0n ($81.92 in chips)
knalle: posts small blind $1
Ag3r0n: posts big blind $3
*** HOLE CARDS ***
knalle: raises $3 to $6
Ag3r0n: calls $3
*** FLOP *** [2d 4d 3h]
Ag3r0n: checks
knalle: checks
*** TURN *** [2d 4d 3h] [7d]
Ag3r0n: bets $6
knalle: raises $6 to $12
Ag3r0n: raises $6 to $18
knalle: calls $6
*** RIVER *** [2d 4d 3h 7d] [5d]
Ag3r0n: checks
knalle: bets $6
Ag3r0n: calls $6
*** SHOW DOWN ***
knalle: shows [7c Jd] (a flush, Jack high)
Ag3r0n: mucks hand
knalle collected $59.50 from pot
*** SUMMARY ***
Total pot $60 | Rake $0.50
Board [2d 4d 3h 7d 5d]
Seat 1: knalle (button) (small blind) showed [7c Jd] and won ($59.50) with a flush, Jack high
Seat 6: Ag3r0n (big blind) mucked


PokerStars Hand #158408030256:  Hold'em Limit ($3/$6 USD) - 2016/09/10 6:00:30 ET
Table 'Melanie' 6-max Seat #1 is the button
Seat 1: knalle ($1939.77 in chips)
Seat 6: Ag3r0n ($72 in chips)
knalle: posts small blind $1
Ag3r0n: posts big blind $3
*** HOLE CARDS ***
knalle: folds
Uncalled bet ($2) returned to Ag3r0n
Ag3r0n collected $2 from pot
*** SUMMARY ***
Total pot $2 | Rake $0
Seat 1: knalle (button) (small blind) folded before Flop
Seat 6: Ag3r0n (big blind) collected ($2)


PokerStars Hand #158408023270:  Hold'em Limit ($3/$6 USD) - 2016/09/10 6:00:11 ET
Table 'Melanie' 6-max Seat #6 is the button
Seat 1: knalle ($1913.27 in chips)
Seat 6: Ag3r0n ($72 in chips)
Ag3r0n: posts small blind $1
knalle: posts big blind $3
*** HOLE CARDS ***
Ag3r0n: raises $3 to $6
knalle: raises $3 to $9
Ag3r0n: raises $3 to $12
Betting is capped
knalle: calls $3
*** FLOP *** [3d 6h 4h]
knalle: bets $3
Ag3r0n: calls $3
*** TURN *** [3d 6h 4h] [5d]
knalle: bets $6
Ag3r0n: calls $6
*** RIVER *** [3d 6h 4h 5d] [Jc]
knalle: bets $6
Ag3r0n: calls $6
*** SHOW DOWN ***
knalle: shows [9s 9c] (a pair of Nines)
Ag3r0n: mucks hand
knalle collected $53.50 from pot
*** SUMMARY ***
Total pot $54 | Rake $0.50
Board [3d 6h 4h 5d Jc]
Seat 1: knalle (big blind) showed [9s 9c] and won ($53.50) with a pair of Nines
Seat 6: Ag3r0n (button) (small blind) mucked


PokerStars Hand #158408038363:  Hold'em Limit ($3/$6 USD) - 2016/09/10 6:00:52 ET
Table 'Melanie' 6-max Seat #1 is the button
Seat 1: knalle ($1920.77 in chips)
Seat 6: Ag3r0n ($90.50 in chips)
knalle: posts small blind $1
Ag3r0n: posts big blind $3
*** HOLE CARDS ***
knalle: folds
Uncalled bet ($2) returned to Ag3r0n
Ag3r0n collected $2 from pot
*** SUMMARY ***
Total pot $2 | Rake $0
Seat 1: knalle (button) (small blind) folded before Flop
Seat 6: Ag3r0n (big blind) collected ($2)


PokerStars Hand #158408032134:  Hold'em Limit ($3/$6 USD) - 2016/09/10 6:00:35 ET
Table 'Melanie' 6-max Seat #6 is the button
Seat 1: knalle ($1938.77 in chips)
Seat 6: Ag3r0n ($73 in chips)
Ag3r0n: posts small blind $1
knalle: posts big blind $3
*** HOLE CARDS ***
Ag3r0n: raises $3 to $6
knalle: raises $3 to $9
Ag3r0n: calls $3
*** FLOP *** [7c Th 2c]
knalle: bets $3
Ag3r0n: calls $3
*** TURN *** [7c Th 2c] [7h]
knalle: checks
Ag3r0n: bets $6
knalle: calls $6
*** RIVER *** [7c Th 2c 7h] [Ks]
knalle: checks
Ag3r0n: bets $6
knalle: folds
Uncalled bet ($6) returned to Ag3r0n
Ag3r0n collected $35.50 from pot
*** SUMMARY ***
Total pot $36 | Rake $0.50
Board [7c Th 2c 7h Ks]
Seat 1: knalle (big blind) folded on the River
Seat 6: Ag3r0n (button) (small blind) collected ($35.50)


PokerStars Hand #158408040285:  Hold'em Limit ($3/$6 USD) - 2016/09/10 6:00:57 ET
Table 'Melanie' 6-max Seat #6 is the button
Seat 1: knalle ($1919.77 in chips)
Seat 6: Ag3r0n ($91.50 in chips)
Ag3r0n: posts small blind $1
knalle: posts big blind $3
*** HOLE CARDS ***
Ag3r0n: raises $3 to $6
knalle: calls $3
*** FLOP *** [9c Tc Qd]
knalle: checks
Ag3r0n: bets $3
knalle: calls $3
*** TURN *** [9c Tc Qd] [Th]
knalle: checks
Ag3r0n: checks
*** RIVER *** [9c Tc Qd Th] [9d]
knalle: bets $6
Ag3r0n: folds
Uncalled bet ($6) returned to knalle
knalle collected $17.64 from pot
knalle: doesn't show hand
*** SUMMARY ***
Total pot $18 | Rake $0.36
Board [9c Tc Qd Th 9d]
Seat 1: knalle (big blind) collected ($17.64)
Seat 6: Ag3r0n (button) (small blind) folded on the River


PokerStars Hand #158408055875:  Hold'em Limit ($3/$6 USD) - 2016/09/10 6:01:37 ET
Table 'Melanie' 6-max Seat #6 is the button
Seat 1: knalle ($1900.41 in chips)
Seat 6: Ag3r0n ($110 in chips)
Ag3r0n: posts small blind $1
knalle: posts big blind $3
*** HOLE CARDS ***
Ag3r0n: raises $3 to $6
knalle: calls $3
*** FLOP *** [Kh Qs 2c]
knalle: checks
Ag3r0n: bets $3
knalle: folds
Uncalled bet ($3) returned to Ag3r0n
Ag3r0n collected $11.76 from pot
*** SUMMARY ***
Total pot $12 | Rake $0.24
Board [Kh Qs 2c]
Seat 1: knalle (big blind) folded on the Flop
Seat 6: Ag3r0n (button) (small blind) collected ($11.76)


PokerStars Hand #158408063072:  Hold'em Limit ($3/$6 USD) - 2016/09/10 6:01:54 ET
Table 'Melanie' 6-max Seat #6 is the button
Seat 1: knalle ($1900.17 in chips)
Seat 6: Ag3r0n ($109.76 in chips)
Ag3r0n: posts small blind $1
knalle: posts big blind $3
Agrotait joins the table at seat #2
*** HOLE CARDS ***
Ag3r0n: raises $3 to $6
knalle: folds
Uncalled bet ($3) returned to Ag3r0n
Ag3r0n collected $6 from pot
*** SUMMARY ***
Total pot $6 | Rake $0
Seat 1: knalle (big blind) folded before Flop
Seat 6: Ag3r0n (button) (small blind) collected ($6)


PokerStars Hand #158408059542:  Hold'em Limit ($3/$6 USD) - 2016/09/10 6:01:45 ET
Table 'Melanie' 6-max Seat #1 is the button
Seat 1: knalle ($1894.41 in chips)
Seat 6: Ag3r0n ($115.76 in chips)
knalle: posts small blind $1
Ag3r0n: posts big blind $3
*** HOLE CARDS ***
knalle: raises $3 to $6
Ag3r0n: calls $3
*** FLOP *** [Tc Kh Ad]
Ag3r0n: checks
knalle: bets $3
Ag3r0n: folds
Uncalled bet ($3) returned to knalle
knalle collected $11.76 from pot
knalle: doesn't show hand
*** SUMMARY ***
Total pot $12 | Rake $0.24
Board [Tc Kh Ad]
Seat 1: knalle (button) (small blind) collected ($11.76)
Seat 6: Ag3r0n (big blind) folded on the Flop


PokerStars Hand #158408053772:  Hold'em Limit ($3/$6 USD) - 2016/09/10 6:01:31 ET
Table 'Melanie' 6-max Seat #1 is the button
Seat 1: knalle ($1901.41 in chips)
Seat 6: Ag3r0n ($109 in chips)
knalle: posts small blind $1
Ag3r0n: posts big blind $3
*** HOLE CARDS ***
knalle: folds
Uncalled bet ($2) returned to Ag3r0n
Ag3r0n collected $2 from pot
*** SUMMARY ***
Total pot $2 | Rake $0
Seat 1: knalle (button) (small blind) folded before Flop
Seat 6: Ag3r0n (big blind) collected ($2)


PokerStars Hand #158408051612:  Hold'em Limit ($3/$6 USD) - 2016/09/10 6:01:26 ET
Table 'Melanie' 6-max Seat #6 is the button
Seat 1: knalle ($1904.41 in chips)
Seat 6: Ag3r0n ($106 in chips)
Ag3r0n: posts small blind $1
knalle: posts big blind $3
*** HOLE CARDS ***
Ag3r0n: raises $3 to $6
knalle: folds
Uncalled bet ($3) returned to Ag3r0n
Ag3r0n collected $6 from pot
*** SUMMARY ***
Total pot $6 | Rake $0
Seat 1: knalle (big blind) folded before Flop
Seat 6: Ag3r0n (button) (small blind) collected ($6)


PokerStars Hand #158408046151:  Hold'em Limit ($3/$6 USD) - 2016/09/10 6:01:11 ET
Table 'Melanie' 6-max Seat #1 is the button
Seat 1: knalle ($1928.41 in chips)
Seat 6: Ag3r0n ($82.50 in chips)
knalle: posts small blind $1
Ag3r0n: posts big blind $3
*** HOLE CARDS ***
knalle: raises $3 to $6
Ag3r0n: raises $3 to $9
knalle: calls $3
*** FLOP *** [Jd Ac Qh]
Ag3r0n: bets $3
knalle: calls $3
*** TURN *** [Jd Ac Qh] [3d]
Ag3r0n: bets $6
knalle: calls $6
*** RIVER *** [Jd Ac Qh 3d] [Qc]
Ag3r0n: bets $6
knalle: calls $6
*** SHOW DOWN ***
Ag3r0n: shows [Ad As] (a full house, Aces full of Queens)
knalle: mucks hand
Ag3r0n collected $47.50 from pot
*** SUMMARY ***
Total pot $48 | Rake $0.50
Board [Jd Ac Qh 3d Qc]
Seat 1: knalle (button) (small blind) mucked
Seat 6: Ag3r0n (big blind) showed [Ad As] and won ($47.50) with a full house, Aces full of Queens


PokerStars Hand #158408359022:  Hold'em Limit ($3/$6 USD) - 2016/09/10 6:13:52 ET
Table 'Melanie' 6-max Seat #5 is the button
Seat 3: billabonglad ($149.80 in chips)
Seat 5: VolkovDmitri ($189.30 in chips)
VolkovDmitri: posts small blind $1
Agrotait: is sitting out
billabonglad: posts big blind $3
*** HOLE CARDS ***
VolkovDmitri: raises $3 to $6
Agrotait leaves the table
billabonglad: calls $3
*** FLOP *** [5c 4h Kc]
billabonglad: checks
VolkovDmitri: bets $3
billabonglad: folds
Uncalled bet ($3) returned to VolkovDmitri
VolkovDmitri collected $11.76 from pot
VolkovDmitri: doesn't show hand
*** SUMMARY ***
Total pot $12 | Rake $0.24
Board [5c 4h Kc]
Seat 3: billabonglad (big blind) folded on the Flop
Seat 5: VolkovDmitri (button) (small blind) collected ($11.76)


PokerStars Hand #158408381839:  Hold'em Limit ($3/$6 USD) - 2016/09/10 6:14:48 ET
Table 'Melanie' 6-max Seat #3 is the button
Seat 3: billabonglad ($89.80 in chips)
Seat 5: VolkovDmitri ($248.06 in chips)
billabonglad: posts small blind $1
VolkovDmitri: posts big blind $3
*** HOLE CARDS ***
billabonglad: folds
Uncalled bet ($2) returned to VolkovDmitri
VolkovDmitri collected $2 from pot
VolkovDmitri: doesn't show hand
*** SUMMARY ***
Total pot $2 | Rake $0
Seat 3: billabonglad (button) (small blind) folded before Flop
Seat 5: VolkovDmitri (big blind) collected ($2)


PokerStars Hand #158408372788:  Hold'em Limit ($3/$6 USD) - 2016/09/10 6:14:26 ET
Table 'Melanie' 6-max Seat #5 is the button
Seat 3: billabonglad ($113.80 in chips)
Seat 5: VolkovDmitri ($224.56 in chips)
VolkovDmitri: posts small blind $1
billabonglad: posts big blind $3
*** HOLE CARDS ***
VolkovDmitri: raises $3 to $6
billabonglad: raises $3 to $9
VolkovDmitri: calls $3
*** FLOP *** [2d 2c 4c]
billabonglad: bets $3
VolkovDmitri: calls $3
*** TURN *** [2d 2c 4c] [Js]
billabonglad: checks
VolkovDmitri: bets $6
billabonglad: calls $6
*** RIVER *** [2d 2c 4c Js] [Jh]
billabonglad: checks
VolkovDmitri: bets $6
billabonglad: calls $6
*** SHOW DOWN ***
VolkovDmitri: shows [6d 2s] (a full house, Deuces full of Jacks)
billabonglad: mucks hand
VolkovDmitri collected $47.50 from pot
*** SUMMARY ***
Total pot $48 | Rake $0.50
Board [2d 2c 4c Js Jh]
Seat 3: billabonglad (big blind) mucked
Seat 5: VolkovDmitri (button) (small blind) showed [6d 2s] and won ($47.50) with a full house, Deuces full of Jacks


PokerStars Hand #158408363239:  Hold'em Limit ($3/$6 USD) - 2016/09/10 6:14:03 ET
Table 'Melanie' 6-max Seat #3 is the button
Seat 3: billabonglad ($143.80 in chips)
Seat 5: VolkovDmitri ($195.06 in chips)
billabonglad: posts small blind $1
VolkovDmitri: posts big blind $3
*** HOLE CARDS ***
billabonglad: raises $3 to $6
VolkovDmitri: calls $3
*** FLOP *** [9h 6d 6c]
VolkovDmitri: checks
billabonglad: bets $3
VolkovDmitri: raises $3 to $6
billabonglad: calls $3
*** TURN *** [9h 6d 6c] [4c]
VolkovDmitri: bets $6
billabonglad: calls $6
*** RIVER *** [9h 6d 6c 4c] [8d]
VolkovDmitri: bets $6
billabonglad: raises $6 to $12
VolkovDmitri: calls $6
*** SHOW DOWN ***
billabonglad: shows [Kd Kh] (two pair, Kings and Sixes)
VolkovDmitri: shows [6s Kc] (three of a kind, Sixes)
VolkovDmitri collected $59.50 from pot
*** SUMMARY ***
Total pot $60 | Rake $0.50
Board [9h 6d 6c 4c 8d]
Seat 3: billabonglad (button) (small blind) showed [Kd Kh] and lost with two pair, Kings and Sixes
Seat 5: VolkovDmitri (big blind) showed [6s Kc] and won ($59.50) with three of a kind, Sixes


