PokerStars Hand #156110544690:  Hold'em Limit ($3/$6 USD) - 2016/07/17 20:42:42 ET
Table 'Melete' 10-max Seat #10 is the button
Seat 1: belik555 ($185.03 in chips)
Seat 10: Profitables ($48.64 in chips)
Profitables: posts small blind $1
belik555: posts big blind $3
*** HOLE CARDS ***
Profitables: raises $3 to $6
belik555: raises $3 to $9
Profitables: calls $3
*** FLOP *** [Kd 2c 4c]
belik555: bets $3
Profitables: calls $3
*** TURN *** [Kd 2c 4c] [7c]
belik555: checks
Profitables: bets $6
belik555: calls $6
*** RIVER *** [Kd 2c 4c 7c] [Qd]
belik555: checks
Profitables: bets $6
belik555: calls $6
*** SHOW DOWN ***
Profitables: shows [5c Kc] (a flush, King high)
belik555: mucks hand
Profitables collected $47.50 from pot
*** SUMMARY ***
Total pot $48 | Rake $0.50
Board [Kd 2c 4c 7c Qd]
Seat 1: belik555 (big blind) mucked
Seat 10: Profitables (button) (small blind) showed [5c Kc] and won ($47.50) with a flush, King high


PokerStars Hand #156110537250:  Hold'em Limit ($3/$6 USD) - 2016/07/17 20:42:25 ET
Table 'Melete' 10-max Seat #1 is the button
Seat 1: belik555 ($194.03 in chips)
Seat 10: Profitables ($40 in chips)
belik555: posts small blind $1
Profitables: posts big blind $3
*** HOLE CARDS ***
belik555: raises $3 to $6
Profitables: calls $3
*** FLOP *** [5s 5d As]
Profitables: checks
belik555: bets $3
Profitables: raises $3 to $6
belik555: folds
Uncalled bet ($3) returned to Profitables
Profitables collected $17.64 from pot
Profitables: doesn't show hand
*** SUMMARY ***
Total pot $18 | Rake $0.36
Board [5s 5d As]
Seat 1: belik555 (button) (small blind) folded on the Flop
Seat 10: Profitables (big blind) collected ($17.64)


PokerStars Hand #156110575918:  Hold'em Limit ($3/$6 USD) - 2016/07/17 20:43:53 ET
Table 'Melete' 10-max Seat #10 is the button
Seat 1: belik555 ($152.03 in chips)
Seat 10: Profitables ($80.78 in chips)
Profitables: posts small blind $1
belik555: posts big blind $3
*** HOLE CARDS ***
Profitables: raises $3 to $6
belik555: raises $3 to $9
Profitables: calls $3
*** FLOP *** [9s 4c 7s]
belik555: bets $3
Profitables: raises $3 to $6
belik555: calls $3
*** TURN *** [9s 4c 7s] [Th]
belik555: checks
Profitables: checks
*** RIVER *** [9s 4c 7s Th] [Qs]
belik555: checks
Profitables: checks
*** SHOW DOWN ***
belik555: shows [6h 7c] (a pair of Sevens)
Profitables: mucks hand
belik555 collected $29.50 from pot
*** SUMMARY ***
Total pot $30 | Rake $0.50
Board [9s 4c 7s Th Qs]
Seat 1: belik555 (big blind) showed [6h 7c] and won ($29.50) with a pair of Sevens
Seat 10: Profitables (button) (small blind) mucked


PokerStars Hand #156110561835:  Hold'em Limit ($3/$6 USD) - 2016/07/17 20:43:21 ET
Table 'Melete' 10-max Seat #1 is the button
Seat 1: belik555 ($161.03 in chips)
Seat 10: Profitables ($72.14 in chips)
belik555: posts small blind $1
Profitables: posts big blind $3
*** HOLE CARDS ***
belik555: raises $3 to $6
Profitables: calls $3
*** FLOP *** [2d Jh 7h]
Profitables: checks
belik555: bets $3
Profitables: calls $3
*** TURN *** [2d Jh 7h] [Jc]
Profitables: checks
belik555: checks
*** RIVER *** [2d Jh 7h Jc] [4h]
Profitables: checks
belik555: checks
*** SHOW DOWN ***
Profitables: shows [3c 2c] (two pair, Jacks and Deuces)
belik555: mucks hand
Profitables collected $17.64 from pot
*** SUMMARY ***
Total pot $18 | Rake $0.36
Board [2d Jh 7h Jc 4h]
Seat 1: belik555 (button) (small blind) mucked
Seat 10: Profitables (big blind) showed [3c 2c] and won ($17.64) with two pair, Jacks and Deuces


PokerStars Hand #156110603938:  Hold'em Limit ($3/$6 USD) - 2016/07/17 20:44:57 ET
Table 'Melete' 10-max Seat #1 is the button
Seat 1: belik555 ($173.29 in chips)
Seat 10: Profitables ($58.78 in chips)
belik555: posts small blind $1
Profitables: posts big blind $3
*** HOLE CARDS ***
belik555: raises $3 to $6
Profitables: calls $3
*** FLOP *** [4d Th 2s]
Profitables: checks
belik555: bets $3
Profitables: raises $3 to $6
belik555: calls $3
*** TURN *** [4d Th 2s] [5s]
Profitables: bets $6
belik555: calls $6
*** RIVER *** [4d Th 2s 5s] [Jh]
Profitables: checks
belik555: bets $6
Profitables: calls $6
*** SHOW DOWN ***
belik555: shows [5h 6c] (a pair of Fives)
Profitables: mucks hand
belik555 collected $47.50 from pot
*** SUMMARY ***
Total pot $48 | Rake $0.50
Board [4d Th 2s 5s Jh]
Seat 1: belik555 (button) (small blind) showed [5h 6c] and won ($47.50) with a pair of Fives
Seat 10: Profitables (big blind) mucked


PokerStars Hand #156110592849:  Hold'em Limit ($3/$6 USD) - 2016/07/17 20:44:32 ET
Table 'Melete' 10-max Seat #1 is the button
Seat 1: belik555 ($166.53 in chips)
Seat 10: Profitables ($65.78 in chips)
belik555: posts small blind $1
Profitables: posts big blind $3
*** HOLE CARDS ***
belik555: raises $3 to $6
Profitables: calls $3
*** FLOP *** [7h Qh 9s]
Profitables: checks
belik555: bets $3
Profitables: folds
Uncalled bet ($3) returned to belik555
belik555 collected $11.76 from pot
belik555: doesn't show hand
*** SUMMARY ***
Total pot $12 | Rake $0.24
Board [7h Qh 9s]
Seat 1: belik555 (button) (small blind) collected ($11.76)
Seat 10: Profitables (big blind) folded on the Flop


PokerStars Hand #156110612806:  Hold'em Limit ($3/$6 USD) - 2016/07/17 20:45:17 ET
Table 'Melete' 10-max Seat #10 is the button
Seat 1: belik555 ($196.79 in chips)
Seat 10: Profitables ($34.78 in chips)
Profitables: posts small blind $1
belik555: posts big blind $3
*** HOLE CARDS ***
Profitables: raises $3 to $6
belik555: calls $3
*** FLOP *** [7s 8d 5h]
belik555: checks
Profitables: checks
*** TURN *** [7s 8d 5h] [Kd]
belik555: bets $6
Profitables: folds
Uncalled bet ($6) returned to belik555
belik555 collected $11.76 from pot
belik555: doesn't show hand
*** SUMMARY ***
Total pot $12 | Rake $0.24
Board [7s 8d 5h Kd]
Seat 1: belik555 (big blind) collected ($11.76)
Seat 10: Profitables (button) (small blind) folded on the Turn


PokerStars Hand #156110625175:  Hold'em Limit ($3/$6 USD) - 2016/07/17 20:45:46 ET
Table 'Melete' 10-max Seat #10 is the button
Seat 1: belik555 ($205.55 in chips)
Seat 10: Profitables ($25.78 in chips)
Profitables: posts small blind $1
belik555: posts big blind $3
*** HOLE CARDS ***
Profitables: folds
Uncalled bet ($2) returned to belik555
belik555 collected $2 from pot
belik555: doesn't show hand
*** SUMMARY ***
Total pot $2 | Rake $0
Seat 1: belik555 (big blind) collected ($2)
Seat 10: Profitables (button) (small blind) folded before Flop


PokerStars Hand #156110617903:  Hold'em Limit ($3/$6 USD) - 2016/07/17 20:45:29 ET
Table 'Melete' 10-max Seat #1 is the button
Seat 1: belik555 ($202.55 in chips)
Seat 10: Profitables ($28.78 in chips)
belik555: posts small blind $1
Profitables: posts big blind $3
*** HOLE CARDS ***
belik555: raises $3 to $6
Profitables: folds
Uncalled bet ($3) returned to belik555
belik555 collected $6 from pot
belik555: doesn't show hand
*** SUMMARY ***
Total pot $6 | Rake $0
Seat 1: belik555 (button) (small blind) collected ($6)
Seat 10: Profitables (big blind) folded before Flop


PokerStars Hand #156110643884:  Hold'em Limit ($3/$6 USD) - 2016/07/17 20:46:29 ET
Table 'Melete' 10-max Seat #10 is the button
Seat 1: belik555 ($206.30 in chips)
Seat 10: Profitables ($24.53 in chips)
Profitables: posts small blind $1
belik555: posts big blind $3
*** HOLE CARDS ***
Profitables: raises $3 to $6
belik555: calls $3
*** FLOP *** [8h Ad 2h]
belik555: checks
Profitables: bets $3
belik555: folds
Uncalled bet ($3) returned to Profitables
Profitables collected $11.76 from pot
Profitables: doesn't show hand
*** SUMMARY ***
Total pot $12 | Rake $0.24
Board [8h Ad 2h]
Seat 1: belik555 (big blind) folded on the Flop
Seat 10: Profitables (button) (small blind) collected ($11.76)


PokerStars Hand #156110627120:  Hold'em Limit ($3/$6 USD) - 2016/07/17 20:45:50 ET
Table 'Melete' 10-max Seat #1 is the button
Seat 1: belik555 ($206.55 in chips)
Seat 10: Profitables ($24.78 in chips)
belik555: posts small blind $1
Profitables: posts big blind $3
*** HOLE CARDS ***
belik555: raises $3 to $6
Profitables: calls $3
*** FLOP *** [8d Ks As]
Profitables: checks
belik555: bets $3
Profitables: raises $3 to $6
belik555: calls $3
*** TURN *** [8d Ks As] [Qh]
Profitables: bets $6
belik555: calls $6
*** RIVER *** [8d Ks As Qh] [5h]
Profitables: bets $6
belik555: calls $6
*** SHOW DOWN ***
Profitables: shows [Kd 7h] (a pair of Kings)
belik555: shows [Kc 2d] (a pair of Kings)
Profitables collected $23.75 from pot
belik555 collected $23.75 from pot
*** SUMMARY ***
Total pot $48 | Rake $0.50
Board [8d Ks As Qh 5h]
Seat 1: belik555 (button) (small blind) showed [Kc 2d] and won ($23.75) with a pair of Kings
Seat 10: Profitables (big blind) showed [Kd 7h] and won ($23.75) with a pair of Kings


PokerStars Hand #156110668744:  Hold'em Limit ($3/$6 USD) - 2016/07/17 20:47:27 ET
Table 'Melete' 10-max Seat #1 is the button
Seat 1: belik555 ($176.30 in chips)
Seat 10: Profitables ($53.43 in chips)
belik555: posts small blind $1
Profitables: posts big blind $3
*** HOLE CARDS ***
belik555: folds
Uncalled bet ($2) returned to Profitables
Profitables collected $2 from pot
Profitables: doesn't show hand
*** SUMMARY ***
Total pot $2 | Rake $0
Seat 1: belik555 (button) (small blind) folded before Flop
Seat 10: Profitables (big blind) collected ($2)


PokerStars Hand #156110658183:  Hold'em Limit ($3/$6 USD) - 2016/07/17 20:47:02 ET
Table 'Melete' 10-max Seat #10 is the button
Seat 1: belik555 ($191.30 in chips)
Seat 10: Profitables ($38.93 in chips)
Profitables: posts small blind $1
belik555: posts big blind $3
*** HOLE CARDS ***
Profitables: raises $3 to $6
belik555: raises $3 to $9
Profitables: calls $3
*** FLOP *** [2h 3s 4s]
belik555: checks
Profitables: checks
*** TURN *** [2h 3s 4s] [7s]
belik555: checks
Profitables: checks
*** RIVER *** [2h 3s 4s 7s] [5h]
belik555: bets $6
Profitables: calls $6
*** SHOW DOWN ***
belik555: shows [Jh 9d] (high card Jack)
Profitables: shows [Ac Jc] (a straight, Ace to Five)
Profitables collected $29.50 from pot
*** SUMMARY ***
Total pot $30 | Rake $0.50
Board [2h 3s 4s 7s 5h]
Seat 1: belik555 (big blind) showed [Jh 9d] and lost with high card Jack
Seat 10: Profitables (button) (small blind) showed [Ac Jc] and won ($29.50) with a straight, Ace to Five


PokerStars Hand #156110649156:  Hold'em Limit ($3/$6 USD) - 2016/07/17 20:46:41 ET
Table 'Melete' 10-max Seat #1 is the button
Seat 1: belik555 ($200.30 in chips)
Seat 10: Profitables ($30.29 in chips)
belik555: posts small blind $1
Profitables: posts big blind $3
*** HOLE CARDS ***
belik555: raises $3 to $6
Profitables: calls $3
*** FLOP *** [Kc 7s 7c]
Profitables: checks
belik555: bets $3
Profitables: calls $3
*** TURN *** [Kc 7s 7c] [Th]
Profitables: checks
belik555: checks
*** RIVER *** [Kc 7s 7c Th] [3c]
Profitables: bets $6
belik555: folds
Uncalled bet ($6) returned to Profitables
Profitables collected $17.64 from pot
Profitables: doesn't show hand
*** SUMMARY ***
Total pot $18 | Rake $0.36
Board [Kc 7s 7c Th 3c]
Seat 1: belik555 (button) (small blind) folded on the River
Seat 10: Profitables (big blind) collected ($17.64)


PokerStars Hand #156110681116:  Hold'em Limit ($3/$6 USD) - 2016/07/17 20:47:55 ET
Table 'Melete' 10-max Seat #1 is the button
Seat 1: belik555 ($160.30 in chips)
Seat 10: Profitables ($68.93 in chips)
belik555: posts small blind $1
Profitables: posts big blind $3
*** HOLE CARDS ***
belik555: raises $3 to $6
Profitables: calls $3
*** FLOP *** [Jc Qh Ts]
Profitables: checks
lin1rabbit joins the table at seat #6
belik555: bets $3
Profitables: raises $3 to $6
belik555: folds
Uncalled bet ($3) returned to Profitables
Profitables collected $17.64 from pot
Profitables: doesn't show hand
*** SUMMARY ***
Total pot $18 | Rake $0.36
Board [Jc Qh Ts]
Seat 1: belik555 (button) (small blind) folded on the Flop
Seat 10: Profitables (big blind) collected ($17.64)


PokerStars Hand #156110672309:  Hold'em Limit ($3/$6 USD) - 2016/07/17 20:47:35 ET
Table 'Melete' 10-max Seat #10 is the button
Seat 1: belik555 ($175.30 in chips)
Seat 10: Profitables ($54.43 in chips)
Profitables: posts small blind $1
belik555: posts big blind $3
*** HOLE CARDS ***
Profitables: raises $3 to $6
belik555: calls $3
*** FLOP *** [3c Kd 2s]
belik555: checks
Profitables: bets $3
belik555: calls $3
*** TURN *** [3c Kd 2s] [5d]
belik555: checks
Profitables: bets $6
belik555: calls $6
*** RIVER *** [3c Kd 2s 5d] [Jc]
belik555: checks
Profitables: checks
*** SHOW DOWN ***
belik555: shows [4c Ts] (high card King)
Profitables: shows [Qd 4s] (high card King - Queen kicker)
Profitables collected $29.50 from pot
*** SUMMARY ***
Total pot $30 | Rake $0.50
Board [3c Kd 2s 5d Jc]
Seat 1: belik555 (big blind) showed [4c Ts] and lost with high card King
Seat 10: Profitables (button) (small blind) showed [Qd 4s] and won ($29.50) with high card King


PokerStars Hand #156110688519:  Hold'em Limit ($3/$6 USD) - 2016/07/17 20:48:12 ET
Table 'Melete' 10-max Seat #10 is the button
Seat 1: belik555 ($151.30 in chips)
Seat 10: Profitables ($77.57 in chips)
Profitables: posts small blind $1
belik555: posts big blind $3
*** HOLE CARDS ***
Profitables: raises $3 to $6
belik555: calls $3
*** FLOP *** [Ah 5h Td]
belik555: checks
Profitables: bets $3
belik555: calls $3
*** TURN *** [Ah 5h Td] [3d]
belik555: checks
Profitables: bets $6
belik555: raises $6 to $12
Profitables: calls $6
*** RIVER *** [Ah 5h Td 3d] [Jd]
belik555: bets $6
Profitables: calls $6
*** SHOW DOWN ***
belik555: shows [2h 4d] (a straight, Ace to Five)
Profitables: mucks hand
belik555 collected $53.50 from pot
*** SUMMARY ***
Total pot $54 | Rake $0.50
Board [Ah 5h Td 3d Jd]
Seat 1: belik555 (big blind) showed [2h 4d] and won ($53.50) with a straight, Ace to Five
Seat 10: Profitables (button) (small blind) mucked


PokerStars Hand #156110941406:  Hold'em Limit ($3/$6 USD) - 2016/07/17 20:58:50 ET
Table 'Melete' 10-max Seat #1 is the button
Seat 1: belik555 ($264.49 in chips)
Seat 6: lin1rabbit ($122.40 in chips)
belik555: posts small blind $1
lin1rabbit: posts big blind $3
*** HOLE CARDS ***
belik555: raises $3 to $6
lin1rabbit: calls $3
*** FLOP *** [6c 6d Js]
lin1rabbit: checks
belik555: bets $3
lin1rabbit: calls $3
*** TURN *** [6c 6d Js] [Th]
lin1rabbit: checks
belik555: checks
*** RIVER *** [6c 6d Js Th] [6s]
lin1rabbit: bets $6
belik555: folds
Uncalled bet ($6) returned to lin1rabbit
lin1rabbit collected $17.64 from pot
lin1rabbit: doesn't show hand
*** SUMMARY ***
Total pot $18 | Rake $0.36
Board [6c 6d Js Th 6s]
Seat 1: belik555 (button) (small blind) folded on the River
Seat 6: lin1rabbit (big blind) collected ($17.64)


PokerStars Hand #156110927530:  Hold'em Limit ($3/$6 USD) - 2016/07/17 20:58:10 ET
Table 'Melete' 10-max Seat #6 is the button
Seat 1: belik555 ($237.99 in chips)
Seat 6: lin1rabbit ($149.40 in chips)
crassg: is sitting out
crassg leaves the table
lin1rabbit: posts small blind $1
belik555: posts big blind $3
*** HOLE CARDS ***
lin1rabbit: raises $3 to $6
belik555: raises $3 to $9
lin1rabbit: raises $3 to $12
Betting is capped
belik555: calls $3
*** FLOP *** [Qh Kd Ts]
belik555: checks
lin1rabbit: bets $3
belik555: calls $3
*** TURN *** [Qh Kd Ts] [5h]
belik555: checks
lin1rabbit: bets $6
belik555: calls $6
*** RIVER *** [Qh Kd Ts 5h] [7h]
belik555: checks
lin1rabbit: bets $6
belik555: calls $6
*** SHOW DOWN ***
lin1rabbit: shows [Qd Ah] (a pair of Queens)
belik555: shows [4s Ks] (a pair of Kings)
belik555 collected $53.50 from pot
*** SUMMARY ***
Total pot $54 | Rake $0.50
Board [Qh Kd Ts 5h 7h]
Seat 1: belik555 (big blind) showed [4s Ks] and won ($53.50) with a pair of Kings
Seat 6: lin1rabbit (button) (small blind) showed [Qd Ah] and lost with a pair of Queens


PokerStars Hand #156131154658:  Hold'em Limit ($3/$6 USD) - 2016/07/18 12:08:06 ET
Table 'Melete' 10-max Seat #9 is the button
Seat 4: VickyC95 ($141.50 in chips)
Seat 9: GoliafUa ($98 in chips)
GoliafUa: posts small blind $1
VickyC95: posts big blind $3
*** HOLE CARDS ***
GoliafUa: raises $3 to $6
VickyC95: raises $3 to $9
GoliafUa: calls $3
*** FLOP *** [4h Jd 7h]
VickyC95: bets $3
GoliafUa: calls $3
*** TURN *** [4h Jd 7h] [Jh]
VickyC95: bets $6
GoliafUa: calls $6
*** RIVER *** [4h Jd 7h Jh] [5s]
VickyC95: bets $6
GoliafUa: calls $6
*** SHOW DOWN ***
VickyC95: shows [Ac Kd] (a pair of Jacks)
GoliafUa: shows [Ad 4s] (two pair, Jacks and Fours)
GoliafUa collected $47.50 from pot
*** SUMMARY ***
Total pot $48 | Rake $0.50
Board [4h Jd 7h Jh 5s]
Seat 4: VickyC95 (big blind) showed [Ac Kd] and lost with a pair of Jacks
Seat 9: GoliafUa (button) (small blind) showed [Ad 4s] and won ($47.50) with two pair, Jacks and Fours


PokerStars Hand #156131151084:  Hold'em Limit ($3/$6 USD) - 2016/07/18 12:08:01 ET
Table 'Melete' 10-max Seat #4 is the button
Seat 4: VickyC95 ($142.50 in chips)
Seat 9: GoliafUa ($97 in chips)
VickyC95: posts small blind $1
GoliafUa: posts big blind $3
*** HOLE CARDS ***
VickyC95: folds
Uncalled bet ($2) returned to GoliafUa
GoliafUa collected $2 from pot
GoliafUa: doesn't show hand
*** SUMMARY ***
Total pot $2 | Rake $0
Seat 4: VickyC95 (button) (small blind) folded before Flop
Seat 9: GoliafUa (big blind) collected ($2)


PokerStars Hand #156131137498:  Hold'em Limit ($3/$6 USD) - 2016/07/18 12:07:39 ET
Table 'Melete' 10-max Seat #9 is the button
Seat 4: VickyC95 ($119 in chips)
Seat 9: GoliafUa ($121 in chips)
GoliafUa: posts small blind $1
VickyC95: posts big blind $3
*** HOLE CARDS ***
GoliafUa: raises $3 to $6
VickyC95: raises $3 to $9
GoliafUa: calls $3
*** FLOP *** [2d 7c 3s]
VickyC95: bets $3
GoliafUa: calls $3
*** TURN *** [2d 7c 3s] [5h]
VickyC95: bets $6
GoliafUa: calls $6
*** RIVER *** [2d 7c 3s 5h] [8h]
VickyC95: checks
GoliafUa: bets $6
VickyC95: calls $6
*** SHOW DOWN ***
GoliafUa: shows [Qh 3d] (a pair of Threes)
VickyC95: shows [7s Ah] (a pair of Sevens)
VickyC95 collected $47.50 from pot
*** SUMMARY ***
Total pot $48 | Rake $0.50
Board [2d 7c 3s 5h 8h]
Seat 4: VickyC95 (big blind) showed [7s Ah] and won ($47.50) with a pair of Sevens
Seat 9: GoliafUa (button) (small blind) showed [Qh 3d] and lost with a pair of Threes


PokerStars Hand #156131130946:  Hold'em Limit ($3/$6 USD) - 2016/07/18 12:07:29 ET
Table 'Melete' 10-max Seat #4 is the button
Seat 4: VickyC95 ($120 in chips)
Seat 9: GoliafUa ($120 in chips)
VickyC95: posts small blind $1
GoliafUa: posts big blind $3
*** HOLE CARDS ***
VickyC95: folds
Uncalled bet ($2) returned to GoliafUa
GoliafUa collected $2 from pot
GoliafUa: doesn't show hand
*** SUMMARY ***
Total pot $2 | Rake $0
Seat 4: VickyC95 (button) (small blind) folded before Flop
Seat 9: GoliafUa (big blind) collected ($2)


PokerStars Hand #156131189406:  Hold'em Limit ($3/$6 USD) - 2016/07/18 12:09:00 ET
Table 'Melete' 10-max Seat #9 is the button
Seat 4: VickyC95 ($101.50 in chips)
Seat 9: GoliafUa ($136.90 in chips)
GoliafUa: posts small blind $1
VickyC95: posts big blind $3
*** HOLE CARDS ***
GoliafUa: raises $3 to $6
VickyC95: folds
Uncalled bet ($3) returned to GoliafUa
GoliafUa collected $6 from pot
GoliafUa: doesn't show hand
*** SUMMARY ***
Total pot $6 | Rake $0
Seat 4: VickyC95 (big blind) folded before Flop
Seat 9: GoliafUa (button) (small blind) collected ($6)


PokerStars Hand #156131186321:  Hold'em Limit ($3/$6 USD) - 2016/07/18 12:08:56 ET
Table 'Melete' 10-max Seat #4 is the button
Seat 4: VickyC95 ($102.50 in chips)
Seat 9: GoliafUa ($135.90 in chips)
VickyC95: posts small blind $1
GoliafUa: posts big blind $3
*** HOLE CARDS ***
VickyC95: folds
Uncalled bet ($2) returned to GoliafUa
GoliafUa collected $2 from pot
GoliafUa: doesn't show hand
*** SUMMARY ***
Total pot $2 | Rake $0
Seat 4: VickyC95 (button) (small blind) folded before Flop
Seat 9: GoliafUa (big blind) collected ($2)


PokerStars Hand #156131179412:  Hold'em Limit ($3/$6 USD) - 2016/07/18 12:08:45 ET
Table 'Melete' 10-max Seat #9 is the button
Seat 4: VickyC95 ($108.50 in chips)
Seat 9: GoliafUa ($130.14 in chips)
GoliafUa: posts small blind $1
VickyC95: posts big blind $3
*** HOLE CARDS ***
GoliafUa: raises $3 to $6
VickyC95: calls $3
*** FLOP *** [Ks 5d 9h]
VickyC95: checks
GoliafUa: bets $3
VickyC95: folds
Uncalled bet ($3) returned to GoliafUa
GoliafUa collected $11.76 from pot
GoliafUa: doesn't show hand
*** SUMMARY ***
Total pot $12 | Rake $0.24
Board [Ks 5d 9h]
Seat 4: VickyC95 (big blind) folded on the Flop
Seat 9: GoliafUa (button) (small blind) collected ($11.76)


PokerStars Hand #156131168538:  Hold'em Limit ($3/$6 USD) - 2016/07/18 12:08:28 ET
Table 'Melete' 10-max Seat #4 is the button
Seat 4: VickyC95 ($117.50 in chips)
Seat 9: GoliafUa ($121.50 in chips)
VickyC95: posts small blind $1
GoliafUa: posts big blind $3
*** HOLE CARDS ***
VickyC95: raises $3 to $6
GoliafUa: raises $3 to $9
VickyC95: calls $3
*** FLOP *** [5c 5d 8d]
GoliafUa: bets $3
VickyC95: folds
Uncalled bet ($3) returned to GoliafUa
GoliafUa collected $17.64 from pot
GoliafUa: doesn't show hand
*** SUMMARY ***
Total pot $18 | Rake $0.36
Board [5c 5d 8d]
Seat 4: VickyC95 (button) (small blind) folded on the Flop
Seat 9: GoliafUa (big blind) collected ($17.64)


PokerStars Hand #156134025030:  Hold'em Limit ($3/$6 USD) - 2016/07/18 13:18:48 ET
Table 'Melete' 10-max Seat #8 is the button
Seat 7: Azrarn ($134.50 in chips)
Seat 8: moveoverover ($105 in chips)
moveoverover: posts small blind $1
Azrarn: posts big blind $3
*** HOLE CARDS ***
moveoverover: raises $3 to $6
Azrarn: calls $3
*** FLOP *** [Tc 3s Th]
Azrarn: checks
moveoverover: bets $3
Azrarn: folds
Uncalled bet ($3) returned to moveoverover
moveoverover collected $11.76 from pot
*** SUMMARY ***
Total pot $12 | Rake $0.24
Board [Tc 3s Th]
Seat 7: Azrarn (big blind) folded on the Flop
Seat 8: moveoverover (button) (small blind) collected ($11.76)


PokerStars Hand #156134061660:  Hold'em Limit ($3/$6 USD) - 2016/07/18 13:19:37 ET
Table 'Melete' 10-max Seat #7 is the button
Seat 7: Azrarn ($114.50 in chips)
Seat 8: moveoverover ($124.26 in chips)
Azrarn: posts small blind $1
moveoverover: posts big blind $3
*** HOLE CARDS ***
Azrarn: raises $3 to $6
moveoverover: raises $3 to $9
Azrarn: calls $3
*** FLOP *** [9s 3h 8h]
moveoverover: bets $3
Azrarn: folds
Uncalled bet ($3) returned to moveoverover
moveoverover collected $17.64 from pot
*** SUMMARY ***
Total pot $18 | Rake $0.36
Board [9s 3h 8h]
Seat 7: Azrarn (button) (small blind) folded on the Flop
Seat 8: moveoverover (big blind) collected ($17.64)


PokerStars Hand #156134057791:  Hold'em Limit ($3/$6 USD) - 2016/07/18 13:19:32 ET
Table 'Melete' 10-max Seat #8 is the button
Seat 7: Azrarn ($113.50 in chips)
Seat 8: moveoverover ($125.26 in chips)
moveoverover: posts small blind $1
Azrarn: posts big blind $3
*** HOLE CARDS ***
moveoverover: folds
Uncalled bet ($2) returned to Azrarn
Azrarn collected $2 from pot
*** SUMMARY ***
Total pot $2 | Rake $0
Seat 7: Azrarn (big blind) collected ($2)
Seat 8: moveoverover (button) (small blind) folded before Flop


PokerStars Hand #156134035995:  Hold'em Limit ($3/$6 USD) - 2016/07/18 13:19:02 ET
Table 'Melete' 10-max Seat #7 is the button
Seat 7: Azrarn ($128.50 in chips)
Seat 8: moveoverover ($110.76 in chips)
Azrarn: posts small blind $1
moveoverover: posts big blind $3
*** HOLE CARDS ***
Azrarn: raises $3 to $6
moveoverover: raises $3 to $9
Azrarn: calls $3
*** FLOP *** [Qs 5d Jh]
moveoverover: bets $3
Azrarn: raises $3 to $6
moveoverover: calls $3
*** TURN *** [Qs 5d Jh] [2h]
moveoverover: checks
Azrarn: checks
*** RIVER *** [Qs 5d Jh 2h] [Ks]
moveoverover: checks
Azrarn: checks
*** SHOW DOWN ***
moveoverover: shows [Tc Kd] (a pair of Kings)
Azrarn: mucks hand
moveoverover collected $29.50 from pot
*** SUMMARY ***
Total pot $30 | Rake $0.50
Board [Qs 5d Jh 2h Ks]
Seat 7: Azrarn (button) (small blind) mucked
Seat 8: moveoverover (big blind) showed [Tc Kd] and won ($29.50) with a pair of Kings


PokerStars Hand #156134122632:  Hold'em Limit ($3/$6 USD) - 2016/07/18 13:21:01 ET
Table 'Melete' 10-max Seat #8 is the button
Seat 7: Azrarn ($112.26 in chips)
Seat 8: moveoverover ($125.90 in chips)
moveoverover: posts small blind $1
Azrarn: posts big blind $3
*** HOLE CARDS ***
moveoverover: raises $3 to $6
Azrarn: calls $3
*** FLOP *** [9c Ks Qd]
Azrarn: checks
moveoverover: bets $3
Azrarn: folds
Uncalled bet ($3) returned to moveoverover
moveoverover collected $11.76 from pot
*** SUMMARY ***
Total pot $12 | Rake $0.24
Board [9c Ks Qd]
Seat 7: Azrarn (big blind) folded on the Flop
Seat 8: moveoverover (button) (small blind) collected ($11.76)


PokerStars Hand #156134094799:  Hold'em Limit ($3/$6 USD) - 2016/07/18 13:20:23 ET
Table 'Melete' 10-max Seat #7 is the button
Seat 7: Azrarn ($106.50 in chips)
Seat 8: moveoverover ($131.90 in chips)
Azrarn: posts small blind $1
moveoverover: posts big blind $3
*** HOLE CARDS ***
Azrarn: calls $2
moveoverover: checks
*** FLOP *** [8h 2c Js]
moveoverover: checks
Azrarn: bets $3
moveoverover: calls $3
*** TURN *** [8h 2c Js] [6h]
moveoverover: checks
Azrarn: bets $6
moveoverover: folds
Uncalled bet ($6) returned to Azrarn
Azrarn collected $11.76 from pot
*** SUMMARY ***
Total pot $12 | Rake $0.24
Board [8h 2c Js 6h]
Seat 7: Azrarn (button) (small blind) collected ($11.76)
Seat 8: moveoverover (big blind) folded on the Turn


PokerStars Hand #156134089553:  Hold'em Limit ($3/$6 USD) - 2016/07/18 13:20:15 ET
Table 'Melete' 10-max Seat #8 is the button
Seat 7: Azrarn ($105.50 in chips)
Seat 8: moveoverover ($132.90 in chips)
moveoverover: posts small blind $1
Azrarn: posts big blind $3
*** HOLE CARDS ***
moveoverover: folds
Uncalled bet ($2) returned to Azrarn
Azrarn collected $2 from pot
*** SUMMARY ***
Total pot $2 | Rake $0
Seat 7: Azrarn (big blind) collected ($2)
Seat 8: moveoverover (button) (small blind) folded before Flop


PokerStars Hand #156141879851:  Hold'em Limit ($3/$6 USD) - 2016/07/18 16:04:49 ET
Table 'Melete' 10-max Seat #5 is the button
Seat 4: TinaTurner72 ($119 in chips)
Seat 5: dakshare ($45.76 in chips)
dakshare: posts small blind $1
TinaTurner72: posts big blind $3
*** HOLE CARDS ***
dakshare: calls $2
TinaTurner72: checks
*** FLOP *** [5d Qc Ah]
TinaTurner72: checks
dakshare: checks
*** TURN *** [5d Qc Ah] [4d]
vestimokrec joins the table at seat #6
TinaTurner72: bets $6
dakshare: folds
Uncalled bet ($6) returned to TinaTurner72
TinaTurner72 collected $5.88 from pot
TinaTurner72: doesn't show hand
*** SUMMARY ***
Total pot $6 | Rake $0.12
Board [5d Qc Ah 4d]
Seat 4: TinaTurner72 (big blind) collected ($5.88)
Seat 5: dakshare (button) (small blind) folded on the Turn


PokerStars Hand #156141922203:  Hold'em Limit ($3/$6 USD) - 2016/07/18 16:05:38 ET
Table 'Melete' 10-max Seat #5 is the button
Seat 4: TinaTurner72 ($145.38 in chips)
Seat 5: dakshare ($18.76 in chips)
dakshare: posts small blind $1
TinaTurner72: posts big blind $3
*** HOLE CARDS ***
dakshare: raises $3 to $6
TinaTurner72: raises $3 to $9
dakshare: raises $3 to $12
Betting is capped
TinaTurner72: calls $3
*** FLOP *** [3c 9s 8s]
TinaTurner72: bets $3
dakshare: raises $3 to $6
TinaTurner72: raises $3 to $9
dakshare: calls $0.76 and is all-in
Uncalled bet ($2.24) returned to TinaTurner72
*** TURN *** [3c 9s 8s] [Js]
*** RIVER *** [3c 9s 8s Js] [Ts]
*** SHOW DOWN ***
TinaTurner72: shows [9h Ac] (a pair of Nines)
dakshare: shows [8h 9c] (two pair, Nines and Eights)
dakshare collected $37.02 from pot
*** SUMMARY ***
Total pot $37.52 | Rake $0.50
Board [3c 9s 8s Js Ts]
Seat 4: TinaTurner72 (big blind) showed [9h Ac] and lost with a pair of Nines
Seat 5: dakshare (button) (small blind) showed [8h 9c] and won ($37.02) with two pair, Nines and Eights


PokerStars Hand #156141895009:  Hold'em Limit ($3/$6 USD) - 2016/07/18 16:05:06 ET
Table 'Melete' 10-max Seat #4 is the button
Seat 4: TinaTurner72 ($121.88 in chips)
Seat 5: dakshare ($42.76 in chips)
TinaTurner72: posts small blind $1
dakshare: posts big blind $3
*** HOLE CARDS ***
TinaTurner72: raises $3 to $6
dakshare: raises $3 to $9
TinaTurner72: calls $3
*** FLOP *** [2d 9h Kc]
dakshare: checks
TinaTurner72: bets $3
dakshare: calls $3
*** TURN *** [2d 9h Kc] [9d]
dakshare: checks
TinaTurner72: bets $6
dakshare: calls $6
*** RIVER *** [2d 9h Kc 9d] [5s]
dakshare: checks
TinaTurner72: bets $6
dakshare: calls $6
*** SHOW DOWN ***
TinaTurner72: shows [8d 5h] (two pair, Nines and Fives)
dakshare: mucks hand
TinaTurner72 collected $47.50 from pot
*** SUMMARY ***
Total pot $48 | Rake $0.50
Board [2d 9h Kc 9d 5s]
Seat 4: TinaTurner72 (button) (small blind) showed [8d 5h] and won ($47.50) with two pair, Nines and Fives
Seat 5: dakshare (big blind) mucked


PokerStars Hand #156141940835:  Hold'em Limit ($3/$6 USD) - 2016/07/18 16:05:59 ET
Table 'Melete' 10-max Seat #4 is the button
Seat 4: TinaTurner72 ($126.62 in chips)
Seat 5: dakshare ($37.02 in chips)
TinaTurner72: posts small blind $1
dakshare: posts big blind $3
*** HOLE CARDS ***
TinaTurner72: raises $3 to $6
dakshare: raises $3 to $9
TinaTurner72: calls $3
*** FLOP *** [4d 7h 7d]
dakshare: checks
TinaTurner72: bets $3
dakshare: calls $3
*** TURN *** [4d 7h 7d] [8h]
dakshare: checks
TinaTurner72: bets $6
dakshare: folds
Uncalled bet ($6) returned to TinaTurner72
TinaTurner72 collected $23.52 from pot
TinaTurner72: doesn't show hand
*** SUMMARY ***
Total pot $24 | Rake $0.48
Board [4d 7h 7d 8h]
Seat 4: TinaTurner72 (button) (small blind) collected ($23.52)
Seat 5: dakshare (big blind) folded on the Turn


PokerStars Hand #156142041629:  Hold'em Limit ($3/$6 USD) - 2016/07/18 16:07:55 ET
Table 'Melete' 10-max Seat #5 is the button
Seat 4: TinaTurner72 ($150.64 in chips)
Seat 5: dakshare ($17.13 in chips)
dakshare: posts small blind $1
TinaTurner72: posts big blind $3
*** HOLE CARDS ***
dakshare: raises $3 to $6
TinaTurner72: calls $3
*** FLOP *** [Ad 8s 7s]
TinaTurner72: checks
dakshare: checks
*** TURN *** [Ad 8s 7s] [Js]
TinaTurner72: bets $6
dakshare: raises $5.13 to $11.13 and is all-in
TinaTurner72: calls $5.13
*** RIVER *** [Ad 8s 7s Js] [4d]
*** SHOW DOWN ***
TinaTurner72: shows [3s Ks] (a flush, King high)
dakshare: shows [Ah 3h] (a pair of Aces)
TinaTurner72 collected $33.76 from pot
*** SUMMARY ***
Total pot $34.26 | Rake $0.50
Board [Ad 8s 7s Js 4d]
Seat 4: TinaTurner72 (big blind) showed [3s Ks] and won ($33.76) with a flush, King high
Seat 5: dakshare (button) (small blind) showed [Ah 3h] and lost with a pair of Aces


PokerStars Hand #156142037811:  Hold'em Limit ($3/$6 USD) - 2016/07/18 16:07:51 ET
Table 'Melete' 10-max Seat #4 is the button
Seat 4: TinaTurner72 ($151.64 in chips)
Seat 5: dakshare ($16.13 in chips)
TinaTurner72: posts small blind $1
dakshare: posts big blind $3
*** HOLE CARDS ***
TinaTurner72: folds
Uncalled bet ($2) returned to dakshare
dakshare collected $2 from pot
dakshare: doesn't show hand
*** SUMMARY ***
Total pot $2 | Rake $0
Seat 4: TinaTurner72 (button) (small blind) folded before Flop
Seat 5: dakshare (big blind) collected ($2)


PokerStars Hand #156142017568:  Hold'em Limit ($3/$6 USD) - 2016/07/18 16:07:28 ET
Table 'Melete' 10-max Seat #5 is the button
Seat 4: TinaTurner72 ($131.14 in chips)
Seat 5: dakshare ($37.13 in chips)
dakshare: posts small blind $1
vestimokrec: is sitting out
TinaTurner72: posts big blind $3
*** HOLE CARDS ***
dakshare: calls $2
TinaTurner72: raises $3 to $6
dakshare: calls $3
*** FLOP *** [9d 8s 7s]
TinaTurner72: bets $3
dakshare: calls $3
*** TURN *** [9d 8s 7s] [4c]
TinaTurner72: bets $6
dakshare: calls $6
*** RIVER *** [9d 8s 7s 4c] [Th]
TinaTurner72: bets $6
dakshare: calls $6
*** SHOW DOWN ***
TinaTurner72: shows [Jd Jh] (a straight, Seven to Jack)
dakshare: mucks hand
TinaTurner72 collected $41.50 from pot
*** SUMMARY ***
Total pot $42 | Rake $0.50
Board [9d 8s 7s 4c Th]
Seat 4: TinaTurner72 (big blind) showed [Jd Jh] and won ($41.50) with a straight, Seven to Jack
Seat 5: dakshare (button) (small blind) mucked


PokerStars Hand #156146256960:  Hold'em Limit ($3/$6 USD) - 2016/07/18 17:31:09 ET
Table 'Melete' 10-max Seat #7 is the button
Seat 5: FabronxRJ ($143.09 in chips)
Seat 7: TinaTurner72 ($120 in chips)
TinaTurner72: posts small blind $1
FabronxRJ: posts big blind $3
*** HOLE CARDS ***
TinaTurner72: raises $3 to $6
FabronxRJ: calls $3
*** FLOP *** [As Td 6s]
FabronxRJ: checks
TinaTurner72: bets $3
FabronxRJ: calls $3
*** TURN *** [As Td 6s] [2s]
FabronxRJ: checks
TinaTurner72: bets $6
FabronxRJ: calls $6
*** RIVER *** [As Td 6s 2s] [5d]
FabronxRJ: bets $6
TinaTurner72: calls $6
*** SHOW DOWN ***
FabronxRJ: shows [3s Ks] (a flush, Ace high)
TinaTurner72: mucks hand
FabronxRJ collected $41.50 from pot
*** SUMMARY ***
Total pot $42 | Rake $0.50
Board [As Td 6s 2s 5d]
Seat 5: FabronxRJ (big blind) showed [3s Ks] and won ($41.50) with a flush, Ace high
Seat 7: TinaTurner72 (button) (small blind) mucked


PokerStars Hand #156146309275:  Hold'em Limit ($3/$6 USD) - 2016/07/18 17:32:04 ET
Table 'Melete' 10-max Seat #5 is the button
Seat 5: FabronxRJ ($163.59 in chips)
Seat 7: TinaTurner72 ($99 in chips)
FabronxRJ: posts small blind $1
TinaTurner72: posts big blind $3
*** HOLE CARDS ***
FabronxRJ: calls $2
TinaTurner72: checks
*** FLOP *** [3d 4c Js]
TinaTurner72: bets $3
FabronxRJ: folds
Uncalled bet ($3) returned to TinaTurner72
TinaTurner72 collected $5.88 from pot
TinaTurner72: doesn't show hand
*** SUMMARY ***
Total pot $6 | Rake $0.12
Board [3d 4c Js]
Seat 5: FabronxRJ (button) (small blind) folded on the Flop
Seat 7: TinaTurner72 (big blind) collected ($5.88)


PokerStars Hand #156146337670:  Hold'em Limit ($3/$6 USD) - 2016/07/18 17:32:36 ET
Table 'Melete' 10-max Seat #7 is the button
Seat 5: FabronxRJ ($160.59 in chips)
Seat 7: TinaTurner72 ($101.88 in chips)
TinaTurner72: posts small blind $1
FabronxRJ: posts big blind $3
*** HOLE CARDS ***
TinaTurner72: raises $3 to $6
FabronxRJ: calls $3
*** FLOP *** [2c 7s 4h]
FabronxRJ: checks
TinaTurner72: bets $3
FabronxRJ: calls $3
*** TURN *** [2c 7s 4h] [5d]
FabronxRJ: checks
TinaTurner72: bets $6
FabronxRJ: calls $6
*** RIVER *** [2c 7s 4h 5d] [8h]
FabronxRJ: checks
TinaTurner72: bets $6
FabronxRJ: raises $6 to $12
TinaTurner72: calls $6
*** SHOW DOWN ***
FabronxRJ: shows [Kh 6c] (a straight, Four to Eight)
TinaTurner72: mucks hand
FabronxRJ collected $53.50 from pot
*** SUMMARY ***
Total pot $54 | Rake $0.50
Board [2c 7s 4h 5d 8h]
Seat 5: FabronxRJ (big blind) showed [Kh 6c] and won ($53.50) with a straight, Four to Eight
Seat 7: TinaTurner72 (button) (small blind) mucked


PokerStars Hand #156146367797:  Hold'em Limit ($3/$6 USD) - 2016/07/18 17:33:11 ET
Table 'Melete' 10-max Seat #5 is the button
Seat 5: FabronxRJ ($187.09 in chips)
Seat 7: TinaTurner72 ($74.88 in chips)
FabronxRJ: posts small blind $1
TinaTurner72: posts big blind $3
*** HOLE CARDS ***
FabronxRJ: calls $2
TinaTurner72: raises $3 to $6
FabronxRJ: calls $3
*** FLOP *** [Tc 6h Kd]
TinaTurner72: bets $3
FabronxRJ: folds
Uncalled bet ($3) returned to TinaTurner72
TinaTurner72 collected $11.76 from pot
TinaTurner72: doesn't show hand
*** SUMMARY ***
Total pot $12 | Rake $0.24
Board [Tc 6h Kd]
Seat 5: FabronxRJ (button) (small blind) folded on the Flop
Seat 7: TinaTurner72 (big blind) collected ($11.76)


