PokerStars Hand #169545350411:  Hold'em Limit ($3/$6 USD) - 2017/04/25 13:33:12 ET
Table 'Melete II' 6-max Seat #1 is the button
Seat 1: B_loJkl ($197.20 in chips)
Seat 6: parnishka11 ($13.93 in chips)
B_loJkl: posts small blind $1
vestimokrec: is sitting out
parnishka11: posts big blind $3
*** HOLE CARDS ***
vestimokrec leaves the table
B_loJkl: raises $3 to $6
parnishka11: raises $3 to $9
B_loJkl: calls $3
*** FLOP *** [7c 6s 7h]
parnishka11: bets $3
B_loJkl: calls $3
*** TURN *** [7c 6s 7h] [2d]
parnishka11: bets $1.93 and is all-in
B_loJkl: calls $1.93
xxRGx joins the table at seat #2
*** RIVER *** [7c 6s 7h 2d] [Ah]
*** SHOW DOWN ***
parnishka11: shows [Td Ts] (two pair, Tens and Sevens)
B_loJkl: shows [Qd Ks] (a pair of Sevens)
parnishka11 collected $27.36 from pot
*** SUMMARY ***
Total pot $27.86 | Rake $0.50
Board [7c 6s 7h 2d Ah]
Seat 1: B_loJkl (button) (small blind) showed [Qd Ks] and lost with a pair of Sevens
Seat 6: parnishka11 (big blind) showed [Td Ts] and won ($27.36) with two pair, Tens and Sevens


PokerStars Hand #169545403274:  Hold'em Limit ($3/$6 USD) - 2017/04/25 13:34:18 ET
Table 'Melete II' 6-max Seat #6 is the button
Seat 1: B_loJkl ($183.27 in chips)
Seat 6: parnishka11 ($27.36 in chips)
parnishka11: posts small blind $1
B_loJkl: posts big blind $3
*** HOLE CARDS ***
parnishka11: raises $3 to $6
B_loJkl: raises $3 to $9
parnishka11: calls $3
*** FLOP *** [7h 2c Th]
B_loJkl: bets $3
parnishka11: raises $3 to $6
vestimokrec joins the table at seat #3
B_loJkl: raises $3 to $9
parnishka11: raises $3 to $12
Betting is capped
B_loJkl: calls $3
*** TURN *** [7h 2c Th] [Ah]
B_loJkl: bets $6
parnishka11: raises $0.36 to $6.36 and is all-in
B_loJkl: calls $0.36
*** RIVER *** [7h 2c Th Ah] [Qd]
*** SHOW DOWN ***
B_loJkl: shows [7d 7c] (three of a kind, Sevens)
parnishka11: shows [6c 6s] (a pair of Sixes)
B_loJkl collected $54.22 from pot
*** SUMMARY ***
Total pot $54.72 | Rake $0.50
Board [7h 2c Th Ah Qd]
Seat 1: B_loJkl (big blind) showed [7d 7c] and won ($54.22) with three of a kind, Sevens
Seat 6: parnishka11 (button) (small blind) showed [6c 6s] and lost with a pair of Sixes


PokerStars Hand #169545545135:  Hold'em Limit ($3/$6 USD) - 2017/04/25 13:37:14 ET
Table 'Melete II' 6-max Seat #1 is the button
Seat 1: B_loJkl ($210.13 in chips)
Seat 3: vestimokrec ($95 in chips)
Evgenia56 will be allowed to play after the button
parnishka11 will be allowed to play after the button
B_loJkl: posts small blind $1
vestimokrec: posts big blind $3
*** HOLE CARDS ***
Evgenia56 leaves the table
B_loJkl: raises $3 to $6
vestimokrec: calls $3
*** FLOP *** [Qd 4c Ks]
vestimokrec: checks
B_loJkl: bets $3
vestimokrec: calls $3
*** TURN *** [Qd 4c Ks] [Kh]
vestimokrec: checks
B_loJkl: checks
*** RIVER *** [Qd 4c Ks Kh] [6h]
vestimokrec: checks
artecris joins the table at seat #4
B_loJkl: checks
*** SHOW DOWN ***
vestimokrec: shows [5s Ac] (a pair of Kings)
B_loJkl: mucks hand
vestimokrec collected $17.64 from pot
*** SUMMARY ***
Total pot $18 | Rake $0.36
Board [Qd 4c Ks Kh 6h]
Seat 1: B_loJkl (button) (small blind) mucked
Seat 3: vestimokrec (big blind) showed [5s Ac] and won ($17.64) with a pair of Kings


PokerStars Hand #169547733007:  Hold'em Limit ($3/$6 USD) - 2017/04/25 14:23:08 ET
Table 'Melete II' 6-max Seat #5 is the button
Seat 1: 2GEDDY1 ($177.60 in chips)
Seat 5: zxkz ($90 in chips)
B_loJkl: is sitting out
zxkz: posts small blind $1
2GEDDY1: posts big blind $3
*** HOLE CARDS ***
B_loJkl leaves the table
zxkz: raises $3 to $6
2GEDDY1: calls $3
*** FLOP *** [7d Ah 2d]
B_loJkl joins the table at seat #3
2GEDDY1: checks
zxkz: bets $3
2GEDDY1: folds
Uncalled bet ($3) returned to zxkz
zxkz collected $11.76 from pot
zxkz: doesn't show hand
*** SUMMARY ***
Total pot $12 | Rake $0.24
Board [7d Ah 2d]
Seat 1: 2GEDDY1 (big blind) folded on the Flop
Seat 5: zxkz (button) (small blind) collected ($11.76)


