PokerStars Hand #164540525857:  Hold'em Limit ($3/$6 USD) - 2017/01/13 22:38:50 ET
Table 'Melete' 6-max Seat #3 is the button
Seat 3: habari786 ($60 in chips)
Seat 4: AzureCaper ($72 in chips)
habari786: posts small blind $1
AzureCaper: posts big blind $3
*** HOLE CARDS ***
habari786: raises $3 to $6
AzureCaper: calls $3
*** FLOP *** [6s 4d Ad]
AzureCaper: checks
habari786: bets $3
AzureCaper: folds
Uncalled bet ($3) returned to habari786
habari786 collected $11.76 from pot
habari786: doesn't show hand
*** SUMMARY ***
Total pot $12 | Rake $0.24
Board [6s 4d Ad]
Seat 3: habari786 (button) (small blind) collected ($11.76)
Seat 4: AzureCaper (big blind) folded on the Flop


PokerStars Hand #164540547220:  Hold'em Limit ($3/$6 USD) - 2017/01/13 22:39:43 ET
Table 'Melete' 6-max Seat #3 is the button
Seat 3: habari786 ($52.76 in chips)
Seat 4: AzureCaper ($84.64 in chips)
habari786: posts small blind $1
AzureCaper: posts big blind $3
*** HOLE CARDS ***
habari786: raises $3 to $6
AzureCaper: calls $3
*** FLOP *** [3h Ad 6d]
AzureCaper: checks
habari786: bets $3
AzureCaper: calls $3
*** TURN *** [3h Ad 6d] [8s]
AzureCaper: checks
habari786: bets $6
AzureCaper: calls $6
*** RIVER *** [3h Ad 6d 8s] [Jd]
AzureCaper: checks
habari786: bets $6
AzureCaper: calls $6
*** SHOW DOWN ***
habari786: shows [6h Ah] (two pair, Aces and Sixes)
AzureCaper: mucks hand
habari786 collected $41.50 from pot
*** SUMMARY ***
Total pot $42 | Rake $0.50
Board [3h Ad 6d 8s Jd]
Seat 3: habari786 (button) (small blind) showed [6h Ah] and won ($41.50) with two pair, Aces and Sixes
Seat 4: AzureCaper (big blind) mucked


PokerStars Hand #164540544389:  Hold'em Limit ($3/$6 USD) - 2017/01/13 22:39:36 ET
Table 'Melete' 6-max Seat #4 is the button
Seat 3: habari786 ($55.76 in chips)
Seat 4: AzureCaper ($81.64 in chips)
AzureCaper: posts small blind $1
habari786: posts big blind $3
*** HOLE CARDS ***
AzureCaper: raises $3 to $6
habari786: folds
Uncalled bet ($3) returned to AzureCaper
AzureCaper collected $6 from pot
AzureCaper: doesn't show hand
*** SUMMARY ***
Total pot $6 | Rake $0
Seat 3: habari786 (big blind) folded before Flop
Seat 4: AzureCaper (button) (small blind) collected ($6)


PokerStars Hand #164540542091:  Hold'em Limit ($3/$6 USD) - 2017/01/13 22:39:30 ET
Table 'Melete' 6-max Seat #3 is the button
Seat 3: habari786 ($56.76 in chips)
Seat 4: AzureCaper ($80.64 in chips)
habari786: posts small blind $1
AzureCaper: posts big blind $3
*** HOLE CARDS ***
habari786: folds
Uncalled bet ($2) returned to AzureCaper
AzureCaper collected $2 from pot
AzureCaper: doesn't show hand
*** SUMMARY ***
Total pot $2 | Rake $0
Seat 3: habari786 (button) (small blind) folded before Flop
Seat 4: AzureCaper (big blind) collected ($2)


PokerStars Hand #164540539647:  Hold'em Limit ($3/$6 USD) - 2017/01/13 22:39:24 ET
Table 'Melete' 6-max Seat #4 is the button
Seat 3: habari786 ($55.76 in chips)
Seat 4: AzureCaper ($81.64 in chips)
AzureCaper: posts small blind $1
habari786: posts big blind $3
*** HOLE CARDS ***
AzureCaper: folds
Uncalled bet ($2) returned to habari786
habari786 collected $2 from pot
habari786: doesn't show hand
*** SUMMARY ***
Total pot $2 | Rake $0
Seat 3: habari786 (big blind) collected ($2)
Seat 4: AzureCaper (button) (small blind) folded before Flop


PokerStars Hand #164540537641:  Hold'em Limit ($3/$6 USD) - 2017/01/13 22:39:19 ET
Table 'Melete' 6-max Seat #3 is the button
Seat 3: habari786 ($56.76 in chips)
Seat 4: AzureCaper ($80.64 in chips)
habari786: posts small blind $1
AzureCaper: posts big blind $3
*** HOLE CARDS ***
habari786: folds
Uncalled bet ($2) returned to AzureCaper
AzureCaper collected $2 from pot
AzureCaper: doesn't show hand
*** SUMMARY ***
Total pot $2 | Rake $0
Seat 3: habari786 (button) (small blind) folded before Flop
Seat 4: AzureCaper (big blind) collected ($2)


PokerStars Hand #164540531709:  Hold'em Limit ($3/$6 USD) - 2017/01/13 22:39:05 ET
Table 'Melete' 6-max Seat #4 is the button
Seat 3: habari786 ($65.76 in chips)
Seat 4: AzureCaper ($72 in chips)
AzureCaper: posts small blind $1
habari786: posts big blind $3
*** HOLE CARDS ***
AzureCaper: raises $3 to $6
habari786: calls $3
*** FLOP *** [5c Th Jh]
habari786: checks
AzureCaper: bets $3
habari786: calls $3
*** TURN *** [5c Th Jh] [9h]
habari786: checks
AzureCaper: bets $6
habari786: folds
Uncalled bet ($6) returned to AzureCaper
AzureCaper collected $17.64 from pot
AzureCaper: doesn't show hand
*** SUMMARY ***
Total pot $18 | Rake $0.36
Board [5c Th Jh 9h]
Seat 3: habari786 (big blind) folded on the Turn
Seat 4: AzureCaper (button) (small blind) collected ($17.64)


PokerStars Hand #164540587135:  Hold'em Limit ($3/$6 USD) - 2017/01/13 22:41:21 ET
Table 'Melete' 6-max Seat #3 is the button
Seat 3: habari786 ($74.02 in chips)
Seat 4: AzureCaper ($72 in chips)
habari786: posts small blind $1
AzureCaper: posts big blind $3
*** HOLE CARDS ***
habari786: folds
Uncalled bet ($2) returned to AzureCaper
AzureCaper collected $2 from pot
AzureCaper: doesn't show hand
*** SUMMARY ***
Total pot $2 | Rake $0
Seat 3: habari786 (button) (small blind) folded before Flop
Seat 4: AzureCaper (big blind) collected ($2)


PokerStars Hand #164540584763:  Hold'em Limit ($3/$6 USD) - 2017/01/13 22:41:16 ET
Table 'Melete' 6-max Seat #4 is the button
Seat 3: habari786 ($73.02 in chips)
Seat 4: AzureCaper ($72 in chips)
AzureCaper: posts small blind $1
habari786: posts big blind $3
*** HOLE CARDS ***
AzureCaper: folds
Uncalled bet ($2) returned to habari786
habari786 collected $2 from pot
habari786: doesn't show hand
*** SUMMARY ***
Total pot $2 | Rake $0
Seat 3: habari786 (big blind) collected ($2)
Seat 4: AzureCaper (button) (small blind) folded before Flop


PokerStars Hand #164540581920:  Hold'em Limit ($3/$6 USD) - 2017/01/13 22:41:09 ET
Table 'Melete' 6-max Seat #3 is the button
Seat 3: habari786 ($70.02 in chips)
Seat 4: AzureCaper ($74.76 in chips)
habari786: posts small blind $1
AzureCaper: posts big blind $3
*** HOLE CARDS ***
habari786: raises $3 to $6
AzureCaper: folds
Uncalled bet ($3) returned to habari786
habari786 collected $6 from pot
habari786: doesn't show hand
*** SUMMARY ***
Total pot $6 | Rake $0
Seat 3: habari786 (button) (small blind) collected ($6)
Seat 4: AzureCaper (big blind) folded before Flop


PokerStars Hand #164540607535:  Hold'em Limit ($3/$6 USD) - 2017/01/13 22:42:12 ET
Table 'Melete' 6-max Seat #4 is the button
Seat 3: habari786 ($37.02 in chips)
Seat 4: AzureCaper ($108.26 in chips)
AzureCaper: posts small blind $1
habari786: posts big blind $3
*** HOLE CARDS ***
AzureCaper: raises $3 to $6
habari786: folds
Uncalled bet ($3) returned to AzureCaper
AzureCaper collected $6 from pot
AzureCaper: doesn't show hand
*** SUMMARY ***
Total pot $6 | Rake $0
Seat 3: habari786 (big blind) folded before Flop
Seat 4: AzureCaper (button) (small blind) collected ($6)


PokerStars Hand #164540596657:  Hold'em Limit ($3/$6 USD) - 2017/01/13 22:41:45 ET
Table 'Melete' 6-max Seat #3 is the button
Seat 3: habari786 ($67.02 in chips)
Seat 4: AzureCaper ($78.76 in chips)
habari786: posts small blind $1
AzureCaper: posts big blind $3
*** HOLE CARDS ***
habari786: raises $3 to $6
AzureCaper: raises $3 to $9
habari786: raises $3 to $12
Betting is capped
AzureCaper: calls $3
*** FLOP *** [Kd Js 3h]
AzureCaper: checks
habari786: bets $3
AzureCaper: raises $3 to $6
habari786: calls $3
*** TURN *** [Kd Js 3h] [9s]
AzureCaper: bets $6
habari786: calls $6
*** RIVER *** [Kd Js 3h 9s] [5d]
AzureCaper: bets $6
habari786: calls $6
*** SHOW DOWN ***
AzureCaper: shows [Kc Qc] (a pair of Kings)
habari786: mucks hand
AzureCaper collected $59.50 from pot
*** SUMMARY ***
Total pot $60 | Rake $0.50
Board [Kd Js 3h 9s 5d]
Seat 3: habari786 (button) (small blind) mucked
Seat 4: AzureCaper (big blind) showed [Kc Qc] and won ($59.50) with a pair of Kings


PokerStars Hand #164540589330:  Hold'em Limit ($3/$6 USD) - 2017/01/13 22:41:27 ET
Table 'Melete' 6-max Seat #4 is the button
Seat 3: habari786 ($73.02 in chips)
Seat 4: AzureCaper ($73 in chips)
AzureCaper: posts small blind $1
habari786: posts big blind $3
*** HOLE CARDS ***
AzureCaper: raises $3 to $6
habari786: calls $3
*** FLOP *** [2c Kd Js]
habari786: checks
AzureCaper: bets $3
habari786: folds
Uncalled bet ($3) returned to AzureCaper
AzureCaper collected $11.76 from pot
AzureCaper: doesn't show hand
*** SUMMARY ***
Total pot $12 | Rake $0.24
Board [2c Kd Js]
Seat 3: habari786 (big blind) folded on the Flop
Seat 4: AzureCaper (button) (small blind) collected ($11.76)


PokerStars Hand #164540610063:  Hold'em Limit ($3/$6 USD) - 2017/01/13 22:42:19 ET
Table 'Melete' 6-max Seat #3 is the button
Seat 3: habari786 ($34.02 in chips)
Seat 4: AzureCaper ($111.26 in chips)
habari786: posts small blind $1
AzureCaper: posts big blind $3
*** HOLE CARDS ***
habari786: raises $3 to $6
AzureCaper: folds
Uncalled bet ($3) returned to habari786
habari786 collected $6 from pot
habari786: doesn't show hand
*** SUMMARY ***
Total pot $6 | Rake $0
Seat 3: habari786 (button) (small blind) collected ($6)
Seat 4: AzureCaper (big blind) folded before Flop


PokerStars Hand #164540556430:  Hold'em Limit ($3/$6 USD) - 2017/01/13 22:40:06 ET
Table 'Melete' 6-max Seat #4 is the button
Seat 3: habari786 ($73.26 in chips)
Seat 4: AzureCaper ($72 in chips)
AzureCaper: posts small blind $1
habari786: posts big blind $3
*** HOLE CARDS ***
AzureCaper: raises $3 to $6
habari786: calls $3
*** FLOP *** [Ac Qh 8d]
habari786: checks
AzureCaper: bets $3
habari786: folds
Uncalled bet ($3) returned to AzureCaper
AzureCaper collected $11.76 from pot
*** SUMMARY ***
Total pot $12 | Rake $0.24
Board [Ac Qh 8d]
Seat 3: habari786 (big blind) folded on the Flop
Seat 4: AzureCaper (button) (small blind) collected ($11.76)


PokerStars Hand #164540561925:  Hold'em Limit ($3/$6 USD) - 2017/01/13 22:40:19 ET
Table 'Melete' 6-max Seat #3 is the button
Seat 3: habari786 ($67.26 in chips)
Seat 4: AzureCaper ($77.76 in chips)
habari786: posts small blind $1
AzureCaper: posts big blind $3
*** HOLE CARDS ***
habari786: folds
Uncalled bet ($2) returned to AzureCaper
AzureCaper collected $2 from pot
AzureCaper: doesn't show hand
*** SUMMARY ***
Total pot $2 | Rake $0
Seat 3: habari786 (button) (small blind) folded before Flop
Seat 4: AzureCaper (big blind) collected ($2)


PokerStars Hand #164540564259:  Hold'em Limit ($3/$6 USD) - 2017/01/13 22:40:25 ET
Table 'Melete' 6-max Seat #4 is the button
Seat 3: habari786 ($66.26 in chips)
Seat 4: AzureCaper ($78.76 in chips)
AzureCaper: posts small blind $1
habari786: posts big blind $3
*** HOLE CARDS ***
AzureCaper: raises $3 to $6
habari786: folds
Uncalled bet ($3) returned to AzureCaper
AzureCaper collected $6 from pot
AzureCaper: doesn't show hand
*** SUMMARY ***
Total pot $6 | Rake $0
Seat 3: habari786 (big blind) folded before Flop
Seat 4: AzureCaper (button) (small blind) collected ($6)


PokerStars Hand #164540568074:  Hold'em Limit ($3/$6 USD) - 2017/01/13 22:40:34 ET
Table 'Melete' 6-max Seat #3 is the button
Seat 3: habari786 ($63.26 in chips)
Seat 4: AzureCaper ($81.76 in chips)
habari786: posts small blind $1
AzureCaper: posts big blind $3
*** HOLE CARDS ***
habari786: raises $3 to $6
AzureCaper: calls $3
*** FLOP *** [2h 9s 5s]
AzureCaper: checks
habari786: bets $3
AzureCaper: folds
Uncalled bet ($3) returned to habari786
habari786 collected $11.76 from pot
habari786: doesn't show hand
*** SUMMARY ***
Total pot $12 | Rake $0.24
Board [2h 9s 5s]
Seat 3: habari786 (button) (small blind) collected ($11.76)
Seat 4: AzureCaper (big blind) folded on the Flop


PokerStars Hand #164540575842:  Hold'em Limit ($3/$6 USD) - 2017/01/13 22:40:54 ET
Table 'Melete' 6-max Seat #3 is the button
Seat 3: habari786 ($70.02 in chips)
Seat 4: AzureCaper ($74.76 in chips)
habari786: posts small blind $1
AzureCaper: posts big blind $3
*** HOLE CARDS ***
habari786: folds
Uncalled bet ($2) returned to AzureCaper
AzureCaper collected $2 from pot
AzureCaper: doesn't show hand
*** SUMMARY ***
Total pot $2 | Rake $0
Seat 3: habari786 (button) (small blind) folded before Flop
Seat 4: AzureCaper (big blind) collected ($2)


PokerStars Hand #164540573592:  Hold'em Limit ($3/$6 USD) - 2017/01/13 22:40:48 ET
Table 'Melete' 6-max Seat #4 is the button
Seat 3: habari786 ($69.02 in chips)
Seat 4: AzureCaper ($75.76 in chips)
AzureCaper: posts small blind $1
habari786: posts big blind $3
*** HOLE CARDS ***
AzureCaper: folds
Uncalled bet ($2) returned to habari786
habari786 collected $2 from pot
habari786: doesn't show hand
*** SUMMARY ***
Total pot $2 | Rake $0
Seat 3: habari786 (big blind) collected ($2)
Seat 4: AzureCaper (button) (small blind) folded before Flop


PokerStars Hand #164540613696:  Hold'em Limit ($3/$6 USD) - 2017/01/13 22:42:28 ET
Table 'Melete' 6-max Seat #4 is the button
Seat 3: habari786 ($37.02 in chips)
Seat 4: AzureCaper ($108.26 in chips)
AzureCaper: posts small blind $1
habari786: posts big blind $3
*** HOLE CARDS ***
AzureCaper: raises $3 to $6
habari786: calls $3
*** FLOP *** [6s 6c Kh]
habari786: checks
AzureCaper: bets $3
habari786: calls $3
*** TURN *** [6s 6c Kh] [2h]
habari786: checks
AzureCaper: checks
*** RIVER *** [6s 6c Kh 2h] [Tc]
habari786: bets $6
AzureCaper: calls $6
*** SHOW DOWN ***
habari786: shows [3h 3s] (two pair, Sixes and Threes)
AzureCaper: shows [Kd 3d] (two pair, Kings and Sixes)
AzureCaper collected $29.50 from pot
*** SUMMARY ***
Total pot $30 | Rake $0.50
Board [6s 6c Kh 2h Tc]
Seat 3: habari786 (big blind) showed [3h 3s] and lost with two pair, Sixes and Threes
Seat 4: AzureCaper (button) (small blind) showed [Kd 3d] and won ($29.50) with two pair, Kings and Sixes


PokerStars Hand #164540633355:  Hold'em Limit ($3/$6 USD) - 2017/01/13 22:43:17 ET
Table 'Melete' 6-max Seat #4 is the button
Seat 3: habari786 ($43.54 in chips)
Seat 4: AzureCaper ($100.74 in chips)
AzureCaper: posts small blind $1
habari786: posts big blind $3
*** HOLE CARDS ***
AzureCaper: folds
Uncalled bet ($2) returned to habari786
habari786 collected $2 from pot
habari786: doesn't show hand
*** SUMMARY ***
Total pot $2 | Rake $0
Seat 3: habari786 (big blind) collected ($2)
Seat 4: AzureCaper (button) (small blind) folded before Flop


PokerStars Hand #164540621249:  Hold'em Limit ($3/$6 USD) - 2017/01/13 22:42:47 ET
Table 'Melete' 6-max Seat #3 is the button
Seat 3: habari786 ($22.02 in chips)
Seat 4: AzureCaper ($122.76 in chips)
habari786: posts small blind $1
AzureCaper: posts big blind $3
*** HOLE CARDS ***
habari786: raises $3 to $6
AzureCaper: calls $3
*** FLOP *** [7s 2s 3d]
AzureCaper: checks
habari786: bets $3
AzureCaper: calls $3
*** TURN *** [7s 2s 3d] [Kh]
AzureCaper: checks
habari786: bets $6
AzureCaper: raises $6 to $12
habari786: raises $1.02 to $13.02 and is all-in
AzureCaper: calls $1.02
*** RIVER *** [7s 2s 3d Kh] [9s]
*** SHOW DOWN ***
AzureCaper: shows [Kc 4h] (a pair of Kings)
habari786: shows [Kd Qs] (a pair of Kings - Queen kicker)
habari786 collected $43.54 from pot
*** SUMMARY ***
Total pot $44.04 | Rake $0.50
Board [7s 2s 3d Kh 9s]
Seat 3: habari786 (button) (small blind) showed [Kd Qs] and won ($43.54) with a pair of Kings
Seat 4: AzureCaper (big blind) showed [Kc 4h] and lost with a pair of Kings


PokerStars Hand #164540641495:  Hold'em Limit ($3/$6 USD) - 2017/01/13 22:43:28 ET
Table 'Melete' 6-max Seat #4 is the button
Seat 3: habari786 ($43.54 in chips)
Seat 4: AzureCaper ($100.74 in chips)
AzureCaper: posts small blind $1
habari786: posts big blind $3
*** HOLE CARDS ***
AzureCaper: folds
Uncalled bet ($2) returned to habari786
yayaya joins the table at seat #1
habari786 collected $2 from pot
habari786: doesn't show hand
*** SUMMARY ***
Total pot $2 | Rake $0
Seat 3: habari786 (big blind) collected ($2)
Seat 4: AzureCaper (button) (small blind) folded before Flop


PokerStars Hand #164540635902:  Hold'em Limit ($3/$6 USD) - 2017/01/13 22:43:23 ET
Table 'Melete' 6-max Seat #3 is the button
Seat 3: habari786 ($44.54 in chips)
Seat 4: AzureCaper ($99.74 in chips)
habari786: posts small blind $1
AzureCaper: posts big blind $3
*** HOLE CARDS ***
habari786: folds
Uncalled bet ($2) returned to AzureCaper
AzureCaper collected $2 from pot
AzureCaper: doesn't show hand
*** SUMMARY ***
Total pot $2 | Rake $0
Seat 3: habari786 (button) (small blind) folded before Flop
Seat 4: AzureCaper (big blind) collected ($2)


PokerStars Hand #164540643739:  Hold'em Limit ($3/$6 USD) - 2017/01/13 22:43:34 ET
Table 'Melete' 6-max Seat #3 is the button
Seat 3: habari786 ($44.54 in chips)
Seat 4: AzureCaper ($99.74 in chips)
habari786: posts small blind $1
AzureCaper: posts big blind $3
*** HOLE CARDS ***
habari786: raises $3 to $6
AzureCaper: raises $3 to $9
habari786: calls $3
*** FLOP *** [7s 9h Ad]
AzureCaper: bets $3
habari786: raises $3 to $6
AzureCaper: calls $3
*** TURN *** [7s 9h Ad] [3d]
AzureCaper: checks
habari786: bets $6
AzureCaper: folds
Uncalled bet ($6) returned to habari786
habari786 collected $29.50 from pot
habari786: doesn't show hand
*** SUMMARY ***
Total pot $30 | Rake $0.50
Board [7s 9h Ad 3d]
Seat 3: habari786 (button) (small blind) collected ($29.50)
Seat 4: AzureCaper (big blind) folded on the Turn


PokerStars Hand #164540923140:  Hold'em Limit ($3/$6 USD) - 2017/01/13 22:55:14 ET
Table 'Melete' 6-max Seat #1 is the button
Seat 1: yayaya ($146.85 in chips)
Seat 3: habari786 ($100.04 in chips)
yayaya: posts small blind $1
habari786: posts big blind $3
*** HOLE CARDS ***
yayaya: folds
Uncalled bet ($2) returned to habari786
habari786 collected $2 from pot
habari786: doesn't show hand
*** SUMMARY ***
Total pot $2 | Rake $0
Seat 1: yayaya (button) (small blind) folded before Flop
Seat 3: habari786 (big blind) collected ($2)


PokerStars Hand #164540916694:  Hold'em Limit ($3/$6 USD) - 2017/01/13 22:54:58 ET
Table 'Melete' 6-max Seat #3 is the button
Seat 1: yayaya ($155.85 in chips)
Seat 3: habari786 ($91.40 in chips)
habari786: posts small blind $1
yayaya: posts big blind $3
*** HOLE CARDS ***
habari786: raises $3 to $6
yayaya: calls $3
*** FLOP *** [2s 3s 6h]
yayaya: checks
habari786: bets $3
yayaya: calls $3
*** TURN *** [2s 3s 6h] [Ks]
yayaya: checks
habari786: bets $6
yayaya: folds
Uncalled bet ($6) returned to habari786
habari786 collected $17.64 from pot
habari786: doesn't show hand
*** SUMMARY ***
Total pot $18 | Rake $0.36
Board [2s 3s 6h Ks]
Seat 1: yayaya (big blind) folded on the Turn
Seat 3: habari786 (button) (small blind) collected ($17.64)


PokerStars Hand #164540914290:  Hold'em Limit ($3/$6 USD) - 2017/01/13 22:54:51 ET
Table 'Melete' 6-max Seat #1 is the button
Seat 1: yayaya ($156.85 in chips)
Seat 3: habari786 ($90.40 in chips)
yayaya: posts small blind $1
habari786: posts big blind $3
*** HOLE CARDS ***
AzureCaper is disconnected
yayaya: folds
Uncalled bet ($2) returned to habari786
habari786 collected $2 from pot
habari786: doesn't show hand
*** SUMMARY ***
Total pot $2 | Rake $0
Seat 1: yayaya (button) (small blind) folded before Flop
Seat 3: habari786 (big blind) collected ($2)


PokerStars Hand #164540902861:  Hold'em Limit ($3/$6 USD) - 2017/01/13 22:54:21 ET
Table 'Melete' 6-max Seat #3 is the button
Seat 1: yayaya ($155.85 in chips)
Seat 3: habari786 ($91.40 in chips)
AzureCaper has timed out while being disconnected
AzureCaper: is sitting out
LWNS: is sitting out
LWNS leaves the table
habari786: posts small blind $1
yayaya: posts big blind $3
*** HOLE CARDS ***
habari786: folds
Uncalled bet ($2) returned to yayaya
yayaya collected $2 from pot
yayaya: doesn't show hand
*** SUMMARY ***
Total pot $2 | Rake $0
Seat 1: yayaya (big blind) collected ($2)
Seat 3: habari786 (button) (small blind) folded before Flop


PokerStars Hand #164541386786:  Hold'em Limit ($3/$6 USD) - 2017/01/13 23:16:16 ET
Table 'Melete' 6-max Seat #4 is the button
Seat 3: habari786 ($132.14 in chips)
Seat 4: AzureCaper ($165.06 in chips)
AzureCaper: posts small blind $1
habari786: posts big blind $3
*** HOLE CARDS ***
AzureCaper: raises $3 to $6
habari786: folds
Uncalled bet ($3) returned to AzureCaper
AzureCaper collected $6 from pot
AzureCaper: doesn't show hand
*** SUMMARY ***
Total pot $6 | Rake $0
Seat 3: habari786 (big blind) folded before Flop
Seat 4: AzureCaper (button) (small blind) collected ($6)


PokerStars Hand #164541375203:  Hold'em Limit ($3/$6 USD) - 2017/01/13 23:15:44 ET
Table 'Melete' 6-max Seat #4 is the button
Seat 3: habari786 ($160.14 in chips)
Seat 4: AzureCaper ($137.56 in chips)
AzureCaper: posts small blind $1
lanford: is sitting out
habari786: posts big blind $3
*** HOLE CARDS ***
AzureCaper: raises $3 to $6
habari786: calls $3
*** FLOP *** [8s Th 3c]
lanford leaves the table
habari786: checks
AzureCaper: bets $3
habari786: calls $3
*** TURN *** [8s Th 3c] [2c]
habari786: checks
AzureCaper: bets $6
habari786: raises $6 to $12
AzureCaper: calls $6
*** RIVER *** [8s Th 3c 2c] [5d]
habari786: bets $6
AzureCaper: calls $6
*** SHOW DOWN ***
habari786: shows [8h Ad] (a pair of Eights)
AzureCaper: shows [Td 6h] (a pair of Tens)
AzureCaper collected $53.50 from pot
*** SUMMARY ***
Total pot $54 | Rake $0.50
Board [8s Th 3c 2c 5d]
Seat 3: habari786 (big blind) showed [8h Ad] and lost with a pair of Eights
Seat 4: AzureCaper (button) (small blind) showed [Td 6h] and won ($53.50) with a pair of Tens


PokerStars Hand #164541384319:  Hold'em Limit ($3/$6 USD) - 2017/01/13 23:16:09 ET
Table 'Melete' 6-max Seat #3 is the button
Seat 3: habari786 ($133.14 in chips)
Seat 4: AzureCaper ($164.06 in chips)
habari786: posts small blind $1
AzureCaper: posts big blind $3
*** HOLE CARDS ***
habari786: folds
Uncalled bet ($2) returned to AzureCaper
AzureCaper collected $2 from pot
*** SUMMARY ***
Total pot $2 | Rake $0
Seat 3: habari786 (button) (small blind) folded before Flop
Seat 4: AzureCaper (big blind) collected ($2)


PokerStars Hand #164541392385:  Hold'em Limit ($3/$6 USD) - 2017/01/13 23:16:32 ET
Table 'Melete' 6-max Seat #3 is the button
Seat 3: habari786 ($129.14 in chips)
Seat 4: AzureCaper ($168.06 in chips)
habari786: posts small blind $1
AzureCaper: posts big blind $3
*** HOLE CARDS ***
Homasapien leaves the table
habari786: raises $3 to $6
AzureCaper: folds
Uncalled bet ($3) returned to habari786
habari786 collected $6 from pot
habari786: doesn't show hand
*** SUMMARY ***
Total pot $6 | Rake $0
Seat 3: habari786 (button) (small blind) collected ($6)
Seat 4: AzureCaper (big blind) folded before Flop


PokerStars Hand #164541398576:  Hold'em Limit ($3/$6 USD) - 2017/01/13 23:16:49 ET
Table 'Melete' 6-max Seat #4 is the button
Seat 3: habari786 ($132.14 in chips)
Seat 4: AzureCaper ($165.06 in chips)
AzureCaper: posts small blind $1
habari786: posts big blind $3
*** HOLE CARDS ***
AzureCaper: raises $3 to $6
habari786: calls $3
*** FLOP *** [Tc Kh 7h]
habari786: checks
AzureCaper: bets $3
habari786: calls $3
*** TURN *** [Tc Kh 7h] [9d]
habari786: checks
AzureCaper: bets $6
habari786: calls $6
*** RIVER *** [Tc Kh 7h 9d] [6d]
habari786: checks
AzureCaper: bets $6
habari786: calls $6
*** SHOW DOWN ***
AzureCaper: shows [Jd Qd] (a straight, Nine to King)
habari786: mucks hand
AzureCaper collected $41.50 from pot
*** SUMMARY ***
Total pot $42 | Rake $0.50
Board [Tc Kh 7h 9d 6d]
Seat 3: habari786 (big blind) mucked
Seat 4: AzureCaper (button) (small blind) showed [Jd Qd] and won ($41.50) with a straight, Nine to King


PokerStars Hand #164541410557:  Hold'em Limit ($3/$6 USD) - 2017/01/13 23:17:23 ET
Table 'Melete' 6-max Seat #4 is the button
Seat 3: habari786 ($116.90 in chips)
Seat 4: AzureCaper ($179.56 in chips)
AzureCaper: posts small blind $1
Guimp was removed from the table for failing to post
habari786: posts big blind $3
*** HOLE CARDS ***
AzureCaper: folds
Uncalled bet ($2) returned to habari786
habari786 collected $2 from pot
habari786: doesn't show hand
*** SUMMARY ***
Total pot $2 | Rake $0
Seat 3: habari786 (big blind) collected ($2)
Seat 4: AzureCaper (button) (small blind) folded before Flop


PokerStars Hand #164541406361:  Hold'em Limit ($3/$6 USD) - 2017/01/13 23:17:11 ET
Table 'Melete' 6-max Seat #3 is the button
Seat 3: habari786 ($111.14 in chips)
Seat 4: AzureCaper ($185.56 in chips)
habari786: posts small blind $1
AzureCaper: posts big blind $3
*** HOLE CARDS ***
habari786: raises $3 to $6
AzureCaper: calls $3
*** FLOP *** [9c 9d Tc]
AzureCaper: checks
habari786: bets $3
AzureCaper: folds
Uncalled bet ($3) returned to habari786
habari786 collected $11.76 from pot
habari786: doesn't show hand
*** SUMMARY ***
Total pot $12 | Rake $0.24
Board [9c 9d Tc]
Seat 3: habari786 (button) (small blind) collected ($11.76)
Seat 4: AzureCaper (big blind) folded on the Flop


PokerStars Hand #164541412657:  Hold'em Limit ($3/$6 USD) - 2017/01/13 23:17:29 ET
Table 'Melete' 6-max Seat #3 is the button
Seat 3: habari786 ($117.90 in chips)
Seat 4: AzureCaper ($178.56 in chips)
habari786: posts small blind $1
AzureCaper: posts big blind $3
*** HOLE CARDS ***
habari786: folds
Uncalled bet ($2) returned to AzureCaper
AzureCaper collected $2 from pot
AzureCaper: doesn't show hand
*** SUMMARY ***
Total pot $2 | Rake $0
Seat 3: habari786 (button) (small blind) folded before Flop
Seat 4: AzureCaper (big blind) collected ($2)


PokerStars Hand #164541417060:  Hold'em Limit ($3/$6 USD) - 2017/01/13 23:17:42 ET
Table 'Melete' 6-max Seat #3 is the button
Seat 3: habari786 ($113.90 in chips)
Seat 4: AzureCaper ($182.56 in chips)
habari786: posts small blind $1
AzureCaper: posts big blind $3
*** HOLE CARDS ***
habari786: folds
Uncalled bet ($2) returned to AzureCaper
AzureCaper collected $2 from pot
AzureCaper: doesn't show hand
*** SUMMARY ***
Total pot $2 | Rake $0
Seat 3: habari786 (button) (small blind) folded before Flop
Seat 4: AzureCaper (big blind) collected ($2)


PokerStars Hand #164541414853:  Hold'em Limit ($3/$6 USD) - 2017/01/13 23:17:36 ET
Table 'Melete' 6-max Seat #4 is the button
Seat 3: habari786 ($116.90 in chips)
Seat 4: AzureCaper ($179.56 in chips)
AzureCaper: posts small blind $1
habari786: posts big blind $3
*** HOLE CARDS ***
AzureCaper: raises $3 to $6
habari786: folds
Uncalled bet ($3) returned to AzureCaper
AzureCaper collected $6 from pot
*** SUMMARY ***
Total pot $6 | Rake $0
Seat 3: habari786 (big blind) folded before Flop
Seat 4: AzureCaper (button) (small blind) collected ($6)


PokerStars Hand #164541421339:  Hold'em Limit ($3/$6 USD) - 2017/01/13 23:17:54 ET
Table 'Melete' 6-max Seat #3 is the button
Seat 3: habari786 ($109.90 in chips)
Seat 4: AzureCaper ($186.56 in chips)
habari786: posts small blind $1
AzureCaper: posts big blind $3
*** HOLE CARDS ***
habari786: folds
Uncalled bet ($2) returned to AzureCaper
AzureCaper collected $2 from pot
AzureCaper: doesn't show hand
*** SUMMARY ***
Total pot $2 | Rake $0
Seat 3: habari786 (button) (small blind) folded before Flop
Seat 4: AzureCaper (big blind) collected ($2)


PokerStars Hand #164541419099:  Hold'em Limit ($3/$6 USD) - 2017/01/13 23:17:48 ET
Table 'Melete' 6-max Seat #4 is the button
Seat 3: habari786 ($112.90 in chips)
Seat 4: AzureCaper ($183.56 in chips)
AzureCaper: posts small blind $1
habari786: posts big blind $3
*** HOLE CARDS ***
AzureCaper: raises $3 to $6
habari786: folds
Uncalled bet ($3) returned to AzureCaper
AzureCaper collected $6 from pot
AzureCaper: doesn't show hand
*** SUMMARY ***
Total pot $6 | Rake $0
Seat 3: habari786 (big blind) folded before Flop
Seat 4: AzureCaper (button) (small blind) collected ($6)


PokerStars Hand #164541423126:  Hold'em Limit ($3/$6 USD) - 2017/01/13 23:17:59 ET
Table 'Melete' 6-max Seat #4 is the button
Seat 3: habari786 ($108.90 in chips)
Seat 4: AzureCaper ($187.56 in chips)
AzureCaper: posts small blind $1
habari786: posts big blind $3
*** HOLE CARDS ***
AzureCaper: raises $3 to $6
habari786: folds
Uncalled bet ($3) returned to AzureCaper
AzureCaper collected $6 from pot
AzureCaper: doesn't show hand
*** SUMMARY ***
Total pot $6 | Rake $0
Seat 3: habari786 (big blind) folded before Flop
Seat 4: AzureCaper (button) (small blind) collected ($6)


PokerStars Hand #164541430953:  Hold'em Limit ($3/$6 USD) - 2017/01/13 23:18:21 ET
Table 'Melete' 6-max Seat #4 is the button
Seat 3: habari786 ($93.90 in chips)
Seat 4: AzureCaper ($202.08 in chips)
AzureCaper: posts small blind $1
habari786: posts big blind $3
*** HOLE CARDS ***
AzureCaper: folds
Uncalled bet ($2) returned to habari786
habari786 collected $2 from pot
habari786: doesn't show hand
*** SUMMARY ***
Total pot $2 | Rake $0
Seat 3: habari786 (big blind) collected ($2)
Seat 4: AzureCaper (button) (small blind) folded before Flop


PokerStars Hand #164541425320:  Hold'em Limit ($3/$6 USD) - 2017/01/13 23:18:05 ET
Table 'Melete' 6-max Seat #3 is the button
Seat 3: habari786 ($105.90 in chips)
Seat 4: AzureCaper ($190.56 in chips)
habari786: posts small blind $1
AzureCaper: posts big blind $3
*** HOLE CARDS ***
habari786: raises $3 to $6
AzureCaper: raises $3 to $9
habari786: calls $3
*** FLOP *** [6d 4c 4h]
AzureCaper: bets $3
habari786: calls $3
*** TURN *** [6d 4c 4h] [Jd]
AzureCaper: bets $6
habari786: folds
Uncalled bet ($6) returned to AzureCaper
AzureCaper collected $23.52 from pot
AzureCaper: doesn't show hand
*** SUMMARY ***
Total pot $24 | Rake $0.48
Board [6d 4c 4h Jd]
Seat 3: habari786 (button) (small blind) folded on the Turn
Seat 4: AzureCaper (big blind) collected ($23.52)


PokerStars Hand #164541434612:  Hold'em Limit ($3/$6 USD) - 2017/01/13 23:18:31 ET
Table 'Melete' 6-max Seat #4 is the button
Seat 3: habari786 ($93.90 in chips)
Seat 4: AzureCaper ($202.08 in chips)
AzureCaper: posts small blind $1
habari786: posts big blind $3
*** HOLE CARDS ***
AzureCaper: raises $3 to $6
habari786: folds
Uncalled bet ($3) returned to AzureCaper
AzureCaper collected $6 from pot
AzureCaper: doesn't show hand
*** SUMMARY ***
Total pot $6 | Rake $0
Seat 3: habari786 (big blind) folded before Flop
Seat 4: AzureCaper (button) (small blind) collected ($6)


PokerStars Hand #164541432747:  Hold'em Limit ($3/$6 USD) - 2017/01/13 23:18:26 ET
Table 'Melete' 6-max Seat #3 is the button
Seat 3: habari786 ($94.90 in chips)
Seat 4: AzureCaper ($201.08 in chips)
habari786: posts small blind $1
AzureCaper: posts big blind $3
*** HOLE CARDS ***
habari786: folds
Uncalled bet ($2) returned to AzureCaper
AzureCaper collected $2 from pot
*** SUMMARY ***
Total pot $2 | Rake $0
Seat 3: habari786 (button) (small blind) folded before Flop
Seat 4: AzureCaper (big blind) collected ($2)


PokerStars Hand #164541441138:  Hold'em Limit ($3/$6 USD) - 2017/01/13 23:18:49 ET
Table 'Melete' 6-max Seat #3 is the button
Seat 3: habari786 ($86.90 in chips)
Seat 4: AzureCaper ($209.08 in chips)
habari786: posts small blind $1
AzureCaper: posts big blind $3
*** HOLE CARDS ***
habari786: raises $3 to $6
AzureCaper: calls $3
*** FLOP *** [Ks 7s 8d]
AzureCaper: checks
habari786: bets $3
AzureCaper: raises $3 to $6
habari786: calls $3
*** TURN *** [Ks 7s 8d] [Qc]
AzureCaper: bets $6
habari786: calls $6
*** RIVER *** [Ks 7s 8d Qc] [7h]
AzureCaper: bets $6
habari786: raises $6 to $12
AzureCaper: folds
Uncalled bet ($6) returned to habari786
habari786 collected $47.50 from pot
habari786: doesn't show hand
*** SUMMARY ***
Total pot $48 | Rake $0.50
Board [Ks 7s 8d Qc 7h]
Seat 3: habari786 (button) (small blind) collected ($47.50)
Seat 4: AzureCaper (big blind) folded on the River


PokerStars Hand #164541448533:  Hold'em Limit ($3/$6 USD) - 2017/01/13 23:19:10 ET
Table 'Melete' 6-max Seat #4 is the button
Seat 3: habari786 ($110.40 in chips)
Seat 4: AzureCaper ($185.08 in chips)
AzureCaper: posts small blind $1
habari786: posts big blind $3
*** HOLE CARDS ***
AzureCaper: folds
Uncalled bet ($2) returned to habari786
habari786 collected $2 from pot
habari786: doesn't show hand
*** SUMMARY ***
Total pot $2 | Rake $0
Seat 3: habari786 (big blind) collected ($2)
Seat 4: AzureCaper (button) (small blind) folded before Flop


PokerStars Hand #164541450972:  Hold'em Limit ($3/$6 USD) - 2017/01/13 23:19:17 ET
Table 'Melete' 6-max Seat #3 is the button
Seat 3: habari786 ($111.40 in chips)
Seat 4: AzureCaper ($184.08 in chips)
habari786: posts small blind $1
AzureCaper: posts big blind $3
*** HOLE CARDS ***
habari786: raises $3 to $6
AzureCaper: folds
Uncalled bet ($3) returned to habari786
habari786 collected $6 from pot
habari786: doesn't show hand
*** SUMMARY ***
Total pot $6 | Rake $0
Seat 3: habari786 (button) (small blind) collected ($6)
Seat 4: AzureCaper (big blind) folded before Flop


PokerStars Hand #164541438948:  Hold'em Limit ($3/$6 USD) - 2017/01/13 23:18:43 ET
Table 'Melete' 6-max Seat #4 is the button
Seat 3: habari786 ($89.90 in chips)
Seat 4: AzureCaper ($206.08 in chips)
AzureCaper: posts small blind $1
habari786: posts big blind $3
*** HOLE CARDS ***
AzureCaper: raises $3 to $6
habari786: folds
Uncalled bet ($3) returned to AzureCaper
AzureCaper collected $6 from pot
AzureCaper: doesn't show hand
*** SUMMARY ***
Total pot $6 | Rake $0
Seat 3: habari786 (big blind) folded before Flop
Seat 4: AzureCaper (button) (small blind) collected ($6)


PokerStars Hand #164541437121:  Hold'em Limit ($3/$6 USD) - 2017/01/13 23:18:38 ET
Table 'Melete' 6-max Seat #3 is the button
Seat 3: habari786 ($90.90 in chips)
Seat 4: AzureCaper ($205.08 in chips)
habari786: posts small blind $1
AzureCaper: posts big blind $3
*** HOLE CARDS ***
habari786: folds
Uncalled bet ($2) returned to AzureCaper
AzureCaper collected $2 from pot
AzureCaper: doesn't show hand
*** SUMMARY ***
Total pot $2 | Rake $0
Seat 3: habari786 (button) (small blind) folded before Flop
Seat 4: AzureCaper (big blind) collected ($2)


PokerStars Hand #164541453527:  Hold'em Limit ($3/$6 USD) - 2017/01/13 23:19:24 ET
Table 'Melete' 6-max Seat #4 is the button
Seat 3: habari786 ($114.40 in chips)
Seat 4: AzureCaper ($181.08 in chips)
AzureCaper: posts small blind $1
habari786: posts big blind $3
*** HOLE CARDS ***
AzureCaper: raises $3 to $6
habari786: raises $3 to $9
AzureCaper: raises $3 to $12
Betting is capped
habari786: calls $3
*** FLOP *** [5s 5d Qc]
habari786: checks
AzureCaper: bets $3
habari786: calls $3
*** TURN *** [5s 5d Qc] [As]
habari786: checks
AzureCaper: bets $6
habari786: folds
Uncalled bet ($6) returned to AzureCaper
AzureCaper collected $29.50 from pot
AzureCaper: doesn't show hand
*** SUMMARY ***
Total pot $30 | Rake $0.50
Board [5s 5d Qc As]
Seat 3: habari786 (big blind) folded on the Turn
Seat 4: AzureCaper (button) (small blind) collected ($29.50)


PokerStars Hand #164541461056:  Hold'em Limit ($3/$6 USD) - 2017/01/13 23:19:45 ET
Table 'Melete' 6-max Seat #3 is the button
Seat 3: habari786 ($99.40 in chips)
Seat 4: AzureCaper ($195.58 in chips)
habari786: posts small blind $1
AzureCaper: posts big blind $3
*** HOLE CARDS ***
habari786: raises $3 to $6
AzureCaper: raises $3 to $9
habari786: calls $3
*** FLOP *** [Qh Ts 3h]
AzureCaper: bets $3
habari786: calls $3
*** TURN *** [Qh Ts 3h] [Kc]
AzureCaper: bets $6
habari786: calls $6
*** RIVER *** [Qh Ts 3h Kc] [Ac]
AzureCaper: bets $6
habari786: calls $6
*** SHOW DOWN ***
AzureCaper: shows [Qc Jh] (a straight, Ten to Ace)
habari786: mucks hand
AzureCaper collected $47.50 from pot
*** SUMMARY ***
Total pot $48 | Rake $0.50
Board [Qh Ts 3h Kc Ac]
Seat 3: habari786 (button) (small blind) mucked
Seat 4: AzureCaper (big blind) showed [Qc Jh] and won ($47.50) with a straight, Ten to Ace


PokerStars Hand #164541469363:  Hold'em Limit ($3/$6 USD) - 2017/01/13 23:20:08 ET
Table 'Melete' 6-max Seat #4 is the button
Seat 3: habari786 ($75.40 in chips)
Seat 4: AzureCaper ($219.08 in chips)
AzureCaper: posts small blind $1
habari786: posts big blind $3
*** HOLE CARDS ***
AzureCaper: folds
Uncalled bet ($2) returned to habari786
habari786 collected $2 from pot
habari786: doesn't show hand
*** SUMMARY ***
Total pot $2 | Rake $0
Seat 3: habari786 (big blind) collected ($2)
Seat 4: AzureCaper (button) (small blind) folded before Flop


PokerStars Hand #164541471796:  Hold'em Limit ($3/$6 USD) - 2017/01/13 23:20:15 ET
Table 'Melete' 6-max Seat #3 is the button
Seat 3: habari786 ($76.40 in chips)
Seat 4: AzureCaper ($218.08 in chips)
habari786: posts small blind $1
AzureCaper: posts big blind $3
*** HOLE CARDS ***
habari786: raises $3 to $6
AzureCaper: calls $3
*** FLOP *** [8c Js Jc]
AzureCaper: checks
habari786: bets $3
AzureCaper: folds
Uncalled bet ($3) returned to habari786
habari786 collected $11.76 from pot
habari786: doesn't show hand
*** SUMMARY ***
Total pot $12 | Rake $0.24
Board [8c Js Jc]
Seat 3: habari786 (button) (small blind) collected ($11.76)
Seat 4: AzureCaper (big blind) folded on the Flop


PokerStars Hand #164541483813:  Hold'em Limit ($3/$6 USD) - 2017/01/13 23:20:49 ET
Table 'Melete' 6-max Seat #3 is the button
Seat 3: habari786 ($90.80 in chips)
Seat 4: AzureCaper ($203.08 in chips)
habari786: posts small blind $1
AzureCaper: posts big blind $3
*** HOLE CARDS ***
habari786: raises $3 to $6
AzureCaper: calls $3
*** FLOP *** [Th Tc 5d]
AzureCaper: checks
habari786: bets $3
AzureCaper: folds
Uncalled bet ($3) returned to habari786
habari786 collected $11.76 from pot
habari786: doesn't show hand
*** SUMMARY ***
Total pot $12 | Rake $0.24
Board [Th Tc 5d]
Seat 3: habari786 (button) (small blind) collected ($11.76)
Seat 4: AzureCaper (big blind) folded on the Flop


PokerStars Hand #164541491773:  Hold'em Limit ($3/$6 USD) - 2017/01/13 23:21:12 ET
Table 'Melete' 6-max Seat #3 is the button
Seat 3: habari786 ($93.56 in chips)
Seat 4: AzureCaper ($200.08 in chips)
habari786: posts small blind $1
AzureCaper: posts big blind $3
*** HOLE CARDS ***
habari786: folds
Uncalled bet ($2) returned to AzureCaper
AzureCaper collected $2 from pot
AzureCaper: doesn't show hand
*** SUMMARY ***
Total pot $2 | Rake $0
Seat 3: habari786 (button) (small blind) folded before Flop
Seat 4: AzureCaper (big blind) collected ($2)


PokerStars Hand #164541488934:  Hold'em Limit ($3/$6 USD) - 2017/01/13 23:21:04 ET
Table 'Melete' 6-max Seat #4 is the button
Seat 3: habari786 ($96.56 in chips)
Seat 4: AzureCaper ($197.08 in chips)
AzureCaper: posts small blind $1
habari786: posts big blind $3
*** HOLE CARDS ***
AzureCaper: raises $3 to $6
habari786: folds
Uncalled bet ($3) returned to AzureCaper
AzureCaper collected $6 from pot
*** SUMMARY ***
Total pot $6 | Rake $0
Seat 3: habari786 (big blind) folded before Flop
Seat 4: AzureCaper (button) (small blind) collected ($6)


PokerStars Hand #164541476653:  Hold'em Limit ($3/$6 USD) - 2017/01/13 23:20:29 ET
Table 'Melete' 6-max Seat #4 is the button
Seat 3: habari786 ($82.16 in chips)
Seat 4: AzureCaper ($212.08 in chips)
AzureCaper: posts small blind $1
habari786: posts big blind $3
*** HOLE CARDS ***
AzureCaper: raises $3 to $6
habari786: calls $3
*** FLOP *** [2h 3c Kd]
habari786: checks
AzureCaper: bets $3
habari786: calls $3
*** TURN *** [2h 3c Kd] [7s]
habari786: checks
AzureCaper: checks
*** RIVER *** [2h 3c Kd 7s] [Jd]
habari786: bets $6
AzureCaper: folds
Uncalled bet ($6) returned to habari786
habari786 collected $17.64 from pot
habari786: doesn't show hand
*** SUMMARY ***
Total pot $18 | Rake $0.36
Board [2h 3c Kd 7s Jd]
Seat 3: habari786 (big blind) collected ($17.64)
Seat 4: AzureCaper (button) (small blind) folded on the River


PokerStars Hand #164541677022:  Hold'em Limit ($3/$6 USD) - 2017/01/13 23:30:03 ET
Table 'Melete' 6-max Seat #6 is the button
Seat 4: AzureCaper ($76.64 in chips)
Seat 6: VEYRON 1OO1 ($103.98 in chips)
VEYRON 1OO1: posts small blind $1
AzureCaper: posts big blind $3
*** HOLE CARDS ***
VEYRON 1OO1: folds
Uncalled bet ($2) returned to AzureCaper
AzureCaper collected $2 from pot
*** SUMMARY ***
Total pot $2 | Rake $0
Seat 4: AzureCaper (big blind) collected ($2)
Seat 6: VEYRON 1OO1 (button) (small blind) folded before Flop


PokerStars Hand #164541672005:  Hold'em Limit ($3/$6 USD) - 2017/01/13 23:29:48 ET
Table 'Melete' 6-max Seat #4 is the button
Seat 4: AzureCaper ($77.64 in chips)
Seat 6: VEYRON 1OO1 ($102.98 in chips)
AzureCaper: posts small blind $1
VEYRON 1OO1: posts big blind $3
*** HOLE CARDS ***
AzureCaper: folds
Uncalled bet ($2) returned to VEYRON 1OO1
VEYRON 1OO1 collected $2 from pot
VEYRON 1OO1: doesn't show hand
*** SUMMARY ***
Total pot $2 | Rake $0
Seat 4: AzureCaper (button) (small blind) folded before Flop
Seat 6: VEYRON 1OO1 (big blind) collected ($2)


PokerStars Hand #164541669737:  Hold'em Limit ($3/$6 USD) - 2017/01/13 23:29:42 ET
Table 'Melete' 6-max Seat #6 is the button
Seat 4: AzureCaper ($80.64 in chips)
Seat 6: VEYRON 1OO1 ($99.98 in chips)
VEYRON 1OO1: posts small blind $1
AzureCaper: posts big blind $3
*** HOLE CARDS ***
VEYRON 1OO1: raises $3 to $6
AzureCaper: folds
Uncalled bet ($3) returned to VEYRON 1OO1
VEYRON 1OO1 collected $6 from pot
VEYRON 1OO1: doesn't show hand
*** SUMMARY ***
Total pot $6 | Rake $0
Seat 4: AzureCaper (big blind) folded before Flop
Seat 6: VEYRON 1OO1 (button) (small blind) collected ($6)


PokerStars Hand #164541661484:  Hold'em Limit ($3/$6 USD) - 2017/01/13 23:29:18 ET
Table 'Melete' 6-max Seat #4 is the button
Seat 4: AzureCaper ($72 in chips)
Seat 6: VEYRON 1OO1 ($108.98 in chips)
AzureCaper: posts small blind $1
VEYRON 1OO1: posts big blind $3
*** HOLE CARDS ***
AzureCaper: raises $3 to $6
VEYRON 1OO1: calls $3
*** FLOP *** [Ah 3c 4s]
VEYRON 1OO1: checks
AzureCaper: bets $3
VEYRON 1OO1: calls $3
*** TURN *** [Ah 3c 4s] [Js]
VEYRON 1OO1: checks
AzureCaper: bets $6
VEYRON 1OO1: folds
Uncalled bet ($6) returned to AzureCaper
AzureCaper collected $17.64 from pot
AzureCaper: doesn't show hand
*** SUMMARY ***
Total pot $18 | Rake $0.36
Board [Ah 3c 4s Js]
Seat 4: AzureCaper (button) (small blind) collected ($17.64)
Seat 6: VEYRON 1OO1 (big blind) folded on the Turn


PokerStars Hand #164541700649:  Hold'em Limit ($3/$6 USD) - 2017/01/13 23:31:12 ET
Table 'Melete' 6-max Seat #6 is the button
Seat 4: AzureCaper ($76.76 in chips)
Seat 6: VEYRON 1OO1 ($118.48 in chips)
VEYRON 1OO1: posts small blind $1
AzureCaper: posts big blind $3
*** HOLE CARDS ***
VEYRON 1OO1: raises $3 to $6
AzureCaper: folds
Uncalled bet ($3) returned to VEYRON 1OO1
VEYRON 1OO1 collected $6 from pot
VEYRON 1OO1: doesn't show hand
*** SUMMARY ***
Total pot $6 | Rake $0
Seat 4: AzureCaper (big blind) folded before Flop
Seat 6: VEYRON 1OO1 (button) (small blind) collected ($6)


PokerStars Hand #164541698450:  Hold'em Limit ($3/$6 USD) - 2017/01/13 23:31:06 ET
Table 'Melete' 6-max Seat #4 is the button
Seat 4: AzureCaper ($77.76 in chips)
Seat 6: VEYRON 1OO1 ($117.48 in chips)
AzureCaper: posts small blind $1
VEYRON 1OO1: posts big blind $3
*** HOLE CARDS ***
AzureCaper: folds
Uncalled bet ($2) returned to VEYRON 1OO1
VEYRON 1OO1 collected $2 from pot
VEYRON 1OO1: doesn't show hand
*** SUMMARY ***
Total pot $2 | Rake $0
Seat 4: AzureCaper (button) (small blind) folded before Flop
Seat 6: VEYRON 1OO1 (big blind) collected ($2)


PokerStars Hand #164541690816:  Hold'em Limit ($3/$6 USD) - 2017/01/13 23:30:44 ET
Table 'Melete' 6-max Seat #6 is the button
Seat 4: AzureCaper ($72 in chips)
Seat 6: VEYRON 1OO1 ($123.48 in chips)
VEYRON 1OO1: posts small blind $1
AzureCaper: posts big blind $3
*** HOLE CARDS ***
VEYRON 1OO1: raises $3 to $6
AzureCaper: calls $3
*** FLOP *** [6h 8c 9s]
AzureCaper: checks
VEYRON 1OO1: checks
*** TURN *** [6h 8c 9s] [9h]
AzureCaper: bets $6
VEYRON 1OO1: folds
Uncalled bet ($6) returned to AzureCaper
AzureCaper collected $11.76 from pot
AzureCaper: doesn't show hand
*** SUMMARY ***
Total pot $12 | Rake $0.24
Board [6h 8c 9s 9h]
Seat 4: AzureCaper (big blind) collected ($11.76)
Seat 6: VEYRON 1OO1 (button) (small blind) folded on the Turn


PokerStars Hand #164541679034:  Hold'em Limit ($3/$6 USD) - 2017/01/13 23:30:09 ET
Table 'Melete' 6-max Seat #4 is the button
Seat 4: AzureCaper ($77.64 in chips)
Seat 6: VEYRON 1OO1 ($102.98 in chips)
AzureCaper: posts small blind $1
VEYRON 1OO1: posts big blind $3
*** HOLE CARDS ***
AzureCaper: raises $3 to $6
VEYRON 1OO1: calls $3
*** FLOP *** [8c 5h 8h]
VEYRON 1OO1: checks
AzureCaper: bets $3
VEYRON 1OO1: calls $3
*** TURN *** [8c 5h 8h] [9s]
VEYRON 1OO1: checks
AzureCaper: bets $6
VEYRON 1OO1: raises $6 to $12
AzureCaper: calls $6
*** RIVER *** [8c 5h 8h 9s] [Ts]
VEYRON 1OO1: bets $6
AzureCaper: folds
Uncalled bet ($6) returned to VEYRON 1OO1
VEYRON 1OO1 collected $41.50 from pot
VEYRON 1OO1: doesn't show hand
*** SUMMARY ***
Total pot $42 | Rake $0.50
Board [8c 5h 8h 9s Ts]
Seat 4: AzureCaper (button) (small blind) folded on the River
Seat 6: VEYRON 1OO1 (big blind) collected ($41.50)


PokerStars Hand #164541723240:  Hold'em Limit ($3/$6 USD) - 2017/01/13 23:32:19 ET
Table 'Melete' 6-max Seat #6 is the button
Seat 4: AzureCaper ($89.28 in chips)
Seat 6: VEYRON 1OO1 ($105.48 in chips)
VEYRON 1OO1: posts small blind $1
AzureCaper: posts big blind $3
*** HOLE CARDS ***
VEYRON 1OO1: folds
Uncalled bet ($2) returned to AzureCaper
AzureCaper collected $2 from pot
AzureCaper: doesn't show hand
*** SUMMARY ***
Total pot $2 | Rake $0
Seat 4: AzureCaper (big blind) collected ($2)
Seat 6: VEYRON 1OO1 (button) (small blind) folded before Flop


PokerStars Hand #164541714958:  Hold'em Limit ($3/$6 USD) - 2017/01/13 23:31:55 ET
Table 'Melete' 6-max Seat #4 is the button
Seat 4: AzureCaper ($77.76 in chips)
Seat 6: VEYRON 1OO1 ($117.48 in chips)
AzureCaper: posts small blind $1
VEYRON 1OO1: posts big blind $3
*** HOLE CARDS ***
AzureCaper: raises $3 to $6
VEYRON 1OO1: calls $3
*** FLOP *** [3s 6s Kd]
VEYRON 1OO1: bets $3
AzureCaper: raises $3 to $6
VEYRON 1OO1: calls $3
*** TURN *** [3s 6s Kd] [Ts]
VEYRON 1OO1: checks
AzureCaper: bets $6
VEYRON 1OO1: folds
Uncalled bet ($6) returned to AzureCaper
AzureCaper collected $23.52 from pot
*** SUMMARY ***
Total pot $24 | Rake $0.48
Board [3s 6s Kd Ts]
Seat 4: AzureCaper (button) (small blind) collected ($23.52)
Seat 6: VEYRON 1OO1 (big blind) folded on the Turn


PokerStars Hand #164541713209:  Hold'em Limit ($3/$6 USD) - 2017/01/13 23:31:50 ET
Table 'Melete' 6-max Seat #6 is the button
Seat 4: AzureCaper ($76.76 in chips)
Seat 6: VEYRON 1OO1 ($118.48 in chips)
VEYRON 1OO1: posts small blind $1
AzureCaper: posts big blind $3
habari786 was removed from the table for failing to post
*** HOLE CARDS ***
VEYRON 1OO1: folds
Uncalled bet ($2) returned to AzureCaper
AzureCaper collected $2 from pot
AzureCaper: doesn't show hand
*** SUMMARY ***
Total pot $2 | Rake $0
Seat 4: AzureCaper (big blind) collected ($2)
Seat 6: VEYRON 1OO1 (button) (small blind) folded before Flop


PokerStars Hand #164541710901:  Hold'em Limit ($3/$6 USD) - 2017/01/13 23:31:43 ET
Table 'Melete' 6-max Seat #4 is the button
Seat 4: AzureCaper ($77.76 in chips)
Seat 6: VEYRON 1OO1 ($117.48 in chips)
AzureCaper: posts small blind $1
VEYRON 1OO1: posts big blind $3
*** HOLE CARDS ***
AzureCaper: folds
Uncalled bet ($2) returned to VEYRON 1OO1
VEYRON 1OO1 collected $2 from pot
VEYRON 1OO1: doesn't show hand
*** SUMMARY ***
Total pot $2 | Rake $0
Seat 4: AzureCaper (button) (small blind) folded before Flop
Seat 6: VEYRON 1OO1 (big blind) collected ($2)


PokerStars Hand #164541708924:  Hold'em Limit ($3/$6 USD) - 2017/01/13 23:31:37 ET
Table 'Melete' 6-max Seat #6 is the button
Seat 4: AzureCaper ($76.76 in chips)
Seat 6: VEYRON 1OO1 ($118.48 in chips)
VEYRON 1OO1: posts small blind $1
AzureCaper: posts big blind $3
*** HOLE CARDS ***
VEYRON 1OO1: folds
Uncalled bet ($2) returned to AzureCaper
AzureCaper collected $2 from pot
*** SUMMARY ***
Total pot $2 | Rake $0
Seat 4: AzureCaper (big blind) collected ($2)
Seat 6: VEYRON 1OO1 (button) (small blind) folded before Flop


PokerStars Hand #164541703013:  Hold'em Limit ($3/$6 USD) - 2017/01/13 23:31:19 ET
Table 'Melete' 6-max Seat #4 is the button
Seat 4: AzureCaper ($73.76 in chips)
Seat 6: VEYRON 1OO1 ($121.48 in chips)
AzureCaper: posts small blind $1
VEYRON 1OO1: posts big blind $3
*** HOLE CARDS ***
AzureCaper: raises $3 to $6
VEYRON 1OO1: folds
Uncalled bet ($3) returned to AzureCaper
AzureCaper collected $6 from pot
AzureCaper: doesn't show hand
*** SUMMARY ***
Total pot $6 | Rake $0
Seat 4: AzureCaper (button) (small blind) collected ($6)
Seat 6: VEYRON 1OO1 (big blind) folded before Flop


PokerStars Hand #164541741164:  Hold'em Limit ($3/$6 USD) - 2017/01/13 23:33:11 ET
Table 'Melete' 6-max Seat #6 is the button
Seat 4: AzureCaper ($92.04 in chips)
Seat 6: VEYRON 1OO1 ($102.36 in chips)
VEYRON 1OO1: posts small blind $1
AzureCaper: posts big blind $3
*** HOLE CARDS ***
VEYRON 1OO1: raises $3 to $6
AzureCaper: folds
Uncalled bet ($3) returned to VEYRON 1OO1
VEYRON 1OO1 collected $6 from pot
VEYRON 1OO1: doesn't show hand
*** SUMMARY ***
Total pot $6 | Rake $0
Seat 4: AzureCaper (big blind) folded before Flop
Seat 6: VEYRON 1OO1 (button) (small blind) collected ($6)


PokerStars Hand #164541733373:  Hold'em Limit ($3/$6 USD) - 2017/01/13 23:32:48 ET
Table 'Melete' 6-max Seat #4 is the button
Seat 4: AzureCaper ($86.28 in chips)
Seat 6: VEYRON 1OO1 ($108.36 in chips)
AzureCaper: posts small blind $1
VEYRON 1OO1: posts big blind $3
*** HOLE CARDS ***
AzureCaper: raises $3 to $6
VEYRON 1OO1: calls $3
*** FLOP *** [2c 4s Jd]
VEYRON 1OO1: checks
AzureCaper: bets $3
VEYRON 1OO1: folds
Uncalled bet ($3) returned to AzureCaper
AzureCaper collected $11.76 from pot
AzureCaper: doesn't show hand
*** SUMMARY ***
Total pot $12 | Rake $0.24
Board [2c 4s Jd]
Seat 4: AzureCaper (button) (small blind) collected ($11.76)
Seat 6: VEYRON 1OO1 (big blind) folded on the Flop


PokerStars Hand #164541727905:  Hold'em Limit ($3/$6 USD) - 2017/01/13 23:32:32 ET
Table 'Melete' 6-max Seat #6 is the button
Seat 4: AzureCaper ($89.28 in chips)
Seat 6: VEYRON 1OO1 ($105.48 in chips)
VEYRON 1OO1: posts small blind $1
AzureCaper: posts big blind $3
*** HOLE CARDS ***
VEYRON 1OO1: calls $2
AzureCaper: checks
*** FLOP *** [8c Ts 4h]
AzureCaper: checks
VEYRON 1OO1: bets $3
AzureCaper: folds
Uncalled bet ($3) returned to VEYRON 1OO1
VEYRON 1OO1 collected $5.88 from pot
VEYRON 1OO1: doesn't show hand
*** SUMMARY ***
Total pot $6 | Rake $0.12
Board [8c Ts 4h]
Seat 4: AzureCaper (big blind) folded on the Flop
Seat 6: VEYRON 1OO1 (button) (small blind) collected ($5.88)


PokerStars Hand #164541725152:  Hold'em Limit ($3/$6 USD) - 2017/01/13 23:32:24 ET
Table 'Melete' 6-max Seat #4 is the button
Seat 4: AzureCaper ($90.28 in chips)
Seat 6: VEYRON 1OO1 ($104.48 in chips)
AzureCaper: posts small blind $1
VEYRON 1OO1: posts big blind $3
*** HOLE CARDS ***
AzureCaper: folds
Uncalled bet ($2) returned to VEYRON 1OO1
VEYRON 1OO1 collected $2 from pot
VEYRON 1OO1: doesn't show hand
*** SUMMARY ***
Total pot $2 | Rake $0
Seat 4: AzureCaper (button) (small blind) folded before Flop
Seat 6: VEYRON 1OO1 (big blind) collected ($2)


PokerStars Hand #164541762652:  Hold'em Limit ($3/$6 USD) - 2017/01/13 23:34:15 ET
Table 'Melete' 6-max Seat #6 is the button
Seat 4: AzureCaper ($73.54 in chips)
Seat 6: VEYRON 1OO1 ($119.62 in chips)
VEYRON 1OO1: posts small blind $1
AzureCaper: posts big blind $3
*** HOLE CARDS ***
VEYRON 1OO1: folds
Uncalled bet ($2) returned to AzureCaper
AzureCaper collected $2 from pot
AzureCaper: doesn't show hand
*** SUMMARY ***
Total pot $2 | Rake $0
Seat 4: AzureCaper (big blind) collected ($2)
Seat 6: VEYRON 1OO1 (button) (small blind) folded before Flop


PokerStars Hand #164541754821:  Hold'em Limit ($3/$6 USD) - 2017/01/13 23:33:52 ET
Table 'Melete' 6-max Seat #4 is the button
Seat 4: AzureCaper ($103.54 in chips)
Seat 6: VEYRON 1OO1 ($90.12 in chips)
AzureCaper: posts small blind $1
VEYRON 1OO1: posts big blind $3
*** HOLE CARDS ***
AzureCaper: raises $3 to $6
VEYRON 1OO1: raises $3 to $9
AzureCaper: calls $3
*** FLOP *** [Js 7d 2h]
VEYRON 1OO1: bets $3
AzureCaper: calls $3
*** TURN *** [Js 7d 2h] [9d]
VEYRON 1OO1: bets $6
AzureCaper: raises $6 to $12
VEYRON 1OO1: calls $6
*** RIVER *** [Js 7d 2h 9d] [8d]
VEYRON 1OO1: bets $6
AzureCaper: calls $6
*** SHOW DOWN ***
VEYRON 1OO1: shows [Kc Tc] (a straight, Seven to Jack)
AzureCaper: mucks hand
VEYRON 1OO1 collected $59.50 from pot
*** SUMMARY ***
Total pot $60 | Rake $0.50
Board [Js 7d 2h 9d 8d]
Seat 4: AzureCaper (button) (small blind) mucked
Seat 6: VEYRON 1OO1 (big blind) showed [Kc Tc] and won ($59.50) with a straight, Seven to Jack


PokerStars Hand #164541749247:  Hold'em Limit ($3/$6 USD) - 2017/01/13 23:33:35 ET
Table 'Melete' 6-max Seat #6 is the button
Seat 4: AzureCaper ($109.54 in chips)
Seat 6: VEYRON 1OO1 ($84.36 in chips)
VEYRON 1OO1: posts small blind $1
AzureCaper: posts big blind $3
*** HOLE CARDS ***
VEYRON 1OO1: raises $3 to $6
AzureCaper: calls $3
*** FLOP *** [Td Th 6h]
AzureCaper: checks
VEYRON 1OO1: bets $3
AzureCaper: folds
Uncalled bet ($3) returned to VEYRON 1OO1
VEYRON 1OO1 collected $11.76 from pot
VEYRON 1OO1: doesn't show hand
*** SUMMARY ***
Total pot $12 | Rake $0.24
Board [Td Th 6h]
Seat 4: AzureCaper (big blind) folded on the Flop
Seat 6: VEYRON 1OO1 (button) (small blind) collected ($11.76)


PokerStars Hand #164541743658:  Hold'em Limit ($3/$6 USD) - 2017/01/13 23:33:18 ET
Table 'Melete' 6-max Seat #4 is the button
Seat 4: AzureCaper ($89.04 in chips)
Seat 6: VEYRON 1OO1 ($105.36 in chips)
AzureCaper: posts small blind $1
VEYRON 1OO1: posts big blind $3
*** HOLE CARDS ***
AzureCaper: raises $3 to $6
VEYRON 1OO1: calls $3
*** FLOP *** [Td 6h 8s]
VEYRON 1OO1: checks
AzureCaper: bets $3
VEYRON 1OO1: calls $3
*** TURN *** [Td 6h 8s] [8c]
VEYRON 1OO1: checks
AzureCaper: bets $6
VEYRON 1OO1: calls $6
*** RIVER *** [Td 6h 8s 8c] [5s]
VEYRON 1OO1: checks
AzureCaper: bets $6
VEYRON 1OO1: calls $6
*** SHOW DOWN ***
AzureCaper: shows [7h 7c] (two pair, Eights and Sevens)
VEYRON 1OO1: mucks hand
AzureCaper collected $41.50 from pot
*** SUMMARY ***
Total pot $42 | Rake $0.50
Board [Td 6h 8s 8c 5s]
Seat 4: AzureCaper (button) (small blind) showed [7h 7c] and won ($41.50) with two pair, Eights and Sevens
Seat 6: VEYRON 1OO1 (big blind) mucked


PokerStars Hand #164541764319:  Hold'em Limit ($3/$6 USD) - 2017/01/13 23:34:20 ET
Table 'Melete' 6-max Seat #4 is the button
Seat 4: AzureCaper ($74.54 in chips)
Seat 6: VEYRON 1OO1 ($118.62 in chips)
AzureCaper: posts small blind $1
VEYRON 1OO1: posts big blind $3
*** HOLE CARDS ***
AzureCaper: folds
Uncalled bet ($2) returned to VEYRON 1OO1
VEYRON 1OO1 collected $2 from pot
VEYRON 1OO1: doesn't show hand
*** SUMMARY ***
Total pot $2 | Rake $0
Seat 4: AzureCaper (button) (small blind) folded before Flop
Seat 6: VEYRON 1OO1 (big blind) collected ($2)


PokerStars Hand #164541780608:  Hold'em Limit ($3/$6 USD) - 2017/01/13 23:35:08 ET
Table 'Melete' 6-max Seat #6 is the button
Seat 4: AzureCaper ($72 in chips)
Seat 6: VEYRON 1OO1 ($125.14 in chips)
VEYRON 1OO1: posts small blind $1
AzureCaper: posts big blind $3
*** HOLE CARDS ***
VEYRON 1OO1: raises $3 to $6
AzureCaper: calls $3
*** FLOP *** [4s 9d 5c]
AzureCaper: checks
VEYRON 1OO1: bets $3
AzureCaper: folds
Uncalled bet ($3) returned to VEYRON 1OO1
VEYRON 1OO1 collected $11.76 from pot
VEYRON 1OO1: doesn't show hand
*** SUMMARY ***
Total pot $12 | Rake $0.24
Board [4s 9d 5c]
Seat 4: AzureCaper (big blind) folded on the Flop
Seat 6: VEYRON 1OO1 (button) (small blind) collected ($11.76)


PokerStars Hand #164541773316:  Hold'em Limit ($3/$6 USD) - 2017/01/13 23:34:47 ET
Table 'Melete' 6-max Seat #4 is the button
Seat 4: AzureCaper ($79.30 in chips)
Seat 6: VEYRON 1OO1 ($113.62 in chips)
AzureCaper: posts small blind $1
VEYRON 1OO1: posts big blind $3
*** HOLE CARDS ***
AzureCaper: raises $3 to $6
VEYRON 1OO1: raises $3 to $9
AzureCaper: calls $3
*** FLOP *** [Qs 7h 5c]
VEYRON 1OO1: bets $3
AzureCaper: calls $3
*** TURN *** [Qs 7h 5c] [Jd]
VEYRON 1OO1: bets $6
AzureCaper: folds
Uncalled bet ($6) returned to VEYRON 1OO1
VEYRON 1OO1 collected $23.52 from pot
VEYRON 1OO1: doesn't show hand
*** SUMMARY ***
Total pot $24 | Rake $0.48
Board [Qs 7h 5c Jd]
Seat 4: AzureCaper (button) (small blind) folded on the Turn
Seat 6: VEYRON 1OO1 (big blind) collected ($23.52)


PokerStars Hand #164541766231:  Hold'em Limit ($3/$6 USD) - 2017/01/13 23:34:26 ET
Table 'Melete' 6-max Seat #6 is the button
Seat 4: AzureCaper ($73.54 in chips)
Seat 6: VEYRON 1OO1 ($119.62 in chips)
VEYRON 1OO1: posts small blind $1
AzureCaper: posts big blind $3
*** HOLE CARDS ***
VEYRON 1OO1: raises $3 to $6
AzureCaper: calls $3
*** FLOP *** [6h 8c 4d]
AzureCaper: checks
VEYRON 1OO1: checks
*** TURN *** [6h 8c 4d] [Js]
AzureCaper: bets $6
VEYRON 1OO1: folds
Uncalled bet ($6) returned to AzureCaper
AzureCaper collected $11.76 from pot
AzureCaper: doesn't show hand
*** SUMMARY ***
Total pot $12 | Rake $0.24
Board [6h 8c 4d Js]
Seat 4: AzureCaper (big blind) collected ($11.76)
Seat 6: VEYRON 1OO1 (button) (small blind) folded on the Turn


PokerStars Hand #164541791968:  Hold'em Limit ($3/$6 USD) - 2017/01/13 23:35:42 ET
Table 'Melete' 6-max Seat #6 is the button
Seat 4: AzureCaper ($72 in chips)
Seat 6: VEYRON 1OO1 ($139.54 in chips)
VEYRON 1OO1: posts small blind $1
AzureCaper: posts big blind $3
*** HOLE CARDS ***
VEYRON 1OO1: calls $2
AzureCaper: checks
*** FLOP *** [8h Qh Kc]
AzureCaper: bets $3
VEYRON 1OO1: folds
Uncalled bet ($3) returned to AzureCaper
AzureCaper collected $5.88 from pot
AzureCaper: doesn't show hand
*** SUMMARY ***
Total pot $6 | Rake $0.12
Board [8h Qh Kc]
Seat 4: AzureCaper (big blind) collected ($5.88)
Seat 6: VEYRON 1OO1 (button) (small blind) folded on the Flop


PokerStars Hand #164541786112:  Hold'em Limit ($3/$6 USD) - 2017/01/13 23:35:25 ET
Table 'Melete' 6-max Seat #4 is the button
Seat 4: AzureCaper ($72 in chips)
Seat 6: VEYRON 1OO1 ($130.90 in chips)
AzureCaper: posts small blind $1
VEYRON 1OO1: posts big blind $3
*** HOLE CARDS ***
AzureCaper: raises $3 to $6
VEYRON 1OO1: raises $3 to $9
AzureCaper: calls $3
*** FLOP *** [2c 9h Ac]
VEYRON 1OO1: checks
AzureCaper: checks
*** TURN *** [2c 9h Ac] [Ah]
VEYRON 1OO1: bets $6
AzureCaper: folds
Uncalled bet ($6) returned to VEYRON 1OO1
VEYRON 1OO1 collected $17.64 from pot
VEYRON 1OO1: doesn't show hand
*** SUMMARY ***
Total pot $18 | Rake $0.36
Board [2c 9h Ac Ah]
Seat 4: AzureCaper (button) (small blind) folded on the Turn
Seat 6: VEYRON 1OO1 (big blind) collected ($17.64)


PokerStars Hand #164542200704:  Hold'em Limit ($3/$6 USD) - 2017/01/13 23:56:09 ET
Table 'Melete' 6-max Seat #4 is the button
Seat 1: mcmovein ($71.38 in chips)
Seat 4: AzureCaper ($74.88 in chips)
AzureCaper: posts small blind $1
mcmovein: posts big blind $3
*** HOLE CARDS ***
AzureCaper: raises $3 to $6
mcmovein: calls $3
*** FLOP *** [9s 9c 6s]
mcmovein: bets $3
AzureCaper: raises $3 to $6
mcmovein: calls $3
*** TURN *** [9s 9c 6s] [Ts]
mcmovein: checks
AzureCaper: bets $6
mcmovein: raises $6 to $12
AzureCaper: calls $6
*** RIVER *** [9s 9c 6s Ts] [8s]
mcmovein: bets $6
AzureCaper: calls $6
*** SHOW DOWN ***
mcmovein: shows [2s Js] (a flush, Jack high)
AzureCaper: shows [9d Qs] (a flush, Queen high)
AzureCaper collected $59.50 from pot
*** SUMMARY ***
Total pot $60 | Rake $0.50
Board [9s 9c 6s Ts 8s]
Seat 1: mcmovein (big blind) showed [2s Js] and lost with a flush, Jack high
Seat 4: AzureCaper (button) (small blind) showed [9d Qs] and won ($59.50) with a flush, Queen high


PokerStars Hand #164542210721:  Hold'em Limit ($3/$6 USD) - 2017/01/13 23:56:44 ET
Table 'Melete' 6-max Seat #4 is the button
Seat 1: mcmovein ($40.38 in chips)
Seat 4: AzureCaper ($105.38 in chips)
AzureCaper: posts small blind $1
mcmovein: posts big blind $3
*** HOLE CARDS ***
AzureCaper: folds
Uncalled bet ($2) returned to mcmovein
mcmovein collected $2 from pot
mcmovein: doesn't show hand
*** SUMMARY ***
Total pot $2 | Rake $0
Seat 1: mcmovein (big blind) collected ($2)
Seat 4: AzureCaper (button) (small blind) folded before Flop


PokerStars Hand #164542209015:  Hold'em Limit ($3/$6 USD) - 2017/01/13 23:56:38 ET
Table 'Melete' 6-max Seat #1 is the button
Seat 1: mcmovein ($41.38 in chips)
Seat 4: AzureCaper ($104.38 in chips)
mcmovein: posts small blind $1
AzureCaper: posts big blind $3
*** HOLE CARDS ***
mcmovein: folds
Uncalled bet ($2) returned to AzureCaper
AzureCaper collected $2 from pot
AzureCaper: doesn't show hand
*** SUMMARY ***
Total pot $2 | Rake $0
Seat 1: mcmovein (button) (small blind) folded before Flop
Seat 4: AzureCaper (big blind) collected ($2)


PokerStars Hand #164542212832:  Hold'em Limit ($3/$6 USD) - 2017/01/13 23:56:51 ET
Table 'Melete' 6-max Seat #1 is the button
Seat 1: mcmovein ($41.38 in chips)
Seat 4: AzureCaper ($104.38 in chips)
mcmovein: posts small blind $1
AzureCaper: posts big blind $3
*** HOLE CARDS ***
mcmovein: raises $3 to $6
AzureCaper: calls $3
*** FLOP *** [9d 6c Ah]
AzureCaper: bets $3
mcmovein: folds
Uncalled bet ($3) returned to AzureCaper
AzureCaper collected $11.76 from pot
*** SUMMARY ***
Total pot $12 | Rake $0.24
Board [9d 6c Ah]
Seat 1: mcmovein (button) (small blind) folded on the Flop
Seat 4: AzureCaper (big blind) collected ($11.76)


PokerStars Hand #164542218343:  Hold'em Limit ($3/$6 USD) - 2017/01/13 23:57:11 ET
Table 'Melete' 6-max Seat #4 is the button
Seat 1: mcmovein ($35.38 in chips)
Seat 4: AzureCaper ($110.14 in chips)
AzureCaper: posts small blind $1
mcmovein: posts big blind $3
*** HOLE CARDS ***
AzureCaper: folds
Uncalled bet ($2) returned to mcmovein
mcmovein collected $2 from pot
mcmovein: doesn't show hand
*** SUMMARY ***
Total pot $2 | Rake $0
Seat 1: mcmovein (big blind) collected ($2)
Seat 4: AzureCaper (button) (small blind) folded before Flop


PokerStars Hand #164542219931:  Hold'em Limit ($3/$6 USD) - 2017/01/13 23:57:16 ET
Table 'Melete' 6-max Seat #1 is the button
Seat 1: mcmovein ($36.38 in chips)
Seat 4: AzureCaper ($109.14 in chips)
mcmovein: posts small blind $1
AzureCaper: posts big blind $3
*** HOLE CARDS ***
mcmovein: raises $3 to $6
AzureCaper: raises $3 to $9
mcmovein: calls $3
*** FLOP *** [2s 8c 8d]
AzureCaper: bets $3
mcmovein: calls $3
*** TURN *** [2s 8c 8d] [9c]
AzureCaper: bets $6
mcmovein: calls $6
*** RIVER *** [2s 8c 8d 9c] [Kh]
AzureCaper: bets $6
mcmovein: folds
Uncalled bet ($6) returned to AzureCaper
AzureCaper collected $35.50 from pot
AzureCaper: doesn't show hand
*** SUMMARY ***
Total pot $36 | Rake $0.50
Board [2s 8c 8d 9c Kh]
Seat 1: mcmovein (button) (small blind) folded on the River
Seat 4: AzureCaper (big blind) collected ($35.50)


PokerStars Hand #164542225907:  Hold'em Limit ($3/$6 USD) - 2017/01/13 23:57:37 ET
Table 'Melete' 6-max Seat #4 is the button
Seat 1: mcmovein ($18.38 in chips)
Seat 4: AzureCaper ($126.64 in chips)
AzureCaper: posts small blind $1
mcmovein: posts big blind $3
*** HOLE CARDS ***
AzureCaper: raises $3 to $6
mcmovein: calls $3
*** FLOP *** [Jd 7s 5s]
mcmovein: bets $3
AzureCaper: raises $3 to $6
mcmovein: raises $3 to $9
AzureCaper: raises $3 to $12
Betting is capped
mcmovein: calls $3
*** TURN *** [Jd 7s 5s] [4s]
mcmovein: bets $0.38 and is all-in
AzureCaper: calls $0.38
*** RIVER *** [Jd 7s 5s 4s] [Qh]
*** SHOW DOWN ***
mcmovein: shows [8d 9d] (high card Queen)
AzureCaper: shows [7h 8s] (a pair of Sevens)
AzureCaper collected $36.26 from pot
*** SUMMARY ***
Total pot $36.76 | Rake $0.50
Board [Jd 7s 5s 4s Qh]
Seat 1: mcmovein (big blind) showed [8d 9d] and lost with high card Queen
Seat 4: AzureCaper (button) (small blind) showed [7h 8s] and won ($36.26) with a pair of Sevens


PokerStars Hand #164542324695:  Hold'em Limit ($3/$6 USD) - 2017/01/14 0:03:10 ET
Table 'Melete' 6-max Seat #4 is the button
Seat 1: mcmovein ($111 in chips)
Seat 4: AzureCaper ($153.16 in chips)
AzureCaper: posts small blind $1
mcmovein: posts big blind $3
*** HOLE CARDS ***
AzureCaper: folds
Uncalled bet ($2) returned to mcmovein
mcmovein collected $2 from pot
mcmovein: doesn't show hand
*** SUMMARY ***
Total pot $2 | Rake $0
Seat 1: mcmovein (big blind) collected ($2)
Seat 4: AzureCaper (button) (small blind) folded before Flop


PokerStars Hand #164542322914:  Hold'em Limit ($3/$6 USD) - 2017/01/14 0:03:04 ET
Table 'Melete' 6-max Seat #1 is the button
Seat 1: mcmovein ($112 in chips)
Seat 4: AzureCaper ($152.16 in chips)
mcmovein: posts small blind $1
AzureCaper: posts big blind $3
*** HOLE CARDS ***
mcmovein: folds
Uncalled bet ($2) returned to AzureCaper
AzureCaper collected $2 from pot
*** SUMMARY ***
Total pot $2 | Rake $0
Seat 1: mcmovein (button) (small blind) folded before Flop
Seat 4: AzureCaper (big blind) collected ($2)


PokerStars Hand #164542321181:  Hold'em Limit ($3/$6 USD) - 2017/01/14 0:02:58 ET
Table 'Melete' 6-max Seat #4 is the button
Seat 1: mcmovein ($111 in chips)
Seat 4: AzureCaper ($153.16 in chips)
AzureCaper: posts small blind $1
mcmovein: posts big blind $3
*** HOLE CARDS ***
AzureCaper: folds
Uncalled bet ($2) returned to mcmovein
mcmovein collected $2 from pot
mcmovein: doesn't show hand
*** SUMMARY ***
Total pot $2 | Rake $0
Seat 1: mcmovein (big blind) collected ($2)
Seat 4: AzureCaper (button) (small blind) folded before Flop


PokerStars Hand #164542316004:  Hold'em Limit ($3/$6 USD) - 2017/01/14 0:02:41 ET
Table 'Melete' 6-max Seat #1 is the button
Seat 1: mcmovein ($120 in chips)
Seat 4: AzureCaper ($144.52 in chips)
mcmovein: posts small blind $1
AzureCaper: posts big blind $3
*** HOLE CARDS ***
mcmovein: raises $3 to $6
AzureCaper: calls $3
*** FLOP *** [3d Ts 9c]
AzureCaper: checks
mcmovein: bets $3
AzureCaper: raises $3 to $6
mcmovein: folds
Uncalled bet ($3) returned to AzureCaper
AzureCaper collected $17.64 from pot
AzureCaper: doesn't show hand
*** SUMMARY ***
Total pot $18 | Rake $0.36
Board [3d Ts 9c]
Seat 1: mcmovein (button) (small blind) folded on the Flop
Seat 4: AzureCaper (big blind) collected ($17.64)


PokerStars Hand #164542342617:  Hold'em Limit ($3/$6 USD) - 2017/01/14 0:04:06 ET
Table 'Melete' 6-max Seat #4 is the button
Seat 1: mcmovein ($86 in chips)
Seat 4: AzureCaper ($177.18 in chips)
AzureCaper: posts small blind $1
mcmovein: posts big blind $3
*** HOLE CARDS ***
AzureCaper: folds
Uncalled bet ($2) returned to mcmovein
mcmovein collected $2 from pot
mcmovein: doesn't show hand
*** SUMMARY ***
Total pot $2 | Rake $0
Seat 1: mcmovein (big blind) collected ($2)
Seat 4: AzureCaper (button) (small blind) folded before Flop


PokerStars Hand #164542335081:  Hold'em Limit ($3/$6 USD) - 2017/01/14 0:03:42 ET
Table 'Melete' 6-max Seat #1 is the button
Seat 1: mcmovein ($98 in chips)
Seat 4: AzureCaper ($165.66 in chips)
mcmovein: posts small blind $1
AzureCaper: posts big blind $3
*** HOLE CARDS ***
mcmovein: raises $3 to $6
AzureCaper: calls $3
*** FLOP *** [Qs 8d 4s]
AzureCaper: checks
mcmovein: checks
*** TURN *** [Qs 8d 4s] [7d]
AzureCaper: bets $6
mcmovein: calls $6
*** RIVER *** [Qs 8d 4s 7d] [Ks]
AzureCaper: bets $6
mcmovein: folds
Uncalled bet ($6) returned to AzureCaper
AzureCaper collected $23.52 from pot
*** SUMMARY ***
Total pot $24 | Rake $0.48
Board [Qs 8d 4s 7d Ks]
Seat 1: mcmovein (button) (small blind) folded on the River
Seat 4: AzureCaper (big blind) collected ($23.52)


PokerStars Hand #164542333249:  Hold'em Limit ($3/$6 USD) - 2017/01/14 0:03:37 ET
Table 'Melete' 6-max Seat #4 is the button
Seat 1: mcmovein ($97 in chips)
Seat 4: AzureCaper ($166.66 in chips)
AzureCaper: posts small blind $1
mcmovein: posts big blind $3
*** HOLE CARDS ***
AzureCaper: folds
Uncalled bet ($2) returned to mcmovein
mcmovein collected $2 from pot
mcmovein: doesn't show hand
*** SUMMARY ***
Total pot $2 | Rake $0
Seat 1: mcmovein (big blind) collected ($2)
Seat 4: AzureCaper (button) (small blind) folded before Flop


PokerStars Hand #164542327183:  Hold'em Limit ($3/$6 USD) - 2017/01/14 0:03:17 ET
Table 'Melete' 6-max Seat #1 is the button
Seat 1: mcmovein ($112 in chips)
Seat 4: AzureCaper ($152.16 in chips)
mcmovein: posts small blind $1
AzureCaper: posts big blind $3
*** HOLE CARDS ***
mcmovein: raises $3 to $6
AzureCaper: calls $3
*** FLOP *** [Ks 6d Ah]
AzureCaper: checks
mcmovein: bets $3
AzureCaper: calls $3
*** TURN *** [Ks 6d Ah] [8d]
AzureCaper: checks
mcmovein: checks
*** RIVER *** [Ks 6d Ah 8d] [2s]
AzureCaper: bets $6
mcmovein: calls $6
*** SHOW DOWN ***
AzureCaper: shows [3h Kh] (a pair of Kings)
mcmovein: mucks hand
AzureCaper collected $29.50 from pot
*** SUMMARY ***
Total pot $30 | Rake $0.50
Board [Ks 6d Ah 8d 2s]
Seat 1: mcmovein (button) (small blind) mucked
Seat 4: AzureCaper (big blind) showed [3h Kh] and won ($29.50) with a pair of Kings


PokerStars Hand #164542364934:  Hold'em Limit ($3/$6 USD) - 2017/01/14 0:05:17 ET
Table 'Melete' 6-max Seat #1 is the button
Seat 1: mcmovein ($66.76 in chips)
Seat 4: AzureCaper ($195.32 in chips)
mcmovein: posts small blind $1
AzureCaper: posts big blind $3
*** HOLE CARDS ***
mcmovein: raises $3 to $6
AzureCaper: folds
Uncalled bet ($3) returned to mcmovein
mcmovein collected $6 from pot
mcmovein: doesn't show hand
*** SUMMARY ***
Total pot $6 | Rake $0
Seat 1: mcmovein (button) (small blind) collected ($6)
Seat 4: AzureCaper (big blind) folded before Flop


PokerStars Hand #164542357986:  Hold'em Limit ($3/$6 USD) - 2017/01/14 0:04:55 ET
Table 'Melete' 6-max Seat #4 is the button
Seat 1: mcmovein ($84.76 in chips)
Seat 4: AzureCaper ($177.82 in chips)
AzureCaper: posts small blind $1
mcmovein: posts big blind $3
*** HOLE CARDS ***
AzureCaper: raises $3 to $6
mcmovein: calls $3
*** FLOP *** [7h 3c 4d]
mcmovein: checks
AzureCaper: bets $3
mcmovein: raises $3 to $6
AzureCaper: calls $3
*** TURN *** [7h 3c 4d] [9s]
mcmovein: bets $6
AzureCaper: calls $6
*** RIVER *** [7h 3c 4d 9s] [5h]
mcmovein: checks
AzureCaper: checks
*** SHOW DOWN ***
mcmovein: shows [4h Qs] (a pair of Fours)
AzureCaper: shows [5s 2s] (a pair of Fives)
AzureCaper collected $35.50 from pot
*** SUMMARY ***
Total pot $36 | Rake $0.50
Board [7h 3c 4d 9s 5h]
Seat 1: mcmovein (big blind) showed [4h Qs] and lost with a pair of Fours
Seat 4: AzureCaper (button) (small blind) showed [5s 2s] and won ($35.50) with a pair of Fives


PokerStars Hand #164542353917:  Hold'em Limit ($3/$6 USD) - 2017/01/14 0:04:42 ET
Table 'Melete' 6-max Seat #1 is the button
Seat 1: mcmovein ($79 in chips)
Seat 4: AzureCaper ($183.82 in chips)
mcmovein: posts small blind $1
AzureCaper: posts big blind $3
*** HOLE CARDS ***
mcmovein: raises $3 to $6
AzureCaper: calls $3
*** FLOP *** [Qh Ac 9d]
AzureCaper: checks
mcmovein: bets $3
AzureCaper: folds
Uncalled bet ($3) returned to mcmovein
mcmovein collected $11.76 from pot
mcmovein: doesn't show hand
*** SUMMARY ***
Total pot $12 | Rake $0.24
Board [Qh Ac 9d]
Seat 1: mcmovein (button) (small blind) collected ($11.76)
Seat 4: AzureCaper (big blind) folded on the Flop


PokerStars Hand #164542352305:  Hold'em Limit ($3/$6 USD) - 2017/01/14 0:04:37 ET
Table 'Melete' 6-max Seat #4 is the button
Seat 1: mcmovein ($78 in chips)
Seat 4: AzureCaper ($184.82 in chips)
AzureCaper: posts small blind $1
mcmovein: posts big blind $3
*** HOLE CARDS ***
AzureCaper: folds
Uncalled bet ($2) returned to mcmovein
mcmovein collected $2 from pot
mcmovein: doesn't show hand
*** SUMMARY ***
Total pot $2 | Rake $0
Seat 1: mcmovein (big blind) collected ($2)
Seat 4: AzureCaper (button) (small blind) folded before Flop


PokerStars Hand #164542344259:  Hold'em Limit ($3/$6 USD) - 2017/01/14 0:04:12 ET
Table 'Melete' 6-max Seat #1 is the button
Seat 1: mcmovein ($87 in chips)
Seat 4: AzureCaper ($176.18 in chips)
mcmovein: posts small blind $1
AzureCaper: posts big blind $3
*** HOLE CARDS ***
mcmovein: raises $3 to $6
AzureCaper: calls $3
*** FLOP *** [3h 5d Th]
AzureCaper: checks
mcmovein: bets $3
AzureCaper: raises $3 to $6
mcmovein: folds
Uncalled bet ($3) returned to AzureCaper
AzureCaper collected $17.64 from pot
AzureCaper: doesn't show hand
*** SUMMARY ***
Total pot $18 | Rake $0.36
Board [3h 5d Th]
Seat 1: mcmovein (button) (small blind) folded on the Flop
Seat 4: AzureCaper (big blind) collected ($17.64)


PokerStars Hand #164542377272:  Hold'em Limit ($3/$6 USD) - 2017/01/14 0:05:55 ET
Table 'Melete' 6-max Seat #1 is the button
Seat 1: mcmovein ($84.26 in chips)
Seat 4: AzureCaper ($177.32 in chips)
mcmovein: posts small blind $1
AzureCaper: posts big blind $3
*** HOLE CARDS ***
mcmovein: raises $3 to $6
AzureCaper: folds
Uncalled bet ($3) returned to mcmovein
mcmovein collected $6 from pot
mcmovein: doesn't show hand
*** SUMMARY ***
Total pot $6 | Rake $0
Seat 1: mcmovein (button) (small blind) collected ($6)
Seat 4: AzureCaper (big blind) folded before Flop


PokerStars Hand #164542367078:  Hold'em Limit ($3/$6 USD) - 2017/01/14 0:05:23 ET
Table 'Melete' 6-max Seat #4 is the button
Seat 1: mcmovein ($69.76 in chips)
Seat 4: AzureCaper ($192.32 in chips)
AzureCaper: posts small blind $1
mcmovein: posts big blind $3
*** HOLE CARDS ***
AzureCaper: raises $3 to $6
mcmovein: calls $3
*** FLOP *** [Ac 8d 9c]
mcmovein: checks
AzureCaper: bets $3
mcmovein: calls $3
*** TURN *** [Ac 8d 9c] [Ts]
mcmovein: bets $6
AzureCaper: calls $6
*** RIVER *** [Ac 8d 9c Ts] [Kd]
mcmovein: checks
AzureCaper: checks
*** SHOW DOWN ***
mcmovein: shows [9d 3s] (a pair of Nines)
AzureCaper: mucks hand
mcmovein collected $29.50 from pot
*** SUMMARY ***
Total pot $30 | Rake $0.50
Board [Ac 8d 9c Ts Kd]
Seat 1: mcmovein (big blind) showed [9d 3s] and won ($29.50) with a pair of Nines
Seat 4: AzureCaper (button) (small blind) mucked


PokerStars Hand #164542387853:  Hold'em Limit ($3/$6 USD) - 2017/01/14 0:06:28 ET
Table 'Melete' 6-max Seat #1 is the button
Seat 1: mcmovein ($95.90 in chips)
Seat 4: AzureCaper ($165.32 in chips)
mcmovein: posts small blind $1
AzureCaper: posts big blind $3
*** HOLE CARDS ***
mcmovein: folds
Uncalled bet ($2) returned to AzureCaper
AzureCaper collected $2 from pot
*** SUMMARY ***
Total pot $2 | Rake $0
Seat 1: mcmovein (button) (small blind) folded before Flop
Seat 4: AzureCaper (big blind) collected ($2)


PokerStars Hand #164542382203:  Hold'em Limit ($3/$6 USD) - 2017/01/14 0:06:11 ET
Table 'Melete' 6-max Seat #4 is the button
Seat 1: mcmovein ($87.26 in chips)
Seat 4: AzureCaper ($174.32 in chips)
AzureCaper: posts small blind $1
mcmovein: posts big blind $3
*** HOLE CARDS ***
AzureCaper: raises $3 to $6
mcmovein: calls $3
*** FLOP *** [Ah 7h 4d]
mcmovein: checks
AzureCaper: bets $3
mcmovein: raises $3 to $6
AzureCaper: folds
Uncalled bet ($3) returned to mcmovein
mcmovein collected $17.64 from pot
mcmovein: doesn't show hand
*** SUMMARY ***
Total pot $18 | Rake $0.36
Board [Ah 7h 4d]
Seat 1: mcmovein (big blind) collected ($17.64)
Seat 4: AzureCaper (button) (small blind) folded on the Flop


PokerStars Hand #164542394216:  Hold'em Limit ($3/$6 USD) - 2017/01/14 0:06:49 ET
Table 'Melete' 6-max Seat #4 is the button
Seat 1: mcmovein ($94.90 in chips)
Seat 4: AzureCaper ($166.32 in chips)
AzureCaper: posts small blind $1
mcmovein: posts big blind $3
*** HOLE CARDS ***
AzureCaper: raises $3 to $6
mcmovein: calls $3
*** FLOP *** [6s 8h 3s]
mcmovein: bets $3
AzureCaper: raises $3 to $6
mcmovein: raises $3 to $9
AzureCaper: calls $3
*** TURN *** [6s 8h 3s] [Jh]
mcmovein: bets $6
AzureCaper: raises $6 to $12
mcmovein: calls $6
*** RIVER *** [6s 8h 3s Jh] [Qh]
mcmovein: checks
AzureCaper: bets $6
mcmovein: folds
Uncalled bet ($6) returned to AzureCaper
AzureCaper collected $53.50 from pot
AzureCaper: doesn't show hand
*** SUMMARY ***
Total pot $54 | Rake $0.50
Board [6s 8h 3s Jh Qh]
Seat 1: mcmovein (big blind) folded on the River
Seat 4: AzureCaper (button) (small blind) collected ($53.50)


PokerStars Hand #164542392207:  Hold'em Limit ($3/$6 USD) - 2017/01/14 0:06:42 ET
Table 'Melete' 6-max Seat #1 is the button
Seat 1: mcmovein ($95.90 in chips)
Seat 4: AzureCaper ($165.32 in chips)
mcmovein: posts small blind $1
AzureCaper: posts big blind $3
*** HOLE CARDS ***
mcmovein: folds
Uncalled bet ($2) returned to AzureCaper
AzureCaper collected $2 from pot
*** SUMMARY ***
Total pot $2 | Rake $0
Seat 1: mcmovein (button) (small blind) folded before Flop
Seat 4: AzureCaper (big blind) collected ($2)


PokerStars Hand #164542389608:  Hold'em Limit ($3/$6 USD) - 2017/01/14 0:06:34 ET
Table 'Melete' 6-max Seat #4 is the button
Seat 1: mcmovein ($94.90 in chips)
Seat 4: AzureCaper ($166.32 in chips)
AzureCaper: posts small blind $1
mcmovein: posts big blind $3
*** HOLE CARDS ***
AzureCaper: folds
Uncalled bet ($2) returned to mcmovein
mcmovein collected $2 from pot
mcmovein: doesn't show hand
*** SUMMARY ***
Total pot $2 | Rake $0
Seat 1: mcmovein (big blind) collected ($2)
Seat 4: AzureCaper (button) (small blind) folded before Flop


PokerStars Hand #164542424690:  Hold'em Limit ($3/$6 USD) - 2017/01/14 0:08:23 ET
Table 'Melete' 6-max Seat #1 is the button
Seat 1: mcmovein ($53.78 in chips)
Seat 4: AzureCaper ($206.10 in chips)
mcmovein: posts small blind $1
AzureCaper: posts big blind $3
*** HOLE CARDS ***
mcmovein: raises $3 to $6
AzureCaper: folds
Uncalled bet ($3) returned to mcmovein
mcmovein collected $6 from pot
mcmovein: doesn't show hand
*** SUMMARY ***
Total pot $6 | Rake $0
Seat 1: mcmovein (button) (small blind) collected ($6)
Seat 4: AzureCaper (big blind) folded before Flop


PokerStars Hand #164542418603:  Hold'em Limit ($3/$6 USD) - 2017/01/14 0:08:06 ET
Table 'Melete' 6-max Seat #4 is the button
Seat 1: mcmovein ($59.78 in chips)
Seat 4: AzureCaper ($200.34 in chips)
AzureCaper: posts small blind $1
mcmovein: posts big blind $3
*** HOLE CARDS ***
AzureCaper: raises $3 to $6
mcmovein: calls $3
*** FLOP *** [Jc Ad Ts]
mcmovein: checks
AzureCaper: bets $3
mcmovein: folds
Uncalled bet ($3) returned to AzureCaper
AzureCaper collected $11.76 from pot
AzureCaper: doesn't show hand
*** SUMMARY ***
Total pot $12 | Rake $0.24
Board [Jc Ad Ts]
Seat 1: mcmovein (big blind) folded on the Flop
Seat 4: AzureCaper (button) (small blind) collected ($11.76)


PokerStars Hand #164542414003:  Hold'em Limit ($3/$6 USD) - 2017/01/14 0:07:52 ET
Table 'Melete' 6-max Seat #1 is the button
Seat 1: mcmovein ($56.90 in chips)
Seat 4: AzureCaper ($203.34 in chips)
mcmovein: posts small blind $1
AzureCaper: posts big blind $3
*** HOLE CARDS ***
mcmovein: calls $2
AzureCaper: checks
*** FLOP *** [Jh 3c Kd]
AzureCaper: checks
mcmovein: bets $3
AzureCaper: folds
Uncalled bet ($3) returned to mcmovein
mcmovein collected $5.88 from pot
mcmovein: doesn't show hand
*** SUMMARY ***
Total pot $6 | Rake $0.12
Board [Jh 3c Kd]
Seat 1: mcmovein (button) (small blind) collected ($5.88)
Seat 4: AzureCaper (big blind) folded on the Flop


PokerStars Hand #164542412311:  Hold'em Limit ($3/$6 USD) - 2017/01/14 0:07:46 ET
Table 'Melete' 6-max Seat #4 is the button
Seat 1: mcmovein ($55.90 in chips)
Seat 4: AzureCaper ($204.34 in chips)
AzureCaper: posts small blind $1
mcmovein: posts big blind $3
*** HOLE CARDS ***
AzureCaper: folds
Uncalled bet ($2) returned to mcmovein
mcmovein collected $2 from pot
mcmovein: doesn't show hand
*** SUMMARY ***
Total pot $2 | Rake $0
Seat 1: mcmovein (big blind) collected ($2)
Seat 4: AzureCaper (button) (small blind) folded before Flop


PokerStars Hand #164542404743:  Hold'em Limit ($3/$6 USD) - 2017/01/14 0:07:22 ET
Table 'Melete' 6-max Seat #1 is the button
Seat 1: mcmovein ($67.90 in chips)
Seat 4: AzureCaper ($192.82 in chips)
mcmovein: posts small blind $1
AzureCaper: posts big blind $3
*** HOLE CARDS ***
mcmovein: raises $3 to $6
AzureCaper: calls $3
*** FLOP *** [3c Jh 5c]
AzureCaper: checks
mcmovein: checks
*** TURN *** [3c Jh 5c] [9h]
AzureCaper: bets $6
mcmovein: calls $6
*** RIVER *** [3c Jh 5c 9h] [4d]
AzureCaper: bets $6
mcmovein: folds
Uncalled bet ($6) returned to AzureCaper
AzureCaper collected $23.52 from pot
AzureCaper: doesn't show hand
*** SUMMARY ***
Total pot $24 | Rake $0.48
Board [3c Jh 5c 9h 4d]
Seat 1: mcmovein (button) (small blind) folded on the River
Seat 4: AzureCaper (big blind) collected ($23.52)


PokerStars Hand #164542443299:  Hold'em Limit ($3/$6 USD) - 2017/01/14 0:09:21 ET
Table 'Melete' 6-max Seat #1 is the button
Seat 1: mcmovein ($82.28 in chips)
Seat 4: AzureCaper ($177.10 in chips)
mcmovein: posts small blind $1
AzureCaper: posts big blind $3
*** HOLE CARDS ***
mcmovein: folds
Uncalled bet ($2) returned to AzureCaper
AzureCaper collected $2 from pot
*** SUMMARY ***
Total pot $2 | Rake $0
Seat 1: mcmovein (button) (small blind) folded before Flop
Seat 4: AzureCaper (big blind) collected ($2)


PokerStars Hand #164542441455:  Hold'em Limit ($3/$6 USD) - 2017/01/14 0:09:16 ET
Table 'Melete' 6-max Seat #4 is the button
Seat 1: mcmovein ($81.28 in chips)
Seat 4: AzureCaper ($178.10 in chips)
AzureCaper: posts small blind $1
mcmovein: posts big blind $3
*** HOLE CARDS ***
AzureCaper: folds
Uncalled bet ($2) returned to mcmovein
mcmovein collected $2 from pot
mcmovein: doesn't show hand
*** SUMMARY ***
Total pot $2 | Rake $0
Seat 1: mcmovein (big blind) collected ($2)
Seat 4: AzureCaper (button) (small blind) folded before Flop


PokerStars Hand #164542431475:  Hold'em Limit ($3/$6 USD) - 2017/01/14 0:08:44 ET
Table 'Melete' 6-max Seat #4 is the button
Seat 1: mcmovein ($56.78 in chips)
Seat 4: AzureCaper ($203.10 in chips)
AzureCaper: posts small blind $1
mcmovein: posts big blind $3
*** HOLE CARDS ***
AzureCaper: folds
Uncalled bet ($2) returned to mcmovein
mcmovein collected $2 from pot
mcmovein: doesn't show hand
*** SUMMARY ***
Total pot $2 | Rake $0
Seat 1: mcmovein (big blind) collected ($2)
Seat 4: AzureCaper (button) (small blind) folded before Flop


PokerStars Hand #164542429271:  Hold'em Limit ($3/$6 USD) - 2017/01/14 0:08:37 ET
Table 'Melete' 6-max Seat #1 is the button
Seat 1: mcmovein ($53.78 in chips)
Seat 4: AzureCaper ($206.10 in chips)
mcmovein: posts small blind $1
AzureCaper: posts big blind $3
*** HOLE CARDS ***
mcmovein: raises $3 to $6
AzureCaper: folds
Uncalled bet ($3) returned to mcmovein
mcmovein collected $6 from pot
mcmovein: doesn't show hand
*** SUMMARY ***
Total pot $6 | Rake $0
Seat 1: mcmovein (button) (small blind) collected ($6)
Seat 4: AzureCaper (big blind) folded before Flop


PokerStars Hand #164542426861:  Hold'em Limit ($3/$6 USD) - 2017/01/14 0:08:30 ET
Table 'Melete' 6-max Seat #4 is the button
Seat 1: mcmovein ($56.78 in chips)
Seat 4: AzureCaper ($203.10 in chips)
AzureCaper: posts small blind $1
mcmovein: posts big blind $3
*** HOLE CARDS ***
AzureCaper: raises $3 to $6
mcmovein: folds
Uncalled bet ($3) returned to AzureCaper
AzureCaper collected $6 from pot
AzureCaper: doesn't show hand
*** SUMMARY ***
Total pot $6 | Rake $0
Seat 1: mcmovein (big blind) folded before Flop
Seat 4: AzureCaper (button) (small blind) collected ($6)


PokerStars Hand #164542457389:  Hold'em Limit ($3/$6 USD) - 2017/01/14 0:10:07 ET
Table 'Melete' 6-max Seat #4 is the button
Seat 1: mcmovein ($95.80 in chips)
Seat 4: AzureCaper ($163.10 in chips)
AzureCaper: posts small blind $1
mcmovein: posts big blind $3
*** HOLE CARDS ***
AzureCaper: folds
Uncalled bet ($2) returned to mcmovein
mcmovein collected $2 from pot
mcmovein: doesn't show hand
*** SUMMARY ***
Total pot $2 | Rake $0
Seat 1: mcmovein (big blind) collected ($2)
Seat 4: AzureCaper (button) (small blind) folded before Flop


PokerStars Hand #164542454832:  Hold'em Limit ($3/$6 USD) - 2017/01/14 0:09:58 ET
Table 'Melete' 6-max Seat #1 is the button
Seat 1: mcmovein ($92.80 in chips)
Seat 4: AzureCaper ($166.10 in chips)
mcmovein: posts small blind $1
AzureCaper: posts big blind $3
*** HOLE CARDS ***
mcmovein: raises $3 to $6
AzureCaper: folds
Uncalled bet ($3) returned to mcmovein
mcmovein collected $6 from pot
mcmovein: doesn't show hand
*** SUMMARY ***
Total pot $6 | Rake $0
Seat 1: mcmovein (button) (small blind) collected ($6)
Seat 4: AzureCaper (big blind) folded before Flop


PokerStars Hand #164542445314:  Hold'em Limit ($3/$6 USD) - 2017/01/14 0:09:28 ET
Table 'Melete' 6-max Seat #4 is the button
Seat 1: mcmovein ($81.28 in chips)
Seat 4: AzureCaper ($178.10 in chips)
AzureCaper: posts small blind $1
mcmovein: posts big blind $3
*** HOLE CARDS ***
AzureCaper: raises $3 to $6
mcmovein: calls $3
*** FLOP *** [5s 7h 2c]
mcmovein: checks
AzureCaper: bets $3
mcmovein: raises $3 to $6
AzureCaper: calls $3
*** TURN *** [5s 7h 2c] [2s]
mcmovein: bets $6
AzureCaper: folds
Uncalled bet ($6) returned to mcmovein
mcmovein collected $23.52 from pot
mcmovein: doesn't show hand
*** SUMMARY ***
Total pot $24 | Rake $0.48
Board [5s 7h 2c 2s]
Seat 1: mcmovein (big blind) collected ($23.52)
Seat 4: AzureCaper (button) (small blind) folded on the Turn


PokerStars Hand #164542462561:  Hold'em Limit ($3/$6 USD) - 2017/01/14 0:10:23 ET
Table 'Melete' 6-max Seat #1 is the button
Seat 1: mcmovein ($96.80 in chips)
Seat 4: AzureCaper ($162.10 in chips)
mcmovein: posts small blind $1
AzureCaper: posts big blind $3
*** HOLE CARDS ***
mcmovein: raises $3 to $6
AzureCaper: calls $3
*** FLOP *** [Ts 2h Js]
AzureCaper: checks
mcmovein: bets $3
AzureCaper: calls $3
*** TURN *** [Ts 2h Js] [5s]
AzureCaper: bets $6
mcmovein: calls $6
*** RIVER *** [Ts 2h Js 5s] [3c]
AzureCaper: bets $6
mcmovein: calls $6
*** SHOW DOWN ***
AzureCaper: shows [5h Th] (two pair, Tens and Fives)
mcmovein: mucks hand
AzureCaper collected $41.50 from pot
*** SUMMARY ***
Total pot $42 | Rake $0.50
Board [Ts 2h Js 5s 3c]
Seat 1: mcmovein (button) (small blind) mucked
Seat 4: AzureCaper (big blind) showed [5h Th] and won ($41.50) with two pair, Tens and Fives


PokerStars Hand #164542499871:  Hold'em Limit ($3/$6 USD) - 2017/01/14 0:12:18 ET
Table 'Melete' 6-max Seat #1 is the button
Seat 1: mcmovein ($35.80 in chips)
Seat 4: AzureCaper ($221.50 in chips)
mcmovein: posts small blind $1
AzureCaper: posts big blind $3
*** HOLE CARDS ***
mcmovein: raises $3 to $6
AzureCaper: folds
Uncalled bet ($3) returned to mcmovein
mcmovein collected $6 from pot
mcmovein: doesn't show hand
*** SUMMARY ***
Total pot $6 | Rake $0
Seat 1: mcmovein (button) (small blind) collected ($6)
Seat 4: AzureCaper (big blind) folded before Flop


PokerStars Hand #164542497674:  Hold'em Limit ($3/$6 USD) - 2017/01/14 0:12:11 ET
Table 'Melete' 6-max Seat #4 is the button
Seat 1: mcmovein ($38.80 in chips)
Seat 4: AzureCaper ($218.50 in chips)
AzureCaper: posts small blind $1
mcmovein: posts big blind $3
*** HOLE CARDS ***
AzureCaper: raises $3 to $6
mcmovein: folds
Uncalled bet ($3) returned to AzureCaper
AzureCaper collected $6 from pot
*** SUMMARY ***
Total pot $6 | Rake $0
Seat 1: mcmovein (big blind) folded before Flop
Seat 4: AzureCaper (button) (small blind) collected ($6)


PokerStars Hand #164542490248:  Hold'em Limit ($3/$6 USD) - 2017/01/14 0:11:47 ET
Table 'Melete' 6-max Seat #1 is the button
Seat 1: mcmovein ($47.80 in chips)
Seat 4: AzureCaper ($209.86 in chips)
mcmovein: posts small blind $1
AzureCaper: posts big blind $3
*** HOLE CARDS ***
mcmovein: raises $3 to $6
AzureCaper: calls $3
*** FLOP *** [5d Kh Kc]
AzureCaper: checks
mcmovein: bets $3
AzureCaper: calls $3
*** TURN *** [5d Kh Kc] [Js]
AzureCaper: checks
mcmovein: checks
*** RIVER *** [5d Kh Kc Js] [2h]
AzureCaper: checks
mcmovein: checks
*** SHOW DOWN ***
AzureCaper: shows [9c Qs] (a pair of Kings)
mcmovein: mucks hand
AzureCaper collected $17.64 from pot
*** SUMMARY ***
Total pot $18 | Rake $0.36
Board [5d Kh Kc Js 2h]
Seat 1: mcmovein (button) (small blind) mucked
Seat 4: AzureCaper (big blind) showed [9c Qs] and won ($17.64) with a pair of Kings


PokerStars Hand #164542485950:  Hold'em Limit ($3/$6 USD) - 2017/01/14 0:11:33 ET
Table 'Melete' 6-max Seat #4 is the button
Seat 1: mcmovein ($53.80 in chips)
Seat 4: AzureCaper ($204.10 in chips)
AzureCaper: posts small blind $1
mcmovein: posts big blind $3
*** HOLE CARDS ***
AzureCaper: raises $3 to $6
mcmovein: calls $3
*** FLOP *** [Qh As Qc]
mcmovein: checks
AzureCaper: bets $3
mcmovein: folds
Uncalled bet ($3) returned to AzureCaper
AzureCaper collected $11.76 from pot
AzureCaper: doesn't show hand
*** SUMMARY ***
Total pot $12 | Rake $0.24
Board [Qh As Qc]
Seat 1: mcmovein (big blind) folded on the Flop
Seat 4: AzureCaper (button) (small blind) collected ($11.76)


PokerStars Hand #164542483931:  Hold'em Limit ($3/$6 USD) - 2017/01/14 0:11:26 ET
Table 'Melete' 6-max Seat #1 is the button
Seat 1: mcmovein ($54.80 in chips)
Seat 4: AzureCaper ($203.10 in chips)
mcmovein: posts small blind $1
AzureCaper: posts big blind $3
*** HOLE CARDS ***
mcmovein: folds
Uncalled bet ($2) returned to AzureCaper
AzureCaper collected $2 from pot
AzureCaper: doesn't show hand
*** SUMMARY ***
Total pot $2 | Rake $0
Seat 1: mcmovein (button) (small blind) folded before Flop
Seat 4: AzureCaper (big blind) collected ($2)


PokerStars Hand #164542475848:  Hold'em Limit ($3/$6 USD) - 2017/01/14 0:11:00 ET
Table 'Melete' 6-max Seat #4 is the button
Seat 1: mcmovein ($75.80 in chips)
Seat 4: AzureCaper ($182.60 in chips)
AzureCaper: posts small blind $1
mcmovein: posts big blind $3
*** HOLE CARDS ***
AzureCaper: raises $3 to $6
mcmovein: calls $3
*** FLOP *** [8d Td Th]
mcmovein: bets $3
AzureCaper: calls $3
*** TURN *** [8d Td Th] [7c]
mcmovein: bets $6
AzureCaper: calls $6
*** RIVER *** [8d Td Th 7c] [Qc]
mcmovein: checks
AzureCaper: bets $6
mcmovein: calls $6
*** SHOW DOWN ***
AzureCaper: shows [8s Kd] (two pair, Tens and Eights)
mcmovein: mucks hand
AzureCaper collected $41.50 from pot
*** SUMMARY ***
Total pot $42 | Rake $0.50
Board [8d Td Th 7c Qc]
Seat 1: mcmovein (big blind) mucked
Seat 4: AzureCaper (button) (small blind) showed [8s Kd] and won ($41.50) with two pair, Tens and Eights


PokerStars Hand #164542512027:  Hold'em Limit ($3/$6 USD) - 2017/01/14 0:12:57 ET
Table 'Melete' 6-max Seat #1 is the button
Seat 1: mcmovein ($29.80 in chips)
Seat 4: AzureCaper ($227.14 in chips)
mcmovein: posts small blind $1
AzureCaper: posts big blind $3
*** HOLE CARDS ***
mcmovein: raises $3 to $6
AzureCaper: calls $3
*** FLOP *** [Jh 6d Qs]
AzureCaper: checks
mcmovein: checks
*** TURN *** [Jh 6d Qs] [4d]
AzureCaper: bets $6
mcmovein: calls $6
*** RIVER *** [Jh 6d Qs 4d] [8d]
AzureCaper: bets $6
mcmovein: folds
Uncalled bet ($6) returned to AzureCaper
AzureCaper collected $23.52 from pot
AzureCaper: doesn't show hand
*** SUMMARY ***
Total pot $24 | Rake $0.48
Board [Jh 6d Qs 4d 8d]
Seat 1: mcmovein (button) (small blind) folded on the River
Seat 4: AzureCaper (big blind) collected ($23.52)


PokerStars Hand #164542502216:  Hold'em Limit ($3/$6 USD) - 2017/01/14 0:12:25 ET
Table 'Melete' 6-max Seat #4 is the button
Seat 1: mcmovein ($38.80 in chips)
Seat 4: AzureCaper ($218.50 in chips)
AzureCaper: posts small blind $1
mcmovein: posts big blind $3
*** HOLE CARDS ***
AzureCaper: raises $3 to $6
mcmovein: calls $3
*** FLOP *** [2d 5c Ts]
mcmovein: bets $3
AzureCaper: calls $3
*** TURN *** [2d 5c Ts] [Jd]
mcmovein: checks
AzureCaper: bets $6
mcmovein: folds
Uncalled bet ($6) returned to AzureCaper
AzureCaper collected $17.64 from pot
AzureCaper: doesn't show hand
*** SUMMARY ***
Total pot $18 | Rake $0.36
Board [2d 5c Ts Jd]
Seat 1: mcmovein (big blind) folded on the Turn
Seat 4: AzureCaper (button) (small blind) collected ($17.64)


PokerStars Hand #164542519343:  Hold'em Limit ($3/$6 USD) - 2017/01/14 0:13:21 ET
Table 'Melete' 6-max Seat #4 is the button
Seat 1: mcmovein ($17.80 in chips)
Seat 4: AzureCaper ($238.66 in chips)
AzureCaper: posts small blind $1
mcmovein: posts big blind $3
*** HOLE CARDS ***
AzureCaper: raises $3 to $6
mcmovein: raises $3 to $9
AzureCaper: calls $3
*** FLOP *** [8s 6d Jc]
mcmovein: bets $3
AzureCaper: calls $3
*** TURN *** [8s 6d Jc] [4s]
mcmovein: checks
AzureCaper: bets $6
mcmovein: calls $5.80 and is all-in
Uncalled bet ($0.20) returned to AzureCaper
*** RIVER *** [8s 6d Jc 4s] [5s]
*** SHOW DOWN ***
mcmovein: shows [Ts Ah] (high card Ace)
AzureCaper: shows [Kd Jd] (a pair of Jacks)
AzureCaper collected $35.10 from pot
*** SUMMARY ***
Total pot $35.60 | Rake $0.50
Board [8s 6d Jc 4s 5s]
Seat 1: mcmovein (big blind) showed [Ts Ah] and lost with high card Ace
Seat 4: AzureCaper (button) (small blind) showed [Kd Jd] and won ($35.10) with a pair of Jacks


PokerStars Hand #164542562459:  Hold'em Limit ($3/$6 USD) - 2017/01/14 0:15:40 ET
Table 'Melete' 6-max Seat #4 is the button
Seat 4: AzureCaper ($249.96 in chips)
Seat 5: UNABELIEVE ($49.67 in chips)
AzureCaper: posts small blind $1
UNABELIEVE: posts big blind $3
*** HOLE CARDS ***
AzureCaper: raises $3 to $6
UNABELIEVE: raises $3 to $9
AzureCaper: calls $3
*** FLOP *** [9d 2d Js]
UNABELIEVE: bets $3
AzureCaper: raises $3 to $6
UNABELIEVE: calls $3
*** TURN *** [9d 2d Js] [Td]
UNABELIEVE: checks
AzureCaper: bets $6
UNABELIEVE: calls $6
*** RIVER *** [9d 2d Js Td] [7d]
UNABELIEVE: bets $6
AzureCaper: folds
Uncalled bet ($6) returned to UNABELIEVE
UNABELIEVE collected $41.50 from pot
*** SUMMARY ***
Total pot $42 | Rake $0.50
Board [9d 2d Js Td 7d]
Seat 4: AzureCaper (button) (small blind) folded on the River
Seat 5: UNABELIEVE (big blind) collected ($41.50)


PokerStars Hand #164542555645:  Hold'em Limit ($3/$6 USD) - 2017/01/14 0:15:18 ET
Table 'Melete' 6-max Seat #5 is the button
Seat 4: AzureCaper ($255.96 in chips)
Seat 5: UNABELIEVE ($43.91 in chips)
UNABELIEVE: posts small blind $1
AzureCaper: posts big blind $3
*** HOLE CARDS ***
UNABELIEVE: raises $3 to $6
AzureCaper: calls $3
*** FLOP *** [Kh 8s 3c]
AzureCaper: checks
UNABELIEVE: bets $3
AzureCaper: folds
Uncalled bet ($3) returned to UNABELIEVE
UNABELIEVE collected $11.76 from pot
*** SUMMARY ***
Total pot $12 | Rake $0.24
Board [Kh 8s 3c]
Seat 4: AzureCaper (big blind) folded on the Flop
Seat 5: UNABELIEVE (button) (small blind) collected ($11.76)


PokerStars Hand #164543222080:  Hold'em Limit ($3/$6 USD) - 2017/01/14 0:51:18 ET
Table 'Melete' 6-max Seat #4 is the button
Seat 1: mcmovein ($206.47 in chips)
Seat 4: AzureCaper ($151.34 in chips)
AzureCaper: posts small blind $1
mcmovein: posts big blind $3
*** HOLE CARDS ***
DirtyDouble2 leaves the table
AzureCaper: raises $3 to $6
mcmovein: calls $3
*** FLOP *** [4h 2s 7s]
mcmovein: checks
AzureCaper: bets $3
mcmovein: calls $3
*** TURN *** [4h 2s 7s] [Qh]
mcmovein: checks
AzureCaper: bets $6
mcmovein: folds
Uncalled bet ($6) returned to AzureCaper
AzureCaper collected $17.64 from pot
*** SUMMARY ***
Total pot $18 | Rake $0.36
Board [4h 2s 7s Qh]
Seat 1: mcmovein (big blind) folded on the Turn
Seat 4: AzureCaper (button) (small blind) collected ($17.64)


PokerStars Hand #164543238233:  Hold'em Limit ($3/$6 USD) - 2017/01/14 0:52:13 ET
Table 'Melete' 6-max Seat #1 is the button
Seat 1: mcmovein ($197.47 in chips)
Seat 4: AzureCaper ($159.98 in chips)
mcmovein: posts small blind $1
AzureCaper: posts big blind $3
*** HOLE CARDS ***
mcmovein: folds
Uncalled bet ($2) returned to AzureCaper
AzureCaper collected $2 from pot
*** SUMMARY ***
Total pot $2 | Rake $0
Seat 1: mcmovein (button) (small blind) folded before Flop
Seat 4: AzureCaper (big blind) collected ($2)


PokerStars Hand #164543241565:  Hold'em Limit ($3/$6 USD) - 2017/01/14 0:52:24 ET
Table 'Melete' 6-max Seat #1 is the button
Seat 1: mcmovein ($197.47 in chips)
Seat 4: AzureCaper ($159.98 in chips)
mcmovein: posts small blind $1
AzureCaper: posts big blind $3
*** HOLE CARDS ***
mcmovein: raises $3 to $6
AzureCaper: calls $3
*** FLOP *** [3d Kd 4d]
AzureCaper: checks
mcmovein: checks
*** TURN *** [3d Kd 4d] [8h]
AzureCaper: bets $6
mcmovein: folds
Uncalled bet ($6) returned to AzureCaper
AzureCaper collected $11.76 from pot
AzureCaper: doesn't show hand
*** SUMMARY ***
Total pot $12 | Rake $0.24
Board [3d Kd 4d 8h]
Seat 1: mcmovein (button) (small blind) folded on the Turn
Seat 4: AzureCaper (big blind) collected ($11.76)


PokerStars Hand #164543249258:  Hold'em Limit ($3/$6 USD) - 2017/01/14 0:52:51 ET
Table 'Melete' 6-max Seat #4 is the button
Seat 1: mcmovein ($191.47 in chips)
Seat 4: AzureCaper ($165.74 in chips)
AzureCaper: posts small blind $1
mcmovein: posts big blind $3
*** HOLE CARDS ***
AzureCaper: raises $3 to $6
mcmovein: calls $3
*** FLOP *** [Ad 5c 9h]
mcmovein: checks
AzureCaper: bets $3
mcmovein: calls $3
*** TURN *** [Ad 5c 9h] [Jc]
mcmovein: checks
AzureCaper: bets $6
mcmovein: raises $6 to $12
AzureCaper: folds
Uncalled bet ($6) returned to mcmovein
mcmovein collected $29.50 from pot
mcmovein: doesn't show hand
*** SUMMARY ***
Total pot $30 | Rake $0.50
Board [Ad 5c 9h Jc]
Seat 1: mcmovein (big blind) collected ($29.50)
Seat 4: AzureCaper (button) (small blind) folded on the Turn


PokerStars Hand #164543258818:  Hold'em Limit ($3/$6 USD) - 2017/01/14 0:53:23 ET
Table 'Melete' 6-max Seat #1 is the button
Seat 1: mcmovein ($205.97 in chips)
Seat 4: AzureCaper ($150.74 in chips)
mcmovein: posts small blind $1
AzureCaper: posts big blind $3
*** HOLE CARDS ***
mcmovein: folds
Uncalled bet ($2) returned to AzureCaper
AzureCaper collected $2 from pot
*** SUMMARY ***
Total pot $2 | Rake $0
Seat 1: mcmovein (button) (small blind) folded before Flop
Seat 4: AzureCaper (big blind) collected ($2)


PokerStars Hand #164543260915:  Hold'em Limit ($3/$6 USD) - 2017/01/14 0:53:31 ET
Table 'Melete' 6-max Seat #4 is the button
Seat 1: mcmovein ($204.97 in chips)
Seat 4: AzureCaper ($151.74 in chips)
AzureCaper: posts small blind $1
mcmovein: posts big blind $3
*** HOLE CARDS ***
AzureCaper: raises $3 to $6
mcmovein: raises $3 to $9
AzureCaper: calls $3
*** FLOP *** [8s Kh Jc]
mcmovein: bets $3
AzureCaper: calls $3
*** TURN *** [8s Kh Jc] [9d]
mcmovein: bets $6
AzureCaper: calls $6
*** RIVER *** [8s Kh Jc 9d] [2h]
mcmovein: bets $6
AzureCaper: folds
Uncalled bet ($6) returned to mcmovein
mcmovein collected $35.50 from pot
mcmovein: doesn't show hand
*** SUMMARY ***
Total pot $36 | Rake $0.50
Board [8s Kh Jc 9d 2h]
Seat 1: mcmovein (big blind) collected ($35.50)
Seat 4: AzureCaper (button) (small blind) folded on the River


PokerStars Hand #164543267112:  Hold'em Limit ($3/$6 USD) - 2017/01/14 0:53:52 ET
Table 'Melete' 6-max Seat #1 is the button
Seat 1: mcmovein ($222.47 in chips)
Seat 4: AzureCaper ($133.74 in chips)
mcmovein: posts small blind $1
AzureCaper: posts big blind $3
*** HOLE CARDS ***
mcmovein: raises $3 to $6
AzureCaper: calls $3
*** FLOP *** [4s Kd 7d]
AzureCaper: bets $3
mcmovein: raises $3 to $6
AzureCaper: calls $3
*** TURN *** [4s Kd 7d] [8c]
AzureCaper: checks
mcmovein: bets $6
AzureCaper: calls $6
*** RIVER *** [4s Kd 7d 8c] [7c]
AzureCaper: checks
mcmovein: checks
*** SHOW DOWN ***
AzureCaper: shows [6s 8h] (two pair, Eights and Sevens)
mcmovein: shows [9h 9d] (two pair, Nines and Sevens)
mcmovein collected $35.50 from pot
*** SUMMARY ***
Total pot $36 | Rake $0.50
Board [4s Kd 7d 8c 7c]
Seat 1: mcmovein (button) (small blind) showed [9h 9d] and won ($35.50) with two pair, Nines and Sevens
Seat 4: AzureCaper (big blind) showed [6s 8h] and lost with two pair, Eights and Sevens


PokerStars Hand #164543283044:  Hold'em Limit ($3/$6 USD) - 2017/01/14 0:54:46 ET
Table 'Melete' 6-max Seat #1 is the button
Seat 1: mcmovein ($240.97 in chips)
Seat 4: AzureCaper ($114.74 in chips)
mcmovein: posts small blind $1
AzureCaper: posts big blind $3
*** HOLE CARDS ***
mcmovein: folds
Uncalled bet ($2) returned to AzureCaper
AzureCaper collected $2 from pot
AzureCaper: doesn't show hand
*** SUMMARY ***
Total pot $2 | Rake $0
Seat 1: mcmovein (button) (small blind) folded before Flop
Seat 4: AzureCaper (big blind) collected ($2)


PokerStars Hand #164543285083:  Hold'em Limit ($3/$6 USD) - 2017/01/14 0:54:53 ET
Table 'Melete' 6-max Seat #4 is the button
Seat 1: mcmovein ($239.97 in chips)
Seat 4: AzureCaper ($115.74 in chips)
AzureCaper: posts small blind $1
mcmovein: posts big blind $3
*** HOLE CARDS ***
AzureCaper: folds
Uncalled bet ($2) returned to mcmovein
mcmovein collected $2 from pot
mcmovein: doesn't show hand
*** SUMMARY ***
Total pot $2 | Rake $0
Seat 1: mcmovein (big blind) collected ($2)
Seat 4: AzureCaper (button) (small blind) folded before Flop


PokerStars Hand #164543289948:  Hold'em Limit ($3/$6 USD) - 2017/01/14 0:55:10 ET
Table 'Melete' 6-max Seat #4 is the button
Seat 1: mcmovein ($243.97 in chips)
Seat 4: AzureCaper ($111.74 in chips)
AzureCaper: posts small blind $1
mcmovein: posts big blind $3
*** HOLE CARDS ***
AzureCaper: folds
Uncalled bet ($2) returned to mcmovein
mcmovein collected $2 from pot
mcmovein: doesn't show hand
*** SUMMARY ***
Total pot $2 | Rake $0
Seat 1: mcmovein (big blind) collected ($2)
Seat 4: AzureCaper (button) (small blind) folded before Flop


PokerStars Hand #164543286779:  Hold'em Limit ($3/$6 USD) - 2017/01/14 0:54:59 ET
Table 'Melete' 6-max Seat #1 is the button
Seat 1: mcmovein ($240.97 in chips)
Seat 4: AzureCaper ($114.74 in chips)
mcmovein: posts small blind $1
AzureCaper: posts big blind $3
*** HOLE CARDS ***
mcmovein: raises $3 to $6
AzureCaper: folds
Uncalled bet ($3) returned to mcmovein
mcmovein collected $6 from pot
mcmovein: doesn't show hand
*** SUMMARY ***
Total pot $6 | Rake $0
Seat 1: mcmovein (button) (small blind) collected ($6)
Seat 4: AzureCaper (big blind) folded before Flop


PokerStars Hand #164543291517:  Hold'em Limit ($3/$6 USD) - 2017/01/14 0:55:15 ET
Table 'Melete' 6-max Seat #1 is the button
Seat 1: mcmovein ($244.97 in chips)
Seat 4: AzureCaper ($110.74 in chips)
mcmovein: posts small blind $1
AzureCaper: posts big blind $3
*** HOLE CARDS ***
mcmovein: folds
Uncalled bet ($2) returned to AzureCaper
AzureCaper collected $2 from pot
*** SUMMARY ***
Total pot $2 | Rake $0
Seat 1: mcmovein (button) (small blind) folded before Flop
Seat 4: AzureCaper (big blind) collected ($2)


PokerStars Hand #164543294026:  Hold'em Limit ($3/$6 USD) - 2017/01/14 0:55:25 ET
Table 'Melete' 6-max Seat #4 is the button
Seat 1: mcmovein ($243.97 in chips)
Seat 4: AzureCaper ($111.74 in chips)
AzureCaper: posts small blind $1
mcmovein: posts big blind $3
*** HOLE CARDS ***
AzureCaper: raises $3 to $6
mcmovein: calls $3
*** FLOP *** [Kc 6h Kd]
mcmovein: checks
AzureCaper: bets $3
mcmovein: folds
Uncalled bet ($3) returned to AzureCaper
AzureCaper collected $11.76 from pot
*** SUMMARY ***
Total pot $12 | Rake $0.24
Board [Kc 6h Kd]
Seat 1: mcmovein (big blind) folded on the Flop
Seat 4: AzureCaper (button) (small blind) collected ($11.76)


PokerStars Hand #164543301262:  Hold'em Limit ($3/$6 USD) - 2017/01/14 0:55:53 ET
Table 'Melete' 6-max Seat #4 is the button
Seat 1: mcmovein ($236.97 in chips)
Seat 4: AzureCaper ($118.50 in chips)
AzureCaper: posts small blind $1
mcmovein: posts big blind $3
*** HOLE CARDS ***
AzureCaper: raises $3 to $6
mcmovein: calls $3
*** FLOP *** [Ad Qh Ah]
mcmovein: bets $3
AzureCaper: folds
Uncalled bet ($3) returned to mcmovein
mcmovein collected $11.76 from pot
mcmovein: doesn't show hand
*** SUMMARY ***
Total pot $12 | Rake $0.24
Board [Ad Qh Ah]
Seat 1: mcmovein (big blind) collected ($11.76)
Seat 4: AzureCaper (button) (small blind) folded on the Flop


PokerStars Hand #164543305931:  Hold'em Limit ($3/$6 USD) - 2017/01/14 0:56:10 ET
Table 'Melete' 6-max Seat #1 is the button
Seat 1: mcmovein ($242.73 in chips)
Seat 4: AzureCaper ($112.50 in chips)
mcmovein: posts small blind $1
AzureCaper: posts big blind $3
*** HOLE CARDS ***
mcmovein: folds
Uncalled bet ($2) returned to AzureCaper
AzureCaper collected $2 from pot
AzureCaper: doesn't show hand
*** SUMMARY ***
Total pot $2 | Rake $0
Seat 1: mcmovein (button) (small blind) folded before Flop
Seat 4: AzureCaper (big blind) collected ($2)


PokerStars Hand #164543312973:  Hold'em Limit ($3/$6 USD) - 2017/01/14 0:56:37 ET
Table 'Melete' 6-max Seat #1 is the button
Seat 1: mcmovein ($253.25 in chips)
Seat 4: AzureCaper ($101.50 in chips)
mcmovein: posts small blind $1
AzureCaper: posts big blind $3
*** HOLE CARDS ***
mcmovein: raises $3 to $6
AzureCaper: calls $3
*** FLOP *** [4h 6s 2h]
AzureCaper: checks
mcmovein: bets $3
AzureCaper: calls $3
*** TURN *** [4h 6s 2h] [2s]
AzureCaper: checks
mcmovein: bets $6
AzureCaper: raises $6 to $12
mcmovein: calls $6
*** RIVER *** [4h 6s 2h 2s] [4c]
AzureCaper: bets $6
mcmovein: raises $6 to $12
AzureCaper: calls $6
*** SHOW DOWN ***
mcmovein: shows [5d 4d] (a full house, Fours full of Deuces)
AzureCaper: mucks hand
mcmovein collected $65.50 from pot
*** SUMMARY ***
Total pot $66 | Rake $0.50
Board [4h 6s 2h 2s 4c]
Seat 1: mcmovein (button) (small blind) showed [5d 4d] and won ($65.50) with a full house, Fours full of Deuces
Seat 4: AzureCaper (big blind) mucked


PokerStars Hand #164543319293:  Hold'em Limit ($3/$6 USD) - 2017/01/14 0:57:01 ET
Table 'Melete' 6-max Seat #4 is the button
Seat 1: mcmovein ($285.75 in chips)
Seat 4: AzureCaper ($72 in chips)
AzureCaper: posts small blind $1
mcmovein: posts big blind $3
*** HOLE CARDS ***
AzureCaper: raises $3 to $6
mcmovein: raises $3 to $9
AzureCaper: calls $3
*** FLOP *** [2s 7s Ah]
mcmovein: bets $3
AzureCaper: folds
Uncalled bet ($3) returned to mcmovein
mcmovein collected $17.64 from pot
mcmovein: doesn't show hand
*** SUMMARY ***
Total pot $18 | Rake $0.36
Board [2s 7s Ah]
Seat 1: mcmovein (big blind) collected ($17.64)
Seat 4: AzureCaper (button) (small blind) folded on the Flop


PokerStars Hand #164543322449:  Hold'em Limit ($3/$6 USD) - 2017/01/14 0:57:13 ET
Table 'Melete' 6-max Seat #1 is the button
Seat 1: mcmovein ($294.39 in chips)
Seat 4: AzureCaper ($72 in chips)
mcmovein: posts small blind $1
AzureCaper: posts big blind $3
*** HOLE CARDS ***
mcmovein: raises $3 to $6
AzureCaper: folds
Uncalled bet ($3) returned to mcmovein
mcmovein collected $6 from pot
mcmovein: doesn't show hand
*** SUMMARY ***
Total pot $6 | Rake $0
Seat 1: mcmovein (button) (small blind) collected ($6)
Seat 4: AzureCaper (big blind) folded before Flop


PokerStars Hand #164543307551:  Hold'em Limit ($3/$6 USD) - 2017/01/14 0:56:16 ET
Table 'Melete' 6-max Seat #4 is the button
Seat 1: mcmovein ($241.73 in chips)
Seat 4: AzureCaper ($113.50 in chips)
AzureCaper: posts small blind $1
mcmovein: posts big blind $3
*** HOLE CARDS ***
AzureCaper: raises $3 to $6
mcmovein: calls $3
*** FLOP *** [3s 5h Th]
mcmovein: checks
AzureCaper: bets $3
mcmovein: raises $3 to $6
AzureCaper: calls $3
*** TURN *** [3s 5h Th] [2h]
mcmovein: bets $6
AzureCaper: folds
Uncalled bet ($6) returned to mcmovein
mcmovein collected $23.52 from pot
mcmovein: doesn't show hand
*** SUMMARY ***
Total pot $24 | Rake $0.48
Board [3s 5h Th 2h]
Seat 1: mcmovein (big blind) collected ($23.52)
Seat 4: AzureCaper (button) (small blind) folded on the Turn


PokerStars Hand #164543330623:  Hold'em Limit ($3/$6 USD) - 2017/01/14 0:57:45 ET
Table 'Melete' 6-max Seat #1 is the button
Seat 1: mcmovein ($288.39 in chips)
Seat 4: AzureCaper ($80.64 in chips)
mcmovein: posts small blind $1
AzureCaper: posts big blind $3
*** HOLE CARDS ***
mcmovein: raises $3 to $6
AzureCaper: raises $3 to $9
mcmovein: calls $3
*** FLOP *** [3d Ks 7s]
AzureCaper: bets $3
mcmovein: raises $3 to $6
AzureCaper: raises $3 to $9
mcmovein: calls $3
*** TURN *** [3d Ks 7s] [8s]
AzureCaper: bets $6
mcmovein: raises $6 to $12
AzureCaper: folds
Uncalled bet ($6) returned to mcmovein
mcmovein collected $47.50 from pot
mcmovein: doesn't show hand
*** SUMMARY ***
Total pot $48 | Rake $0.50
Board [3d Ks 7s 8s]
Seat 1: mcmovein (button) (small blind) collected ($47.50)
Seat 4: AzureCaper (big blind) folded on the Turn


PokerStars Hand #164543334914:  Hold'em Limit ($3/$6 USD) - 2017/01/14 0:58:01 ET
Table 'Melete' 6-max Seat #4 is the button
Seat 1: mcmovein ($311.89 in chips)
Seat 4: AzureCaper ($72 in chips)
AzureCaper: posts small blind $1
mcmovein: posts big blind $3
*** HOLE CARDS ***
AzureCaper: folds
Uncalled bet ($2) returned to mcmovein
mcmovein collected $2 from pot
mcmovein: doesn't show hand
*** SUMMARY ***
Total pot $2 | Rake $0
Seat 1: mcmovein (big blind) collected ($2)
Seat 4: AzureCaper (button) (small blind) folded before Flop


PokerStars Hand #164543324112:  Hold'em Limit ($3/$6 USD) - 2017/01/14 0:57:20 ET
Table 'Melete' 6-max Seat #4 is the button
Seat 1: mcmovein ($297.39 in chips)
Seat 4: AzureCaper ($72 in chips)
AzureCaper: posts small blind $1
mcmovein: posts big blind $3
*** HOLE CARDS ***
AzureCaper: raises $3 to $6
mcmovein: calls $3
*** FLOP *** [Ad 9s 5h]
mcmovein: checks
AzureCaper: bets $3
mcmovein: calls $3
*** TURN *** [Ad 9s 5h] [Js]
mcmovein: checks
AzureCaper: checks
*** RIVER *** [Ad 9s 5h Js] [2h]
mcmovein: checks
AzureCaper: checks
*** SHOW DOWN ***
mcmovein: shows [6h 7h] (high card Ace)
AzureCaper: shows [Kc 5d] (a pair of Fives)
AzureCaper collected $17.64 from pot
*** SUMMARY ***
Total pot $18 | Rake $0.36
Board [Ad 9s 5h Js 2h]
Seat 1: mcmovein (big blind) showed [6h 7h] and lost with high card Ace
Seat 4: AzureCaper (button) (small blind) showed [Kc 5d] and won ($17.64) with a pair of Fives


PokerStars Hand #164543336757:  Hold'em Limit ($3/$6 USD) - 2017/01/14 0:58:08 ET
Table 'Melete' 6-max Seat #1 is the button
Seat 1: mcmovein ($312.89 in chips)
Seat 4: AzureCaper ($72 in chips)
mcmovein: posts small blind $1
AzureCaper: posts big blind $3
*** HOLE CARDS ***
mcmovein: raises $3 to $6
AzureCaper: calls $3
*** FLOP *** [8c Jd 5d]
AzureCaper: checks
mcmovein: bets $3
AzureCaper: folds
Uncalled bet ($3) returned to mcmovein
mcmovein collected $11.76 from pot
mcmovein: doesn't show hand
*** SUMMARY ***
Total pot $12 | Rake $0.24
Board [8c Jd 5d]
Seat 1: mcmovein (button) (small blind) collected ($11.76)
Seat 4: AzureCaper (big blind) folded on the Flop


PokerStars Hand #164543341867:  Hold'em Limit ($3/$6 USD) - 2017/01/14 0:58:27 ET
Table 'Melete' 6-max Seat #1 is the button
Seat 1: mcmovein ($319.65 in chips)
Seat 4: AzureCaper ($72 in chips)
mcmovein: posts small blind $1
AzureCaper: posts big blind $3
*** HOLE CARDS ***
mcmovein: folds
Uncalled bet ($2) returned to AzureCaper
AzureCaper collected $2 from pot
AzureCaper: doesn't show hand
*** SUMMARY ***
Total pot $2 | Rake $0
Seat 1: mcmovein (button) (small blind) folded before Flop
Seat 4: AzureCaper (big blind) collected ($2)


PokerStars Hand #164543340147:  Hold'em Limit ($3/$6 USD) - 2017/01/14 0:58:21 ET
Table 'Melete' 6-max Seat #4 is the button
Seat 1: mcmovein ($318.65 in chips)
Seat 4: AzureCaper ($72 in chips)
AzureCaper: posts small blind $1
mcmovein: posts big blind $3
*** HOLE CARDS ***
AzureCaper: folds
Uncalled bet ($2) returned to mcmovein
mcmovein collected $2 from pot
mcmovein: doesn't show hand
*** SUMMARY ***
Total pot $2 | Rake $0
Seat 1: mcmovein (big blind) collected ($2)
Seat 4: AzureCaper (button) (small blind) folded before Flop


PokerStars Hand #164543347113:  Hold'em Limit ($3/$6 USD) - 2017/01/14 0:58:47 ET
Table 'Melete' 6-max Seat #4 is the button
Seat 1: mcmovein ($318.65 in chips)
Seat 4: AzureCaper ($73 in chips)
AzureCaper: posts small blind $1
mcmovein: posts big blind $3
*** HOLE CARDS ***
AzureCaper: folds
Uncalled bet ($2) returned to mcmovein
mcmovein collected $2 from pot
mcmovein: doesn't show hand
*** SUMMARY ***
Total pot $2 | Rake $0
Seat 1: mcmovein (big blind) collected ($2)
Seat 4: AzureCaper (button) (small blind) folded before Flop


PokerStars Hand #164543345369:  Hold'em Limit ($3/$6 USD) - 2017/01/14 0:58:41 ET
Table 'Melete' 6-max Seat #1 is the button
Seat 1: mcmovein ($319.65 in chips)
Seat 4: AzureCaper ($72 in chips)
mcmovein: posts small blind $1
AzureCaper: posts big blind $3
*** HOLE CARDS ***
mcmovein: folds
Uncalled bet ($2) returned to AzureCaper
AzureCaper collected $2 from pot
AzureCaper: doesn't show hand
*** SUMMARY ***
Total pot $2 | Rake $0
Seat 1: mcmovein (button) (small blind) folded before Flop
Seat 4: AzureCaper (big blind) collected ($2)


PokerStars Hand #164543348612:  Hold'em Limit ($3/$6 USD) - 2017/01/14 0:58:53 ET
Table 'Melete' 6-max Seat #1 is the button
Seat 1: mcmovein ($319.65 in chips)
Seat 4: AzureCaper ($72 in chips)
mcmovein: posts small blind $1
AzureCaper: posts big blind $3
*** HOLE CARDS ***
mcmovein: folds
Uncalled bet ($2) returned to AzureCaper
AzureCaper collected $2 from pot
AzureCaper: doesn't show hand
*** SUMMARY ***
Total pot $2 | Rake $0
Seat 1: mcmovein (button) (small blind) folded before Flop
Seat 4: AzureCaper (big blind) collected ($2)


PokerStars Hand #164543350410:  Hold'em Limit ($3/$6 USD) - 2017/01/14 0:59:00 ET
Table 'Melete' 6-max Seat #4 is the button
Seat 1: mcmovein ($318.65 in chips)
Seat 4: AzureCaper ($73 in chips)
AzureCaper: posts small blind $1
mcmovein: posts big blind $3
*** HOLE CARDS ***
AzureCaper: raises $3 to $6
mcmovein: calls $3
*** FLOP *** [Js Qd 4s]
mcmovein: checks
AzureCaper: bets $3
mcmovein: folds
Uncalled bet ($3) returned to AzureCaper
AzureCaper collected $11.76 from pot
AzureCaper: doesn't show hand
*** SUMMARY ***
Total pot $12 | Rake $0.24
Board [Js Qd 4s]
Seat 1: mcmovein (big blind) folded on the Flop
Seat 4: AzureCaper (button) (small blind) collected ($11.76)


PokerStars Hand #164543353956:  Hold'em Limit ($3/$6 USD) - 2017/01/14 0:59:13 ET
Table 'Melete' 6-max Seat #1 is the button
Seat 1: mcmovein ($312.65 in chips)
Seat 4: AzureCaper ($78.76 in chips)
mcmovein: posts small blind $1
AzureCaper: posts big blind $3
*** HOLE CARDS ***
mcmovein: raises $3 to $6
AzureCaper: calls $3
*** FLOP *** [4s 4d 7c]
AzureCaper: checks
mcmovein: bets $3
AzureCaper: folds
Uncalled bet ($3) returned to mcmovein
mcmovein collected $11.76 from pot
mcmovein: doesn't show hand
*** SUMMARY ***
Total pot $12 | Rake $0.24
Board [4s 4d 7c]
Seat 1: mcmovein (button) (small blind) collected ($11.76)
Seat 4: AzureCaper (big blind) folded on the Flop


PokerStars Hand #164543343498:  Hold'em Limit ($3/$6 USD) - 2017/01/14 0:58:34 ET
Table 'Melete' 6-max Seat #4 is the button
Seat 1: mcmovein ($318.65 in chips)
Seat 4: AzureCaper ($73 in chips)
AzureCaper: posts small blind $1
mcmovein: posts big blind $3
*** HOLE CARDS ***
AzureCaper: folds
Uncalled bet ($2) returned to mcmovein
mcmovein collected $2 from pot
mcmovein: doesn't show hand
*** SUMMARY ***
Total pot $2 | Rake $0
Seat 1: mcmovein (big blind) collected ($2)
Seat 4: AzureCaper (button) (small blind) folded before Flop


PokerStars Hand #164543366515:  Hold'em Limit ($3/$6 USD) - 2017/01/14 1:00:01 ET
Table 'Melete' 6-max Seat #1 is the button
Seat 1: mcmovein ($297.41 in chips)
Seat 4: AzureCaper ($93.26 in chips)
mcmovein: posts small blind $1
AzureCaper: posts big blind $3
*** HOLE CARDS ***
mcmovein: folds
Uncalled bet ($2) returned to AzureCaper
AzureCaper collected $2 from pot
AzureCaper: doesn't show hand
*** SUMMARY ***
Total pot $2 | Rake $0
Seat 1: mcmovein (button) (small blind) folded before Flop
Seat 4: AzureCaper (big blind) collected ($2)


PokerStars Hand #164543360024:  Hold'em Limit ($3/$6 USD) - 2017/01/14 0:59:36 ET
Table 'Melete' 6-max Seat #4 is the button
Seat 1: mcmovein ($318.41 in chips)
Seat 4: AzureCaper ($72.76 in chips)
AzureCaper: posts small blind $1
mcmovein: posts big blind $3
*** HOLE CARDS ***
AzureCaper: raises $3 to $6
mcmovein: calls $3
*** FLOP *** [5d 4s 7c]
mcmovein: bets $3
AzureCaper: calls $3
*** TURN *** [5d 4s 7c] [Tc]
mcmovein: checks
AzureCaper: bets $6
mcmovein: calls $6
*** RIVER *** [5d 4s 7c Tc] [3s]
mcmovein: bets $6
AzureCaper: calls $6
*** SHOW DOWN ***
mcmovein: shows [2h 3c] (a pair of Threes)
AzureCaper: shows [8c Th] (a pair of Tens)
AzureCaper collected $41.50 from pot
*** SUMMARY ***
Total pot $42 | Rake $0.50
Board [5d 4s 7c Tc 3s]
Seat 1: mcmovein (big blind) showed [2h 3c] and lost with a pair of Threes
Seat 4: AzureCaper (button) (small blind) showed [8c Th] and won ($41.50) with a pair of Tens


PokerStars Hand #164543368098:  Hold'em Limit ($3/$6 USD) - 2017/01/14 1:00:07 ET
Table 'Melete' 6-max Seat #4 is the button
Seat 1: mcmovein ($296.41 in chips)
Seat 4: AzureCaper ($94.26 in chips)
AzureCaper: posts small blind $1
mcmovein: posts big blind $3
*** HOLE CARDS ***
AzureCaper: raises $3 to $6
mcmovein: calls $3
*** FLOP *** [9h 7c 2s]
mcmovein: checks
AzureCaper: bets $3
mcmovein: calls $3
*** TURN *** [9h 7c 2s] [4s]
mcmovein: checks
AzureCaper: bets $6
mcmovein: calls $6
*** RIVER *** [9h 7c 2s 4s] [Qc]
mcmovein: checks
AzureCaper: bets $6
mcmovein: calls $6
*** SHOW DOWN ***
AzureCaper: shows [8c 7s] (a pair of Sevens)
mcmovein: mucks hand
AzureCaper collected $41.50 from pot
*** SUMMARY ***
Total pot $42 | Rake $0.50
Board [9h 7c 2s 4s Qc]
Seat 1: mcmovein (big blind) mucked
Seat 4: AzureCaper (button) (small blind) showed [8c 7s] and won ($41.50) with a pair of Sevens


PokerStars Hand #164543382183:  Hold'em Limit ($3/$6 USD) - 2017/01/14 1:00:59 ET
Table 'Melete' 6-max Seat #4 is the button
Seat 1: mcmovein ($289.91 in chips)
Seat 4: AzureCaper ($99.76 in chips)
AzureCaper: posts small blind $1
mcmovein: posts big blind $3
*** HOLE CARDS ***
AzureCaper: folds
Uncalled bet ($2) returned to mcmovein
mcmovein collected $2 from pot
mcmovein: doesn't show hand
*** SUMMARY ***
Total pot $2 | Rake $0
Seat 1: mcmovein (big blind) collected ($2)
Seat 4: AzureCaper (button) (small blind) folded before Flop


PokerStars Hand #164543376116:  Hold'em Limit ($3/$6 USD) - 2017/01/14 1:00:36 ET
Table 'Melete' 6-max Seat #1 is the button
Seat 1: mcmovein ($275.41 in chips)
Seat 4: AzureCaper ($114.76 in chips)
mcmovein: posts small blind $1
AzureCaper: posts big blind $3
*** HOLE CARDS ***
mcmovein: raises $3 to $6
AzureCaper: calls $3
*** FLOP *** [2h 4c 9s]
AzureCaper: checks
mcmovein: bets $3
AzureCaper: calls $3
*** TURN *** [2h 4c 9s] [7d]
AzureCaper: checks
mcmovein: bets $6
AzureCaper: calls $6
*** RIVER *** [2h 4c 9s 7d] [7c]
AzureCaper: checks
mcmovein: bets $6
AzureCaper: folds
Uncalled bet ($6) returned to mcmovein
mcmovein collected $29.50 from pot
mcmovein: doesn't show hand
*** SUMMARY ***
Total pot $30 | Rake $0.50
Board [2h 4c 9s 7d 7c]
Seat 1: mcmovein (button) (small blind) collected ($29.50)
Seat 4: AzureCaper (big blind) folded on the River


PokerStars Hand #164543384285:  Hold'em Limit ($3/$6 USD) - 2017/01/14 1:01:06 ET
Table 'Melete' 6-max Seat #1 is the button
Seat 1: mcmovein ($290.91 in chips)
Seat 4: AzureCaper ($98.76 in chips)
mcmovein: posts small blind $1
AzureCaper: posts big blind $3
*** HOLE CARDS ***
mcmovein: raises $3 to $6
AzureCaper: calls $3
*** FLOP *** [Kc Kh 2s]
AzureCaper: checks
mcmovein: bets $3
AzureCaper: raises $3 to $6
mcmovein: raises $3 to $9
AzureCaper: raises $3 to $12
Betting is capped
mcmovein: folds
Uncalled bet ($3) returned to AzureCaper
AzureCaper collected $29.50 from pot
*** SUMMARY ***
Total pot $30 | Rake $0.50
Board [Kc Kh 2s]
Seat 1: mcmovein (button) (small blind) folded on the Flop
Seat 4: AzureCaper (big blind) collected ($29.50)


PokerStars Hand #164543392031:  Hold'em Limit ($3/$6 USD) - 2017/01/14 1:01:33 ET
Table 'Melete' 6-max Seat #4 is the button
Seat 1: mcmovein ($275.91 in chips)
Seat 4: AzureCaper ($113.26 in chips)
AzureCaper: posts small blind $1
mcmovein: posts big blind $3
*** HOLE CARDS ***
AzureCaper: raises $3 to $6
mcmovein: raises $3 to $9
AzureCaper: calls $3
*** FLOP *** [Ac 4d 3s]
mcmovein: bets $3
AzureCaper: calls $3
*** TURN *** [Ac 4d 3s] [6h]
mcmovein: bets $6
AzureCaper: calls $6
*** RIVER *** [Ac 4d 3s 6h] [Qs]
mcmovein: checks
AzureCaper: bets $6
mcmovein: calls $6
*** SHOW DOWN ***
AzureCaper: shows [As 8d] (a pair of Aces)
mcmovein: mucks hand
AzureCaper collected $47.50 from pot
*** SUMMARY ***
Total pot $48 | Rake $0.50
Board [Ac 4d 3s 6h Qs]
Seat 1: mcmovein (big blind) mucked
Seat 4: AzureCaper (button) (small blind) showed [As 8d] and won ($47.50) with a pair of Aces


PokerStars Hand #164543398183:  Hold'em Limit ($3/$6 USD) - 2017/01/14 1:01:54 ET
Table 'Melete' 6-max Seat #1 is the button
Seat 1: mcmovein ($251.91 in chips)
Seat 4: AzureCaper ($136.76 in chips)
mcmovein: posts small blind $1
AzureCaper: posts big blind $3
*** HOLE CARDS ***
mcmovein: raises $3 to $6
AzureCaper: calls $3
*** FLOP *** [4s Qc 9s]
AzureCaper: checks
mcmovein: bets $3
AzureCaper: calls $3
*** TURN *** [4s Qc 9s] [Js]
AzureCaper: checks
mcmovein: bets $6
AzureCaper: calls $6
*** RIVER *** [4s Qc 9s Js] [9d]
AzureCaper: checks
mcmovein: bets $6
AzureCaper: folds
Uncalled bet ($6) returned to mcmovein
mcmovein collected $29.50 from pot
mcmovein: doesn't show hand
*** SUMMARY ***
Total pot $30 | Rake $0.50
Board [4s Qc 9s Js 9d]
Seat 1: mcmovein (button) (small blind) collected ($29.50)
Seat 4: AzureCaper (big blind) folded on the River


PokerStars Hand #164543411697:  Hold'em Limit ($3/$6 USD) - 2017/01/14 1:02:41 ET
Table 'Melete' 6-max Seat #1 is the button
Seat 1: mcmovein ($260.41 in chips)
Seat 4: AzureCaper ($127.52 in chips)
mcmovein: posts small blind $1
AzureCaper: posts big blind $3
*** HOLE CARDS ***
mcmovein: folds
Uncalled bet ($2) returned to AzureCaper
AzureCaper collected $2 from pot
*** SUMMARY ***
Total pot $2 | Rake $0
Seat 1: mcmovein (button) (small blind) folded before Flop
Seat 4: AzureCaper (big blind) collected ($2)


PokerStars Hand #164543413469:  Hold'em Limit ($3/$6 USD) - 2017/01/14 1:02:47 ET
Table 'Melete' 6-max Seat #4 is the button
Seat 1: mcmovein ($259.41 in chips)
Seat 4: AzureCaper ($128.52 in chips)
AzureCaper: posts small blind $1
mcmovein: posts big blind $3
*** HOLE CARDS ***
AzureCaper: raises $3 to $6
mcmovein: raises $3 to $9
AzureCaper: calls $3
*** FLOP *** [9c 4d 6h]
mcmovein: bets $3
AzureCaper: calls $3
*** TURN *** [9c 4d 6h] [3h]
mcmovein: checks
AzureCaper: checks
*** RIVER *** [9c 4d 6h 3h] [2d]
mcmovein: checks
AzureCaper: checks
*** SHOW DOWN ***
mcmovein: shows [As 2s] (a pair of Deuces)
AzureCaper: mucks hand
mcmovein collected $23.52 from pot
*** SUMMARY ***
Total pot $24 | Rake $0.48
Board [9c 4d 6h 3h 2d]
Seat 1: mcmovein (big blind) showed [As 2s] and won ($23.52) with a pair of Deuces
Seat 4: AzureCaper (button) (small blind) mucked


PokerStars Hand #164543407570:  Hold'em Limit ($3/$6 USD) - 2017/01/14 1:02:27 ET
Table 'Melete' 6-max Seat #4 is the button
Seat 1: mcmovein ($266.41 in chips)
Seat 4: AzureCaper ($121.76 in chips)
AzureCaper: posts small blind $1
mcmovein: posts big blind $3
*** HOLE CARDS ***
AzureCaper: raises $3 to $6
mcmovein: calls $3
*** FLOP *** [Ac 7c Qs]
mcmovein: checks
AzureCaper: bets $3
mcmovein: folds
Uncalled bet ($3) returned to AzureCaper
AzureCaper collected $11.76 from pot
*** SUMMARY ***
Total pot $12 | Rake $0.24
Board [Ac 7c Qs]
Seat 1: mcmovein (big blind) folded on the Flop
Seat 4: AzureCaper (button) (small blind) collected ($11.76)


PokerStars Hand #164543439825:  Hold'em Limit ($3/$6 USD) - 2017/01/14 1:04:18 ET
Table 'Melete' 6-max Seat #1 is the button
Seat 1: mcmovein ($287.43 in chips)
Seat 4: AzureCaper ($99.52 in chips)
mcmovein: posts small blind $1
AzureCaper: posts big blind $3
*** HOLE CARDS ***
mcmovein: raises $3 to $6
AzureCaper: folds
Uncalled bet ($3) returned to mcmovein
mcmovein collected $6 from pot
mcmovein: doesn't show hand
*** SUMMARY ***
Total pot $6 | Rake $0
Seat 1: mcmovein (button) (small blind) collected ($6)
Seat 4: AzureCaper (big blind) folded before Flop


PokerStars Hand #164543433490:  Hold'em Limit ($3/$6 USD) - 2017/01/14 1:03:56 ET
Table 'Melete' 6-max Seat #4 is the button
Seat 1: mcmovein ($269.93 in chips)
Seat 4: AzureCaper ($117.52 in chips)
AzureCaper: posts small blind $1
mcmovein: posts big blind $3
*** HOLE CARDS ***
AzureCaper: raises $3 to $6
mcmovein: calls $3
*** FLOP *** [2s 9c 6c]
mcmovein: bets $3
AzureCaper: raises $3 to $6
mcmovein: calls $3
*** TURN *** [2s 9c 6c] [3c]
mcmovein: checks
AzureCaper: bets $6
mcmovein: raises $6 to $12
AzureCaper: folds
Uncalled bet ($6) returned to mcmovein
mcmovein collected $35.50 from pot
mcmovein: doesn't show hand
*** SUMMARY ***
Total pot $36 | Rake $0.50
Board [2s 9c 6c 3c]
Seat 1: mcmovein (big blind) collected ($35.50)
Seat 4: AzureCaper (button) (small blind) folded on the Turn


PokerStars Hand #164543427653:  Hold'em Limit ($3/$6 USD) - 2017/01/14 1:03:36 ET
Table 'Melete' 6-max Seat #1 is the button
Seat 1: mcmovein ($270.93 in chips)
Seat 4: AzureCaper ($116.52 in chips)
mcmovein: posts small blind $1
AzureCaper: posts big blind $3
*** HOLE CARDS ***
mcmovein: folds
Uncalled bet ($2) returned to AzureCaper
AzureCaper collected $2 from pot
*** SUMMARY ***
Total pot $2 | Rake $0
Seat 1: mcmovein (button) (small blind) folded before Flop
Seat 4: AzureCaper (big blind) collected ($2)


PokerStars Hand #164543456322:  Hold'em Limit ($3/$6 USD) - 2017/01/14 1:05:12 ET
Table 'Melete' 6-max Seat #4 is the button
Seat 1: mcmovein ($262.43 in chips)
Seat 4: AzureCaper ($124.02 in chips)
AzureCaper: posts small blind $1
mcmovein: posts big blind $3
*** HOLE CARDS ***
AzureCaper: raises $3 to $6
mcmovein: raises $3 to $9
AzureCaper: calls $3
*** FLOP *** [6d 7h 2h]
mcmovein: bets $3
AzureCaper: folds
Uncalled bet ($3) returned to mcmovein
mcmovein collected $17.64 from pot
mcmovein: doesn't show hand
*** SUMMARY ***
Total pot $18 | Rake $0.36
Board [6d 7h 2h]
Seat 1: mcmovein (big blind) collected ($17.64)
Seat 4: AzureCaper (button) (small blind) folded on the Flop


PokerStars Hand #164543454649:  Hold'em Limit ($3/$6 USD) - 2017/01/14 1:05:06 ET
Table 'Melete' 6-max Seat #1 is the button
Seat 1: mcmovein ($263.43 in chips)
Seat 4: AzureCaper ($123.02 in chips)
mcmovein: posts small blind $1
AzureCaper: posts big blind $3
*** HOLE CARDS ***
mcmovein: folds
Uncalled bet ($2) returned to AzureCaper
AzureCaper collected $2 from pot
AzureCaper: doesn't show hand
*** SUMMARY ***
Total pot $2 | Rake $0
Seat 1: mcmovein (button) (small blind) folded before Flop
Seat 4: AzureCaper (big blind) collected ($2)


PokerStars Hand #164543441833:  Hold'em Limit ($3/$6 USD) - 2017/01/14 1:04:24 ET
Table 'Melete' 6-max Seat #4 is the button
Seat 1: mcmovein ($290.43 in chips)
Seat 4: AzureCaper ($96.52 in chips)
AzureCaper: posts small blind $1
mcmovein: posts big blind $3
*** HOLE CARDS ***
AzureCaper: raises $3 to $6
mcmovein: calls $3
*** FLOP *** [5h Qs 2h]
mcmovein: checks
AzureCaper: bets $3
mcmovein: raises $3 to $6
AzureCaper: raises $3 to $9
mcmovein: calls $3
*** TURN *** [5h Qs 2h] [7d]
mcmovein: checks
AzureCaper: bets $6
mcmovein: calls $6
*** RIVER *** [5h Qs 2h 7d] [4s]
mcmovein: checks
AzureCaper: bets $6
mcmovein: calls $6
*** SHOW DOWN ***
AzureCaper: shows [4h Qh] (two pair, Queens and Fours)
mcmovein: mucks hand
AzureCaper collected $53.50 from pot
*** SUMMARY ***
Total pot $54 | Rake $0.50
Board [5h Qs 2h 7d 4s]
Seat 1: mcmovein (big blind) mucked
Seat 4: AzureCaper (button) (small blind) showed [4h Qh] and won ($53.50) with two pair, Queens and Fours


PokerStars Hand #164543464513:  Hold'em Limit ($3/$6 USD) - 2017/01/14 1:05:40 ET
Table 'Melete' 6-max Seat #4 is the button
Seat 1: mcmovein ($265.07 in chips)
Seat 4: AzureCaper ($120.78 in chips)
AzureCaper: posts small blind $1
mcmovein: posts big blind $3
*** HOLE CARDS ***
AzureCaper: folds
Uncalled bet ($2) returned to mcmovein
mcmovein collected $2 from pot
mcmovein: doesn't show hand
*** SUMMARY ***
Total pot $2 | Rake $0
Seat 1: mcmovein (big blind) collected ($2)
Seat 4: AzureCaper (button) (small blind) folded before Flop


PokerStars Hand #164543459381:  Hold'em Limit ($3/$6 USD) - 2017/01/14 1:05:23 ET
Table 'Melete' 6-max Seat #1 is the button
Seat 1: mcmovein ($271.07 in chips)
Seat 4: AzureCaper ($115.02 in chips)
mcmovein: posts small blind $1
AzureCaper: posts big blind $3
*** HOLE CARDS ***
mcmovein: raises $3 to $6
AzureCaper: calls $3
*** FLOP *** [4h 3c Ac]
AzureCaper: checks
mcmovein: checks
*** TURN *** [4h 3c Ac] [3h]
AzureCaper: checks
mcmovein: checks
*** RIVER *** [4h 3c Ac 3h] [Ts]
AzureCaper: checks
mcmovein: checks
*** SHOW DOWN ***
AzureCaper: shows [Jh Tc] (two pair, Tens and Threes)
mcmovein: mucks hand
AzureCaper collected $11.76 from pot
*** SUMMARY ***
Total pot $12 | Rake $0.24
Board [4h 3c Ac 3h Ts]
Seat 1: mcmovein (button) (small blind) mucked
Seat 4: AzureCaper (big blind) showed [Jh Tc] and won ($11.76) with two pair, Tens and Threes


PokerStars Hand #164543469948:  Hold'em Limit ($3/$6 USD) - 2017/01/14 1:05:59 ET
Table 'Melete' 6-max Seat #1 is the button
Seat 1: mcmovein ($266.07 in chips)
Seat 4: AzureCaper ($119.78 in chips)
mcmovein: posts small blind $1
AzureCaper: posts big blind $3
*** HOLE CARDS ***
mcmovein: raises $3 to $6
AzureCaper: calls $3
*** FLOP *** [Ac Ah 2d]
AzureCaper: checks
mcmovein: bets $3
AzureCaper: calls $3
*** TURN *** [Ac Ah 2d] [9s]
AzureCaper: checks
mcmovein: bets $6
AzureCaper: calls $6
*** RIVER *** [Ac Ah 2d 9s] [2s]
AzureCaper: checks
mcmovein: bets $6
AzureCaper: calls $6
*** SHOW DOWN ***
mcmovein: shows [Jc Jd] (two pair, Aces and Jacks)
AzureCaper: mucks hand
mcmovein collected $41.50 from pot
*** SUMMARY ***
Total pot $42 | Rake $0.50
Board [Ac Ah 2d 9s 2s]
Seat 1: mcmovein (button) (small blind) showed [Jc Jd] and won ($41.50) with two pair, Aces and Jacks
Seat 4: AzureCaper (big blind) mucked


PokerStars Hand #164543468182:  Hold'em Limit ($3/$6 USD) - 2017/01/14 1:05:53 ET
Table 'Melete' 6-max Seat #4 is the button
Seat 1: mcmovein ($269.07 in chips)
Seat 4: AzureCaper ($116.78 in chips)
AzureCaper: posts small blind $1
mcmovein: posts big blind $3
*** HOLE CARDS ***
AzureCaper: raises $3 to $6
mcmovein: folds
Uncalled bet ($3) returned to AzureCaper
AzureCaper collected $6 from pot
AzureCaper: doesn't show hand
*** SUMMARY ***
Total pot $6 | Rake $0
Seat 1: mcmovein (big blind) folded before Flop
Seat 4: AzureCaper (button) (small blind) collected ($6)


PokerStars Hand #164543466201:  Hold'em Limit ($3/$6 USD) - 2017/01/14 1:05:46 ET
Table 'Melete' 6-max Seat #1 is the button
Seat 1: mcmovein ($266.07 in chips)
Seat 4: AzureCaper ($119.78 in chips)
mcmovein: posts small blind $1
AzureCaper: posts big blind $3
*** HOLE CARDS ***
mcmovein: raises $3 to $6
AzureCaper: folds
Uncalled bet ($3) returned to mcmovein
mcmovein collected $6 from pot
mcmovein: doesn't show hand
*** SUMMARY ***
Total pot $6 | Rake $0
Seat 1: mcmovein (button) (small blind) collected ($6)
Seat 4: AzureCaper (big blind) folded before Flop


PokerStars Hand #164543475796:  Hold'em Limit ($3/$6 USD) - 2017/01/14 1:06:19 ET
Table 'Melete' 6-max Seat #4 is the button
Seat 1: mcmovein ($286.57 in chips)
Seat 4: AzureCaper ($98.78 in chips)
AzureCaper: posts small blind $1
mcmovein: posts big blind $3
*** HOLE CARDS ***
AzureCaper: raises $3 to $6
mcmovein: calls $3
*** FLOP *** [5h As 8d]
mcmovein: checks
AzureCaper: bets $3
mcmovein: folds
Uncalled bet ($3) returned to AzureCaper
AzureCaper collected $11.76 from pot
AzureCaper: doesn't show hand
*** SUMMARY ***
Total pot $12 | Rake $0.24
Board [5h As 8d]
Seat 1: mcmovein (big blind) folded on the Flop
Seat 4: AzureCaper (button) (small blind) collected ($11.76)


PokerStars Hand #164543489434:  Hold'em Limit ($3/$6 USD) - 2017/01/14 1:07:04 ET
Table 'Melete' 6-max Seat #1 is the button
Seat 1: mcmovein ($262.57 in chips)
Seat 4: AzureCaper ($122.04 in chips)
mcmovein: posts small blind $1
AzureCaper: posts big blind $3
*** HOLE CARDS ***
mcmovein: raises $3 to $6
AzureCaper: calls $3
*** FLOP *** [Qd 9d Ac]
AzureCaper: checks
mcmovein: checks
*** TURN *** [Qd 9d Ac] [8d]
AzureCaper: bets $6
mcmovein: calls $6
*** RIVER *** [Qd 9d Ac 8d] [Js]
AzureCaper: checks
mcmovein: bets $6
AzureCaper: folds
Uncalled bet ($6) returned to mcmovein
mcmovein collected $23.52 from pot
mcmovein: doesn't show hand
*** SUMMARY ***
Total pot $24 | Rake $0.48
Board [Qd 9d Ac 8d Js]
Seat 1: mcmovein (button) (small blind) collected ($23.52)
Seat 4: AzureCaper (big blind) folded on the River


PokerStars Hand #164543482671:  Hold'em Limit ($3/$6 USD) - 2017/01/14 1:06:42 ET
Table 'Melete' 6-max Seat #4 is the button
Seat 1: mcmovein ($283.57 in chips)
Seat 4: AzureCaper ($101.54 in chips)
AzureCaper: posts small blind $1
mcmovein: posts big blind $3
*** HOLE CARDS ***
AzureCaper: raises $3 to $6
mcmovein: calls $3
*** FLOP *** [5c 4c 8d]
mcmovein: checks
AzureCaper: bets $3
mcmovein: calls $3
*** TURN *** [5c 4c 8d] [7s]
mcmovein: checks
AzureCaper: bets $6
mcmovein: raises $6 to $12
AzureCaper: calls $6
*** RIVER *** [5c 4c 8d 7s] [2c]
mcmovein: checks
AzureCaper: bets $6
mcmovein: folds
Uncalled bet ($6) returned to AzureCaper
AzureCaper collected $41.50 from pot
AzureCaper: doesn't show hand
*** SUMMARY ***
Total pot $42 | Rake $0.50
Board [5c 4c 8d 7s 2c]
Seat 1: mcmovein (big blind) folded on the River
Seat 4: AzureCaper (button) (small blind) collected ($41.50)


PokerStars Hand #164543480425:  Hold'em Limit ($3/$6 USD) - 2017/01/14 1:06:34 ET
Table 'Melete' 6-max Seat #1 is the button
Seat 1: mcmovein ($280.57 in chips)
Seat 4: AzureCaper ($104.54 in chips)
mcmovein: posts small blind $1
AzureCaper: posts big blind $3
*** HOLE CARDS ***
mcmovein: raises $3 to $6
AzureCaper: folds
Uncalled bet ($3) returned to mcmovein
mcmovein collected $6 from pot
mcmovein: doesn't show hand
*** SUMMARY ***
Total pot $6 | Rake $0
Seat 1: mcmovein (button) (small blind) collected ($6)
Seat 4: AzureCaper (big blind) folded before Flop


PokerStars Hand #164543507902:  Hold'em Limit ($3/$6 USD) - 2017/01/14 1:08:05 ET
Table 'Melete' 6-max Seat #4 is the button
Seat 1: mcmovein ($309.09 in chips)
Seat 4: AzureCaper ($74.04 in chips)
AzureCaper: posts small blind $1
mcmovein: posts big blind $3
*** HOLE CARDS ***
AzureCaper: raises $3 to $6
mcmovein: calls $3
*** FLOP *** [9c Jd 3d]
mcmovein: bets $3
AzureCaper: raises $3 to $6
mcmovein: calls $3
*** TURN *** [9c Jd 3d] [2c]
mcmovein: checks
AzureCaper: bets $6
WackoJacko13 joins the table at seat #2
mcmovein: calls $6
*** RIVER *** [9c Jd 3d 2c] [Qs]
mcmovein: bets $6
AzureCaper: folds
Uncalled bet ($6) returned to mcmovein
mcmovein collected $35.50 from pot
mcmovein: doesn't show hand
*** SUMMARY ***
Total pot $36 | Rake $0.50
Board [9c Jd 3d 2c Qs]
Seat 1: mcmovein (big blind) collected ($35.50)
Seat 4: AzureCaper (button) (small blind) folded on the River


PokerStars Hand #164543501993:  Hold'em Limit ($3/$6 USD) - 2017/01/14 1:07:46 ET
Table 'Melete' 6-max Seat #1 is the button
Seat 1: mcmovein ($288.59 in chips)
Seat 4: AzureCaper ($95.04 in chips)
mcmovein: posts small blind $1
AzureCaper: posts big blind $3
*** HOLE CARDS ***
mcmovein: raises $3 to $6
AzureCaper: raises $3 to $9
mcmovein: calls $3
*** FLOP *** [4s 7c 3h]
AzureCaper: bets $3
mcmovein: raises $3 to $6
AzureCaper: calls $3
*** TURN *** [4s 7c 3h] [2h]
AzureCaper: checks
mcmovein: bets $6
AzureCaper: calls $6
*** RIVER *** [4s 7c 3h 2h] [9d]
AzureCaper: checks
mcmovein: bets $6
AzureCaper: folds
Uncalled bet ($6) returned to mcmovein
mcmovein collected $41.50 from pot
mcmovein: doesn't show hand
*** SUMMARY ***
Total pot $42 | Rake $0.50
Board [4s 7c 3h 2h 9d]
Seat 1: mcmovein (button) (small blind) collected ($41.50)
Seat 4: AzureCaper (big blind) folded on the River


PokerStars Hand #164543495833:  Hold'em Limit ($3/$6 USD) - 2017/01/14 1:07:25 ET
Table 'Melete' 6-max Seat #4 is the button
Seat 1: mcmovein ($274.09 in chips)
Seat 4: AzureCaper ($110.04 in chips)
AzureCaper: posts small blind $1
mcmovein: posts big blind $3
*** HOLE CARDS ***
AzureCaper: raises $3 to $6
mcmovein: calls $3
*** FLOP *** [6h Td As]
mcmovein: bets $3
AzureCaper: calls $3
*** TURN *** [6h Td As] [9c]
mcmovein: checks
AzureCaper: bets $6
mcmovein: calls $6
*** RIVER *** [6h Td As 9c] [Ks]
mcmovein: checks
AzureCaper: checks
*** SHOW DOWN ***
mcmovein: shows [Th 7d] (a pair of Tens)
AzureCaper: mucks hand
mcmovein collected $29.50 from pot
*** SUMMARY ***
Total pot $30 | Rake $0.50
Board [6h Td As 9c Ks]
Seat 1: mcmovein (big blind) showed [Th 7d] and won ($29.50) with a pair of Tens
Seat 4: AzureCaper (button) (small blind) mucked


PokerStars Hand #164546683309:  Hold'em Limit ($3/$6 USD) - 2017/01/14 3:59:37 ET
Table 'Melete' 6-max Seat #3 is the button
Seat 3: Sugar_Mama2 ($135.99 in chips)
Seat 6: eatyermoney ($314.62 in chips)
Sugar_Mama2: posts small blind $1
Agrotait: is sitting out
eatyermoney: posts big blind $3
*** HOLE CARDS ***
Sugar_Mama2: raises $3 to $6
Agrotait leaves the table
eatyermoney: calls $3
*** FLOP *** [6d Qs 9h]
eatyermoney: bets $3
Sugar_Mama2: calls $3
*** TURN *** [6d Qs 9h] [Ah]
eatyermoney: bets $6
Sugar_Mama2: folds
Uncalled bet ($6) returned to eatyermoney
eatyermoney collected $17.64 from pot
eatyermoney: doesn't show hand
*** SUMMARY ***
Total pot $18 | Rake $0.36
Board [6d Qs 9h Ah]
Seat 3: Sugar_Mama2 (button) (small blind) folded on the Turn
Seat 6: eatyermoney (big blind) collected ($17.64)


PokerStars Hand #164546690331:  Hold'em Limit ($3/$6 USD) - 2017/01/14 3:59:59 ET
Table 'Melete' 6-max Seat #3 is the button
Seat 3: Sugar_Mama2 ($127.99 in chips)
Seat 6: eatyermoney ($322.26 in chips)
Sugar_Mama2: posts small blind $1
eatyermoney: posts big blind $3
*** HOLE CARDS ***
Sugar_Mama2: raises $3 to $6
eatyermoney: raises $3 to $9
Sugar_Mama2: raises $3 to $12
Betting is capped
eatyermoney: calls $3
*** FLOP *** [Qd 7s 4c]
eatyermoney: bets $3
Sugar_Mama2: calls $3
*** TURN *** [Qd 7s 4c] [6s]
eatyermoney: bets $6
Sugar_Mama2: raises $6 to $12
eatyermoney: folds
Uncalled bet ($6) returned to Sugar_Mama2
Sugar_Mama2 collected $41.50 from pot
Sugar_Mama2: doesn't show hand
*** SUMMARY ***
Total pot $42 | Rake $0.50
Board [Qd 7s 4c 6s]
Seat 3: Sugar_Mama2 (button) (small blind) collected ($41.50)
Seat 6: eatyermoney (big blind) folded on the Turn


PokerStars Hand #164546697897:  Hold'em Limit ($3/$6 USD) - 2017/01/14 4:00:21 ET
Table 'Melete' 6-max Seat #6 is the button
Seat 3: Sugar_Mama2 ($148.49 in chips)
Seat 6: eatyermoney ($301.26 in chips)
eatyermoney: posts small blind $1
Sugar_Mama2: posts big blind $3
*** HOLE CARDS ***
eatyermoney: calls $2
Sugar_Mama2: checks
*** FLOP *** [4h 7s Ad]
Sugar_Mama2: checks
eatyermoney: bets $3
Sugar_Mama2: folds
Uncalled bet ($3) returned to eatyermoney
eatyermoney collected $5.88 from pot
eatyermoney: doesn't show hand
*** SUMMARY ***
Total pot $6 | Rake $0.12
Board [4h 7s Ad]
Seat 3: Sugar_Mama2 (big blind) folded on the Flop
Seat 6: eatyermoney (button) (small blind) collected ($5.88)


PokerStars Hand #164546688395:  Hold'em Limit ($3/$6 USD) - 2017/01/14 3:59:53 ET
Table 'Melete' 6-max Seat #6 is the button
Seat 3: Sugar_Mama2 ($126.99 in chips)
Seat 6: eatyermoney ($323.26 in chips)
eatyermoney: posts small blind $1
Sugar_Mama2: posts big blind $3
*** HOLE CARDS ***
eatyermoney: folds
Uncalled bet ($2) returned to Sugar_Mama2
Sugar_Mama2 collected $2 from pot
Sugar_Mama2: doesn't show hand
*** SUMMARY ***
Total pot $2 | Rake $0
Seat 3: Sugar_Mama2 (big blind) collected ($2)
Seat 6: eatyermoney (button) (small blind) folded before Flop


PokerStars Hand #164546706133:  Hold'em Limit ($3/$6 USD) - 2017/01/14 4:00:45 ET
Table 'Melete' 6-max Seat #6 is the button
Seat 3: Sugar_Mama2 ($151.25 in chips)
Seat 6: eatyermoney ($298.14 in chips)
eatyermoney: posts small blind $1
Sugar_Mama2: posts big blind $3
*** HOLE CARDS ***
eatyermoney: folds
Uncalled bet ($2) returned to Sugar_Mama2
Sugar_Mama2 collected $2 from pot
Sugar_Mama2: doesn't show hand
*** SUMMARY ***
Total pot $2 | Rake $0
Seat 3: Sugar_Mama2 (big blind) collected ($2)
Seat 6: eatyermoney (button) (small blind) folded before Flop


PokerStars Hand #164546701589:  Hold'em Limit ($3/$6 USD) - 2017/01/14 4:00:32 ET
Table 'Melete' 6-max Seat #3 is the button
Seat 3: Sugar_Mama2 ($145.49 in chips)
Seat 6: eatyermoney ($304.14 in chips)
Sugar_Mama2: posts small blind $1
eatyermoney: posts big blind $3
*** HOLE CARDS ***
Sugar_Mama2: raises $3 to $6
eatyermoney: calls $3
*** FLOP *** [Kc 5d Ac]
eatyermoney: checks
Sugar_Mama2: bets $3
eatyermoney: folds
Uncalled bet ($3) returned to Sugar_Mama2
Sugar_Mama2 collected $11.76 from pot
Sugar_Mama2: doesn't show hand
*** SUMMARY ***
Total pot $12 | Rake $0.24
Board [Kc 5d Ac]
Seat 3: Sugar_Mama2 (button) (small blind) collected ($11.76)
Seat 6: eatyermoney (big blind) folded on the Flop


PokerStars Hand #164546717313:  Hold'em Limit ($3/$6 USD) - 2017/01/14 4:01:17 ET
Table 'Melete' 6-max Seat #6 is the button
Seat 3: Sugar_Mama2 ($137.25 in chips)
Seat 6: eatyermoney ($311.64 in chips)
eatyermoney: posts small blind $1
Sugar_Mama2: posts big blind $3
*** HOLE CARDS ***
eatyermoney: calls $2
Sugar_Mama2: checks
*** FLOP *** [7s Tc Jc]
Sugar_Mama2: checks
eatyermoney: bets $3
Sugar_Mama2: folds
Uncalled bet ($3) returned to eatyermoney
eatyermoney collected $5.88 from pot
*** SUMMARY ***
Total pot $6 | Rake $0.12
Board [7s Tc Jc]
Seat 3: Sugar_Mama2 (big blind) folded on the Flop
Seat 6: eatyermoney (button) (small blind) collected ($5.88)


PokerStars Hand #164546708167:  Hold'em Limit ($3/$6 USD) - 2017/01/14 4:00:51 ET
Table 'Melete' 6-max Seat #3 is the button
Seat 3: Sugar_Mama2 ($152.25 in chips)
Seat 6: eatyermoney ($297.14 in chips)
Sugar_Mama2: posts small blind $1
RIGPIG79 was removed from the table for failing to post
eatyermoney: posts big blind $3
*** HOLE CARDS ***
Sugar_Mama2: raises $3 to $6
eatyermoney: calls $3
*** FLOP *** [Ts 3c Td]
eatyermoney: checks
Sugar_Mama2: bets $3
eatyermoney: calls $3
*** TURN *** [Ts 3c Td] [5d]
eatyermoney: checks
Sugar_Mama2: bets $6
eatyermoney: calls $6
*** RIVER *** [Ts 3c Td 5d] [2c]
eatyermoney: checks
Sugar_Mama2: checks
*** SHOW DOWN ***
eatyermoney: shows [Kc 8d] (a pair of Tens)
Sugar_Mama2: mucks hand
eatyermoney collected $29.50 from pot
*** SUMMARY ***
Total pot $30 | Rake $0.50
Board [Ts 3c Td 5d 2c]
Seat 3: Sugar_Mama2 (button) (small blind) mucked
Seat 6: eatyermoney (big blind) showed [Kc 8d] and won ($29.50) with a pair of Tens


PokerStars Hand #164546747282:  Hold'em Limit ($3/$6 USD) - 2017/01/14 4:02:41 ET
Table 'Melete' 6-max Seat #6 is the button
Seat 3: Sugar_Mama2 ($184.25 in chips)
Seat 6: eatyermoney ($263.40 in chips)
eatyermoney: posts small blind $1
Sugar_Mama2: posts big blind $3
*** HOLE CARDS ***
eatyermoney: folds
Uncalled bet ($2) returned to Sugar_Mama2
Sugar_Mama2 collected $2 from pot
Sugar_Mama2: doesn't show hand
*** SUMMARY ***
Total pot $2 | Rake $0
Seat 3: Sugar_Mama2 (big blind) collected ($2)
Seat 6: eatyermoney (button) (small blind) folded before Flop


PokerStars Hand #164546738661:  Hold'em Limit ($3/$6 USD) - 2017/01/14 4:02:17 ET
Table 'Melete' 6-max Seat #3 is the button
Seat 3: Sugar_Mama2 ($157.75 in chips)
Seat 6: eatyermoney ($290.40 in chips)
Sugar_Mama2: posts small blind $1
eatyermoney: posts big blind $3
*** HOLE CARDS ***
Sugar_Mama2: raises $3 to $6
eatyermoney: calls $3
*** FLOP *** [Tc 4d Ts]
eatyermoney: checks
Sugar_Mama2: bets $3
eatyermoney: calls $3
*** TURN *** [Tc 4d Ts] [8h]
eatyermoney: checks
Sugar_Mama2: bets $6
eatyermoney: raises $6 to $12
Sugar_Mama2: calls $6
*** RIVER *** [Tc 4d Ts 8h] [2s]
eatyermoney: bets $6
Sugar_Mama2: calls $6
*** SHOW DOWN ***
eatyermoney: shows [8c 6s] (two pair, Tens and Eights)
Sugar_Mama2: shows [9d 9s] (two pair, Tens and Nines)
Sugar_Mama2 collected $53.50 from pot
*** SUMMARY ***
Total pot $54 | Rake $0.50
Board [Tc 4d Ts 8h 2s]
Seat 3: Sugar_Mama2 (button) (small blind) showed [9d 9s] and won ($53.50) with two pair, Tens and Nines
Seat 6: eatyermoney (big blind) showed [8c 6s] and lost with two pair, Tens and Eights


PokerStars Hand #164546733543:  Hold'em Limit ($3/$6 USD) - 2017/01/14 4:02:02 ET
Table 'Melete' 6-max Seat #6 is the button
Seat 3: Sugar_Mama2 ($160.75 in chips)
Seat 6: eatyermoney ($287.52 in chips)
eatyermoney: posts small blind $1
Sugar_Mama2: posts big blind $3
*** HOLE CARDS ***
eatyermoney: calls $2
Sugar_Mama2: checks
*** FLOP *** [8h Ac Js]
Sugar_Mama2: checks
eatyermoney: bets $3
Sugar_Mama2: folds
Uncalled bet ($3) returned to eatyermoney
eatyermoney collected $5.88 from pot
eatyermoney: doesn't show hand
*** SUMMARY ***
Total pot $6 | Rake $0.12
Board [8h Ac Js]
Seat 3: Sugar_Mama2 (big blind) folded on the Flop
Seat 6: eatyermoney (button) (small blind) collected ($5.88)


PokerStars Hand #164546723454:  Hold'em Limit ($3/$6 USD) - 2017/01/14 4:01:35 ET
Table 'Melete' 6-max Seat #3 is the button
Seat 3: Sugar_Mama2 ($134.25 in chips)
Seat 6: eatyermoney ($314.52 in chips)
Sugar_Mama2: posts small blind $1
eatyermoney: posts big blind $3
*** HOLE CARDS ***
Sugar_Mama2: raises $3 to $6
eatyermoney: calls $3
*** FLOP *** [6s Qs 3h]
eatyermoney: checks
Sugar_Mama2: bets $3
eatyermoney: calls $3
*** TURN *** [6s Qs 3h] [5h]
eatyermoney: checks
Sugar_Mama2: bets $6
eatyermoney: calls $6
*** RIVER *** [6s Qs 3h 5h] [4h]
eatyermoney: bets $6
Sugar_Mama2: raises $6 to $12
eatyermoney: calls $6
*** SHOW DOWN ***
Sugar_Mama2: shows [Jc 7c] (a straight, Three to Seven)
eatyermoney: mucks hand
Sugar_Mama2 collected $53.50 from pot
*** SUMMARY ***
Total pot $54 | Rake $0.50
Board [6s Qs 3h 5h 4h]
Seat 3: Sugar_Mama2 (button) (small blind) showed [Jc 7c] and won ($53.50) with a straight, Three to Seven
Seat 6: eatyermoney (big blind) mucked


PokerStars Hand #164546756250:  Hold'em Limit ($3/$6 USD) - 2017/01/14 4:03:06 ET
Table 'Melete' 6-max Seat #6 is the button
Seat 3: Sugar_Mama2 ($193.89 in chips)
Seat 6: eatyermoney ($253.40 in chips)
eatyermoney: posts small blind $1
Sugar_Mama2: posts big blind $3
*** HOLE CARDS ***
eatyermoney: raises $3 to $6
Sugar_Mama2: folds
Uncalled bet ($3) returned to eatyermoney
eatyermoney collected $6 from pot
eatyermoney: doesn't show hand
*** SUMMARY ***
Total pot $6 | Rake $0
Seat 3: Sugar_Mama2 (big blind) folded before Flop
Seat 6: eatyermoney (button) (small blind) collected ($6)


PokerStars Hand #164546749172:  Hold'em Limit ($3/$6 USD) - 2017/01/14 4:02:46 ET
Table 'Melete' 6-max Seat #3 is the button
Seat 3: Sugar_Mama2 ($185.25 in chips)
Seat 6: eatyermoney ($262.40 in chips)
Sugar_Mama2: posts small blind $1
eatyermoney: posts big blind $3
*** HOLE CARDS ***
Sugar_Mama2: raises $3 to $6
eatyermoney: calls $3
*** FLOP *** [6s 4c Kd]
eatyermoney: checks
Sugar_Mama2: bets $3
eatyermoney: calls $3
*** TURN *** [6s 4c Kd] [Qs]
eatyermoney: checks
Sugar_Mama2: bets $6
eatyermoney: folds
Uncalled bet ($6) returned to Sugar_Mama2
Sugar_Mama2 collected $17.64 from pot
Sugar_Mama2: doesn't show hand
*** SUMMARY ***
Total pot $18 | Rake $0.36
Board [6s 4c Kd Qs]
Seat 3: Sugar_Mama2 (button) (small blind) collected ($17.64)
Seat 6: eatyermoney (big blind) folded on the Turn


PokerStars Hand #164546770644:  Hold'em Limit ($3/$6 USD) - 2017/01/14 4:03:45 ET
Table 'Melete' 6-max Seat #6 is the button
Seat 3: Sugar_Mama2 ($208.39 in chips)
Seat 6: eatyermoney ($238.40 in chips)
eatyermoney: posts small blind $1
Sugar_Mama2: posts big blind $3
*** HOLE CARDS ***
eatyermoney: folds
Uncalled bet ($2) returned to Sugar_Mama2
eatyermoney leaves the table
Sugar_Mama2 collected $2 from pot
Sugar_Mama2: doesn't show hand
*** SUMMARY ***
Total pot $2 | Rake $0
Seat 3: Sugar_Mama2 (big blind) collected ($2)
Seat 6: eatyermoney (button) (small blind) folded before Flop


PokerStars Hand #164546758946:  Hold'em Limit ($3/$6 USD) - 2017/01/14 4:03:13 ET
Table 'Melete' 6-max Seat #3 is the button
Seat 3: Sugar_Mama2 ($190.89 in chips)
Seat 6: eatyermoney ($256.40 in chips)
Sugar_Mama2: posts small blind $1
eatyermoney: posts big blind $3
*** HOLE CARDS ***
Sugar_Mama2: raises $3 to $6
eatyermoney: raises $3 to $9
Sugar_Mama2: calls $3
*** FLOP *** [7h 9s Ad]
eatyermoney: bets $3
Sugar_Mama2: calls $3
*** TURN *** [7h 9s Ad] [8h]
eatyermoney: bets $6
Sugar_Mama2: calls $6
*** RIVER *** [7h 9s Ad 8h] [2d]
eatyermoney: checks
Sugar_Mama2: bets $6
eatyermoney: folds
Uncalled bet ($6) returned to Sugar_Mama2
Sugar_Mama2 collected $35.50 from pot
Sugar_Mama2: doesn't show hand
*** SUMMARY ***
Total pot $36 | Rake $0.50
Board [7h 9s Ad 8h 2d]
Seat 3: Sugar_Mama2 (button) (small blind) collected ($35.50)
Seat 6: eatyermoney (big blind) folded on the River


