PokerStars Hand #168715775247:  Hold'em Limit ($3/$6 USD) - 2017/04/07 15:35:08 ET
Table 'Melete' 6-max Seat #6 is the button
Seat 4: AzureCaper ($72 in chips)
Seat 6: barranqueiro ($200 in chips)
barranqueiro: posts small blind $1
AzureCaper: posts big blind $3
*** HOLE CARDS ***
barranqueiro: raises $3 to $6
RaisemyNut$ joins the table at seat #1
AzureCaper: calls $3
*** FLOP *** [Js 2d 9d]
AzureCaper: checks
barranqueiro: bets $3
AzureCaper: calls $3
*** TURN *** [Js 2d 9d] [Th]
AzureCaper: checks
barranqueiro: checks
*** RIVER *** [Js 2d 9d Th] [8h]
AzureCaper: checks
barranqueiro: bets $6
AzureCaper: folds
Uncalled bet ($6) returned to barranqueiro
barranqueiro collected $17.64 from pot
*** SUMMARY ***
Total pot $18 | Rake $0.36
Board [Js 2d 9d Th 8h]
Seat 4: AzureCaper (big blind) folded on the River
Seat 6: barranqueiro (button) (small blind) collected ($17.64)


PokerStars Hand #168715792657:  Hold'em Limit ($3/$6 USD) - 2017/04/07 15:35:29 ET
Table 'Melete' 6-max Seat #4 is the button
Seat 1: RaisemyNut$ ($120 in chips)
Seat 4: AzureCaper ($72 in chips)
AzureCaper: posts small blind $1
RaisemyNut$: posts big blind $3
*** HOLE CARDS ***
barranqueiro leaves the table
AzureCaper: raises $3 to $6
RaisemyNut$: calls $3
*** FLOP *** [8h 6h 6d]
RaisemyNut$: checks
AzureCaper: bets $3
RaisemyNut$: calls $3
*** TURN *** [8h 6h 6d] [6c]
RaisemyNut$: checks
AzureCaper: bets $6
RaisemyNut$: calls $6
*** RIVER *** [8h 6h 6d 6c] [3s]
RaisemyNut$: checks
AzureCaper: bets $6
RaisemyNut$: folds
Uncalled bet ($6) returned to AzureCaper
AzureCaper collected $29.50 from pot
AzureCaper: doesn't show hand
*** SUMMARY ***
Total pot $30 | Rake $0.50
Board [8h 6h 6d 6c 3s]
Seat 1: RaisemyNut$ (big blind) folded on the River
Seat 4: AzureCaper (button) (small blind) collected ($29.50)


PokerStars Hand #168716323519:  Hold'em Limit ($3/$6 USD) - 2017/04/07 15:45:46 ET
Table 'Melete' 6-max Seat #4 is the button
Seat 4: AzureCaper ($72 in chips)
Seat 6: barranqueiro ($120 in chips)
jeanpierreCH joins the table at seat #3
AzureCaper: posts small blind $1
barranqueiro: posts big blind $3
*** HOLE CARDS ***
zxkz joins the table at seat #1
AzureCaper: raises $3 to $6
barranqueiro: calls $3
*** FLOP *** [Jh 8c 4c]
barranqueiro: checks
AzureCaper: checks
*** TURN *** [Jh 8c 4c] [5c]
barranqueiro: bets $6
vestimokrec joins the table at seat #5
AzureCaper: folds
Uncalled bet ($6) returned to barranqueiro
barranqueiro collected $11.76 from pot
*** SUMMARY ***
Total pot $12 | Rake $0.24
Board [Jh 8c 4c 5c]
Seat 4: AzureCaper (button) (small blind) folded on the Turn
Seat 6: barranqueiro (big blind) collected ($11.76)


PokerStars Hand #168716807547:  Hold'em Limit ($3/$6 USD) - 2017/04/07 15:55:09 ET
Table 'Melete' 6-max Seat #3 is the button
Seat 1: zxkz ($92.86 in chips)
Seat 3: DimaZips ($117 in chips)
DimaZips: posts small blind $1
zxkz: posts big blind $3
*** HOLE CARDS ***
DimaZips: folds
Uncalled bet ($2) returned to zxkz
zxkz collected $2 from pot
zxkz: doesn't show hand
*** SUMMARY ***
Total pot $2 | Rake $0
Seat 1: zxkz (big blind) collected ($2)
Seat 3: DimaZips (button) (small blind) folded before Flop


PokerStars Hand #168716850868:  Hold'em Limit ($3/$6 USD) - 2017/04/07 15:56:13 ET
Table 'Melete' 6-max Seat #2 is the button
Seat 2: RaisemyNut$ ($128.16 in chips)
Seat 3: DimaZips ($124.52 in chips)
RaisemyNut$: posts small blind $1
DimaZips: posts big blind $3
*** HOLE CARDS ***
RaisemyNut$: raises $3 to $6
DimaZips: folds
Uncalled bet ($3) returned to RaisemyNut$
RaisemyNut$ collected $6 from pot
RaisemyNut$: doesn't show hand
*** SUMMARY ***
Total pot $6 | Rake $0
Seat 2: RaisemyNut$ (button) (small blind) collected ($6)
Seat 3: DimaZips (big blind) folded before Flop


PokerStars Hand #168716844647:  Hold'em Limit ($3/$6 USD) - 2017/04/07 15:56:04 ET
Table 'Melete' 6-max Seat #3 is the button
Seat 2: RaisemyNut$ ($127.16 in chips)
Seat 3: DimaZips ($125.52 in chips)
DimaZips: posts small blind $1
zxkz: is sitting out
RaisemyNut$: posts big blind $3
*** HOLE CARDS ***
zxkz leaves the table
DimaZips: folds
Uncalled bet ($2) returned to RaisemyNut$
RaisemyNut$ collected $2 from pot
RaisemyNut$: doesn't show hand
*** SUMMARY ***
Total pot $2 | Rake $0
Seat 2: RaisemyNut$ (big blind) collected ($2)
Seat 3: DimaZips (button) (small blind) folded before Flop


PokerStars Hand #168716820476:  Hold'em Limit ($3/$6 USD) - 2017/04/07 15:55:28 ET
Table 'Melete' 6-max Seat #3 is the button
Seat 1: zxkz ($96.86 in chips)
Seat 3: DimaZips ($113 in chips)
DimaZips: posts small blind $1
zxkz: posts big blind $3
*** HOLE CARDS ***
DimaZips: raises $3 to $6
zxkz: calls $3
*** FLOP *** [4c Ad 4h]
zxkz: checks
DimaZips: bets $3
zxkz: raises $3 to $6
DimaZips: calls $3
*** TURN *** [4c Ad 4h] [5h]
zxkz: checks
DimaZips: checks
*** RIVER *** [4c Ad 4h 5h] [6s]
zxkz: checks
DimaZips: checks
*** SHOW DOWN ***
zxkz: shows [Ts 7c] (a pair of Fours)
DimaZips: shows [3h 3c] (two pair, Fours and Threes)
DimaZips collected $23.52 from pot
*** SUMMARY ***
Total pot $24 | Rake $0.48
Board [4c Ad 4h 5h 6s]
Seat 1: zxkz (big blind) showed [Ts 7c] and lost with a pair of Fours
Seat 3: DimaZips (button) (small blind) showed [3h 3c] and won ($23.52) with two pair, Fours and Threes


PokerStars Hand #168716811676:  Hold'em Limit ($3/$6 USD) - 2017/04/07 15:55:14 ET
Table 'Melete' 6-max Seat #1 is the button
Seat 1: zxkz ($93.86 in chips)
Seat 3: DimaZips ($116 in chips)
zxkz: posts small blind $1
DimaZips: posts big blind $3
*** HOLE CARDS ***
zxkz: raises $3 to $6
DimaZips: folds
Uncalled bet ($3) returned to zxkz
zxkz collected $6 from pot
zxkz: doesn't show hand
*** SUMMARY ***
Total pot $6 | Rake $0
Seat 1: zxkz (button) (small blind) collected ($6)
Seat 3: DimaZips (big blind) folded before Flop


PokerStars Hand #168716890029:  Hold'em Limit ($3/$6 USD) - 2017/04/07 15:57:13 ET
Table 'Melete' 6-max Seat #3 is the button
Seat 2: RaisemyNut$ ($152.66 in chips)
Seat 3: DimaZips ($99.52 in chips)
DimaZips: posts small blind $1
RaisemyNut$: posts big blind $3
*** HOLE CARDS ***
DimaZips: folds
Uncalled bet ($2) returned to RaisemyNut$
RaisemyNut$ collected $2 from pot
RaisemyNut$: doesn't show hand
*** SUMMARY ***
Total pot $2 | Rake $0
Seat 2: RaisemyNut$ (big blind) collected ($2)
Seat 3: DimaZips (button) (small blind) folded before Flop


PokerStars Hand #168716885705:  Hold'em Limit ($3/$6 USD) - 2017/04/07 15:57:06 ET
Table 'Melete' 6-max Seat #2 is the button
Seat 2: RaisemyNut$ ($149.66 in chips)
Seat 3: DimaZips ($102.52 in chips)
RaisemyNut$: posts small blind $1
DimaZips: posts big blind $3
*** HOLE CARDS ***
RaisemyNut$: raises $3 to $6
DimaZips: folds
Uncalled bet ($3) returned to RaisemyNut$
RaisemyNut$ collected $6 from pot
RaisemyNut$: doesn't show hand
*** SUMMARY ***
Total pot $6 | Rake $0
Seat 2: RaisemyNut$ (button) (small blind) collected ($6)
Seat 3: DimaZips (big blind) folded before Flop


PokerStars Hand #168716882786:  Hold'em Limit ($3/$6 USD) - 2017/04/07 15:57:02 ET
Table 'Melete' 6-max Seat #3 is the button
Seat 2: RaisemyNut$ ($148.66 in chips)
Seat 3: DimaZips ($103.52 in chips)
DimaZips: posts small blind $1
RaisemyNut$: posts big blind $3
*** HOLE CARDS ***
DimaZips: folds
Uncalled bet ($2) returned to RaisemyNut$
RaisemyNut$ collected $2 from pot
RaisemyNut$: doesn't show hand
*** SUMMARY ***
Total pot $2 | Rake $0
Seat 2: RaisemyNut$ (big blind) collected ($2)
Seat 3: DimaZips (button) (small blind) folded before Flop


PokerStars Hand #168716877982:  Hold'em Limit ($3/$6 USD) - 2017/04/07 15:56:55 ET
Table 'Melete' 6-max Seat #2 is the button
Seat 2: RaisemyNut$ ($149.66 in chips)
Seat 3: DimaZips ($102.52 in chips)
RaisemyNut$: posts small blind $1
DimaZips: posts big blind $3
*** HOLE CARDS ***
RaisemyNut$: folds
Uncalled bet ($2) returned to DimaZips
DimaZips collected $2 from pot
DimaZips: doesn't show hand
*** SUMMARY ***
Total pot $2 | Rake $0
Seat 2: RaisemyNut$ (button) (small blind) folded before Flop
Seat 3: DimaZips (big blind) collected ($2)


PokerStars Hand #168716862005:  Hold'em Limit ($3/$6 USD) - 2017/04/07 15:56:31 ET
Table 'Melete' 6-max Seat #3 is the button
Seat 2: RaisemyNut$ ($135.16 in chips)
Seat 3: DimaZips ($117.52 in chips)
DimaZips: posts small blind $1
RaisemyNut$: posts big blind $3
*** HOLE CARDS ***
DimaZips: raises $3 to $6
RaisemyNut$: calls $3
*** FLOP *** [Jh Th Kd]
RaisemyNut$: checks
DimaZips: bets $3
RaisemyNut$: calls $3
*** TURN *** [Jh Th Kd] [3c]
RaisemyNut$: checks
DimaZips: bets $6
RaisemyNut$: calls $6
*** RIVER *** [Jh Th Kd 3c] [7h]
RaisemyNut$: checks
DimaZips: checks
*** SHOW DOWN ***
RaisemyNut$: shows [Js 7c] (two pair, Jacks and Sevens)
DimaZips: mucks hand
RaisemyNut$ collected $29.50 from pot
*** SUMMARY ***
Total pot $30 | Rake $0.50
Board [Jh Th Kd 3c 7h]
Seat 2: RaisemyNut$ (big blind) showed [Js 7c] and won ($29.50) with two pair, Jacks and Sevens
Seat 3: DimaZips (button) (small blind) mucked


PokerStars Hand #168716858058:  Hold'em Limit ($3/$6 USD) - 2017/04/07 15:56:25 ET
Table 'Melete' 6-max Seat #2 is the button
Seat 2: RaisemyNut$ ($132.16 in chips)
Seat 3: DimaZips ($120.52 in chips)
RaisemyNut$: posts small blind $1
DimaZips: posts big blind $3
*** HOLE CARDS ***
RaisemyNut$: raises $3 to $6
DimaZips: folds
Uncalled bet ($3) returned to RaisemyNut$
RaisemyNut$ collected $6 from pot
RaisemyNut$: doesn't show hand
*** SUMMARY ***
Total pot $6 | Rake $0
Seat 2: RaisemyNut$ (button) (small blind) collected ($6)
Seat 3: DimaZips (big blind) folded before Flop


PokerStars Hand #168716855243:  Hold'em Limit ($3/$6 USD) - 2017/04/07 15:56:20 ET
Table 'Melete' 6-max Seat #3 is the button
Seat 2: RaisemyNut$ ($131.16 in chips)
Seat 3: DimaZips ($121.52 in chips)
DimaZips: posts small blind $1
RaisemyNut$: posts big blind $3
*** HOLE CARDS ***
DimaZips: folds
Uncalled bet ($2) returned to RaisemyNut$
RaisemyNut$ collected $2 from pot
RaisemyNut$: doesn't show hand
*** SUMMARY ***
Total pot $2 | Rake $0
Seat 2: RaisemyNut$ (big blind) collected ($2)
Seat 3: DimaZips (button) (small blind) folded before Flop


PokerStars Hand #168716918028:  Hold'em Limit ($3/$6 USD) - 2017/04/07 15:57:55 ET
Table 'Melete' 6-max Seat #2 is the button
Seat 2: RaisemyNut$ ($167.18 in chips)
Seat 3: DimaZips ($84.52 in chips)
RaisemyNut$: posts small blind $1
DimaZips: posts big blind $3
*** HOLE CARDS ***
RaisemyNut$: folds
Uncalled bet ($2) returned to DimaZips
DimaZips collected $2 from pot
DimaZips: doesn't show hand
*** SUMMARY ***
Total pot $2 | Rake $0
Seat 2: RaisemyNut$ (button) (small blind) folded before Flop
Seat 3: DimaZips (big blind) collected ($2)


PokerStars Hand #168716915179:  Hold'em Limit ($3/$6 USD) - 2017/04/07 15:57:51 ET
Table 'Melete' 6-max Seat #3 is the button
Seat 2: RaisemyNut$ ($166.18 in chips)
Seat 3: DimaZips ($85.52 in chips)
DimaZips: posts small blind $1
RaisemyNut$: posts big blind $3
*** HOLE CARDS ***
DimaZips: folds
Uncalled bet ($2) returned to RaisemyNut$
RaisemyNut$ collected $2 from pot
RaisemyNut$: doesn't show hand
*** SUMMARY ***
Total pot $2 | Rake $0
Seat 2: RaisemyNut$ (big blind) collected ($2)
Seat 3: DimaZips (button) (small blind) folded before Flop


PokerStars Hand #168716904958:  Hold'em Limit ($3/$6 USD) - 2017/04/07 15:57:35 ET
Table 'Melete' 6-max Seat #2 is the button
Seat 2: RaisemyNut$ ($160.42 in chips)
Seat 3: DimaZips ($91.52 in chips)
RaisemyNut$: posts small blind $1
DimaZips: posts big blind $3
*** HOLE CARDS ***
RaisemyNut$: raises $3 to $6
DimaZips: calls $3
*** FLOP *** [2s Qc 7c]
DimaZips: checks
RaisemyNut$: bets $3
DimaZips: folds
Uncalled bet ($3) returned to RaisemyNut$
RaisemyNut$ collected $11.76 from pot
RaisemyNut$: doesn't show hand
*** SUMMARY ***
Total pot $12 | Rake $0.24
Board [2s Qc 7c]
Seat 2: RaisemyNut$ (button) (small blind) collected ($11.76)
Seat 3: DimaZips (big blind) folded on the Flop


PokerStars Hand #168716894113:  Hold'em Limit ($3/$6 USD) - 2017/04/07 15:57:19 ET
Table 'Melete' 6-max Seat #2 is the button
Seat 2: RaisemyNut$ ($153.66 in chips)
Seat 3: DimaZips ($98.52 in chips)
RaisemyNut$: posts small blind $1
DimaZips: posts big blind $3
*** HOLE CARDS ***
RaisemyNut$: raises $3 to $6
DimaZips: calls $3
*** FLOP *** [4c Ad Th]
DimaZips: checks
RaisemyNut$: bets $3
DimaZips: folds
Uncalled bet ($3) returned to RaisemyNut$
RaisemyNut$ collected $11.76 from pot
RaisemyNut$: doesn't show hand
*** SUMMARY ***
Total pot $12 | Rake $0.24
Board [4c Ad Th]
Seat 2: RaisemyNut$ (button) (small blind) collected ($11.76)
Seat 3: DimaZips (big blind) folded on the Flop


PokerStars Hand #168716902080:  Hold'em Limit ($3/$6 USD) - 2017/04/07 15:57:31 ET
Table 'Melete' 6-max Seat #3 is the button
Seat 2: RaisemyNut$ ($159.42 in chips)
Seat 3: DimaZips ($92.52 in chips)
DimaZips: posts small blind $1
RaisemyNut$: posts big blind $3
*** HOLE CARDS ***
DimaZips: folds
Uncalled bet ($2) returned to RaisemyNut$
RaisemyNut$ collected $2 from pot
RaisemyNut$: doesn't show hand
*** SUMMARY ***
Total pot $2 | Rake $0
Seat 2: RaisemyNut$ (big blind) collected ($2)
Seat 3: DimaZips (button) (small blind) folded before Flop


PokerStars Hand #168716943852:  Hold'em Limit ($3/$6 USD) - 2017/04/07 15:58:33 ET
Table 'Melete' 6-max Seat #2 is the button
Seat 2: RaisemyNut$ ($189.68 in chips)
Seat 3: DimaZips ($61.52 in chips)
RaisemyNut$: posts small blind $1
DimaZips: posts big blind $3
*** HOLE CARDS ***
RaisemyNut$: raises $3 to $6
DimaZips: calls $3
*** FLOP *** [Jh 8s Kc]
DimaZips: checks
RaisemyNut$: bets $3
DimaZips: calls $3
*** TURN *** [Jh 8s Kc] [Ts]
DimaZips: checks
RaisemyNut$: checks
*** RIVER *** [Jh 8s Kc Ts] [Jc]
DimaZips: bets $6
RaisemyNut$: folds
Uncalled bet ($6) returned to DimaZips
DimaZips collected $17.64 from pot
DimaZips: doesn't show hand
*** SUMMARY ***
Total pot $18 | Rake $0.36
Board [Jh 8s Kc Ts Jc]
Seat 2: RaisemyNut$ (button) (small blind) folded on the River
Seat 3: DimaZips (big blind) collected ($17.64)


PokerStars Hand #168716959226:  Hold'em Limit ($3/$6 USD) - 2017/04/07 15:58:56 ET
Table 'Melete' 6-max Seat #3 is the button
Seat 2: RaisemyNut$ ($180.68 in chips)
Seat 3: DimaZips ($70.16 in chips)
DimaZips: posts small blind $1
RaisemyNut$: posts big blind $3
*** HOLE CARDS ***
DimaZips: raises $3 to $6
RaisemyNut$: calls $3
*** FLOP *** [6c 7d Qs]
RaisemyNut$: checks
DimaZips: bets $3
RaisemyNut$: raises $3 to $6
DimaZips: calls $3
*** TURN *** [6c 7d Qs] [3h]
RaisemyNut$: bets $6
DimaZips: folds
Uncalled bet ($6) returned to RaisemyNut$
RaisemyNut$ collected $23.52 from pot
RaisemyNut$: doesn't show hand
*** SUMMARY ***
Total pot $24 | Rake $0.48
Board [6c 7d Qs 3h]
Seat 2: RaisemyNut$ (big blind) collected ($23.52)
Seat 3: DimaZips (button) (small blind) folded on the Turn


PokerStars Hand #168716974490:  Hold'em Limit ($3/$6 USD) - 2017/04/07 15:59:18 ET
Table 'Melete' 6-max Seat #3 is the button
Seat 2: RaisemyNut$ ($195.20 in chips)
Seat 3: DimaZips ($55.16 in chips)
DimaZips: posts small blind $1
RaisemyNut$: posts big blind $3
*** HOLE CARDS ***
DimaZips: folds
Uncalled bet ($2) returned to RaisemyNut$
RaisemyNut$ collected $2 from pot
RaisemyNut$: doesn't show hand
*** SUMMARY ***
Total pot $2 | Rake $0
Seat 2: RaisemyNut$ (big blind) collected ($2)
Seat 3: DimaZips (button) (small blind) folded before Flop


PokerStars Hand #168716970502:  Hold'em Limit ($3/$6 USD) - 2017/04/07 15:59:13 ET
Table 'Melete' 6-max Seat #2 is the button
Seat 2: RaisemyNut$ ($192.20 in chips)
Seat 3: DimaZips ($58.16 in chips)
RaisemyNut$: posts small blind $1
DimaZips: posts big blind $3
*** HOLE CARDS ***
RaisemyNut$: raises $3 to $6
DimaZips: folds
Uncalled bet ($3) returned to RaisemyNut$
RaisemyNut$ collected $6 from pot
RaisemyNut$: doesn't show hand
*** SUMMARY ***
Total pot $6 | Rake $0
Seat 2: RaisemyNut$ (button) (small blind) collected ($6)
Seat 3: DimaZips (big blind) folded before Flop


PokerStars Hand #168716921229:  Hold'em Limit ($3/$6 USD) - 2017/04/07 15:57:59 ET
Table 'Melete' 6-max Seat #3 is the button
Seat 2: RaisemyNut$ ($166.18 in chips)
Seat 3: DimaZips ($85.52 in chips)
DimaZips: posts small blind $1
RaisemyNut$: posts big blind $3
*** HOLE CARDS ***
DimaZips: raises $3 to $6
RaisemyNut$: raises $3 to $9
DimaZips: calls $3
*** FLOP *** [5h 5d 4c]
RaisemyNut$: bets $3
DimaZips: calls $3
*** TURN *** [5h 5d 4c] [Js]
RaisemyNut$: bets $6
DimaZips: calls $6
*** RIVER *** [5h 5d 4c Js] [8c]
RaisemyNut$: bets $6
DimaZips: calls $6
*** SHOW DOWN ***
RaisemyNut$: shows [8h Kh] (two pair, Eights and Fives)
DimaZips: mucks hand
RaisemyNut$ collected $47.50 from pot
*** SUMMARY ***
Total pot $48 | Rake $0.50
Board [5h 5d 4c Js 8c]
Seat 2: RaisemyNut$ (big blind) showed [8h Kh] and won ($47.50) with two pair, Eights and Fives
Seat 3: DimaZips (button) (small blind) mucked


PokerStars Hand #168716983899:  Hold'em Limit ($3/$6 USD) - 2017/04/07 15:59:33 ET
Table 'Melete' 6-max Seat #3 is the button
Seat 2: RaisemyNut$ ($199.20 in chips)
Seat 3: DimaZips ($51.16 in chips)
DimaZips: posts small blind $1
RaisemyNut$: posts big blind $3
*** HOLE CARDS ***
DimaZips: folds
Uncalled bet ($2) returned to RaisemyNut$
RaisemyNut$ collected $2 from pot
RaisemyNut$: doesn't show hand
DimaZips leaves the table
*** SUMMARY ***
Total pot $2 | Rake $0
Seat 2: RaisemyNut$ (big blind) collected ($2)
Seat 3: DimaZips (button) (small blind) folded before Flop


PokerStars Hand #168716977820:  Hold'em Limit ($3/$6 USD) - 2017/04/07 15:59:23 ET
Table 'Melete' 6-max Seat #2 is the button
Seat 2: RaisemyNut$ ($196.20 in chips)
Seat 3: DimaZips ($54.16 in chips)
RaisemyNut$: posts small blind $1
DimaZips: posts big blind $3
*** HOLE CARDS ***
RaisemyNut$: raises $3 to $6
DimaZips: folds
Uncalled bet ($3) returned to RaisemyNut$
RaisemyNut$ collected $6 from pot
RaisemyNut$: doesn't show hand
*** SUMMARY ***
Total pot $6 | Rake $0
Seat 2: RaisemyNut$ (button) (small blind) collected ($6)
Seat 3: DimaZips (big blind) folded before Flop


