PokerStars Hand #161910544551:  Hold'em Limit ($3/$6 USD) - 2016/11/24 17:36:24 ET
Table 'Melitta III' 6-max Seat #2 is the button
Seat 2: laubes04 ($223.40 in chips)
Seat 6: DECAlpha ($70.80 in chips)
laubes04: posts small blind $1
ToDaFelt: is sitting out
DECAlpha: posts big blind $3
*** HOLE CARDS ***
laubes04: raises $3 to $6
DECAlpha: folds
Uncalled bet ($3) returned to laubes04
laubes04 collected $6 from pot
laubes04: doesn't show hand
*** SUMMARY ***
Total pot $6 | Rake $0
Seat 2: laubes04 (button) (small blind) collected ($6)
Seat 6: DECAlpha (big blind) folded before Flop


PokerStars Hand #161910491984:  Hold'em Limit ($3/$6 USD) - 2016/11/24 17:35:19 ET
Table 'Melitta III' 6-max Seat #2 is the button
Seat 2: laubes04 ($234.40 in chips)
Seat 4: ToDaFelt ($125.64 in chips)
DECAlpha will be allowed to play after the button
laubes04: posts small blind $1
ToDaFelt: posts big blind $3
*** HOLE CARDS ***
laubes04: raises $3 to $6
ToDaFelt: calls $3
*** FLOP *** [8d 3h 2h]
ToDaFelt: checks
laubes04: checks
*** TURN *** [8d 3h 2h] [9c]
ToDaFelt: bets $6
laubes04: calls $6
*** RIVER *** [8d 3h 2h 9c] [7d]
ToDaFelt: bets $6
laubes04: folds
Uncalled bet ($6) returned to ToDaFelt
ToDaFelt collected $23.52 from pot
ToDaFelt: doesn't show hand
*** SUMMARY ***
Total pot $24 | Rake $0.48
Board [8d 3h 2h 9c 7d]
Seat 2: laubes04 (button) (small blind) folded on the River
Seat 4: ToDaFelt (big blind) collected ($23.52)


PokerStars Hand #161910558139:  Hold'em Limit ($3/$6 USD) - 2016/11/24 17:36:40 ET
Table 'Melitta III' 6-max Seat #2 is the button
Seat 2: laubes04 ($235.04 in chips)
Seat 6: DECAlpha ($58.80 in chips)
laubes04: posts small blind $1
DECAlpha: posts big blind $3
*** HOLE CARDS ***
laubes04: raises $3 to $6
DECAlpha: calls $3
*** FLOP *** [4d 7h Qd]
DECAlpha: checks
laubes04: bets $3
DECAlpha: folds
Uncalled bet ($3) returned to laubes04
laubes04 collected $11.76 from pot
laubes04: doesn't show hand
*** SUMMARY ***
Total pot $12 | Rake $0.24
Board [4d 7h Qd]
Seat 2: laubes04 (button) (small blind) collected ($11.76)
Seat 6: DECAlpha (big blind) folded on the Flop


PokerStars Hand #161910549241:  Hold'em Limit ($3/$6 USD) - 2016/11/24 17:36:29 ET
Table 'Melitta III' 6-max Seat #6 is the button
Seat 2: laubes04 ($226.40 in chips)
Seat 6: DECAlpha ($67.80 in chips)
DECAlpha: posts small blind $1
laubes04: posts big blind $3
*** HOLE CARDS ***
DECAlpha: raises $3 to $6
ToDaFelt leaves the table
laubes04: raises $3 to $9
DECAlpha: calls $3
*** FLOP *** [9h Ah 5d]
laubes04: bets $3
DECAlpha: folds
Uncalled bet ($3) returned to laubes04
laubes04 collected $17.64 from pot
laubes04: doesn't show hand
*** SUMMARY ***
Total pot $18 | Rake $0.36
Board [9h Ah 5d]
Seat 2: laubes04 (big blind) collected ($17.64)
Seat 6: DECAlpha (button) (small blind) folded on the Flop


PokerStars Hand #161910570069:  Hold'em Limit ($3/$6 USD) - 2016/11/24 17:36:55 ET
Table 'Melitta III' 6-max Seat #6 is the button
Seat 2: laubes04 ($240.80 in chips)
Seat 6: DECAlpha ($52.80 in chips)
DECAlpha: posts small blind $1
laubes04: posts big blind $3
*** HOLE CARDS ***
DECAlpha: raises $3 to $6
laubes04: calls $3
*** FLOP *** [6d Js 5s]
laubes04: bets $3
DECAlpha: folds
Uncalled bet ($3) returned to laubes04
laubes04 collected $11.76 from pot
laubes04: doesn't show hand
*** SUMMARY ***
Total pot $12 | Rake $0.24
Board [6d Js 5s]
Seat 2: laubes04 (big blind) collected ($11.76)
Seat 6: DECAlpha (button) (small blind) folded on the Flop


PokerStars Hand #161910589129:  Hold'em Limit ($3/$6 USD) - 2016/11/24 17:37:18 ET
Table 'Melitta III' 6-max Seat #2 is the button
Seat 2: laubes04 ($246.56 in chips)
Seat 6: DECAlpha ($46.80 in chips)
laubes04: posts small blind $1
DECAlpha: posts big blind $3
*** HOLE CARDS ***
laubes04: raises $3 to $6
DECAlpha: raises $3 to $9
laubes04: calls $3
*** FLOP *** [Ac 5h 3d]
DECAlpha: bets $3
laubes04: raises $3 to $6
DECAlpha: calls $3
*** TURN *** [Ac 5h 3d] [6d]
DECAlpha: checks
laubes04: bets $6
DECAlpha: calls $6
*** RIVER *** [Ac 5h 3d 6d] [Kd]
DECAlpha: checks
laubes04: bets $6
DECAlpha: calls $6
*** SHOW DOWN ***
laubes04: shows [4h Kh] (a pair of Kings)
DECAlpha: mucks hand
laubes04 collected $53.50 from pot
*** SUMMARY ***
Total pot $54 | Rake $0.50
Board [Ac 5h 3d 6d Kd]
Seat 2: laubes04 (button) (small blind) showed [4h Kh] and won ($53.50) with a pair of Kings
Seat 6: DECAlpha (big blind) mucked


PokerStars Hand #161910613273:  Hold'em Limit ($3/$6 USD) - 2016/11/24 17:37:48 ET
Table 'Melitta III' 6-max Seat #6 is the button
Seat 2: laubes04 ($273.06 in chips)
Seat 6: DECAlpha ($19.80 in chips)
DECAlpha: posts small blind $1
laubes04: posts big blind $3
*** HOLE CARDS ***
DECAlpha: raises $3 to $6
laubes04: calls $3
*** FLOP *** [9c 2c Ac]
laubes04: checks
DECAlpha: bets $3
laubes04: raises $3 to $6
DECAlpha: raises $3 to $9
laubes04: calls $3
*** TURN *** [9c 2c Ac] [6c]
laubes04: bets $6
DECAlpha: calls $4.80 and is all-in
Uncalled bet ($1.20) returned to laubes04
*** RIVER *** [9c 2c Ac 6c] [4h]
*** SHOW DOWN ***
laubes04: shows [5s Qc] (a flush, Ace high)
DECAlpha: shows [As Ah] (three of a kind, Aces)
laubes04 collected $39.10 from pot
*** SUMMARY ***
Total pot $39.60 | Rake $0.50
Board [9c 2c Ac 6c 4h]
Seat 2: laubes04 (big blind) showed [5s Qc] and won ($39.10) with a flush, Ace high
Seat 6: DECAlpha (button) (small blind) showed [As Ah] and lost with three of a kind, Aces


