PokerStars Hand #155171963904:  Hold'em Limit ($3/$6 USD) - 2016/06/25 6:04:50 ET
Table 'Meliboea II' 6-max Seat #5 is the button
Seat 5: gorcea_vs ($95.89 in chips)
Seat 6: TbIP-TbIP 88 ($86.50 in chips)
gorcea_vs: posts small blind $1
TbIP-TbIP 88: posts big blind $3
*** HOLE CARDS ***
gorcea_vs: raises $3 to $6
TbIP-TbIP 88: folds
Uncalled bet ($3) returned to gorcea_vs
gorcea_vs collected $6 from pot
gorcea_vs: doesn't show hand
*** SUMMARY ***
Total pot $6 | Rake $0
Seat 5: gorcea_vs (button) (small blind) collected ($6)
Seat 6: TbIP-TbIP 88 (big blind) folded before Flop


PokerStars Hand #155171949162:  Hold'em Limit ($3/$6 USD) - 2016/06/25 6:04:12 ET
Table 'Meliboea II' 6-max Seat #6 is the button
Seat 5: gorcea_vs ($110.89 in chips)
Seat 6: TbIP-TbIP 88 ($72 in chips)
TbIP-TbIP 88: posts small blind $1
gorcea_vs: posts big blind $3
*** HOLE CARDS ***
TbIP-TbIP 88: raises $3 to $6
gorcea_vs: calls $3
*** FLOP *** [6h Jh Kc]
gorcea_vs: checks
TbIP-TbIP 88: bets $3
gorcea_vs: calls $3
*** TURN *** [6h Jh Kc] [2d]
gorcea_vs: checks
TbIP-TbIP 88: checks
*** RIVER *** [6h Jh Kc 2d] [Ac]
hooliganooo joins the table at seat #3
gorcea_vs: checks
TbIP-TbIP 88: bets $6
gorcea_vs: calls $6
*** SHOW DOWN ***
TbIP-TbIP 88: shows [Qd Ah] (a pair of Aces)
gorcea_vs: mucks hand
TbIP-TbIP 88 collected $29.50 from pot
*** SUMMARY ***
Total pot $30 | Rake $0.50
Board [6h Jh Kc 2d Ac]
Seat 5: gorcea_vs (big blind) mucked
Seat 6: TbIP-TbIP 88 (button) (small blind) showed [Qd Ah] and won ($29.50) with a pair of Aces


PokerStars Hand #155172714980:  Hold'em Limit ($3/$6 USD) - 2016/06/25 6:37:10 ET
Table 'Meliboea II' 6-max Seat #5 is the button
Seat 5: gorcea_vs ($66.32 in chips)
Seat 6: TbIP-TbIP 88 ($126.64 in chips)
gorcea_vs: posts small blind $1
TbIP-TbIP 88: posts big blind $3
*** HOLE CARDS ***
gorcea_vs: folds
Uncalled bet ($2) returned to TbIP-TbIP 88
TbIP-TbIP 88 collected $2 from pot
TbIP-TbIP 88: doesn't show hand
*** SUMMARY ***
Total pot $2 | Rake $0
Seat 5: gorcea_vs (button) (small blind) folded before Flop
Seat 6: TbIP-TbIP 88 (big blind) collected ($2)


PokerStars Hand #155172717144:  Hold'em Limit ($3/$6 USD) - 2016/06/25 6:37:15 ET
Table 'Meliboea II' 6-max Seat #6 is the button
Seat 5: gorcea_vs ($65.32 in chips)
Seat 6: TbIP-TbIP 88 ($127.64 in chips)
TbIP-TbIP 88: posts small blind $1
gorcea_vs: posts big blind $3
*** HOLE CARDS ***
TbIP-TbIP 88: raises $3 to $6
gorcea_vs: calls $3
*** FLOP *** [8h 4d Jd]
gorcea_vs: checks
TbIP-TbIP 88: bets $3
gorcea_vs: calls $3
*** TURN *** [8h 4d Jd] [8c]
gorcea_vs: checks
Grieserix joins the table at seat #1
TbIP-TbIP 88: checks
*** RIVER *** [8h 4d Jd 8c] [8d]
gorcea_vs: bets $6
TbIP-TbIP 88: folds
Uncalled bet ($6) returned to gorcea_vs
gorcea_vs collected $17.64 from pot
gorcea_vs: doesn't show hand
*** SUMMARY ***
Total pot $18 | Rake $0.36
Board [8h 4d Jd 8c 8d]
Seat 5: gorcea_vs (big blind) collected ($17.64)
Seat 6: TbIP-TbIP 88 (button) (small blind) folded on the River


