PokerStars Hand #152569224908:  Hold'em Limit ($3/$6 USD) - 2016/04/28 13:13:10 ET
Table 'Melitta' 6-max Seat #6 is the button
Seat 1: krytalex ($168.17 in chips)
Seat 6: conanboy ($177.93 in chips)
conanboy: posts small blind $1
krytalex: posts big blind $3
*** HOLE CARDS ***
conanboy: folds
Uncalled bet ($2) returned to krytalex
krytalex collected $2 from pot
*** SUMMARY ***
Total pot $2 | Rake $0
Seat 1: krytalex (big blind) collected ($2)
Seat 6: conanboy (button) (small blind) folded before Flop


PokerStars Hand #152569201083:  Hold'em Limit ($3/$6 USD) - 2016/04/28 13:12:41 ET
Table 'Melitta' 6-max Seat #1 is the button
Seat 1: krytalex ($144.67 in chips)
Seat 6: conanboy ($201.93 in chips)
krytalex: posts small blind $1
Makomar: is sitting out
conanboy: posts big blind $3
*** HOLE CARDS ***
krytalex: raises $3 to $6
Makomar leaves the table
conanboy: raises $3 to $9
krytalex: calls $3
*** FLOP *** [2c Jc 3h]
conanboy: bets $3
krytalex: calls $3
*** TURN *** [2c Jc 3h] [Jd]
conanboy: bets $6
krytalex: calls $6
*** RIVER *** [2c Jc 3h Jd] [Ad]
conanboy: checks
krytalex: bets $6
conanboy: calls $6
*** SHOW DOWN ***
krytalex: shows [8d Ah] (two pair, Aces and Jacks)
conanboy: mucks hand
krytalex collected $47.50 from pot
*** SUMMARY ***
Total pot $48 | Rake $0.50
Board [2c Jc 3h Jd Ad]
Seat 1: krytalex (button) (small blind) showed [8d Ah] and won ($47.50) with two pair, Aces and Jacks
Seat 6: conanboy (big blind) mucked


