PokerStars Hand #148256182122:  Hold'em Limit ($3/$6 USD) - 2016/02/04 20:59:09 ET
Table 'Meliboea II' 2-max Seat #2 is the button
Seat 1: PbIbak ($120 in chips)
Seat 2: pianopoker ($150.84 in chips)
pianopoker: posts small blind $1
PbIbak: posts big blind $3
*** HOLE CARDS ***
pianopoker: raises $3 to $6
PbIbak: calls $3
*** FLOP *** [Tc 2c Jh]
PbIbak: checks
pianopoker: bets $3
PbIbak: calls $3
*** TURN *** [Tc 2c Jh] [5h]
PbIbak: checks
pianopoker: checks
*** RIVER *** [Tc 2c Jh 5h] [Qc]
PbIbak: checks
pianopoker: checks
*** SHOW DOWN ***
PbIbak: shows [3c 3h] (a pair of Threes)
pianopoker: mucks hand
PbIbak collected $17.64 from pot
*** SUMMARY ***
Total pot $18 | Rake $0.36
Board [Tc 2c Jh 5h Qc]
Seat 1: PbIbak (big blind) showed [3c 3h] and won ($17.64) with a pair of Threes
Seat 2: pianopoker (button) (small blind) mucked


PokerStars Hand #148256189418:  Hold'em Limit ($3/$6 USD) - 2016/02/04 20:59:26 ET
Table 'Meliboea II' 2-max Seat #1 is the button
Seat 1: PbIbak ($128.64 in chips)
Seat 2: pianopoker ($141.84 in chips)
PbIbak: posts small blind $1
pianopoker: posts big blind $3
*** HOLE CARDS ***
PbIbak: raises $3 to $6
pianopoker: calls $3
*** FLOP *** [5s 6s 6h]
pianopoker: checks
PbIbak: bets $3
pianopoker: calls $3
*** TURN *** [5s 6s 6h] [Qs]
pianopoker: checks
PbIbak: bets $6
pianopoker: calls $6
*** RIVER *** [5s 6s 6h Qs] [Qh]
pianopoker: checks
PbIbak: bets $6
pianopoker: folds
Uncalled bet ($6) returned to PbIbak
PbIbak collected $29.50 from pot
PbIbak: doesn't show hand
*** SUMMARY ***
Total pot $30 | Rake $0.50
Board [5s 6s 6h Qs Qh]
Seat 1: PbIbak (button) (small blind) collected ($29.50)
Seat 2: pianopoker (big blind) folded on the River


PokerStars Hand #148256201447:  Hold'em Limit ($3/$6 USD) - 2016/02/04 20:59:54 ET
Table 'Meliboea II' 2-max Seat #1 is the button
Seat 1: PbIbak ($140.14 in chips)
Seat 2: pianopoker ($129.84 in chips)
PbIbak: posts small blind $1
pianopoker: posts big blind $3
*** HOLE CARDS ***
PbIbak: raises $3 to $6
pianopoker: folds
Uncalled bet ($3) returned to PbIbak
PbIbak collected $6 from pot
PbIbak: doesn't show hand
*** SUMMARY ***
Total pot $6 | Rake $0
Seat 1: PbIbak (button) (small blind) collected ($6)
Seat 2: pianopoker (big blind) folded before Flop


PokerStars Hand #148256197811:  Hold'em Limit ($3/$6 USD) - 2016/02/04 20:59:46 ET
Table 'Meliboea II' 2-max Seat #2 is the button
Seat 1: PbIbak ($143.14 in chips)
Seat 2: pianopoker ($126.84 in chips)
pianopoker: posts small blind $1
PbIbak: posts big blind $3
*** HOLE CARDS ***
pianopoker: raises $3 to $6
PbIbak: folds
Uncalled bet ($3) returned to pianopoker
pianopoker collected $6 from pot
pianopoker: doesn't show hand
*** SUMMARY ***
Total pot $6 | Rake $0
Seat 1: PbIbak (big blind) folded before Flop
Seat 2: pianopoker (button) (small blind) collected ($6)


PokerStars Hand #148256203788:  Hold'em Limit ($3/$6 USD) - 2016/02/04 21:00:00 ET
Table 'Meliboea II' 2-max Seat #2 is the button
Seat 1: PbIbak ($143.14 in chips)
Seat 2: pianopoker ($126.84 in chips)
pianopoker: posts small blind $1
PbIbak: posts big blind $3
*** HOLE CARDS ***
pianopoker: folds
Uncalled bet ($2) returned to PbIbak
PbIbak collected $2 from pot
PbIbak: doesn't show hand
*** SUMMARY ***
Total pot $2 | Rake $0
Seat 1: PbIbak (big blind) collected ($2)
Seat 2: pianopoker (button) (small blind) folded before Flop


PokerStars Hand #148256208521:  Hold'em Limit ($3/$6 USD) - 2016/02/04 21:00:11 ET
Table 'Meliboea II' 2-max Seat #2 is the button
Seat 1: PbIbak ($147.14 in chips)
Seat 2: pianopoker ($122.84 in chips)
pianopoker: posts small blind $1
PbIbak: posts big blind $3
*** HOLE CARDS ***
pianopoker: folds
Uncalled bet ($2) returned to PbIbak
PbIbak collected $2 from pot
PbIbak: doesn't show hand
*** SUMMARY ***
Total pot $2 | Rake $0
Seat 1: PbIbak (big blind) collected ($2)
Seat 2: pianopoker (button) (small blind) folded before Flop


PokerStars Hand #148256205786:  Hold'em Limit ($3/$6 USD) - 2016/02/04 21:00:05 ET
Table 'Meliboea II' 2-max Seat #1 is the button
Seat 1: PbIbak ($144.14 in chips)
Seat 2: pianopoker ($125.84 in chips)
PbIbak: posts small blind $1
pianopoker: posts big blind $3
*** HOLE CARDS ***
PbIbak: raises $3 to $6
pianopoker: folds
Uncalled bet ($3) returned to PbIbak
PbIbak collected $6 from pot
PbIbak: doesn't show hand
*** SUMMARY ***
Total pot $6 | Rake $0
Seat 1: PbIbak (button) (small blind) collected ($6)
Seat 2: pianopoker (big blind) folded before Flop


PokerStars Hand #148256211017:  Hold'em Limit ($3/$6 USD) - 2016/02/04 21:00:16 ET
Table 'Meliboea II' 2-max Seat #1 is the button
Seat 1: PbIbak ($148.14 in chips)
Seat 2: pianopoker ($121.84 in chips)
PbIbak: posts small blind $1
pianopoker: posts big blind $3
*** HOLE CARDS ***
PbIbak: raises $3 to $6
pianopoker: raises $3 to $9
PbIbak: calls $3
*** FLOP *** [3c 7h 8d]
pianopoker: bets $3
PbIbak: calls $3
*** TURN *** [3c 7h 8d] [Kh]
pianopoker: checks
PbIbak: bets $6
pianopoker: raises $6 to $12
PbIbak: folds
Uncalled bet ($6) returned to pianopoker
pianopoker collected $35.50 from pot
pianopoker: doesn't show hand
*** SUMMARY ***
Total pot $36 | Rake $0.50
Board [3c 7h 8d Kh]
Seat 1: PbIbak (button) (small blind) folded on the Turn
Seat 2: pianopoker (big blind) collected ($35.50)


PokerStars Hand #148256219018:  Hold'em Limit ($3/$6 USD) - 2016/02/04 21:00:34 ET
Table 'Meliboea II' 2-max Seat #2 is the button
Seat 1: PbIbak ($130.14 in chips)
Seat 2: pianopoker ($139.34 in chips)
pianopoker: posts small blind $1
PbIbak: posts big blind $3
*** HOLE CARDS ***
pianopoker: raises $3 to $6
PbIbak: calls $3
*** FLOP *** [6s 8s 2s]
PbIbak: checks
pianopoker: bets $3
PbIbak: raises $3 to $6
pianopoker: raises $3 to $9
PbIbak: calls $3
*** TURN *** [6s 8s 2s] [6h]
PbIbak: checks
pianopoker: checks
*** RIVER *** [6s 8s 2s 6h] [Ah]
PbIbak: checks
pianopoker: bets $6
PbIbak: folds
Uncalled bet ($6) returned to pianopoker
pianopoker collected $29.50 from pot
pianopoker: doesn't show hand
*** SUMMARY ***
Total pot $30 | Rake $0.50
Board [6s 8s 2s 6h Ah]
Seat 1: PbIbak (big blind) folded on the River
Seat 2: pianopoker (button) (small blind) collected ($29.50)


PokerStars Hand #148256230525:  Hold'em Limit ($3/$6 USD) - 2016/02/04 21:00:59 ET
Table 'Meliboea II' 2-max Seat #1 is the button
Seat 1: PbIbak ($115.14 in chips)
Seat 2: pianopoker ($153.84 in chips)
PbIbak: posts small blind $1
pianopoker: posts big blind $3
*** HOLE CARDS ***
PbIbak: raises $3 to $6
pianopoker: raises $3 to $9
PbIbak: calls $3
*** FLOP *** [6h 6s 9h]
pianopoker: bets $3
PbIbak: calls $3
*** TURN *** [6h 6s 9h] [9d]
pianopoker: bets $6
PbIbak: calls $6
*** RIVER *** [6h 6s 9h 9d] [Ac]
pianopoker: bets $6
PbIbak: calls $6
*** SHOW DOWN ***
pianopoker: shows [Qh Ad] (two pair, Aces and Nines)
PbIbak: mucks hand
pianopoker collected $47.50 from pot
*** SUMMARY ***
Total pot $48 | Rake $0.50
Board [6h 6s 9h 9d Ac]
Seat 1: PbIbak (button) (small blind) mucked
Seat 2: pianopoker (big blind) showed [Qh Ad] and won ($47.50) with two pair, Aces and Nines


PokerStars Hand #148256236925:  Hold'em Limit ($3/$6 USD) - 2016/02/04 21:01:13 ET
Table 'Meliboea II' 2-max Seat #2 is the button
Seat 1: PbIbak ($91.14 in chips)
Seat 2: pianopoker ($177.34 in chips)
pianopoker: posts small blind $1
PbIbak: posts big blind $3
*** HOLE CARDS ***
pianopoker: raises $3 to $6
PbIbak: calls $3
*** FLOP *** [3s 8d 8s]
PbIbak: checks
pianopoker: bets $3
PbIbak: calls $3
*** TURN *** [3s 8d 8s] [5s]
PbIbak: checks
pianopoker: checks
*** RIVER *** [3s 8d 8s 5s] [5c]
PbIbak: checks
pianopoker: bets $6
PbIbak: folds
Uncalled bet ($6) returned to pianopoker
pianopoker collected $17.64 from pot
pianopoker: doesn't show hand
*** SUMMARY ***
Total pot $18 | Rake $0.36
Board [3s 8d 8s 5s 5c]
Seat 1: PbIbak (big blind) folded on the River
Seat 2: pianopoker (button) (small blind) collected ($17.64)


PokerStars Hand #148256247300:  Hold'em Limit ($3/$6 USD) - 2016/02/04 21:01:35 ET
Table 'Meliboea II' 2-max Seat #2 is the button
Seat 1: PbIbak ($85.14 in chips)
Seat 2: pianopoker ($182.98 in chips)
pianopoker: posts small blind $1
PbIbak: posts big blind $3
*** HOLE CARDS ***
pianopoker: folds
Uncalled bet ($2) returned to PbIbak
PbIbak collected $2 from pot
PbIbak: doesn't show hand
*** SUMMARY ***
Total pot $2 | Rake $0
Seat 1: PbIbak (big blind) collected ($2)
Seat 2: pianopoker (button) (small blind) folded before Flop


PokerStars Hand #148256244190:  Hold'em Limit ($3/$6 USD) - 2016/02/04 21:01:29 ET
Table 'Meliboea II' 2-max Seat #1 is the button
Seat 1: PbIbak ($82.14 in chips)
Seat 2: pianopoker ($185.98 in chips)
PbIbak: posts small blind $1
pianopoker: posts big blind $3
*** HOLE CARDS ***
PbIbak: raises $3 to $6
pianopoker: folds
Uncalled bet ($3) returned to PbIbak
PbIbak collected $6 from pot
PbIbak: doesn't show hand
*** SUMMARY ***
Total pot $6 | Rake $0
Seat 1: PbIbak (button) (small blind) collected ($6)
Seat 2: pianopoker (big blind) folded before Flop


PokerStars Hand #148256264780:  Hold'em Limit ($3/$6 USD) - 2016/02/04 21:02:12 ET
Table 'Meliboea II' 2-max Seat #2 is the button
Seat 1: PbIbak ($97.53 in chips)
Seat 2: pianopoker ($169.73 in chips)
pianopoker: posts small blind $1
PbIbak: posts big blind $3
*** HOLE CARDS ***
pianopoker: raises $3 to $6
PbIbak: raises $3 to $9
pianopoker: raises $3 to $12
Betting is capped
PbIbak: calls $3
*** FLOP *** [Kd 8d 9c]
PbIbak: checks
pianopoker: bets $3
PbIbak: raises $3 to $6
pianopoker: calls $3
*** TURN *** [Kd 8d 9c] [As]
PbIbak: checks
pianopoker: checks
*** RIVER *** [Kd 8d 9c As] [Jc]
PbIbak: bets $6
pianopoker: calls $6
*** SHOW DOWN ***
PbIbak: shows [Qs Ks] (a pair of Kings)
pianopoker: mucks hand
PbIbak collected $47.50 from pot
*** SUMMARY ***
Total pot $48 | Rake $0.50
Board [Kd 8d 9c As Jc]
Seat 1: PbIbak (big blind) showed [Qs Ks] and won ($47.50) with a pair of Kings
Seat 2: pianopoker (button) (small blind) mucked


PokerStars Hand #148256262137:  Hold'em Limit ($3/$6 USD) - 2016/02/04 21:02:06 ET
Table 'Meliboea II' 2-max Seat #1 is the button
Seat 1: PbIbak ($94.53 in chips)
Seat 2: pianopoker ($172.73 in chips)
PbIbak: posts small blind $1
pianopoker: posts big blind $3
*** HOLE CARDS ***
PbIbak: raises $3 to $6
pianopoker: folds
Uncalled bet ($3) returned to PbIbak
PbIbak collected $6 from pot
PbIbak: doesn't show hand
*** SUMMARY ***
Total pot $6 | Rake $0
Seat 1: PbIbak (button) (small blind) collected ($6)
Seat 2: pianopoker (big blind) folded before Flop


PokerStars Hand #148256256443:  Hold'em Limit ($3/$6 USD) - 2016/02/04 21:01:54 ET
Table 'Meliboea II' 2-max Seat #2 is the button
Seat 1: PbIbak ($85.89 in chips)
Seat 2: pianopoker ($181.73 in chips)
pianopoker: posts small blind $1
PbIbak: posts big blind $3
*** HOLE CARDS ***
pianopoker: raises $3 to $6
PbIbak: calls $3
*** FLOP *** [2s 3h 2h]
PbIbak: checks
pianopoker: bets $3
PbIbak: raises $3 to $6
pianopoker: folds
Uncalled bet ($3) returned to PbIbak
PbIbak collected $17.64 from pot
PbIbak: doesn't show hand
*** SUMMARY ***
Total pot $18 | Rake $0.36
Board [2s 3h 2h]
Seat 1: PbIbak (big blind) collected ($17.64)
Seat 2: pianopoker (button) (small blind) folded on the Flop


PokerStars Hand #148256249564:  Hold'em Limit ($3/$6 USD) - 2016/02/04 21:01:40 ET
Table 'Meliboea II' 2-max Seat #1 is the button
Seat 1: PbIbak ($86.14 in chips)
Seat 2: pianopoker ($181.98 in chips)
PbIbak: posts small blind $1
pianopoker: posts big blind $3
*** HOLE CARDS ***
PbIbak: raises $3 to $6
pianopoker: calls $3
*** FLOP *** [Tc Ts Qd]
pianopoker: checks
PbIbak: bets $3
pianopoker: calls $3
*** TURN *** [Tc Ts Qd] [Th]
pianopoker: checks
PbIbak: checks
*** RIVER *** [Tc Ts Qd Th] [7s]
pianopoker: bets $6
PbIbak: calls $6
*** SHOW DOWN ***
pianopoker: shows [5c Kh] (three of a kind, Tens)
PbIbak: shows [8s Kc] (three of a kind, Tens)
pianopoker collected $14.75 from pot
PbIbak collected $14.75 from pot
*** SUMMARY ***
Total pot $30 | Rake $0.50
Board [Tc Ts Qd Th 7s]
Seat 1: PbIbak (button) (small blind) showed [8s Kc] and won ($14.75) with three of a kind, Tens
Seat 2: pianopoker (big blind) showed [5c Kh] and won ($14.75) with three of a kind, Tens


PokerStars Hand #148256274845:  Hold'em Limit ($3/$6 USD) - 2016/02/04 21:02:33 ET
Table 'Meliboea II' 2-max Seat #1 is the button
Seat 1: PbIbak ($121.03 in chips)
Seat 2: pianopoker ($145.73 in chips)
PbIbak: posts small blind $1
pianopoker: posts big blind $3
*** HOLE CARDS ***
PbIbak: raises $3 to $6
pianopoker: calls $3
*** FLOP *** [3d 3c Ks]
pianopoker: checks
PbIbak: bets $3
pianopoker said, "yeah look"
pianopoker said, "you got lucky:)"
pianopoker: folds
Uncalled bet ($3) returned to PbIbak
PbIbak collected $11.76 from pot
PbIbak: doesn't show hand
*** SUMMARY ***
Total pot $12 | Rake $0.24
Board [3d 3c Ks]
Seat 1: PbIbak (button) (small blind) collected ($11.76)
Seat 2: pianopoker (big blind) folded on the Flop


PokerStars Hand #148256302724:  Hold'em Limit ($3/$6 USD) - 2016/02/04 21:03:30 ET
Table 'Meliboea II' 2-max Seat #2 is the button
Seat 1: PbIbak ($152.93 in chips)
Seat 2: pianopoker ($112.73 in chips)
pianopoker: posts small blind $1
PbIbak: posts big blind $3
*** HOLE CARDS ***
pianopoker: raises $3 to $6
PbIbak: raises $3 to $9
pianopoker: calls $3
*** FLOP *** [Jc 7h 3d]
PbIbak: bets $3
pianopoker: calls $3
*** TURN *** [Jc 7h 3d] [2d]
PbIbak: checks
pianopoker: bets $6
PbIbak: folds
Uncalled bet ($6) returned to pianopoker
pianopoker collected $23.52 from pot
pianopoker: doesn't show hand
*** SUMMARY ***
Total pot $24 | Rake $0.48
Board [Jc 7h 3d 2d]
Seat 1: PbIbak (big blind) folded on the Turn
Seat 2: pianopoker (button) (small blind) collected ($23.52)


PokerStars Hand #148256294077:  Hold'em Limit ($3/$6 USD) - 2016/02/04 21:03:12 ET
Table 'Meliboea II' 2-max Seat #1 is the button
Seat 1: PbIbak ($135.43 in chips)
Seat 2: pianopoker ($130.73 in chips)
PbIbak: posts small blind $1
pianopoker: posts big blind $3
*** HOLE CARDS ***
PbIbak: raises $3 to $6
pianopoker: raises $3 to $9
PbIbak: calls $3
*** FLOP *** [9s 9h 9c]
pianopoker: bets $3
PbIbak: calls $3
*** TURN *** [9s 9h 9c] [Js]
pianopoker: bets $6
PbIbak: raises $6 to $12
pianopoker: folds
Uncalled bet ($6) returned to PbIbak
PbIbak collected $35.50 from pot
PbIbak: doesn't show hand
*** SUMMARY ***
Total pot $36 | Rake $0.50
Board [9s 9h 9c Js]
Seat 1: PbIbak (button) (small blind) collected ($35.50)
Seat 2: pianopoker (big blind) folded on the Turn


PokerStars Hand #148256291940:  Hold'em Limit ($3/$6 USD) - 2016/02/04 21:03:08 ET
Table 'Meliboea II' 2-max Seat #2 is the button
Seat 1: PbIbak ($134.43 in chips)
Seat 2: pianopoker ($131.73 in chips)
pianopoker: posts small blind $1
PbIbak: posts big blind $3
*** HOLE CARDS ***
pianopoker: folds
Uncalled bet ($2) returned to PbIbak
PbIbak collected $2 from pot
PbIbak: doesn't show hand
*** SUMMARY ***
Total pot $2 | Rake $0
Seat 1: PbIbak (big blind) collected ($2)
Seat 2: pianopoker (button) (small blind) folded before Flop


PokerStars Hand #148256289305:  Hold'em Limit ($3/$6 USD) - 2016/02/04 21:03:02 ET
Table 'Meliboea II' 2-max Seat #1 is the button
Seat 1: PbIbak ($135.43 in chips)
Seat 2: pianopoker ($130.73 in chips)
PbIbak: posts small blind $1
pianopoker: posts big blind $3
*** HOLE CARDS ***
PbIbak: folds
Uncalled bet ($2) returned to pianopoker
pianopoker collected $2 from pot
pianopoker: doesn't show hand
*** SUMMARY ***
Total pot $2 | Rake $0
Seat 1: PbIbak (button) (small blind) folded before Flop
Seat 2: pianopoker (big blind) collected ($2)


PokerStars Hand #148256284691:  Hold'em Limit ($3/$6 USD) - 2016/02/04 21:02:53 ET
Table 'Meliboea II' 2-max Seat #2 is the button
Seat 1: PbIbak ($126.79 in chips)
Seat 2: pianopoker ($139.73 in chips)
pianopoker: posts small blind $1
PbIbak: posts big blind $3
*** HOLE CARDS ***
pianopoker: raises $3 to $6
PbIbak: raises $3 to $9
pianopoker: calls $3
*** FLOP *** [9d 4s 2d]
PbIbak: bets $3
pianopoker: folds
Uncalled bet ($3) returned to PbIbak
PbIbak collected $17.64 from pot
PbIbak: doesn't show hand
*** SUMMARY ***
Total pot $18 | Rake $0.36
Board [9d 4s 2d]
Seat 1: PbIbak (big blind) collected ($17.64)
Seat 2: pianopoker (button) (small blind) folded on the Flop


PokerStars Hand #148256339252:  Hold'em Limit ($3/$6 USD) - 2016/02/04 21:04:46 ET
Table 'Meliboea II' 2-max Seat #2 is the button
Seat 1: PbIbak ($98.93 in chips)
Seat 2: pianopoker ($165.39 in chips)
pianopoker: posts small blind $1
PbIbak: posts big blind $3
*** HOLE CARDS ***
pianopoker: folds
Uncalled bet ($2) returned to PbIbak
PbIbak collected $2 from pot
PbIbak: doesn't show hand
*** SUMMARY ***
Total pot $2 | Rake $0
Seat 1: PbIbak (big blind) collected ($2)
Seat 2: pianopoker (button) (small blind) folded before Flop


PokerStars Hand #148256328277:  Hold'em Limit ($3/$6 USD) - 2016/02/04 21:04:23 ET
Table 'Meliboea II' 2-max Seat #1 is the button
Seat 1: PbIbak ($128.93 in chips)
Seat 2: pianopoker ($135.89 in chips)
PbIbak: posts small blind $1
pianopoker: posts big blind $3
*** HOLE CARDS ***
PbIbak: raises $3 to $6
pianopoker: calls $3
*** FLOP *** [Kc Qs 8s]
pianopoker: bets $3
PbIbak: raises $3 to $6
pianopoker: raises $3 to $9
PbIbak: raises $3 to $12
Betting is capped
pianopoker: calls $3
*** TURN *** [Kc Qs 8s] [Ts]
pianopoker: bets $6
PbIbak: calls $6
*** RIVER *** [Kc Qs 8s Ts] [6d]
pianopoker: bets $6
PbIbak: calls $6
*** SHOW DOWN ***
pianopoker: shows [6s 5s] (a flush, Queen high)
PbIbak: mucks hand
pianopoker collected $59.50 from pot
*** SUMMARY ***
Total pot $60 | Rake $0.50
Board [Kc Qs 8s Ts 6d]
Seat 1: PbIbak (button) (small blind) mucked
Seat 2: pianopoker (big blind) showed [6s 5s] and won ($59.50) with a flush, Queen high


PokerStars Hand #148256326040:  Hold'em Limit ($3/$6 USD) - 2016/02/04 21:04:18 ET
Table 'Meliboea II' 2-max Seat #2 is the button
Seat 1: PbIbak ($127.93 in chips)
Seat 2: pianopoker ($136.89 in chips)
pianopoker: posts small blind $1
PbIbak: posts big blind $3
*** HOLE CARDS ***
pianopoker: folds
Uncalled bet ($2) returned to PbIbak
PbIbak collected $2 from pot
PbIbak: doesn't show hand
*** SUMMARY ***
Total pot $2 | Rake $0
Seat 1: PbIbak (big blind) collected ($2)
Seat 2: pianopoker (button) (small blind) folded before Flop


PokerStars Hand #148256323707:  Hold'em Limit ($3/$6 USD) - 2016/02/04 21:04:13 ET
Table 'Meliboea II' 2-max Seat #1 is the button
Seat 1: PbIbak ($128.93 in chips)
Seat 2: pianopoker ($135.89 in chips)
PbIbak: posts small blind $1
pianopoker: posts big blind $3
*** HOLE CARDS ***
PbIbak: folds
Uncalled bet ($2) returned to pianopoker
pianopoker collected $2 from pot
pianopoker: doesn't show hand
*** SUMMARY ***
Total pot $2 | Rake $0
Seat 1: PbIbak (button) (small blind) folded before Flop
Seat 2: pianopoker (big blind) collected ($2)


PokerStars Hand #148256320598:  Hold'em Limit ($3/$6 USD) - 2016/02/04 21:04:07 ET
Table 'Meliboea II' 2-max Seat #2 is the button
Seat 1: PbIbak ($131.93 in chips)
Seat 2: pianopoker ($132.89 in chips)
pianopoker: posts small blind $1
PbIbak: posts big blind $3
*** HOLE CARDS ***
pianopoker: raises $3 to $6
PbIbak: folds
Uncalled bet ($3) returned to pianopoker
pianopoker collected $6 from pot
pianopoker: doesn't show hand
*** SUMMARY ***
Total pot $6 | Rake $0
Seat 1: PbIbak (big blind) folded before Flop
Seat 2: pianopoker (button) (small blind) collected ($6)


PokerStars Hand #148256311706:  Hold'em Limit ($3/$6 USD) - 2016/02/04 21:03:49 ET
Table 'Meliboea II' 2-max Seat #1 is the button
Seat 1: PbIbak ($140.93 in chips)
Seat 2: pianopoker ($124.25 in chips)
PbIbak: posts small blind $1
pianopoker: posts big blind $3
*** HOLE CARDS ***
PbIbak: raises $3 to $6
pianopoker: calls $3
*** FLOP *** [5c 2c Ts]
pianopoker: checks
PbIbak: bets $3
pianopoker: calls $3
*** TURN *** [5c 2c Ts] [Kc]
pianopoker: bets $6
PbIbak: folds
Uncalled bet ($6) returned to pianopoker
pianopoker collected $17.64 from pot
pianopoker: doesn't show hand
*** SUMMARY ***
Total pot $18 | Rake $0.36
Board [5c 2c Ts Kc]
Seat 1: PbIbak (button) (small blind) folded on the Turn
Seat 2: pianopoker (big blind) collected ($17.64)


PokerStars Hand #148256367632:  Hold'em Limit ($3/$6 USD) - 2016/02/04 21:05:43 ET
Table 'Meliboea II' 2-max Seat #1 is the button
Seat 1: PbIbak ($68.93 in chips)
Seat 2: pianopoker ($194.41 in chips)
PbIbak: posts small blind $1
pianopoker: posts big blind $3
*** HOLE CARDS ***
PbIbak: raises $3 to $6
pianopoker: folds
Uncalled bet ($3) returned to PbIbak
PbIbak collected $6 from pot
PbIbak: doesn't show hand
*** SUMMARY ***
Total pot $6 | Rake $0
Seat 1: PbIbak (button) (small blind) collected ($6)
Seat 2: pianopoker (big blind) folded before Flop


PokerStars Hand #148256359546:  Hold'em Limit ($3/$6 USD) - 2016/02/04 21:05:26 ET
Table 'Meliboea II' 2-max Seat #2 is the button
Seat 1: PbIbak ($95.93 in chips)
Seat 2: pianopoker ($167.91 in chips)
pianopoker: posts small blind $1
PbIbak: posts big blind $3
*** HOLE CARDS ***
pianopoker: raises $3 to $6
PbIbak: raises $3 to $9
pianopoker: raises $3 to $12
Betting is capped
PbIbak: calls $3
*** FLOP *** [Qs Ts 3h]
PbIbak: checks
pianopoker: bets $3
PbIbak: calls $3
*** TURN *** [Qs Ts 3h] [8h]
PbIbak: checks
pianopoker: bets $6
PbIbak: calls $6
*** RIVER *** [Qs Ts 3h 8h] [3d]
PbIbak: checks
pianopoker: bets $6
PbIbak: calls $6
*** SHOW DOWN ***
pianopoker: shows [Qh Ah] (two pair, Queens and Threes)
PbIbak: mucks hand
pianopoker collected $53.50 from pot
*** SUMMARY ***
Total pot $54 | Rake $0.50
Board [Qs Ts 3h 8h 3d]
Seat 1: PbIbak (big blind) mucked
Seat 2: pianopoker (button) (small blind) showed [Qh Ah] and won ($53.50) with two pair, Queens and Threes


PokerStars Hand #148256351746:  Hold'em Limit ($3/$6 USD) - 2016/02/04 21:05:11 ET
Table 'Meliboea II' 2-max Seat #1 is the button
Seat 1: PbIbak ($107.93 in chips)
Seat 2: pianopoker ($156.39 in chips)
PbIbak: posts small blind $1
pianopoker: posts big blind $3
*** HOLE CARDS ***
PbIbak: raises $3 to $6
pianopoker: calls $3
*** FLOP *** [3c 3s 7h]
pianopoker: checks
PbIbak: bets $3
pianopoker: raises $3 to $6
PbIbak: calls $3
*** TURN *** [3c 3s 7h] [Kd]
pianopoker: bets $6
PbIbak: folds
Uncalled bet ($6) returned to pianopoker
pianopoker collected $23.52 from pot
pianopoker: doesn't show hand
*** SUMMARY ***
Total pot $24 | Rake $0.48
Board [3c 3s 7h Kd]
Seat 1: PbIbak (button) (small blind) folded on the Turn
Seat 2: pianopoker (big blind) collected ($23.52)


PokerStars Hand #148256349690:  Hold'em Limit ($3/$6 USD) - 2016/02/04 21:05:07 ET
Table 'Meliboea II' 2-max Seat #2 is the button
Seat 1: PbIbak ($106.93 in chips)
Seat 2: pianopoker ($157.39 in chips)
pianopoker: posts small blind $1
PbIbak: posts big blind $3
*** HOLE CARDS ***
pianopoker: folds
Uncalled bet ($2) returned to PbIbak
PbIbak collected $2 from pot
PbIbak: doesn't show hand
*** SUMMARY ***
Total pot $2 | Rake $0
Seat 1: PbIbak (big blind) collected ($2)
Seat 2: pianopoker (button) (small blind) folded before Flop


PokerStars Hand #148256346827:  Hold'em Limit ($3/$6 USD) - 2016/02/04 21:05:01 ET
Table 'Meliboea II' 2-max Seat #1 is the button
Seat 1: PbIbak ($103.93 in chips)
Seat 2: pianopoker ($160.39 in chips)
PbIbak: posts small blind $1
pianopoker: posts big blind $3
*** HOLE CARDS ***
PbIbak: raises $3 to $6
pianopoker: folds
Uncalled bet ($3) returned to PbIbak
PbIbak collected $6 from pot
PbIbak: doesn't show hand
*** SUMMARY ***
Total pot $6 | Rake $0
Seat 1: PbIbak (button) (small blind) collected ($6)
Seat 2: pianopoker (big blind) folded before Flop


PokerStars Hand #148256344583:  Hold'em Limit ($3/$6 USD) - 2016/02/04 21:04:57 ET
Table 'Meliboea II' 2-max Seat #2 is the button
Seat 1: PbIbak ($102.93 in chips)
Seat 2: pianopoker ($161.39 in chips)
pianopoker: posts small blind $1
PbIbak: posts big blind $3
*** HOLE CARDS ***
pianopoker: folds
Uncalled bet ($2) returned to PbIbak
PbIbak collected $2 from pot
PbIbak: doesn't show hand
*** SUMMARY ***
Total pot $2 | Rake $0
Seat 1: PbIbak (big blind) collected ($2)
Seat 2: pianopoker (button) (small blind) folded before Flop


PokerStars Hand #148256341793:  Hold'em Limit ($3/$6 USD) - 2016/02/04 21:04:51 ET
Table 'Meliboea II' 2-max Seat #1 is the button
Seat 1: PbIbak ($99.93 in chips)
Seat 2: pianopoker ($164.39 in chips)
PbIbak: posts small blind $1
pianopoker: posts big blind $3
*** HOLE CARDS ***
PbIbak: raises $3 to $6
pianopoker: folds
Uncalled bet ($3) returned to PbIbak
PbIbak collected $6 from pot
PbIbak: doesn't show hand
*** SUMMARY ***
Total pot $6 | Rake $0
Seat 1: PbIbak (button) (small blind) collected ($6)
Seat 2: pianopoker (big blind) folded before Flop


PokerStars Hand #148256391039:  Hold'em Limit ($3/$6 USD) - 2016/02/04 21:06:31 ET
Table 'Meliboea II' 2-max Seat #2 is the button
Seat 1: PbIbak ($45.69 in chips)
Seat 2: pianopoker ($216.67 in chips)
pianopoker: posts small blind $1
PbIbak: posts big blind $3
*** HOLE CARDS ***
pianopoker: raises $3 to $6
PbIbak: calls $3
*** FLOP *** [4h Qs Kd]
PbIbak: checks
pianopoker: bets $3
PbIbak: folds
Uncalled bet ($3) returned to pianopoker
pianopoker collected $11.76 from pot
pianopoker: doesn't show hand
*** SUMMARY ***
Total pot $12 | Rake $0.24
Board [4h Qs Kd]
Seat 1: PbIbak (big blind) folded on the Flop
Seat 2: pianopoker (button) (small blind) collected ($11.76)


PokerStars Hand #148256385881:  Hold'em Limit ($3/$6 USD) - 2016/02/04 21:06:20 ET
Table 'Meliboea II' 2-max Seat #1 is the button
Seat 1: PbIbak ($51.69 in chips)
Seat 2: pianopoker ($210.91 in chips)
PbIbak: posts small blind $1
pianopoker: posts big blind $3
*** HOLE CARDS ***
PbIbak: raises $3 to $6
pianopoker: calls $3
*** FLOP *** [Jc 5s 9s]
pianopoker: checks
PbIbak: checks
*** TURN *** [Jc 5s 9s] [4s]
pianopoker: bets $6
PbIbak: folds
Uncalled bet ($6) returned to pianopoker
pianopoker collected $11.76 from pot
pianopoker: doesn't show hand
*** SUMMARY ***
Total pot $12 | Rake $0.24
Board [Jc 5s 9s 4s]
Seat 1: PbIbak (button) (small blind) folded on the Turn
Seat 2: pianopoker (big blind) collected ($11.76)


PokerStars Hand #148256377970:  Hold'em Limit ($3/$6 USD) - 2016/02/04 21:06:04 ET
Table 'Meliboea II' 2-max Seat #2 is the button
Seat 1: PbIbak ($78.69 in chips)
Seat 2: pianopoker ($184.41 in chips)
pianopoker: posts small blind $1
PbIbak: posts big blind $3
*** HOLE CARDS ***
pianopoker: raises $3 to $6
PbIbak: calls $3
*** FLOP *** [4h 2h 3s]
PbIbak: checks
pianopoker: bets $3
PbIbak: raises $3 to $6
pianopoker: raises $3 to $9
PbIbak: calls $3
*** TURN *** [4h 2h 3s] [7h]
PbIbak: checks
pianopoker: bets $6
PbIbak: calls $6
*** RIVER *** [4h 2h 3s 7h] [Ts]
PbIbak: checks
pianopoker: bets $6
PbIbak: calls $6
*** SHOW DOWN ***
pianopoker: shows [Qh Jh] (a flush, Queen high)
PbIbak: mucks hand
pianopoker collected $53.50 from pot
*** SUMMARY ***
Total pot $54 | Rake $0.50
Board [4h 2h 3s 7h Ts]
Seat 1: PbIbak (big blind) mucked
Seat 2: pianopoker (button) (small blind) showed [Qh Jh] and won ($53.50) with a flush, Queen high


PokerStars Hand #148256373220:  Hold'em Limit ($3/$6 USD) - 2016/02/04 21:05:54 ET
Table 'Meliboea II' 2-max Seat #1 is the button
Seat 1: PbIbak ($72.93 in chips)
Seat 2: pianopoker ($190.41 in chips)
PbIbak: posts small blind $1
pianopoker: posts big blind $3
*** HOLE CARDS ***
PbIbak: raises $3 to $6
pianopoker: calls $3
*** FLOP *** [Qs Ah 8s]
pianopoker: checks
PbIbak: bets $3
pianopoker: folds
Uncalled bet ($3) returned to PbIbak
PbIbak collected $11.76 from pot
PbIbak: doesn't show hand
*** SUMMARY ***
Total pot $12 | Rake $0.24
Board [Qs Ah 8s]
Seat 1: PbIbak (button) (small blind) collected ($11.76)
Seat 2: pianopoker (big blind) folded on the Flop


PokerStars Hand #148256370942:  Hold'em Limit ($3/$6 USD) - 2016/02/04 21:05:50 ET
Table 'Meliboea II' 2-max Seat #2 is the button
Seat 1: PbIbak ($71.93 in chips)
Seat 2: pianopoker ($191.41 in chips)
pianopoker: posts small blind $1
PbIbak: posts big blind $3
*** HOLE CARDS ***
pianopoker: folds
Uncalled bet ($2) returned to PbIbak
PbIbak collected $2 from pot
PbIbak: doesn't show hand
*** SUMMARY ***
Total pot $2 | Rake $0
Seat 1: PbIbak (big blind) collected ($2)
Seat 2: pianopoker (button) (small blind) folded before Flop


PokerStars Hand #148256421155:  Hold'em Limit ($3/$6 USD) - 2016/02/04 21:07:32 ET
Table 'Meliboea II' 2-max Seat #1 is the button
Seat 1: PbIbak ($364.93 in chips)
Seat 2: pianopoker ($253.93 in chips)
PbIbak: posts small blind $1
pianopoker: posts big blind $3
*** HOLE CARDS ***
PbIbak: raises $3 to $6
pianopoker: calls $3
*** FLOP *** [Ts 8c 7c]
pianopoker: checks
PbIbak: bets $3
pianopoker: raises $3 to $6
PbIbak: raises $3 to $9
pianopoker: calls $3
*** TURN *** [Ts 8c 7c] [Kh]
pianopoker: checks
PbIbak: bets $6
pianopoker: raises $6 to $12
PbIbak: calls $6
*** RIVER *** [Ts 8c 7c Kh] [8d]
pianopoker: bets $6
PbIbak: calls $6
*** SHOW DOWN ***
pianopoker: shows [9c Ks] (two pair, Kings and Eights)
PbIbak: mucks hand
pianopoker collected $65.50 from pot
*** SUMMARY ***
Total pot $66 | Rake $0.50
Board [Ts 8c 7c Kh 8d]
Seat 1: PbIbak (button) (small blind) mucked
Seat 2: pianopoker (big blind) showed [9c Ks] and won ($65.50) with two pair, Kings and Eights


PokerStars Hand #148256418473:  Hold'em Limit ($3/$6 USD) - 2016/02/04 21:07:26 ET
Table 'Meliboea II' 2-max Seat #2 is the button
Seat 1: PbIbak ($367.93 in chips)
Seat 2: pianopoker ($250.93 in chips)
pianopoker: posts small blind $1
PbIbak: posts big blind $3
*** HOLE CARDS ***
pianopoker: raises $3 to $6
PbIbak: folds
Uncalled bet ($3) returned to pianopoker
pianopoker collected $6 from pot
pianopoker: doesn't show hand
*** SUMMARY ***
Total pot $6 | Rake $0
Seat 1: PbIbak (big blind) folded before Flop
Seat 2: pianopoker (button) (small blind) collected ($6)


PokerStars Hand #148256415385:  Hold'em Limit ($3/$6 USD) - 2016/02/04 21:07:20 ET
Table 'Meliboea II' 2-max Seat #1 is the button
Seat 1: PbIbak ($364.93 in chips)
Seat 2: pianopoker ($253.93 in chips)
PbIbak: posts small blind $1
pianopoker: posts big blind $3
*** HOLE CARDS ***
pianopoker said, "better"
PbIbak: raises $3 to $6
pianopoker: folds
Uncalled bet ($3) returned to PbIbak
PbIbak collected $6 from pot
PbIbak: doesn't show hand
*** SUMMARY ***
Total pot $6 | Rake $0
Seat 1: PbIbak (button) (small blind) collected ($6)
Seat 2: pianopoker (big blind) folded before Flop


PokerStars Hand #148256404772:  Hold'em Limit ($3/$6 USD) - 2016/02/04 21:06:58 ET
Table 'Meliboea II' 2-max Seat #2 is the button
Seat 1: PbIbak ($6.69 in chips)
Seat 2: pianopoker ($254.93 in chips)
pianopoker: posts small blind $1
PbIbak: posts big blind $3
*** HOLE CARDS ***
pianopoker: folds
Uncalled bet ($2) returned to PbIbak
PbIbak collected $2 from pot
PbIbak: doesn't show hand
*** SUMMARY ***
Total pot $2 | Rake $0
Seat 1: PbIbak (big blind) collected ($2)
Seat 2: pianopoker (button) (small blind) folded before Flop


PokerStars Hand #148256395224:  Hold'em Limit ($3/$6 USD) - 2016/02/04 21:06:39 ET
Table 'Meliboea II' 2-max Seat #1 is the button
Seat 1: PbIbak ($39.69 in chips)
Seat 2: pianopoker ($222.43 in chips)
PbIbak: posts small blind $1
pianopoker: posts big blind $3
*** HOLE CARDS ***
PbIbak: raises $3 to $6
pianopoker: raises $3 to $9
PbIbak: calls $3
*** FLOP *** [Qh Jc 2s]
pianopoker: bets $3
PbIbak: raises $3 to $6
pianopoker: calls $3
*** TURN *** [Qh Jc 2s] [3d]
pianopoker: checks
PbIbak: bets $6
pianopoker: calls $6
*** RIVER *** [Qh Jc 2s 3d] [Th]
pianopoker: checks
PbIbak: bets $6
pianopoker: raises $6 to $12
PbIbak: calls $6
*** SHOW DOWN ***
pianopoker: shows [Kc Ad] (a straight, Ten to Ace)
PbIbak: mucks hand
pianopoker collected $65.50 from pot
*** SUMMARY ***
Total pot $66 | Rake $0.50
Board [Qh Jc 2s 3d Th]
Seat 1: PbIbak (button) (small blind) mucked
Seat 2: pianopoker (big blind) showed [Kc Ad] and won ($65.50) with a straight, Ten to Ace


PokerStars Hand #148256456071:  Hold'em Limit ($3/$6 USD) - 2016/02/04 21:08:44 ET
Table 'Meliboea II' 2-max Seat #2 is the button
Seat 1: PbIbak ($348.85 in chips)
Seat 2: pianopoker ($268.07 in chips)
pianopoker: posts small blind $1
PbIbak: posts big blind $3
*** HOLE CARDS ***
pianopoker: folds
Uncalled bet ($2) returned to PbIbak
PbIbak collected $2 from pot
PbIbak: doesn't show hand
*** SUMMARY ***
Total pot $2 | Rake $0
Seat 1: PbIbak (big blind) collected ($2)
Seat 2: pianopoker (button) (small blind) folded before Flop


PokerStars Hand #148256449676:  Hold'em Limit ($3/$6 USD) - 2016/02/04 21:08:30 ET
Table 'Meliboea II' 2-max Seat #1 is the button
Seat 1: PbIbak ($357.85 in chips)
Seat 2: pianopoker ($259.43 in chips)
PbIbak: posts small blind $1
pianopoker: posts big blind $3
*** HOLE CARDS ***
PbIbak: raises $3 to $6
pianopoker: calls $3
*** FLOP *** [9h 4c Kh]
pianopoker: checks
PbIbak: bets $3
pianopoker: calls $3
*** TURN *** [9h 4c Kh] [Qc]
pianopoker: checks
PbIbak: checks
*** RIVER *** [9h 4c Kh Qc] [8h]
pianopoker: bets $6
PbIbak: folds
Uncalled bet ($6) returned to pianopoker
pianopoker collected $17.64 from pot
pianopoker: doesn't show hand
*** SUMMARY ***
Total pot $18 | Rake $0.36
Board [9h 4c Kh Qc 8h]
Seat 1: PbIbak (button) (small blind) folded on the River
Seat 2: pianopoker (big blind) collected ($17.64)


PokerStars Hand #148256444020:  Hold'em Limit ($3/$6 USD) - 2016/02/04 21:08:19 ET
Table 'Meliboea II' 2-max Seat #2 is the button
Seat 1: PbIbak ($346.33 in chips)
Seat 2: pianopoker ($271.43 in chips)
pianopoker: posts small blind $1
PbIbak: posts big blind $3
*** HOLE CARDS ***
pianopoker: raises $3 to $6
PbIbak: raises $3 to $9
pianopoker: calls $3
*** FLOP *** [6s 3c 4d]
PbIbak: bets $3
pianopoker: calls $3
*** TURN *** [6s 3c 4d] [9c]
PbIbak: bets $6
pianopoker: folds
Uncalled bet ($6) returned to PbIbak
PbIbak collected $23.52 from pot
PbIbak: doesn't show hand
*** SUMMARY ***
Total pot $24 | Rake $0.48
Board [6s 3c 4d 9c]
Seat 1: PbIbak (big blind) collected ($23.52)
Seat 2: pianopoker (button) (small blind) folded on the Turn


PokerStars Hand #148256437077:  Hold'em Limit ($3/$6 USD) - 2016/02/04 21:08:05 ET
Table 'Meliboea II' 2-max Seat #1 is the button
Seat 1: PbIbak ($340.57 in chips)
Seat 2: pianopoker ($277.43 in chips)
PbIbak: posts small blind $1
pianopoker: posts big blind $3
*** HOLE CARDS ***
PbIbak: raises $3 to $6
pianopoker: calls $3
*** FLOP *** [Qc Jh 4d]
pianopoker: checks
PbIbak: checks
*** TURN *** [Qc Jh 4d] [9c]
pianopoker: checks
PbIbak: checks
*** RIVER *** [Qc Jh 4d 9c] [3s]
pianopoker: checks
PbIbak: bets $6
pianopoker: folds
Uncalled bet ($6) returned to PbIbak
PbIbak collected $11.76 from pot
PbIbak: doesn't show hand
*** SUMMARY ***
Total pot $12 | Rake $0.24
Board [Qc Jh 4d 9c 3s]
Seat 1: PbIbak (button) (small blind) collected ($11.76)
Seat 2: pianopoker (big blind) folded on the River


PokerStars Hand #148256430745:  Hold'em Limit ($3/$6 USD) - 2016/02/04 21:07:52 ET
Table 'Meliboea II' 2-max Seat #2 is the button
Seat 1: PbIbak ($331.93 in chips)
Seat 2: pianopoker ($286.43 in chips)
pianopoker: posts small blind $1
PbIbak: posts big blind $3
*** HOLE CARDS ***
pianopoker: raises $3 to $6
PbIbak: calls $3
*** FLOP *** [6d 8s Jd]
PbIbak: checks
pianopoker: bets $3
PbIbak: raises $3 to $6
pianopoker: folds
Uncalled bet ($3) returned to PbIbak
PbIbak collected $17.64 from pot
PbIbak: doesn't show hand
*** SUMMARY ***
Total pot $18 | Rake $0.36
Board [6d 8s Jd]
Seat 1: PbIbak (big blind) collected ($17.64)
Seat 2: pianopoker (button) (small blind) folded on the Flop


PokerStars Hand #148256480913:  Hold'em Limit ($3/$6 USD) - 2016/02/04 21:09:34 ET
Table 'Meliboea II' 2-max Seat #2 is the button
Seat 1: PbIbak ($399.85 in chips)
Seat 2: pianopoker ($216.07 in chips)
pianopoker: posts small blind $1
PbIbak: posts big blind $3
*** HOLE CARDS ***
pianopoker: calls $2
PbIbak: raises $3 to $6
pianopoker: calls $3
*** FLOP *** [Qs 4d 4c]
PbIbak: bets $3
pianopoker: folds
Uncalled bet ($3) returned to PbIbak
pianopoker leaves the table
PbIbak collected $11.76 from pot
PbIbak: doesn't show hand
*** SUMMARY ***
Total pot $12 | Rake $0.24
Board [Qs 4d 4c]
Seat 1: PbIbak (big blind) collected ($11.76)
Seat 2: pianopoker (button) (small blind) folded on the Flop


PokerStars Hand #148256478059:  Hold'em Limit ($3/$6 USD) - 2016/02/04 21:09:28 ET
Table 'Meliboea II' 2-max Seat #1 is the button
Seat 1: PbIbak ($396.85 in chips)
Seat 2: pianopoker ($219.07 in chips)
PbIbak: posts small blind $1
pianopoker: posts big blind $3
*** HOLE CARDS ***
PbIbak: raises $3 to $6
pianopoker: folds
Uncalled bet ($3) returned to PbIbak
PbIbak collected $6 from pot
PbIbak: doesn't show hand
*** SUMMARY ***
Total pot $6 | Rake $0
Seat 1: PbIbak (button) (small blind) collected ($6)
Seat 2: pianopoker (big blind) folded before Flop


PokerStars Hand #148256467657:  Hold'em Limit ($3/$6 USD) - 2016/02/04 21:09:07 ET
Table 'Meliboea II' 2-max Seat #2 is the button
Seat 1: PbIbak ($370.35 in chips)
Seat 2: pianopoker ($246.07 in chips)
pianopoker: posts small blind $1
PbIbak: posts big blind $3
*** HOLE CARDS ***
pianopoker: raises $3 to $6
PbIbak: calls $3
*** FLOP *** [9d 5h 7h]
PbIbak: checks
pianopoker: bets $3
PbIbak: calls $3
*** TURN *** [9d 5h 7h] [Ac]
PbIbak: checks
pianopoker: bets $6
PbIbak: raises $6 to $12
pianopoker: calls $6
*** RIVER *** [9d 5h 7h Ac] [Kd]
PbIbak: bets $6
pianopoker: calls $6
*** SHOW DOWN ***
PbIbak: shows [Ad 6c] (a pair of Aces)
pianopoker: mucks hand
PbIbak collected $53.50 from pot
*** SUMMARY ***
Total pot $54 | Rake $0.50
Board [9d 5h 7h Ac Kd]
Seat 1: PbIbak (big blind) showed [Ad 6c] and won ($53.50) with a pair of Aces
Seat 2: pianopoker (button) (small blind) mucked


PokerStars Hand #148256458171:  Hold'em Limit ($3/$6 USD) - 2016/02/04 21:08:48 ET
Table 'Meliboea II' 2-max Seat #1 is the button
Seat 1: PbIbak ($349.85 in chips)
Seat 2: pianopoker ($267.07 in chips)
PbIbak: posts small blind $1
pianopoker: posts big blind $3
*** HOLE CARDS ***
PbIbak: raises $3 to $6
pianopoker: calls $3
*** FLOP *** [As 8d 7c]
pianopoker: checks
PbIbak: bets $3
pianopoker: calls $3
*** TURN *** [As 8d 7c] [Ac]
pianopoker: checks
PbIbak: bets $6
pianopoker: raises $6 to $12
PbIbak: raises $6 to $18
pianopoker: folds [8h]
Uncalled bet ($6) returned to PbIbak
PbIbak collected $41.50 from pot
PbIbak: doesn't show hand
*** SUMMARY ***
Total pot $42 | Rake $0.50
Board [As 8d 7c Ac]
Seat 1: PbIbak (button) (small blind) collected ($41.50)
Seat 2: pianopoker (big blind) folded on the Turn


