PokerStars Hand #159140712555:  Hold'em Limit ($3/$6 USD) - 2016/09/26 19:11:06 ET
Table 'Melitta' 6-max Seat #4 is the button
Seat 4: Actionni13 ($160.64 in chips)
Seat 6: HasThaHustle ($109 in chips)
Actionni13: posts small blind $1
HasThaHustle: posts big blind $3
*** HOLE CARDS ***
Actionni13: raises $3 to $6
HasThaHustle: calls $3
*** FLOP *** [Qc Qs Jh]
HasThaHustle: checks
Actionni13: bets $3
HasThaHustle: folds
Uncalled bet ($3) returned to Actionni13
Actionni13 collected $11.76 from pot
Actionni13: doesn't show hand
*** SUMMARY ***
Total pot $12 | Rake $0.24
Board [Qc Qs Jh]
Seat 4: Actionni13 (button) (small blind) collected ($11.76)
Seat 6: HasThaHustle (big blind) folded on the Flop


PokerStars Hand #159140709283:  Hold'em Limit ($3/$6 USD) - 2016/09/26 19:11:01 ET
Table 'Melitta' 6-max Seat #6 is the button
Seat 4: Actionni13 ($159.64 in chips)
Seat 6: HasThaHustle ($110 in chips)
HasThaHustle: posts small blind $1
Actionni13: posts big blind $3
*** HOLE CARDS ***
pogi74 joins the table at seat #3
HasThaHustle: folds
Uncalled bet ($2) returned to Actionni13
Actionni13 collected $2 from pot
Actionni13: doesn't show hand
*** SUMMARY ***
Total pot $2 | Rake $0
Seat 4: Actionni13 (big blind) collected ($2)
Seat 6: HasThaHustle (button) (small blind) folded before Flop


PokerStars Hand #159140694978:  Hold'em Limit ($3/$6 USD) - 2016/09/26 19:10:37 ET
Table 'Melitta' 6-max Seat #4 is the button
Seat 4: Actionni13 ($151 in chips)
Seat 6: HasThaHustle ($119 in chips)
Actionni13: posts small blind $1
HasThaHustle: posts big blind $3
*** HOLE CARDS ***
Actionni13: raises $3 to $6
HasThaHustle: calls $3
*** FLOP *** [4d Ah Jh]
HasThaHustle: checks
Actionni13: bets $3
HasThaHustle: calls $3
*** TURN *** [4d Ah Jh] [6h]
HasThaHustle: checks
Actionni13: checks
*** RIVER *** [4d Ah Jh 6h] [5h]
HasThaHustle: checks
Actionni13: checks
*** SHOW DOWN ***
HasThaHustle: shows [4c 9s] (a pair of Fours)
Actionni13: shows [6c 9d] (a pair of Sixes)
Actionni13 collected $17.64 from pot
*** SUMMARY ***
Total pot $18 | Rake $0.36
Board [4d Ah Jh 6h 5h]
Seat 4: Actionni13 (button) (small blind) showed [6c 9d] and won ($17.64) with a pair of Sixes
Seat 6: HasThaHustle (big blind) showed [4c 9s] and lost with a pair of Fours


PokerStars Hand #159140749236:  Hold'em Limit ($3/$6 USD) - 2016/09/26 19:12:08 ET
Table 'Melitta' 6-max Seat #3 is the button
Seat 3: pogi74 ($61 in chips)
Seat 4: Actionni13 ($166.40 in chips)
pogi74: posts small blind $1
Actionni13: posts big blind $3
*** HOLE CARDS ***
pogi74: raises $3 to $6
Actionni13: folds
Uncalled bet ($3) returned to pogi74
pogi74 collected $6 from pot
pogi74: doesn't show hand
*** SUMMARY ***
Total pot $6 | Rake $0
Seat 3: pogi74 (button) (small blind) collected ($6)
Seat 4: Actionni13 (big blind) folded before Flop


PokerStars Hand #159140922556:  Hold'em Limit ($3/$6 USD) - 2016/09/26 19:17:04 ET
Table 'Melitta' 6-max Seat #3 is the button
Seat 3: pogi74 ($111.96 in chips)
Seat 4: Actionni13 ($150 in chips)
pogi74: posts small blind $1
Actionni13: posts big blind $3
*** HOLE CARDS ***
pogi74: raises $3 to $6
Actionni13: folds
Uncalled bet ($3) returned to pogi74
pogi74 collected $6 from pot
pogi74: doesn't show hand
*** SUMMARY ***
Total pot $6 | Rake $0
Seat 3: pogi74 (button) (small blind) collected ($6)
Seat 4: Actionni13 (big blind) folded before Flop


PokerStars Hand #159142140926:  Hold'em Limit ($3/$6 USD) - 2016/09/26 19:54:22 ET
Table 'Melitta' 6-max Seat #4 is the button
Seat 3: pogi74 ($46.57 in chips)
Seat 4: Actionni13 ($176.76 in chips)
Actionni13: posts small blind $1
ZiggyBond: is sitting out
pogi74: posts big blind $3
*** HOLE CARDS ***
ZiggyBond leaves the table
Actionni13: raises $3 to $6
ABATAPP leaves the table
pogi74: calls $3
*** FLOP *** [2d 5d Jc]
pogi74: checks
Actionni13: bets $3
pogi74: calls $3
*** TURN *** [2d 5d Jc] [5s]
pogi74: checks
Actionni13: checks
*** RIVER *** [2d 5d Jc 5s] [Jd]
pogi74: bets $6
Actionni13: folds
Uncalled bet ($6) returned to pogi74
pogi74 collected $17.64 from pot
pogi74: doesn't show hand
*** SUMMARY ***
Total pot $18 | Rake $0.36
Board [2d 5d Jc 5s Jd]
Seat 3: pogi74 (big blind) collected ($17.64)
Seat 4: Actionni13 (button) (small blind) folded on the River


PokerStars Hand #159142159282:  Hold'em Limit ($3/$6 USD) - 2016/09/26 19:54:58 ET
Table 'Melitta' 6-max Seat #3 is the button
Seat 3: pogi74 ($55.21 in chips)
Seat 4: Actionni13 ($167.76 in chips)
pogi74: posts small blind $1
Actionni13: posts big blind $3
*** HOLE CARDS ***
pogi74: raises $3 to $6
Actionni13: calls $3
*** FLOP *** [Jc 2s 2h]
Actionni13: checks
pogi74: checks
*** TURN *** [Jc 2s 2h] [9c]
Actionni13: bets $6
pogi74: folds
Uncalled bet ($6) returned to Actionni13
Actionni13 collected $11.76 from pot
Actionni13: doesn't show hand
*** SUMMARY ***
Total pot $12 | Rake $0.24
Board [Jc 2s 2h 9c]
Seat 3: pogi74 (button) (small blind) folded on the Turn
Seat 4: Actionni13 (big blind) collected ($11.76)


