PokerStars Hand #157739846887:  Hold'em Limit ($3/$6 USD) - 2016/08/25 18:24:57 ET
Table 'Melitta' 6-max Seat #1 is the button
Seat 1: uknowwho101 ($464.85 in chips)
Seat 3: simper11 ($120 in chips)
uknowwho101: posts small blind $1
simper11: posts big blind $3
*** HOLE CARDS ***
uknowwho101: raises $3 to $6
simper11: calls $3
*** FLOP *** [2c 5h Qh]
simper11: checks
uknowwho101: bets $3
simper11: calls $3
*** TURN *** [2c 5h Qh] [6d]
simper11: checks
uknowwho101: bets $6
simper11: calls $6
*** RIVER *** [2c 5h Qh 6d] [Tc]
simper11: checks
uknowwho101: bets $6
simper11: calls $6
*** SHOW DOWN ***
uknowwho101: shows [Kc 6h] (a pair of Sixes)
simper11: mucks hand
uknowwho101 collected $41.50 from pot
*** SUMMARY ***
Total pot $42 | Rake $0.50
Board [2c 5h Qh 6d Tc]
Seat 1: uknowwho101 (button) (small blind) showed [Kc 6h] and won ($41.50) with a pair of Sixes
Seat 3: simper11 (big blind) mucked


PokerStars Hand #157739892509:  Hold'em Limit ($3/$6 USD) - 2016/08/25 18:26:08 ET
Table 'Melitta' 6-max Seat #1 is the button
Seat 1: uknowwho101 ($496.85 in chips)
Seat 3: simper11 ($125.76 in chips)
uknowwho101: posts small blind $1
simper11: posts big blind $3
*** HOLE CARDS ***
uknowwho101: raises $3 to $6
simper11: raises $3 to $9
uknowwho101: raises $3 to $12
Betting is capped
simper11: calls $3
*** FLOP *** [8h Ah 9c]
simper11: checks
uknowwho101: bets $3
simper11: calls $3
*** TURN *** [8h Ah 9c] [7d]
simper11: checks
uknowwho101: checks
*** RIVER *** [8h Ah 9c 7d] [Th]
simper11: bets $6
uknowwho101: folds
Uncalled bet ($6) returned to simper11
simper11 collected $29.50 from pot
simper11: doesn't show hand
*** SUMMARY ***
Total pot $30 | Rake $0.50
Board [8h Ah 9c 7d Th]
Seat 1: uknowwho101 (button) (small blind) folded on the River
Seat 3: simper11 (big blind) collected ($29.50)


PokerStars Hand #157739885553:  Hold'em Limit ($3/$6 USD) - 2016/08/25 18:25:57 ET
Table 'Melitta' 6-max Seat #3 is the button
Seat 1: uknowwho101 ($502.85 in chips)
Seat 3: simper11 ($120 in chips)
simper11: posts small blind $1
uknowwho101: posts big blind $3
*** HOLE CARDS ***
simper11: raises $3 to $6
uknowwho101: calls $3
*** FLOP *** [4h Kc 2s]
uknowwho101: checks
simper11: bets $3
uknowwho101: folds
Uncalled bet ($3) returned to simper11
simper11 collected $11.76 from pot
simper11: doesn't show hand
*** SUMMARY ***
Total pot $12 | Rake $0.24
Board [4h Kc 2s]
Seat 1: uknowwho101 (big blind) folded on the Flop
Seat 3: simper11 (button) (small blind) collected ($11.76)


PokerStars Hand #157739873668:  Hold'em Limit ($3/$6 USD) - 2016/08/25 18:25:38 ET
Table 'Melitta' 6-max Seat #1 is the button
Seat 1: uknowwho101 ($476.35 in chips)
Seat 3: simper11 ($128.64 in chips)
uknowwho101: posts small blind $1
simper11: posts big blind $3
*** HOLE CARDS ***
uknowwho101: raises $3 to $6
simper11: calls $3
*** FLOP *** [Kh 7d Tc]
simper11: checks
uknowwho101: bets $3
simper11: calls $3
*** TURN *** [Kh 7d Tc] [9c]
simper11: checks
uknowwho101: bets $6
simper11: raises $6 to $12
uknowwho101: raises $6 to $18
simper11: calls $6
*** RIVER *** [Kh 7d Tc 9c] [3c]
simper11: checks
uknowwho101: bets $6
simper11: folds
Uncalled bet ($6) returned to uknowwho101
uknowwho101 collected $53.50 from pot
uknowwho101: doesn't show hand
*** SUMMARY ***
Total pot $54 | Rake $0.50
Board [Kh 7d Tc 9c 3c]
Seat 1: uknowwho101 (button) (small blind) collected ($53.50)
Seat 3: simper11 (big blind) folded on the River


PokerStars Hand #157739939514:  Hold'em Limit ($3/$6 USD) - 2016/08/25 18:27:22 ET
Table 'Melitta' 6-max Seat #1 is the button
Seat 1: uknowwho101 ($537.35 in chips)
Seat 3: simper11 ($120 in chips)
uknowwho101: posts small blind $1
simper11: posts big blind $3
*** HOLE CARDS ***
uknowwho101: folds
Uncalled bet ($2) returned to simper11
simper11 collected $2 from pot
simper11: doesn't show hand
*** SUMMARY ***
Total pot $2 | Rake $0
Seat 1: uknowwho101 (button) (small blind) folded before Flop
Seat 3: simper11 (big blind) collected ($2)


PokerStars Hand #157739927342:  Hold'em Limit ($3/$6 USD) - 2016/08/25 18:27:02 ET
Table 'Melitta' 6-max Seat #3 is the button
Seat 1: uknowwho101 ($510.85 in chips)
Seat 3: simper11 ($120 in chips)
simper11: posts small blind $1
uknowwho101: posts big blind $3
*** HOLE CARDS ***
simper11: raises $3 to $6
uknowwho101: calls $3
*** FLOP *** [Jd 5d 8s]
uknowwho101: checks
simper11: bets $3
uknowwho101: calls $3
*** TURN *** [Jd 5d 8s] [Qs]
uknowwho101: checks
simper11: bets $6
uknowwho101: raises $6 to $12
simper11: calls $6
*** RIVER *** [Jd 5d 8s Qs] [As]
uknowwho101: bets $6
simper11: calls $6
*** SHOW DOWN ***
uknowwho101: shows [4s Ks] (a flush, Ace high)
simper11: mucks hand
uknowwho101 collected $53.50 from pot
*** SUMMARY ***
Total pot $54 | Rake $0.50
Board [Jd 5d 8s Qs As]
Seat 1: uknowwho101 (big blind) showed [4s Ks] and won ($53.50) with a flush, Ace high
Seat 3: simper11 (button) (small blind) mucked


PokerStars Hand #157739915400:  Hold'em Limit ($3/$6 USD) - 2016/08/25 18:26:44 ET
Table 'Melitta' 6-max Seat #1 is the button
Seat 1: uknowwho101 ($496.35 in chips)
Seat 3: simper11 ($125.26 in chips)
uknowwho101: posts small blind $1
simper11: posts big blind $3
*** HOLE CARDS ***
uknowwho101: raises $3 to $6
simper11: raises $3 to $9
uknowwho101: raises $3 to $12
Betting is capped
simper11: calls $3
*** FLOP *** [9d 7h Kh]
simper11: checks
uknowwho101: bets $3
simper11: calls $3
*** TURN *** [9d 7h Kh] [Jc]
simper11: checks
uknowwho101: checks
*** RIVER *** [9d 7h Kh Jc] [8h]
simper11: checks
uknowwho101: bets $6
simper11: folds
Uncalled bet ($6) returned to uknowwho101
uknowwho101 collected $29.50 from pot
uknowwho101: doesn't show hand
*** SUMMARY ***
Total pot $30 | Rake $0.50
Board [9d 7h Kh Jc 8h]
Seat 1: uknowwho101 (button) (small blind) collected ($29.50)
Seat 3: simper11 (big blind) folded on the River


PokerStars Hand #157739904449:  Hold'em Limit ($3/$6 USD) - 2016/08/25 18:26:27 ET
Table 'Melitta' 6-max Seat #3 is the button
Seat 1: uknowwho101 ($481.85 in chips)
Seat 3: simper11 ($140.26 in chips)
simper11: posts small blind $1
uknowwho101: posts big blind $3
*** HOLE CARDS ***
simper11: raises $3 to $6
uknowwho101: calls $3
*** FLOP *** [Ts Kd 6s]
uknowwho101: checks
simper11: bets $3
uknowwho101: calls $3
*** TURN *** [Ts Kd 6s] [9c]
uknowwho101: checks
simper11: checks
*** RIVER *** [Ts Kd 6s 9c] [4h]
uknowwho101: bets $6
simper11: calls $6
*** SHOW DOWN ***
uknowwho101: shows [4c 6c] (two pair, Sixes and Fours)
simper11: mucks hand
uknowwho101 collected $29.50 from pot
*** SUMMARY ***
Total pot $30 | Rake $0.50
Board [Ts Kd 6s 9c 4h]
Seat 1: uknowwho101 (big blind) showed [4c 6c] and won ($29.50) with two pair, Sixes and Fours
Seat 3: simper11 (button) (small blind) mucked


PokerStars Hand #157739946915:  Hold'em Limit ($3/$6 USD) - 2016/08/25 18:27:34 ET
Table 'Melitta' 6-max Seat #1 is the button
Seat 1: uknowwho101 ($533.35 in chips)
Seat 3: simper11 ($124 in chips)
uknowwho101: posts small blind $1
simper11: posts big blind $3
*** HOLE CARDS ***
uknowwho101: raises $3 to $6
simper11: calls $3
*** FLOP *** [2d 8s 5d]
simper11: checks
uknowwho101: bets $3
simper11: calls $3
*** TURN *** [2d 8s 5d] [4s]
simper11: checks
uknowwho101: bets $6
simper11: calls $6
*** RIVER *** [2d 8s 5d 4s] [5h]
simper11: checks
uknowwho101: bets $6
simper11: folds
Uncalled bet ($6) returned to uknowwho101
uknowwho101 collected $29.50 from pot
uknowwho101: doesn't show hand
*** SUMMARY ***
Total pot $30 | Rake $0.50
Board [2d 8s 5d 4s 5h]
Seat 1: uknowwho101 (button) (small blind) collected ($29.50)
Seat 3: simper11 (big blind) folded on the River


PokerStars Hand #157739998598:  Hold'em Limit ($3/$6 USD) - 2016/08/25 18:28:56 ET
Table 'Melitta' 6-max Seat #6 is the button
Seat 3: simper11 ($123 in chips)
Seat 6: Kaisersoyze ($119.78 in chips)
Kaisersoyze: posts small blind $1
simper11: posts big blind $3
*** HOLE CARDS ***
kukibert joins the table at seat #2
Kaisersoyze: calls $2
simper11: checks
*** FLOP *** [6c As 4c]
simper11: checks
Kaisersoyze: checks
*** TURN *** [6c As 4c] [Ad]
derdex joins the table at seat #4
simper11: checks
Kaisersoyze: checks
*** RIVER *** [6c As 4c Ad] [Th]
simper11: checks
Kaisersoyze: checks
*** SHOW DOWN ***
simper11: shows [2c 3s] (a pair of Aces)
Kaisersoyze: shows [7d 9s] (a pair of Aces - Ten+Nine kicker)
Kaisersoyze collected $5.88 from pot
*** SUMMARY ***
Total pot $6 | Rake $0.12
Board [6c As 4c Ad Th]
Seat 3: simper11 (big blind) showed [2c 3s] and lost with a pair of Aces
Seat 6: Kaisersoyze (button) (small blind) showed [7d 9s] and won ($5.88) with a pair of Aces


PokerStars Hand #157739982859:  Hold'em Limit ($3/$6 USD) - 2016/08/25 18:28:31 ET
Table 'Melitta' 6-max Seat #6 is the button
Seat 3: simper11 ($120 in chips)
Seat 6: Kaisersoyze ($99.28 in chips)
Kaisersoyze: posts small blind $1
simper11: posts big blind $3
*** HOLE CARDS ***
Kaisersoyze: calls $2
simper11: raises $3 to $6
Kaisersoyze: calls $3
*** FLOP *** [9c 2d 4d]
simper11: bets $3
Kaisersoyze: raises $3 to $6
simper11: calls $3
*** TURN *** [9c 2d 4d] [Kh]
simper11: checks
Kaisersoyze: bets $6
simper11: calls $6
*** RIVER *** [9c 2d 4d Kh] [6s]
simper11: checks
Kaisersoyze: bets $6
simper11: calls $6
*** SHOW DOWN ***
Kaisersoyze: shows [9h Kc] (two pair, Kings and Nines)
simper11: mucks hand
Kaisersoyze collected $47.50 from pot
*** SUMMARY ***
Total pot $48 | Rake $0.50
Board [9c 2d 4d Kh 6s]
Seat 3: simper11 (big blind) mucked
Seat 6: Kaisersoyze (button) (small blind) showed [9h Kc] and won ($47.50) with two pair, Kings and Nines


PokerStars Hand #157739995112:  Hold'em Limit ($3/$6 USD) - 2016/08/25 18:28:50 ET
Table 'Melitta' 6-max Seat #3 is the button
Seat 3: simper11 ($120 in chips)
Seat 6: Kaisersoyze ($122.78 in chips)
simper11: posts small blind $1
Kaisersoyze: posts big blind $3
*** HOLE CARDS ***
simper11: raises $3 to $6
Kaisersoyze: folds
Uncalled bet ($3) returned to simper11
simper11 collected $6 from pot
simper11: doesn't show hand
*** SUMMARY ***
Total pot $6 | Rake $0
Seat 3: simper11 (button) (small blind) collected ($6)
Seat 6: Kaisersoyze (big blind) folded before Flop


PokerStars Hand #157740519022:  Hold'em Limit ($3/$6 USD) - 2016/08/25 18:42:43 ET
Table 'Melitta' 6-max Seat #5 is the button
Seat 3: simper11 ($353.60 in chips)
Seat 5: Samace10 ($63.30 in chips)
Samace10: posts small blind $1
dada from ..: is sitting out
simper11: posts big blind $3
*** HOLE CARDS ***
dada from .. leaves the table
Samace10: folds
Uncalled bet ($2) returned to simper11
simper11 collected $2 from pot
simper11: doesn't show hand
*** SUMMARY ***
Total pot $2 | Rake $0
Seat 3: simper11 (big blind) collected ($2)
Seat 5: Samace10 (button) (small blind) folded before Flop


