PokerStars Hand #165238538855:  Hold'em Limit ($3/$6 USD) - 2017/01/27 6:55:08 ET
Table 'Mellena II' 6-max Seat #4 is the button
Seat 3: slavii0o0 ($24 in chips)
Seat 4: AzureCaper ($77.76 in chips)
AzureCaper: posts small blind $1
slavii0o0: posts big blind $3
*** HOLE CARDS ***
AzureCaper: raises $3 to $6
slavii0o0: raises $3 to $9
AzureCaper: calls $3
*** FLOP *** [2d Ad 6s]
slavii0o0: bets $3
AzureCaper: folds
Uncalled bet ($3) returned to slavii0o0
slavii0o0 collected $17.64 from pot
*** SUMMARY ***
Total pot $18 | Rake $0.36
Board [2d Ad 6s]
Seat 3: slavii0o0 (big blind) collected ($17.64)
Seat 4: AzureCaper (button) (small blind) folded on the Flop


PokerStars Hand #165238530776:  Hold'em Limit ($3/$6 USD) - 2017/01/27 6:54:51 ET
Table 'Mellena II' 6-max Seat #3 is the button
Seat 3: slavii0o0 ($30 in chips)
Seat 4: AzureCaper ($72 in chips)
slavii0o0: posts small blind $1
AzureCaper: posts big blind $3
*** HOLE CARDS ***
slavii0o0: raises $3 to $6
AzureCaper: calls $3
*** FLOP *** [6h 8s 6s]
AzureCaper: checks
slavii0o0: checks
*** TURN *** [6h 8s 6s] [Qd]
AzureCaper: bets $6
slavii0o0: folds
Uncalled bet ($6) returned to AzureCaper
AzureCaper collected $11.76 from pot
*** SUMMARY ***
Total pot $12 | Rake $0.24
Board [6h 8s 6s Qd]
Seat 3: slavii0o0 (button) (small blind) folded on the Turn
Seat 4: AzureCaper (big blind) collected ($11.76)


PokerStars Hand #165238558531:  Hold'em Limit ($3/$6 USD) - 2017/01/27 6:55:53 ET
Table 'Mellena II' 6-max Seat #3 is the button
Seat 3: slavii0o0 ($32.40 in chips)
Seat 4: AzureCaper ($77.76 in chips)
slavii0o0: posts small blind $1
AzureCaper: posts big blind $3
*** HOLE CARDS ***
slavii0o0: raises $3 to $6
AzureCaper: raises $3 to $9
slavii0o0: calls $3
*** FLOP *** [As 6c Kd]
AzureCaper: bets $3
slavii0o0: calls $3
*** TURN *** [As 6c Kd] [5h]
AzureCaper: bets $6
slavii0o0: raises $6 to $12
AzureCaper: raises $6 to $18
slavii0o0: raises $2.40 to $20.40 and is all-in
Betting is capped
AzureCaper: calls $2.40
*** RIVER *** [As 6c Kd 5h] [Ts]
*** SHOW DOWN ***
AzureCaper: shows [Kh Ad] (two pair, Aces and Kings)
slavii0o0: shows [6d Ac] (two pair, Aces and Sixes)
AzureCaper collected $64.30 from pot
*** SUMMARY ***
Total pot $64.80 | Rake $0.50
Board [As 6c Kd 5h Ts]
Seat 3: slavii0o0 (button) (small blind) showed [6d Ac] and lost with two pair, Aces and Sixes
Seat 4: AzureCaper (big blind) showed [Kh Ad] and won ($64.30) with two pair, Aces and Kings


PokerStars Hand #165238552239:  Hold'em Limit ($3/$6 USD) - 2017/01/27 6:55:38 ET
Table 'Mellena II' 6-max Seat #4 is the button
Seat 3: slavii0o0 ($38.40 in chips)
Seat 4: AzureCaper ($72 in chips)
AzureCaper: posts small blind $1
slavii0o0: posts big blind $3
*** HOLE CARDS ***
AzureCaper: raises $3 to $6
slavii0o0: calls $3
*** FLOP *** [Tc 2s Kh]
slavii0o0: checks
AzureCaper: bets $3
slavii0o0: folds
Uncalled bet ($3) returned to AzureCaper
AzureCaper collected $11.76 from pot
AzureCaper: doesn't show hand
*** SUMMARY ***
Total pot $12 | Rake $0.24
Board [Tc 2s Kh]
Seat 3: slavii0o0 (big blind) folded on the Flop
Seat 4: AzureCaper (button) (small blind) collected ($11.76)


PokerStars Hand #165238543759:  Hold'em Limit ($3/$6 USD) - 2017/01/27 6:55:19 ET
Table 'Mellena II' 6-max Seat #3 is the button
Seat 3: slavii0o0 ($32.64 in chips)
Seat 4: AzureCaper ($72 in chips)
slavii0o0: posts small blind $1
AzureCaper: posts big blind $3
*** HOLE CARDS ***
slavii0o0: raises $3 to $6
AzureCaper: calls $3
*** FLOP *** [8s As Tc]
AzureCaper: checks
slavii0o0: checks
*** TURN *** [8s As Tc] [8c]
AzureCaper: checks
slavii0o0: bets $6
AzureCaper: folds
Uncalled bet ($6) returned to slavii0o0
slavii0o0 collected $11.76 from pot
*** SUMMARY ***
Total pot $12 | Rake $0.24
Board [8s As Tc 8c]
Seat 3: slavii0o0 (button) (small blind) collected ($11.76)
Seat 4: AzureCaper (big blind) folded on the Turn


