PokerStars Hand #148047642597:  Hold'em Limit ($3/$6 USD) - 2016/02/01 8:29:12 ET
Table 'Mellena II' 6-max Seat #1 is the button
Seat 1: Icecold ($93.85 in chips)
Seat 4: Agrotait ($72 in chips)
Icecold: posts small blind $1
Agrotait: posts big blind $3
*** HOLE CARDS ***
Icecold: raises $3 to $6
Agrotait: folds
Uncalled bet ($3) returned to Icecold
Icecold collected $6 from pot
*** SUMMARY ***
Total pot $6 | Rake $0
Seat 1: Icecold (button) (small blind) collected ($6)
Seat 4: Agrotait (big blind) folded before Flop


PokerStars Hand #148047655974:  Hold'em Limit ($3/$6 USD) - 2016/02/01 8:29:33 ET
Table 'Mellena II' 6-max Seat #4 is the button
Seat 1: Icecold ($96.85 in chips)
Seat 4: Agrotait ($69 in chips)
Agrotait: posts small blind $1
Icecold: posts big blind $3
*** HOLE CARDS ***
bryan00nl joins the table at seat #2
Agrotait: folds
Uncalled bet ($2) returned to Icecold
Icecold collected $2 from pot
*** SUMMARY ***
Total pot $2 | Rake $0
Seat 1: Icecold (big blind) collected ($2)
Seat 4: Agrotait (button) (small blind) folded before Flop


PokerStars Hand #148051986252:  Hold'em Limit ($3/$6 USD) - 2016/02/01 10:12:12 ET
Table 'Mellena II' 6-max Seat #4 is the button
Seat 2: bryan00nl ($83.32 in chips)
Seat 4: LolDnkaments ($226.91 in chips)
LolDnkaments: posts small blind $1
bryan00nl: posts big blind $3
*** HOLE CARDS ***
LolDnkaments: raises $3 to $6
bryan00nl: calls $3
*** FLOP *** [Ac 6h Js]
bryan00nl: checks
LolDnkaments: bets $3
bryan00nl: raises $3 to $6
LolDnkaments: calls $3
*** TURN *** [Ac 6h Js] [7s]
bryan00nl: bets $6
LolDnkaments: calls $6
*** RIVER *** [Ac 6h Js 7s] [Td]
bryan00nl: bets $6
LolDnkaments: calls $6
*** SHOW DOWN ***
bryan00nl: shows [9h Jc] (a pair of Jacks)
LolDnkaments: mucks hand
bryan00nl collected $47.50 from pot
*** SUMMARY ***
Total pot $48 | Rake $0.50
Board [Ac 6h Js 7s Td]
Seat 2: bryan00nl (big blind) showed [9h Jc] and won ($47.50) with a pair of Jacks
Seat 4: LolDnkaments (button) (small blind) mucked


PokerStars Hand #148051983151:  Hold'em Limit ($3/$6 USD) - 2016/02/01 10:12:08 ET
Table 'Mellena II' 6-max Seat #2 is the button
Seat 2: bryan00nl ($84.32 in chips)
Seat 4: LolDnkaments ($225.91 in chips)
bryan00nl: posts small blind $1
LolDnkaments: posts big blind $3
*** HOLE CARDS ***
bryan00nl: folds
Uncalled bet ($2) returned to LolDnkaments
LolDnkaments collected $2 from pot
LolDnkaments: doesn't show hand
*** SUMMARY ***
Total pot $2 | Rake $0
Seat 2: bryan00nl (button) (small blind) folded before Flop
Seat 4: LolDnkaments (big blind) collected ($2)


PokerStars Hand #148051979018:  Hold'em Limit ($3/$6 USD) - 2016/02/01 10:12:02 ET
Table 'Mellena II' 6-max Seat #4 is the button
Seat 2: bryan00nl ($83.32 in chips)
Seat 4: LolDnkaments ($226.91 in chips)
LolDnkaments: posts small blind $1
bryan00nl: posts big blind $3
*** HOLE CARDS ***
LolDnkaments: folds
Uncalled bet ($2) returned to bryan00nl
bryan00nl collected $2 from pot
bryan00nl: doesn't show hand
*** SUMMARY ***
Total pot $2 | Rake $0
Seat 2: bryan00nl (big blind) collected ($2)
Seat 4: LolDnkaments (button) (small blind) folded before Flop


PokerStars Hand #148051964368:  Hold'em Limit ($3/$6 USD) - 2016/02/01 10:11:43 ET
Table 'Mellena II' 6-max Seat #2 is the button
Seat 2: bryan00nl ($53.82 in chips)
Seat 4: LolDnkaments ($256.91 in chips)
bryan00nl: posts small blind $1
LolDnkaments: posts big blind $3
*** HOLE CARDS ***
bryan00nl: raises $3 to $6
LolDnkaments: raises $3 to $9
Johnliu leaves the table
bryan00nl: calls $3
*** FLOP *** [As Qc 7c]
LolDnkaments: bets $3
bryan00nl: calls $3
*** TURN *** [As Qc 7c] [9h]
LolDnkaments: bets $6
bryan00nl: calls $6
*** RIVER *** [As Qc 7c 9h] [9s]
LolDnkaments: bets $6
bryan00nl: raises $6 to $12
LolDnkaments: calls $6
*** SHOW DOWN ***
bryan00nl: shows [Ah 6d] (two pair, Aces and Nines)
LolDnkaments: mucks hand
bryan00nl collected $59.50 from pot
*** SUMMARY ***
Total pot $60 | Rake $0.50
Board [As Qc 7c 9h 9s]
Seat 2: bryan00nl (button) (small blind) showed [Ah 6d] and won ($59.50) with two pair, Aces and Nines
Seat 4: LolDnkaments (big blind) mucked


PokerStars Hand #148051960884:  Hold'em Limit ($3/$6 USD) - 2016/02/01 10:11:39 ET
Table 'Mellena II' 6-max Seat #4 is the button
Seat 2: bryan00nl ($52.82 in chips)
Seat 4: LolDnkaments ($257.91 in chips)
LolDnkaments: posts small blind $1
TinaTurner72: is sitting out
bryan00nl: posts big blind $3
*** HOLE CARDS ***
LolDnkaments: folds
Uncalled bet ($2) returned to bryan00nl
TinaTurner72 leaves the table
bryan00nl collected $2 from pot
bryan00nl: doesn't show hand
*** SUMMARY ***
Total pot $2 | Rake $0
Seat 2: bryan00nl (big blind) collected ($2)
Seat 4: LolDnkaments (button) (small blind) folded before Flop


PokerStars Hand #148051996549:  Hold'em Limit ($3/$6 USD) - 2016/02/01 10:12:26 ET
Table 'Mellena II' 6-max Seat #2 is the button
Seat 2: bryan00nl ($106.82 in chips)
Seat 4: LolDnkaments ($202.91 in chips)
bryan00nl: posts small blind $1
LolDnkaments: posts big blind $3
*** HOLE CARDS ***
bryan00nl: raises $3 to $6
LolDnkaments: calls $3
*** FLOP *** [Ks 4s 5s]
LolDnkaments: checks
bryan00nl: bets $3
LolDnkaments: raises $3 to $6
bryan00nl: calls $3
*** TURN *** [Ks 4s 5s] [Tc]
LolDnkaments: bets $6
bryan00nl: raises $6 to $12
LolDnkaments: calls $6
*** RIVER *** [Ks 4s 5s Tc] [Jd]
LolDnkaments: checks
bryan00nl: bets $6
LolDnkaments: calls $6
*** SHOW DOWN ***
bryan00nl: shows [Th Td] (three of a kind, Tens)
LolDnkaments: mucks hand
bryan00nl collected $59.50 from pot
*** SUMMARY ***
Total pot $60 | Rake $0.50
Board [Ks 4s 5s Tc Jd]
Seat 2: bryan00nl (button) (small blind) showed [Th Td] and won ($59.50) with three of a kind, Tens
Seat 4: LolDnkaments (big blind) mucked


PokerStars Hand #148052006562:  Hold'em Limit ($3/$6 USD) - 2016/02/01 10:12:39 ET
Table 'Mellena II' 6-max Seat #4 is the button
Seat 2: bryan00nl ($136.32 in chips)
Seat 4: LolDnkaments ($172.91 in chips)
LolDnkaments: posts small blind $1
bryan00nl: posts big blind $3
*** HOLE CARDS ***
LolDnkaments: raises $3 to $6
bryan00nl: calls $3
*** FLOP *** [5c 8h Qs]
bryan00nl: checks
LolDnkaments: bets $3
bryan00nl: calls $3
*** TURN *** [5c 8h Qs] [4c]
bryan00nl: checks
LolDnkaments: bets $6
bryan00nl: calls $6
*** RIVER *** [5c 8h Qs 4c] [6d]
bryan00nl: checks
LolDnkaments: checks
*** SHOW DOWN ***
bryan00nl: shows [Ac 6c] (a pair of Sixes)
LolDnkaments: shows [Tc Qc] (a pair of Queens)
LolDnkaments collected $29.50 from pot
*** SUMMARY ***
Total pot $30 | Rake $0.50
Board [5c 8h Qs 4c 6d]
Seat 2: bryan00nl (big blind) showed [Ac 6c] and lost with a pair of Sixes
Seat 4: LolDnkaments (button) (small blind) showed [Tc Qc] and won ($29.50) with a pair of Queens


PokerStars Hand #148052028406:  Hold'em Limit ($3/$6 USD) - 2016/02/01 10:13:07 ET
Table 'Mellena II' 6-max Seat #4 is the button
Seat 2: bryan00nl ($100.32 in chips)
Seat 4: LolDnkaments ($207.91 in chips)
verde7 joins the table at seat #3
LolDnkaments: posts small blind $1
bryan00nl: posts big blind $3
*** HOLE CARDS ***
LolDnkaments: raises $3 to $6
bryan00nl: folds
Uncalled bet ($3) returned to LolDnkaments
LolDnkaments collected $6 from pot
LolDnkaments: doesn't show hand
*** SUMMARY ***
Total pot $6 | Rake $0
Seat 2: bryan00nl (big blind) folded before Flop
Seat 4: LolDnkaments (button) (small blind) collected ($6)


PokerStars Hand #148052016159:  Hold'em Limit ($3/$6 USD) - 2016/02/01 10:12:51 ET
Table 'Mellena II' 6-max Seat #2 is the button
Seat 2: bryan00nl ($121.32 in chips)
Seat 4: LolDnkaments ($187.41 in chips)
bryan00nl: posts small blind $1
LolDnkaments: posts big blind $3
*** HOLE CARDS ***
bryan00nl: raises $3 to $6
LolDnkaments: calls $3
*** FLOP *** [Kd Js 4c]
LolDnkaments: checks
bryan00nl: bets $3
LolDnkaments: calls $3
*** TURN *** [Kd Js 4c] [4s]
LolDnkaments: checks
bryan00nl: bets $6
LolDnkaments: calls $6
*** RIVER *** [Kd Js 4c 4s] [3d]
LolDnkaments: checks
bryan00nl: bets $6
LolDnkaments: calls $6
*** SHOW DOWN ***
bryan00nl: shows [6d 2d] (a pair of Fours)
LolDnkaments: shows [Qh 7c] (a pair of Fours - King+Queen kicker)
LolDnkaments collected $41.50 from pot
*** SUMMARY ***
Total pot $42 | Rake $0.50
Board [Kd Js 4c 4s 3d]
Seat 2: bryan00nl (button) (small blind) showed [6d 2d] and lost with a pair of Fours
Seat 4: LolDnkaments (big blind) showed [Qh 7c] and won ($41.50) with a pair of Fours


PokerStars Hand #148056672632:  Hold'em Limit ($3/$6 USD) - 2016/02/01 11:48:03 ET
Table 'Mellena II' 6-max Seat #2 is the button
Seat 2: bryan00nl ($54.61 in chips)
Seat 5: scorpio04 ($122.92 in chips)
bryan00nl: posts small blind $1
Johnliu: is sitting out
scorpio04: posts big blind $3
*** HOLE CARDS ***
bryan00nl: raises $3 to $6
scorpio04: calls $3
*** FLOP *** [3c 9h Js]
Johnliu leaves the table
scorpio04: checks
bryan00nl: bets $3
scorpio04: calls $3
*** TURN *** [3c 9h Js] [5d]
scorpio04: checks
bryan00nl: bets $6
scorpio04: calls $6
*** RIVER *** [3c 9h Js 5d] [6c]
scorpio04: bets $6
bryan00nl: calls $6
*** SHOW DOWN ***
scorpio04: shows [9c 6s] (two pair, Nines and Sixes)
bryan00nl: mucks hand
scorpio04 collected $41.50 from pot
*** SUMMARY ***
Total pot $42 | Rake $0.50
Board [3c 9h Js 5d 6c]
Seat 2: bryan00nl (button) (small blind) mucked
Seat 5: scorpio04 (big blind) showed [9c 6s] and won ($41.50) with two pair, Nines and Sixes


PokerStars Hand #148056702985:  Hold'em Limit ($3/$6 USD) - 2016/02/01 11:48:38 ET
Table 'Mellena II' 6-max Seat #5 is the button
Seat 2: bryan00nl ($33.61 in chips)
Seat 5: scorpio04 ($143.42 in chips)
scorpio04: posts small blind $1
bryan00nl: posts big blind $3
*** HOLE CARDS ***
scorpio04: folds
Uncalled bet ($2) returned to bryan00nl
bryan00nl collected $2 from pot
bryan00nl: doesn't show hand
*** SUMMARY ***
Total pot $2 | Rake $0
Seat 2: bryan00nl (big blind) collected ($2)
Seat 5: scorpio04 (button) (small blind) folded before Flop


PokerStars Hand #148056707021:  Hold'em Limit ($3/$6 USD) - 2016/02/01 11:48:43 ET
Table 'Mellena II' 6-max Seat #2 is the button
Seat 2: bryan00nl ($34.61 in chips)
Seat 5: scorpio04 ($142.42 in chips)
bryan00nl: posts small blind $1
scorpio04: posts big blind $3
*** HOLE CARDS ***
bryan00nl: raises $3 to $6
scorpio04: raises $3 to $9
bryan00nl: calls $3
*** FLOP *** [9c Td Qh]
scorpio04: bets $3
bryan00nl: calls $3
*** TURN *** [9c Td Qh] [9d]
scorpio04: bets $6
bryan00nl: calls $6
*** RIVER *** [9c Td Qh 9d] [6s]
scorpio04: bets $6
bryan00nl: folds
Uncalled bet ($6) returned to scorpio04
kismespit joins the table at seat #3
scorpio04 collected $35.50 from pot
scorpio04: doesn't show hand
*** SUMMARY ***
Total pot $36 | Rake $0.50
Board [9c Td Qh 9d 6s]
Seat 2: bryan00nl (button) (small blind) folded on the River
Seat 5: scorpio04 (big blind) collected ($35.50)


PokerStars Hand #148056728328:  Hold'em Limit ($3/$6 USD) - 2016/02/01 11:49:07 ET
Table 'Mellena II' 6-max Seat #5 is the button
Seat 2: bryan00nl ($16.61 in chips)
Seat 5: scorpio04 ($159.92 in chips)
scorpio04: posts small blind $1
bryan00nl: posts big blind $3
*** HOLE CARDS ***
scorpio04: raises $3 to $6
bryan00nl: calls $3
*** FLOP *** [6s Td 3c]
bryan00nl: checks
scorpio04: bets $3
bryan00nl: calls $3
*** TURN *** [6s Td 3c] [2d]
bryan00nl: checks
scorpio04: bets $6
bryan00nl: folds
Uncalled bet ($6) returned to scorpio04
scorpio04 collected $17.64 from pot
scorpio04: doesn't show hand
*** SUMMARY ***
Total pot $18 | Rake $0.36
Board [6s Td 3c 2d]
Seat 2: bryan00nl (big blind) folded on the Turn
Seat 5: scorpio04 (button) (small blind) collected ($17.64)


PokerStars Hand #148056863558:  Hold'em Limit ($3/$6 USD) - 2016/02/01 11:51:43 ET
Table 'Mellena II' 6-max Seat #2 is the button
Seat 2: bryan00nl ($68.62 in chips)
Seat 3: kismespit ($119.01 in chips)
bryan00nl: posts small blind $1
kismespit: posts big blind $3
*** HOLE CARDS ***
bryan00nl: raises $3 to $6
kismespit: folds
Uncalled bet ($3) returned to bryan00nl
bryan00nl collected $6 from pot
bryan00nl: doesn't show hand
*** SUMMARY ***
Total pot $6 | Rake $0
Seat 2: bryan00nl (button) (small blind) collected ($6)
Seat 3: kismespit (big blind) folded before Flop


PokerStars Hand #148056833003:  Hold'em Limit ($3/$6 USD) - 2016/02/01 11:51:07 ET
Table 'Mellena II' 6-max Seat #3 is the button
Seat 2: bryan00nl ($71.62 in chips)
Seat 3: kismespit ($116.01 in chips)
kismespit: posts small blind $1
scorpio04 has timed out while being disconnected
scorpio04: is sitting out
bryan00nl: posts big blind $3
*** HOLE CARDS ***
kismespit: raises $3 to $6
bryan00nl: folds
Uncalled bet ($3) returned to kismespit
kismespit collected $6 from pot
*** SUMMARY ***
Total pot $6 | Rake $0
Seat 2: bryan00nl (big blind) folded before Flop
Seat 3: kismespit (button) (small blind) collected ($6)


PokerStars Hand #148057339270:  Hold'em Limit ($3/$6 USD) - 2016/02/01 12:01:23 ET
Table 'Mellena II' 6-max Seat #2 is the button
Seat 2: bryan00nl ($142.27 in chips)
Seat 5: scorpio04 ($188.93 in chips)
bryan00nl: posts small blind $1
scorpio04: posts big blind $3
*** HOLE CARDS ***
bryan00nl: raises $3 to $6
scorpio04: calls $3
*** FLOP *** [Js 7h 6s]
scorpio04: checks
bryan00nl: bets $3
scorpio04: calls $3
*** TURN *** [Js 7h 6s] [Kh]
scorpio04: checks
bryan00nl: bets $6
scorpio04: calls $6
*** RIVER *** [Js 7h 6s Kh] [4c]
scorpio04: checks
bryan00nl: bets $6
scorpio04: calls $6
*** SHOW DOWN ***
bryan00nl: shows [5s 8d] (a straight, Four to Eight)
scorpio04: mucks hand
bryan00nl collected $41.50 from pot
*** SUMMARY ***
Total pot $42 | Rake $0.50
Board [Js 7h 6s Kh 4c]
Seat 2: bryan00nl (button) (small blind) showed [5s 8d] and won ($41.50) with a straight, Four to Eight
Seat 5: scorpio04 (big blind) mucked


PokerStars Hand #148057325790:  Hold'em Limit ($3/$6 USD) - 2016/02/01 12:01:07 ET
Table 'Mellena II' 6-max Seat #5 is the button
Seat 2: bryan00nl ($157.27 in chips)
Seat 5: scorpio04 ($174.43 in chips)
scorpio04: posts small blind $1
bryan00nl: posts big blind $3
*** HOLE CARDS ***
scorpio04: raises $3 to $6
bryan00nl: calls $3
*** FLOP *** [4c Ah 8d]
bryan00nl: checks
scorpio04: bets $3
kismespit leaves the table
bryan00nl: calls $3
*** TURN *** [4c Ah 8d] [Td]
bryan00nl: checks
scorpio04: checks
*** RIVER *** [4c Ah 8d Td] [6s]
bryan00nl: checks
scorpio04: bets $6
bryan00nl: calls $6
*** SHOW DOWN ***
scorpio04: shows [5s 8c] (a pair of Eights)
bryan00nl: mucks hand
scorpio04 collected $29.50 from pot
*** SUMMARY ***
Total pot $30 | Rake $0.50
Board [4c Ah 8d Td 6s]
Seat 2: bryan00nl (big blind) mucked
Seat 5: scorpio04 (button) (small blind) showed [5s 8c] and won ($29.50) with a pair of Eights


PokerStars Hand #148057320315:  Hold'em Limit ($3/$6 USD) - 2016/02/01 12:01:00 ET
Table 'Mellena II' 6-max Seat #2 is the button
Seat 2: bryan00nl ($154.27 in chips)
Seat 5: scorpio04 ($177.43 in chips)
bryan00nl: posts small blind $1
scorpio04: posts big blind $3
*** HOLE CARDS ***
bryan00nl: raises $3 to $6
scorpio04: folds
Uncalled bet ($3) returned to bryan00nl
bryan00nl collected $6 from pot
bryan00nl: doesn't show hand
*** SUMMARY ***
Total pot $6 | Rake $0
Seat 2: bryan00nl (button) (small blind) collected ($6)
Seat 5: scorpio04 (big blind) folded before Flop


PokerStars Hand #148057359330:  Hold'em Limit ($3/$6 USD) - 2016/02/01 12:01:46 ET
Table 'Mellena II' 6-max Seat #2 is the button
Seat 2: bryan00nl ($163.77 in chips)
Seat 5: scorpio04 ($166.93 in chips)
bryan00nl: posts small blind $1
scorpio04: posts big blind $3
*** HOLE CARDS ***
bryan00nl: folds
Uncalled bet ($2) returned to scorpio04
scorpio04 collected $2 from pot
scorpio04: doesn't show hand
*** SUMMARY ***
Total pot $2 | Rake $0
Seat 2: bryan00nl (button) (small blind) folded before Flop
Seat 5: scorpio04 (big blind) collected ($2)


PokerStars Hand #148057354305:  Hold'em Limit ($3/$6 USD) - 2016/02/01 12:01:41 ET
Table 'Mellena II' 6-max Seat #5 is the button
Seat 2: bryan00nl ($162.77 in chips)
Seat 5: scorpio04 ($167.93 in chips)
scorpio04: posts small blind $1
bryan00nl: posts big blind $3
*** HOLE CARDS ***
scorpio04: folds
Uncalled bet ($2) returned to bryan00nl
bryan00nl collected $2 from pot
bryan00nl: doesn't show hand
*** SUMMARY ***
Total pot $2 | Rake $0
Seat 2: bryan00nl (big blind) collected ($2)
Seat 5: scorpio04 (button) (small blind) folded before Flop


PokerStars Hand #148057379187:  Hold'em Limit ($3/$6 USD) - 2016/02/01 12:02:08 ET
Table 'Mellena II' 6-max Seat #5 is the button
Seat 2: bryan00nl ($162.53 in chips)
Seat 5: scorpio04 ($167.69 in chips)
scorpio04: posts small blind $1
bryan00nl: posts big blind $3
*** HOLE CARDS ***
scorpio04: raises $3 to $6
bryan00nl: calls $3
*** FLOP *** [Th 2s 5c]
bryan00nl: checks
scorpio04: bets $3
bryan00nl: raises $3 to $6
scorpio04: calls $3
*** TURN *** [Th 2s 5c] [3c]
bryan00nl: bets $6
RabbitNrAS joins the table at seat #4
scorpio04: folds
Uncalled bet ($6) returned to bryan00nl
bryan00nl collected $23.52 from pot
bryan00nl: doesn't show hand
*** SUMMARY ***
Total pot $24 | Rake $0.48
Board [Th 2s 5c 3c]
Seat 2: bryan00nl (big blind) collected ($23.52)
Seat 5: scorpio04 (button) (small blind) folded on the Turn


PokerStars Hand #148057369685:  Hold'em Limit ($3/$6 USD) - 2016/02/01 12:01:58 ET
Table 'Mellena II' 6-max Seat #2 is the button
Seat 2: bryan00nl ($156.77 in chips)
Seat 5: scorpio04 ($173.69 in chips)
bryan00nl: posts small blind $1
scorpio04: posts big blind $3
*** HOLE CARDS ***
bryan00nl: raises $3 to $6
scorpio04: calls $3
*** FLOP *** [8d 2d Kc]
scorpio04: checks
bryan00nl: bets $3
scorpio04: folds
Uncalled bet ($3) returned to bryan00nl
bryan00nl collected $11.76 from pot
bryan00nl: doesn't show hand
*** SUMMARY ***
Total pot $12 | Rake $0.24
Board [8d 2d Kc]
Seat 2: bryan00nl (button) (small blind) collected ($11.76)
Seat 5: scorpio04 (big blind) folded on the Flop


PokerStars Hand #148057363239:  Hold'em Limit ($3/$6 USD) - 2016/02/01 12:01:51 ET
Table 'Mellena II' 6-max Seat #5 is the button
Seat 2: bryan00nl ($162.77 in chips)
Seat 5: scorpio04 ($167.93 in chips)
scorpio04: posts small blind $1
bryan00nl: posts big blind $3
*** HOLE CARDS ***
scorpio04: raises $3 to $6
bryan00nl: calls $3
*** FLOP *** [Kc Ad 3s]
bryan00nl: checks
scorpio04: bets $3
bryan00nl: folds
Uncalled bet ($3) returned to scorpio04
scorpio04 collected $11.76 from pot
scorpio04: doesn't show hand
*** SUMMARY ***
Total pot $12 | Rake $0.24
Board [Kc Ad 3s]
Seat 2: bryan00nl (big blind) folded on the Flop
Seat 5: scorpio04 (button) (small blind) collected ($11.76)


PokerStars Hand #148058699340:  Hold'em Limit ($3/$6 USD) - 2016/02/01 12:26:13 ET
Table 'Mellena II' 6-max Seat #2 is the button
Seat 2: bryan00nl ($141.53 in chips)
Seat 4: Chessnok ($150.82 in chips)
bryan00nl: posts small blind $1
Chessnok: posts big blind $3
*** HOLE CARDS ***
bryan00nl: raises $3 to $6
Chessnok: calls $3
*** FLOP *** [5d 3h Ad]
Chessnok: checks
bryan00nl: bets $3
Chessnok: folds
Uncalled bet ($3) returned to bryan00nl
bryan00nl collected $11.76 from pot
bryan00nl: doesn't show hand
*** SUMMARY ***
Total pot $12 | Rake $0.24
Board [5d 3h Ad]
Seat 2: bryan00nl (button) (small blind) collected ($11.76)
Seat 4: Chessnok (big blind) folded on the Flop


PokerStars Hand #148058709987:  Hold'em Limit ($3/$6 USD) - 2016/02/01 12:26:25 ET
Table 'Mellena II' 6-max Seat #4 is the button
Seat 2: bryan00nl ($147.29 in chips)
Seat 4: Chessnok ($144.82 in chips)
Chessnok: posts small blind $1
bryan00nl: posts big blind $3
*** HOLE CARDS ***
Chessnok: raises $3 to $6
bryan00nl: raises $3 to $9
Chessnok: calls $3
*** FLOP *** [Ts Kd 6s]
bryan00nl: bets $3
Chessnok: calls $3
*** TURN *** [Ts Kd 6s] [7d]
bryan00nl: bets $6
Chessnok: calls $6
*** RIVER *** [Ts Kd 6s 7d] [5d]
bryan00nl: bets $6
Chessnok: calls $6
*** SHOW DOWN ***
bryan00nl: shows [Tc Td] (three of a kind, Tens)
Chessnok: mucks hand
bryan00nl collected $47.50 from pot
*** SUMMARY ***
Total pot $48 | Rake $0.50
Board [Ts Kd 6s 7d 5d]
Seat 2: bryan00nl (big blind) showed [Tc Td] and won ($47.50) with three of a kind, Tens
Seat 4: Chessnok (button) (small blind) mucked


