PokerStars Hand #171207370095:  Hold'em Limit ($3/$6 USD) - 2017/06/01 13:47:38 ET
Table 'Mellena' 6-max Seat #1 is the button
Seat 1: zsomz ($153.23 in chips)
Seat 2: B_loJkl ($174.30 in chips)
zsomz: posts small blind $1
B_loJkl: posts big blind $3
*** HOLE CARDS ***
zsomz: raises $3 to $6
Bonkman05 leaves the table
B_loJkl: folds
Uncalled bet ($3) returned to zsomz
zsomz collected $6 from pot
zsomz: doesn't show hand
*** SUMMARY ***
Total pot $6 | Rake $0
Seat 1: zsomz (button) (small blind) collected ($6)
Seat 2: B_loJkl (big blind) folded before Flop


PokerStars Hand #171207365556:  Hold'em Limit ($3/$6 USD) - 2017/06/01 13:47:32 ET
Table 'Mellena' 6-max Seat #2 is the button
Seat 1: zsomz ($156.23 in chips)
Seat 2: B_loJkl ($171.30 in chips)
B_loJkl: posts small blind $1
craaa: is sitting out
Bonkman05: is sitting out
zsomz: posts big blind $3
*** HOLE CARDS ***
B_loJkl: raises $3 to $6
zsomz: folds
Uncalled bet ($3) returned to B_loJkl
B_loJkl collected $6 from pot
B_loJkl: doesn't show hand
craaa leaves the table
*** SUMMARY ***
Total pot $6 | Rake $0
Seat 1: zsomz (big blind) folded before Flop
Seat 2: B_loJkl (button) (small blind) collected ($6)


