PokerStars Hand #169958176285:  Hold'em Limit ($3/$6 USD) - 2017/05/04 16:59:31 ET
Table 'Mellena' 6-max Seat #1 is the button
Seat 1: anebodil ($87.04 in chips)
Seat 2: Zubasa07 ($310.18 in chips)
anebodil: posts small blind $1
Zubasa07: posts big blind $3
*** HOLE CARDS ***
anebodil: folds
Uncalled bet ($2) returned to Zubasa07
Zubasa07 collected $2 from pot
Zubasa07: doesn't show hand
*** SUMMARY ***
Total pot $2 | Rake $0
Seat 1: anebodil (button) (small blind) folded before Flop
Seat 2: Zubasa07 (big blind) collected ($2)


PokerStars Hand #169958172145:  Hold'em Limit ($3/$6 USD) - 2017/05/04 16:59:25 ET
Table 'Mellena' 6-max Seat #2 is the button
Seat 1: anebodil ($90.04 in chips)
Seat 2: Zubasa07 ($307.18 in chips)
Zubasa07: posts small blind $1
anebodil: posts big blind $3
*** HOLE CARDS ***
Zubasa07: raises $3 to $6
anebodil: folds
Uncalled bet ($3) returned to Zubasa07
Zubasa07 collected $6 from pot
Zubasa07: doesn't show hand
*** SUMMARY ***
Total pot $6 | Rake $0
Seat 1: anebodil (big blind) folded before Flop
Seat 2: Zubasa07 (button) (small blind) collected ($6)


PokerStars Hand #169958133859:  Hold'em Limit ($3/$6 USD) - 2017/05/04 16:58:30 ET
Table 'Mellena' 6-max Seat #1 is the button
Seat 1: anebodil ($108.04 in chips)
Seat 2: Zubasa07 ($289.68 in chips)
anebodil: posts small blind $1
Zubasa07: posts big blind $3
*** HOLE CARDS ***
anebodil: raises $3 to $6
Zubasa07: calls $3
*** FLOP *** [5h 5d Jc]
Zubasa07: checks
anebodil: bets $3
Zubasa07: raises $3 to $6
anebodil: calls $3
*** TURN *** [5h 5d Jc] [Js]
Zubasa07: bets $6
anebodil: calls $6
*** RIVER *** [5h 5d Jc Js] [4h]
Zubasa07: checks
anebodil: checks
*** SHOW DOWN ***
Zubasa07: shows [6s 7h] (two pair, Jacks and Fives)
anebodil: mucks hand
Zubasa07 collected $35.50 from pot
*** SUMMARY ***
Total pot $36 | Rake $0.50
Board [5h 5d Jc Js 4h]
Seat 1: anebodil (button) (small blind) mucked
Seat 2: Zubasa07 (big blind) showed [6s 7h] and won ($35.50) with two pair, Jacks and Fives


PokerStars Hand #169958179898:  Hold'em Limit ($3/$6 USD) - 2017/05/04 16:59:36 ET
Table 'Mellena' 6-max Seat #2 is the button
Seat 1: anebodil ($86.04 in chips)
Seat 2: Zubasa07 ($311.18 in chips)
Zubasa07: posts small blind $1
anebodil: posts big blind $3
*** HOLE CARDS ***
Zubasa07: raises $3 to $6
anebodil: calls $3
*** FLOP *** [5h 7s Ts]
anebodil: checks
Zubasa07: bets $3
anebodil: calls $3
*** TURN *** [5h 7s Ts] [6c]
anebodil: bets $6
Zubasa07: calls $6
*** RIVER *** [5h 7s Ts 6c] [Qd]
anebodil: bets $6
Zubasa07: folds
Uncalled bet ($6) returned to anebodil
anebodil collected $29.50 from pot
*** SUMMARY ***
Total pot $30 | Rake $0.50
Board [5h 7s Ts 6c Qd]
Seat 1: anebodil (big blind) collected ($29.50)
Seat 2: Zubasa07 (button) (small blind) folded on the River


PokerStars Hand #169958224037:  Hold'em Limit ($3/$6 USD) - 2017/05/04 17:00:37 ET
Table 'Mellena' 6-max Seat #1 is the button
Seat 1: anebodil ($100.54 in chips)
Seat 2: Zubasa07 ($296.18 in chips)
anebodil: posts small blind $1
Zubasa07: posts big blind $3
*** HOLE CARDS ***
anebodil: folds
Uncalled bet ($2) returned to Zubasa07
Zubasa07 collected $2 from pot
Zubasa07: doesn't show hand
*** SUMMARY ***
Total pot $2 | Rake $0
Seat 1: anebodil (button) (small blind) folded before Flop
Seat 2: Zubasa07 (big blind) collected ($2)


PokerStars Hand #169958248918:  Hold'em Limit ($3/$6 USD) - 2017/05/04 17:01:08 ET
Table 'Mellena' 6-max Seat #1 is the button
Seat 1: anebodil ($108.18 in chips)
Seat 2: Zubasa07 ($288.18 in chips)
anebodil: posts small blind $1
Zubasa07: posts big blind $3
*** HOLE CARDS ***
anebodil: calls $2
Zubasa07: checks
*** FLOP *** [2c Ts 2h]
Zubasa07: bets $3
anebodil: calls $3
*** TURN *** [2c Ts 2h] [3s]
TSzalay joins the table at seat #3
Zubasa07: bets $6
anebodil: calls $6
*** RIVER *** [2c Ts 2h 3s] [8h]
Zubasa07: bets $6
anebodil: calls $6
*** SHOW DOWN ***
Zubasa07: shows [2d 4d] (three of a kind, Deuces)
anebodil: mucks hand
Zubasa07 collected $35.50 from pot
*** SUMMARY ***
Total pot $36 | Rake $0.50
Board [2c Ts 2h 3s 8h]
Seat 1: anebodil (button) (small blind) mucked
Seat 2: Zubasa07 (big blind) showed [2d 4d] and won ($35.50) with three of a kind, Deuces


PokerStars Hand #169958741788:  Hold'em Limit ($3/$6 USD) - 2017/05/04 17:10:36 ET
Table 'Mellena' 6-max Seat #1 is the button
Seat 1: anebodil ($132.86 in chips)
Seat 4: EVBET ($90 in chips)
anebodil: posts small blind $1
Zubasa07: is sitting out
TSzalay: is sitting out
EVBET: posts big blind $3
*** HOLE CARDS ***
anebodil: calls $2
TSzalay leaves the table
EVBET: raises $3 to $6
anebodil: calls $3
*** FLOP *** [Jh Qc Qh]
EVBET: bets $3
anebodil: calls $3
*** TURN *** [Jh Qc Qh] [Th]
EVBET: bets $6
anebodil: calls $6
*** RIVER *** [Jh Qc Qh Th] [4d]
EVBET: checks
anebodil: checks
*** SHOW DOWN ***
EVBET: shows [Ah 6s] (a pair of Queens)
anebodil: mucks hand
EVBET collected $29.50 from pot
*** SUMMARY ***
Total pot $30 | Rake $0.50
Board [Jh Qc Qh Th 4d]
Seat 1: anebodil (button) (small blind) mucked
Seat 4: EVBET (big blind) showed [Ah 6s] and won ($29.50) with a pair of Queens


PokerStars Hand #169958792912:  Hold'em Limit ($3/$6 USD) - 2017/05/04 17:11:35 ET
Table 'Mellena' 6-max Seat #1 is the button
Seat 1: anebodil ($126.50 in chips)
Seat 4: EVBET ($95.50 in chips)
anebodil: posts small blind $1
EVBET: posts big blind $3
*** HOLE CARDS ***
anebodil: folds
Uncalled bet ($2) returned to EVBET
EVBET collected $2 from pot
EVBET: doesn't show hand
*** SUMMARY ***
Total pot $2 | Rake $0
Seat 1: anebodil (button) (small blind) folded before Flop
Seat 4: EVBET (big blind) collected ($2)


PokerStars Hand #169958776945:  Hold'em Limit ($3/$6 USD) - 2017/05/04 17:11:16 ET
Table 'Mellena' 6-max Seat #4 is the button
Seat 1: anebodil ($117.86 in chips)
Seat 4: EVBET ($104.50 in chips)
EVBET: posts small blind $1
anebodil: posts big blind $3
*** HOLE CARDS ***
EVBET: raises $3 to $6
anebodil: raises $3 to $9
EVBET: calls $3
*** FLOP *** [4c 8s 9d]
anebodil: bets $3
EVBET: folds
Uncalled bet ($3) returned to anebodil
anebodil collected $17.64 from pot
*** SUMMARY ***
Total pot $18 | Rake $0.36
Board [4c 8s 9d]
Seat 1: anebodil (big blind) collected ($17.64)
Seat 4: EVBET (button) (small blind) folded on the Flop


PokerStars Hand #169958771001:  Hold'em Limit ($3/$6 USD) - 2017/05/04 17:11:09 ET
Table 'Mellena' 6-max Seat #1 is the button
Seat 1: anebodil ($118.86 in chips)
Seat 4: EVBET ($103.50 in chips)
anebodil: posts small blind $1
EVBET: posts big blind $3
*** HOLE CARDS ***
anebodil: folds
Uncalled bet ($2) returned to EVBET
EVBET collected $2 from pot
EVBET: doesn't show hand
*** SUMMARY ***
Total pot $2 | Rake $0
Seat 1: anebodil (button) (small blind) folded before Flop
Seat 4: EVBET (big blind) collected ($2)


PokerStars Hand #169958763810:  Hold'em Limit ($3/$6 USD) - 2017/05/04 17:11:01 ET
Table 'Mellena' 6-max Seat #4 is the button
Seat 1: anebodil ($117.86 in chips)
Seat 4: EVBET ($104.50 in chips)
EVBET: posts small blind $1
anebodil: posts big blind $3
*** HOLE CARDS ***
EVBET: folds
Uncalled bet ($2) returned to anebodil
anebodil collected $2 from pot
*** SUMMARY ***
Total pot $2 | Rake $0
Seat 1: anebodil (big blind) collected ($2)
Seat 4: EVBET (button) (small blind) folded before Flop


PokerStars Hand #169958804920:  Hold'em Limit ($3/$6 USD) - 2017/05/04 17:11:49 ET
Table 'Mellena' 6-max Seat #1 is the button
Seat 1: anebodil ($122.50 in chips)
Seat 4: EVBET ($99.50 in chips)
anebodil: posts small blind $1
EVBET: posts big blind $3
*** HOLE CARDS ***
anebodil: folds
Uncalled bet ($2) returned to EVBET
EVBET collected $2 from pot
EVBET: doesn't show hand
*** SUMMARY ***
Total pot $2 | Rake $0
Seat 1: anebodil (button) (small blind) folded before Flop
Seat 4: EVBET (big blind) collected ($2)


PokerStars Hand #169958797718:  Hold'em Limit ($3/$6 USD) - 2017/05/04 17:11:41 ET
Table 'Mellena' 6-max Seat #4 is the button
Seat 1: anebodil ($125.50 in chips)
Seat 4: EVBET ($96.50 in chips)
EVBET: posts small blind $1
anebodil: posts big blind $3
*** HOLE CARDS ***
EVBET: raises $3 to $6
anebodil: folds
Uncalled bet ($3) returned to EVBET
EVBET collected $6 from pot
EVBET: doesn't show hand
*** SUMMARY ***
Total pot $6 | Rake $0
Seat 1: anebodil (big blind) folded before Flop
Seat 4: EVBET (button) (small blind) collected ($6)


PokerStars Hand #169958809996:  Hold'em Limit ($3/$6 USD) - 2017/05/04 17:11:55 ET
Table 'Mellena' 6-max Seat #4 is the button
Seat 1: anebodil ($121.50 in chips)
Seat 4: EVBET ($100.50 in chips)
EVBET: posts small blind $1
anebodil: posts big blind $3
*** HOLE CARDS ***
EVBET: folds
Uncalled bet ($2) returned to anebodil
anebodil collected $2 from pot
*** SUMMARY ***
Total pot $2 | Rake $0
Seat 1: anebodil (big blind) collected ($2)
Seat 4: EVBET (button) (small blind) folded before Flop


PokerStars Hand #169958817222:  Hold'em Limit ($3/$6 USD) - 2017/05/04 17:12:03 ET
Table 'Mellena' 6-max Seat #1 is the button
Seat 1: anebodil ($122.50 in chips)
Seat 4: EVBET ($99.50 in chips)
anebodil: posts small blind $1
EVBET: posts big blind $3
*** HOLE CARDS ***
anebodil: raises $3 to $6
EVBET: calls $3
*** FLOP *** [8h Th 8s]
EVBET: checks
anebodil: checks
*** TURN *** [8h Th 8s] [Qh]
ToDaFelt joins the table at seat #3
EVBET: checks
anebodil: checks
*** RIVER *** [8h Th 8s Qh] [4s]
EVBET: checks
anebodil: checks
*** SHOW DOWN ***
EVBET: shows [2c Kc] (a pair of Eights)
anebodil: shows [3s 3h] (two pair, Eights and Threes)
anebodil collected $11.76 from pot
*** SUMMARY ***
Total pot $12 | Rake $0.24
Board [8h Th 8s Qh 4s]
Seat 1: anebodil (button) (small blind) showed [3s 3h] and won ($11.76) with two pair, Eights and Threes
Seat 4: EVBET (big blind) showed [2c Kc] and lost with a pair of Eights


PokerStars Hand #169963968598:  Hold'em Limit ($3/$6 USD) - 2017/05/04 19:07:26 ET
Table 'Mellena' 6-max Seat #4 is the button
Seat 3: ABATAPP ($119.76 in chips)
Seat 4: RaisemyNut$ ($175.59 in chips)
RaisemyNut$: posts small blind $1
ABATAPP: posts big blind $3
*** HOLE CARDS ***
sienvan joins the table at seat #6
RaisemyNut$: raises $3 to $6
ABATAPP: folds
Uncalled bet ($3) returned to RaisemyNut$
RaisemyNut$ collected $6 from pot
RaisemyNut$: doesn't show hand
*** SUMMARY ***
Total pot $6 | Rake $0
Seat 3: ABATAPP (big blind) folded before Flop
Seat 4: RaisemyNut$ (button) (small blind) collected ($6)


PokerStars Hand #169963975052:  Hold'em Limit ($3/$6 USD) - 2017/05/04 19:07:35 ET
Table 'Mellena' 6-max Seat #3 is the button
Seat 3: ABATAPP ($116.76 in chips)
Seat 4: RaisemyNut$ ($178.59 in chips)
ABATAPP: posts small blind $1
RaisemyNut$: posts big blind $3
*** HOLE CARDS ***
ABATAPP: raises $3 to $6
RaisemyNut$: calls $3
*** FLOP *** [Ac 2d 9c]
RaisemyNut$: checks
ABATAPP: checks
*** TURN *** [Ac 2d 9c] [Kd]
RaisemyNut$: bets $6
ABATAPP: calls $6
*** RIVER *** [Ac 2d 9c Kd] [5d]
RaisemyNut$: checks
ABATAPP: bets $6
RaisemyNut$: calls $6
*** SHOW DOWN ***
ABATAPP: shows [Kc Tc] (a pair of Kings)
RaisemyNut$: mucks hand
ABATAPP collected $35.50 from pot
*** SUMMARY ***
Total pot $36 | Rake $0.50
Board [Ac 2d 9c Kd 5d]
Seat 3: ABATAPP (button) (small blind) showed [Kc Tc] and won ($35.50) with a pair of Kings
Seat 4: RaisemyNut$ (big blind) mucked


