PokerStars Hand #155393041493:  Hold'em Limit ($3/$6 USD) - 2016/06/30 14:09:39 ET
Table 'Mellena' 6-max Seat #1 is the button
Seat 1: LifeisagameX ($60 in chips)
Seat 3: dannysalami ($120 in chips)
LifeisagameX: posts small blind $1
dannysalami: posts big blind $3
*** HOLE CARDS ***
LifeisagameX: raises $3 to $6
dannysalami: raises $3 to $9
LifeisagameX: calls $3
*** FLOP *** [7h Jd 4s]
dannysalami: bets $3
LifeisagameX: calls $3
*** TURN *** [7h Jd 4s] [Tc]
dannysalami: bets $6
LifeisagameX: folds
Uncalled bet ($6) returned to dannysalami
dannysalami collected $23.52 from pot
dannysalami: doesn't show hand
*** SUMMARY ***
Total pot $24 | Rake $0.48
Board [7h Jd 4s Tc]
Seat 1: LifeisagameX (button) (small blind) folded on the Turn
Seat 3: dannysalami (big blind) collected ($23.52)


PokerStars Hand #155393068105:  Hold'em Limit ($3/$6 USD) - 2016/06/30 14:10:16 ET
Table 'Mellena' 6-max Seat #3 is the button
Seat 1: LifeisagameX ($48 in chips)
Seat 3: dannysalami ($131.52 in chips)
dannysalami: posts small blind $1
LifeisagameX: posts big blind $3
*** HOLE CARDS ***
dannysalami: raises $3 to $6
LifeisagameX: calls $3
*** FLOP *** [8c 2s 2d]
LifeisagameX: checks
dannysalami: bets $3
LifeisagameX: raises $3 to $6
dannysalami: calls $3
*** TURN *** [8c 2s 2d] [Kh]
LifeisagameX: checks
dannysalami: bets $6
LifeisagameX: folds
Uncalled bet ($6) returned to dannysalami
dannysalami collected $23.52 from pot
dannysalami: doesn't show hand
*** SUMMARY ***
Total pot $24 | Rake $0.48
Board [8c 2s 2d Kh]
Seat 1: LifeisagameX (big blind) folded on the Turn
Seat 3: dannysalami (button) (small blind) collected ($23.52)


PokerStars Hand #155393114674:  Hold'em Limit ($3/$6 USD) - 2016/06/30 14:11:21 ET
Table 'Mellena' 6-max Seat #3 is the button
Seat 1: LifeisagameX ($39 in chips)
Seat 3: dannysalami ($140.04 in chips)
dannysalami: posts small blind $1
LifeisagameX: posts big blind $3
*** HOLE CARDS ***
dannysalami: folds
Uncalled bet ($2) returned to LifeisagameX
LifeisagameX collected $2 from pot
LifeisagameX: doesn't show hand
*** SUMMARY ***
Total pot $2 | Rake $0
Seat 1: LifeisagameX (big blind) collected ($2)
Seat 3: dannysalami (button) (small blind) folded before Flop


PokerStars Hand #155393108693:  Hold'em Limit ($3/$6 USD) - 2016/06/30 14:11:14 ET
Table 'Mellena' 6-max Seat #1 is the button
Seat 1: LifeisagameX ($36 in chips)
Seat 3: dannysalami ($143.04 in chips)
LifeisagameX: posts small blind $1
dannysalami: posts big blind $3
*** HOLE CARDS ***
LifeisagameX: raises $3 to $6
dannysalami: folds
Uncalled bet ($3) returned to LifeisagameX
LifeisagameX collected $6 from pot
LifeisagameX: doesn't show hand
*** SUMMARY ***
Total pot $6 | Rake $0
Seat 1: LifeisagameX (button) (small blind) collected ($6)
Seat 3: dannysalami (big blind) folded before Flop


PokerStars Hand #155395419039:  Hold'em Limit ($3/$6 USD) - 2016/06/30 15:05:46 ET
Table 'Mellena' 6-max Seat #5 is the button
Seat 4: gaensehaut ($65.02 in chips)
Seat 5: Pandakey ($84 in chips)
Pandakey: posts small blind $1
gaensehaut: posts big blind $3
*** HOLE CARDS ***
Pandakey: folds
Uncalled bet ($2) returned to gaensehaut
gaensehaut collected $2 from pot
gaensehaut: doesn't show hand
*** SUMMARY ***
Total pot $2 | Rake $0
Seat 4: gaensehaut (big blind) collected ($2)
Seat 5: Pandakey (button) (small blind) folded before Flop


PokerStars Hand #155395410822:  Hold'em Limit ($3/$6 USD) - 2016/06/30 15:05:35 ET
Table 'Mellena' 6-max Seat #4 is the button
Seat 4: gaensehaut ($53.50 in chips)
Seat 5: Pandakey ($96 in chips)
gaensehaut: posts small blind $1
Pandakey: posts big blind $3
*** HOLE CARDS ***
gaensehaut: raises $3 to $6
Pandakey: calls $3
*** FLOP *** [9s 3d 9d]
Pandakey: checks
gaensehaut: checks
*** TURN *** [9s 3d 9d] [Kc]
Pandakey: bets $6
gaensehaut: raises $6 to $12
Pandakey: folds
Uncalled bet ($6) returned to gaensehaut
gaensehaut collected $23.52 from pot
gaensehaut: doesn't show hand
*** SUMMARY ***
Total pot $24 | Rake $0.48
Board [9s 3d 9d Kc]
Seat 4: gaensehaut (button) (small blind) collected ($23.52)
Seat 5: Pandakey (big blind) folded on the Turn


PokerStars Hand #155395390413:  Hold'em Limit ($3/$6 USD) - 2016/06/30 15:05:06 ET
Table 'Mellena' 6-max Seat #5 is the button
Seat 4: gaensehaut ($27 in chips)
Seat 5: Pandakey ($123 in chips)
Pandakey: posts small blind $1
gaensehaut: posts big blind $3
*** HOLE CARDS ***
Pandakey: raises $3 to $6
gaensehaut: calls $3
*** FLOP *** [8c 9d 6h]
gaensehaut: checks
Pandakey: bets $3
gaensehaut: calls $3
*** TURN *** [8c 9d 6h] [3s]
gaensehaut: checks
Pandakey: bets $6
gaensehaut: raises $6 to $12
Pandakey: calls $6
*** RIVER *** [8c 9d 6h 3s] [Tc]
gaensehaut: bets $6 and is all-in
Pandakey: calls $6
*** SHOW DOWN ***
gaensehaut: shows [7c 8h] (a straight, Six to Ten)
Pandakey: shows [6c 5s] (a pair of Sixes)
gaensehaut collected $53.50 from pot
*** SUMMARY ***
Total pot $54 | Rake $0.50
Board [8c 9d 6h 3s Tc]
Seat 4: gaensehaut (big blind) showed [7c 8h] and won ($53.50) with a straight, Six to Ten
Seat 5: Pandakey (button) (small blind) showed [6c 5s] and lost with a pair of Sixes


PokerStars Hand #155395425465:  Hold'em Limit ($3/$6 USD) - 2016/06/30 15:05:55 ET
Table 'Mellena' 6-max Seat #5 is the button
Seat 4: gaensehaut ($69.02 in chips)
Seat 5: Pandakey ($80 in chips)
Pandakey: posts small blind $1
gaensehaut: posts big blind $3
*** HOLE CARDS ***
Pandakey: raises $3 to $6
gaensehaut: calls $3
*** FLOP *** [3d 9h 2s]
gaensehaut: checks
Pandakey: bets $3
gaensehaut: calls $3
*** TURN *** [3d 9h 2s] [Ts]
gaensehaut: checks
Pandakey: bets $6
gaensehaut: calls $6
*** RIVER *** [3d 9h 2s Ts] [9d]
gaensehaut: checks
Pandakey: bets $6
gaensehaut: calls $6
*** SHOW DOWN ***
Pandakey: shows [6c 6d] (two pair, Nines and Sixes)
gaensehaut: shows [Jc Th] (two pair, Tens and Nines)
gaensehaut collected $41.50 from pot
*** SUMMARY ***
Total pot $42 | Rake $0.50
Board [3d 9h 2s Ts 9d]
Seat 4: gaensehaut (big blind) showed [Jc Th] and won ($41.50) with two pair, Tens and Nines
Seat 5: Pandakey (button) (small blind) showed [6c 6d] and lost with two pair, Nines and Sixes


PokerStars Hand #155395421955:  Hold'em Limit ($3/$6 USD) - 2016/06/30 15:05:50 ET
Table 'Mellena' 6-max Seat #4 is the button
Seat 4: gaensehaut ($66.02 in chips)
Seat 5: Pandakey ($83 in chips)
gaensehaut: posts small blind $1
Pandakey: posts big blind $3
*** HOLE CARDS ***
gaensehaut: raises $3 to $6
Pandakey: folds
Uncalled bet ($3) returned to gaensehaut
gaensehaut collected $6 from pot
gaensehaut: doesn't show hand
*** SUMMARY ***
Total pot $6 | Rake $0
Seat 4: gaensehaut (button) (small blind) collected ($6)
Seat 5: Pandakey (big blind) folded before Flop


PokerStars Hand #155395460253:  Hold'em Limit ($3/$6 USD) - 2016/06/30 15:06:44 ET
Table 'Mellena' 6-max Seat #4 is the button
Seat 4: gaensehaut ($62.52 in chips)
Seat 5: Pandakey ($85.02 in chips)
gaensehaut: posts small blind $1
Pandakey: posts big blind $3
*** HOLE CARDS ***
gaensehaut: calls $2
Pandakey: checks
*** FLOP *** [5c 3d 9h]
Pandakey: bets $3
gaensehaut: folds
Uncalled bet ($3) returned to Pandakey
Pandakey collected $5.88 from pot
Pandakey: doesn't show hand
*** SUMMARY ***
Total pot $6 | Rake $0.12
Board [5c 3d 9h]
Seat 4: gaensehaut (button) (small blind) folded on the Flop
Seat 5: Pandakey (big blind) collected ($5.88)


PokerStars Hand #155395448351:  Hold'em Limit ($3/$6 USD) - 2016/06/30 15:06:27 ET
Table 'Mellena' 6-max Seat #5 is the button
Seat 4: gaensehaut ($77.52 in chips)
Seat 5: Pandakey ($70.52 in chips)
Pandakey: posts small blind $1
gaensehaut: posts big blind $3
*** HOLE CARDS ***
Pandakey: raises $3 to $6
gaensehaut: calls $3
*** FLOP *** [3c 9c 2h]
gaensehaut: checks
Pandakey: bets $3
gaensehaut: calls $3
*** TURN *** [3c 9c 2h] [9s]
gaensehaut: checks
Pandakey: checks
*** RIVER *** [3c 9c 2h 9s] [6s]
gaensehaut: bets $6
Pandakey: calls $6
*** SHOW DOWN ***
gaensehaut: shows [Jh Kc] (a pair of Nines)
Pandakey: shows [7h 6h] (two pair, Nines and Sixes)
Pandakey collected $29.50 from pot
*** SUMMARY ***
Total pot $30 | Rake $0.50
Board [3c 9c 2h 9s 6s]
Seat 4: gaensehaut (big blind) showed [Jh Kc] and lost with a pair of Nines
Seat 5: Pandakey (button) (small blind) showed [7h 6h] and won ($29.50) with two pair, Nines and Sixes


PokerStars Hand #155395436299:  Hold'em Limit ($3/$6 USD) - 2016/06/30 15:06:11 ET
Table 'Mellena' 6-max Seat #4 is the button
Seat 4: gaensehaut ($89.52 in chips)
Seat 5: Pandakey ($59 in chips)
gaensehaut: posts small blind $1
Pandakey: posts big blind $3
*** HOLE CARDS ***
gaensehaut: calls $2
Pandakey: checks
*** FLOP *** [Kd Ac As]
Pandakey: checks
gaensehaut: bets $3
Pandakey: calls $3
*** TURN *** [Kd Ac As] [9d]
Pandakey: checks
gaensehaut: bets $6
Pandakey: calls $6
*** RIVER *** [Kd Ac As 9d] [Qc]
Pandakey: checks
gaensehaut: checks
*** SHOW DOWN ***
Pandakey: shows [Kh 3c] (two pair, Aces and Kings)
gaensehaut: mucks hand
Pandakey collected $23.52 from pot
*** SUMMARY ***
Total pot $24 | Rake $0.48
Board [Kd Ac As 9d Qc]
Seat 4: gaensehaut (button) (small blind) mucked
Seat 5: Pandakey (big blind) showed [Kh 3c] and won ($23.52) with two pair, Aces and Kings


PokerStars Hand #155395497212:  Hold'em Limit ($3/$6 USD) - 2016/06/30 15:07:34 ET
Table 'Mellena' 6-max Seat #4 is the button
Seat 4: gaensehaut ($99.52 in chips)
Seat 5: Pandakey ($46.90 in chips)
gaensehaut: posts small blind $1
Pandakey: posts big blind $3
*** HOLE CARDS ***
gaensehaut: calls $2
Pandakey: checks
*** FLOP *** [Ts 6c Qs]
Pandakey: checks
gaensehaut: bets $3
Pandakey: folds
Uncalled bet ($3) returned to gaensehaut
gaensehaut collected $5.88 from pot
gaensehaut: doesn't show hand
*** SUMMARY ***
Total pot $6 | Rake $0.12
Board [Ts 6c Qs]
Seat 4: gaensehaut (button) (small blind) collected ($5.88)
Seat 5: Pandakey (big blind) folded on the Flop


PokerStars Hand #155395483045:  Hold'em Limit ($3/$6 USD) - 2016/06/30 15:07:15 ET
Table 'Mellena' 6-max Seat #5 is the button
Seat 4: gaensehaut ($79.02 in chips)
Seat 5: Pandakey ($67.90 in chips)
Pandakey: posts small blind $1
gaensehaut: posts big blind $3
*** HOLE CARDS ***
Pandakey: raises $3 to $6
gaensehaut: calls $3
*** FLOP *** [Jc Jh As]
gaensehaut: checks
Pandakey: bets $3
gaensehaut: calls $3
*** TURN *** [Jc Jh As] [Ac]
gaensehaut: checks
Pandakey: bets $6
gaensehaut: calls $6
*** RIVER *** [Jc Jh As Ac] [9d]
gaensehaut: checks
Pandakey: bets $6
gaensehaut: raises $6 to $12
Pandakey: folds
Uncalled bet ($6) returned to gaensehaut
gaensehaut collected $41.50 from pot
gaensehaut: doesn't show hand
*** SUMMARY ***
Total pot $42 | Rake $0.50
Board [Jc Jh As Ac 9d]
Seat 4: gaensehaut (big blind) collected ($41.50)
Seat 5: Pandakey (button) (small blind) folded on the River


PokerStars Hand #155395466659:  Hold'em Limit ($3/$6 USD) - 2016/06/30 15:06:52 ET
Table 'Mellena' 6-max Seat #5 is the button
Seat 4: gaensehaut ($59.52 in chips)
Seat 5: Pandakey ($87.90 in chips)
Pandakey: posts small blind $1
gaensehaut: posts big blind $3
*** HOLE CARDS ***
Pandakey: raises $3 to $6
gaensehaut: calls $3
*** FLOP *** [3c 7c Kd]
gaensehaut: checks
Pandakey: bets $3
gaensehaut: calls $3
*** TURN *** [3c 7c Kd] [Ts]
gaensehaut: checks
Pandakey: bets $6
gaensehaut: calls $6
*** RIVER *** [3c 7c Kd Ts] [Qd]
gaensehaut: checks
Pandakey: bets $6
gaensehaut: calls $6
*** SHOW DOWN ***
Pandakey: shows [4s 2s] (high card King)
gaensehaut: shows [7d 9c] (a pair of Sevens)
gaensehaut collected $41.50 from pot
*** SUMMARY ***
Total pot $42 | Rake $0.50
Board [3c 7c Kd Ts Qd]
Seat 4: gaensehaut (big blind) showed [7d 9c] and won ($41.50) with a pair of Sevens
Seat 5: Pandakey (button) (small blind) showed [4s 2s] and lost with high card King


PokerStars Hand #155395480207:  Hold'em Limit ($3/$6 USD) - 2016/06/30 15:07:11 ET
Table 'Mellena' 6-max Seat #4 is the button
Seat 4: gaensehaut ($80.02 in chips)
Seat 5: Pandakey ($66.90 in chips)
gaensehaut: posts small blind $1
Pandakey: posts big blind $3
*** HOLE CARDS ***
gaensehaut: folds
Uncalled bet ($2) returned to Pandakey
Pandakey collected $2 from pot
Pandakey: doesn't show hand
*** SUMMARY ***
Total pot $2 | Rake $0
Seat 4: gaensehaut (button) (small blind) folded before Flop
Seat 5: Pandakey (big blind) collected ($2)


PokerStars Hand #155395533452:  Hold'em Limit ($3/$6 USD) - 2016/06/30 15:08:24 ET
Table 'Mellena' 6-max Seat #4 is the button
Seat 4: gaensehaut ($108.90 in chips)
Seat 5: Pandakey ($96.40 in chips)
gaensehaut: posts small blind $1
Pandakey: posts big blind $3
*** HOLE CARDS ***
gaensehaut: raises $3 to $6
Pandakey: folds
Uncalled bet ($3) returned to gaensehaut
gaensehaut collected $6 from pot
gaensehaut: doesn't show hand
*** SUMMARY ***
Total pot $6 | Rake $0
Seat 4: gaensehaut (button) (small blind) collected ($6)
Seat 5: Pandakey (big blind) folded before Flop


PokerStars Hand #155395530203:  Hold'em Limit ($3/$6 USD) - 2016/06/30 15:08:19 ET
Table 'Mellena' 6-max Seat #5 is the button
Seat 4: gaensehaut ($107.90 in chips)
Seat 5: Pandakey ($97.40 in chips)
Pandakey: posts small blind $1
gaensehaut: posts big blind $3
*** HOLE CARDS ***
Pandakey: folds
Uncalled bet ($2) returned to gaensehaut
gaensehaut collected $2 from pot
gaensehaut: doesn't show hand
*** SUMMARY ***
Total pot $2 | Rake $0
Seat 4: gaensehaut (big blind) collected ($2)
Seat 5: Pandakey (button) (small blind) folded before Flop


PokerStars Hand #155395541492:  Hold'em Limit ($3/$6 USD) - 2016/06/30 15:08:35 ET
Table 'Mellena' 6-max Seat #4 is the button
Seat 4: gaensehaut ($108.90 in chips)
Seat 5: Pandakey ($96.40 in chips)
gaensehaut: posts small blind $1
Pandakey: posts big blind $3
*** HOLE CARDS ***
gaensehaut: raises $3 to $6
Pandakey: calls $3
*** FLOP *** [6c 7s 3c]
Pandakey: checks
gaensehaut: bets $3
Pandakey: calls $3
*** TURN *** [6c 7s 3c] [2s]
Pandakey: checks
gaensehaut: bets $6
Pandakey: calls $6
*** RIVER *** [6c 7s 3c 2s] [7c]
Pandakey: checks
gaensehaut: checks
*** SHOW DOWN ***
Pandakey: shows [Kc 4d] (a pair of Sevens)
gaensehaut: shows [8d 8s] (two pair, Eights and Sevens)
gaensehaut collected $29.50 from pot
*** SUMMARY ***
Total pot $30 | Rake $0.50
Board [6c 7s 3c 2s 7c]
Seat 4: gaensehaut (button) (small blind) showed [8d 8s] and won ($29.50) with two pair, Eights and Sevens
Seat 5: Pandakey (big blind) showed [Kc 4d] and lost with a pair of Sevens


PokerStars Hand #155395514813:  Hold'em Limit ($3/$6 USD) - 2016/06/30 15:07:58 ET
Table 'Mellena' 6-max Seat #4 is the button
Seat 4: gaensehaut ($125.90 in chips)
Seat 5: Pandakey ($19.90 in chips)
gaensehaut: posts small blind $1
Pandakey: posts big blind $3
*** HOLE CARDS ***
gaensehaut: raises $3 to $6
Pandakey: raises $3 to $9
gaensehaut: calls $3
*** FLOP *** [Qh 6d 7d]
Pandakey: bets $3
gaensehaut: calls $3
*** TURN *** [Qh 6d 7d] [2d]
Pandakey: checks
gaensehaut: bets $6
Pandakey: calls $6
*** RIVER *** [Qh 6d 7d 2d] [4c]
Pandakey: checks
gaensehaut: checks
*** SHOW DOWN ***
Pandakey: shows [8h As] (high card Ace)
gaensehaut: mucks hand
Pandakey collected $35.50 from pot
*** SUMMARY ***
Total pot $36 | Rake $0.50
Board [Qh 6d 7d 2d 4c]
Seat 4: gaensehaut (button) (small blind) mucked
Seat 5: Pandakey (big blind) showed [8h As] and won ($35.50) with high card Ace


PokerStars Hand #155395537440:  Hold'em Limit ($3/$6 USD) - 2016/06/30 15:08:29 ET
Table 'Mellena' 6-max Seat #5 is the button
Seat 4: gaensehaut ($111.90 in chips)
Seat 5: Pandakey ($93.40 in chips)
Pandakey: posts small blind $1
gaensehaut: posts big blind $3
*** HOLE CARDS ***
Pandakey: raises $3 to $6
gaensehaut: folds
Uncalled bet ($3) returned to Pandakey
Pandakey collected $6 from pot
Pandakey: doesn't show hand
*** SUMMARY ***
Total pot $6 | Rake $0
Seat 4: gaensehaut (big blind) folded before Flop
Seat 5: Pandakey (button) (small blind) collected ($6)


PokerStars Hand #155395503418:  Hold'em Limit ($3/$6 USD) - 2016/06/30 15:07:43 ET
Table 'Mellena' 6-max Seat #5 is the button
Seat 4: gaensehaut ($102.40 in chips)
Seat 5: Pandakey ($43.90 in chips)
Pandakey: posts small blind $1
gaensehaut: posts big blind $3
*** HOLE CARDS ***
Pandakey: raises $3 to $6
gaensehaut: calls $3
*** FLOP *** [5d 4s 5h]
gaensehaut: checks
Pandakey: checks
*** TURN *** [5d 4s 5h] [Ks]
gaensehaut: checks
Pandakey: bets $6
gaensehaut: raises $6 to $12
Pandakey: calls $6
*** RIVER *** [5d 4s 5h Ks] [8d]
gaensehaut: bets $6
Pandakey: calls $6
*** SHOW DOWN ***
gaensehaut: shows [7d 5c] (three of a kind, Fives)
Pandakey: mucks hand
gaensehaut collected $47.50 from pot
*** SUMMARY ***
Total pot $48 | Rake $0.50
Board [5d 4s 5h Ks 8d]
Seat 4: gaensehaut (big blind) showed [7d 5c] and won ($47.50) with three of a kind, Fives
Seat 5: Pandakey (button) (small blind) mucked


PokerStars Hand #155395590591:  Hold'em Limit ($3/$6 USD) - 2016/06/30 15:09:42 ET
Table 'Mellena' 6-max Seat #4 is the button
Seat 4: gaensehaut ($127.78 in chips)
Seat 5: Pandakey ($75.90 in chips)
gaensehaut: posts small blind $1
Pandakey: posts big blind $3
*** HOLE CARDS ***
gaensehaut: calls $2
Pandakey: checks
*** FLOP *** [6c 6h 3d]
Pandakey: bets $3
gaensehaut: folds
Uncalled bet ($3) returned to Pandakey
Pandakey collected $5.88 from pot
Pandakey: doesn't show hand
*** SUMMARY ***
Total pot $6 | Rake $0.12
Board [6c 6h 3d]
Seat 4: gaensehaut (button) (small blind) folded on the Flop
Seat 5: Pandakey (big blind) collected ($5.88)


PokerStars Hand #155395575331:  Hold'em Limit ($3/$6 USD) - 2016/06/30 15:09:21 ET
Table 'Mellena' 6-max Seat #4 is the button
Seat 4: gaensehaut ($149.78 in chips)
Seat 5: Pandakey ($54.40 in chips)
gaensehaut: posts small blind $1
Pandakey: posts big blind $3
*** HOLE CARDS ***
gaensehaut: folds
Uncalled bet ($2) returned to Pandakey
Pandakey collected $2 from pot
Pandakey: doesn't show hand
*** SUMMARY ***
Total pot $2 | Rake $0
Seat 4: gaensehaut (button) (small blind) folded before Flop
Seat 5: Pandakey (big blind) collected ($2)


PokerStars Hand #155395571023:  Hold'em Limit ($3/$6 USD) - 2016/06/30 15:09:15 ET
Table 'Mellena' 6-max Seat #5 is the button
Seat 4: gaensehaut ($152.78 in chips)
Seat 5: Pandakey ($51.40 in chips)
Pandakey: posts small blind $1
gaensehaut: posts big blind $3
*** HOLE CARDS ***
Pandakey: raises $3 to $6
gaensehaut: folds
Uncalled bet ($3) returned to Pandakey
Pandakey collected $6 from pot
Pandakey: doesn't show hand
*** SUMMARY ***
Total pot $6 | Rake $0
Seat 4: gaensehaut (big blind) folded before Flop
Seat 5: Pandakey (button) (small blind) collected ($6)


PokerStars Hand #155395564706:  Hold'em Limit ($3/$6 USD) - 2016/06/30 15:09:07 ET
Table 'Mellena' 6-max Seat #4 is the button
Seat 4: gaensehaut ($149.90 in chips)
Seat 5: Pandakey ($54.40 in chips)
gaensehaut: posts small blind $1
Pandakey: posts big blind $3
*** HOLE CARDS ***
gaensehaut: calls $2
Pandakey: checks
*** FLOP *** [As 3s Td]
Pandakey: checks
gaensehaut: bets $3
Pandakey: folds
Uncalled bet ($3) returned to gaensehaut
gaensehaut collected $5.88 from pot
gaensehaut: doesn't show hand
*** SUMMARY ***
Total pot $6 | Rake $0.12
Board [As 3s Td]
Seat 4: gaensehaut (button) (small blind) collected ($5.88)
Seat 5: Pandakey (big blind) folded on the Flop


PokerStars Hand #155395578274:  Hold'em Limit ($3/$6 USD) - 2016/06/30 15:09:25 ET
Table 'Mellena' 6-max Seat #5 is the button
Seat 4: gaensehaut ($148.78 in chips)
Seat 5: Pandakey ($55.40 in chips)
Pandakey: posts small blind $1
gaensehaut: posts big blind $3
*** HOLE CARDS ***
Pandakey: raises $3 to $6
gaensehaut: calls $3
*** FLOP *** [Tc 9s 2c]
gaensehaut: checks
Pandakey: bets $3
gaensehaut: calls $3
*** TURN *** [Tc 9s 2c] [Qc]
gaensehaut: checks
Pandakey: bets $6
gaensehaut: calls $6
*** RIVER *** [Tc 9s 2c Qc] [Ah]
gaensehaut: checks
Pandakey: bets $6
gaensehaut: calls $6
*** SHOW DOWN ***
Pandakey: shows [5c Ts] (a pair of Tens)
gaensehaut: mucks hand
Pandakey collected $41.50 from pot
*** SUMMARY ***
Total pot $42 | Rake $0.50
Board [Tc 9s 2c Qc Ah]
Seat 4: gaensehaut (big blind) mucked
Seat 5: Pandakey (button) (small blind) showed [5c Ts] and won ($41.50) with a pair of Tens


PokerStars Hand #155395552348:  Hold'em Limit ($3/$6 USD) - 2016/06/30 15:08:50 ET
Table 'Mellena' 6-max Seat #5 is the button
Seat 4: gaensehaut ($123.40 in chips)
Seat 5: Pandakey ($81.40 in chips)
Pandakey: posts small blind $1
gaensehaut: posts big blind $3
*** HOLE CARDS ***
Pandakey: raises $3 to $6
gaensehaut: calls $3
*** FLOP *** [9c 5d 3h]
gaensehaut: checks
Pandakey: bets $3
gaensehaut: calls $3
*** TURN *** [9c 5d 3h] [9s]
gaensehaut: checks
Pandakey: bets $6
gaensehaut: calls $6
*** RIVER *** [9c 5d 3h 9s] [Qh]
gaensehaut: checks
Pandakey: bets $6
gaensehaut: raises $6 to $12
Pandakey: calls $6
*** SHOW DOWN ***
gaensehaut: shows [Ac Ah] (two pair, Aces and Nines)
Pandakey: mucks hand
gaensehaut collected $53.50 from pot
*** SUMMARY ***
Total pot $54 | Rake $0.50
Board [9c 5d 3h 9s Qh]
Seat 4: gaensehaut (big blind) showed [Ac Ah] and won ($53.50) with two pair, Aces and Nines
Seat 5: Pandakey (button) (small blind) mucked


PokerStars Hand #155395598341:  Hold'em Limit ($3/$6 USD) - 2016/06/30 15:09:53 ET
Table 'Mellena' 6-max Seat #5 is the button
Seat 4: gaensehaut ($124.78 in chips)
Seat 5: Pandakey ($78.78 in chips)
Pandakey: posts small blind $1
gaensehaut: posts big blind $3
*** HOLE CARDS ***
Pandakey: folds
Uncalled bet ($2) returned to gaensehaut
gaensehaut collected $2 from pot
gaensehaut: doesn't show hand
*** SUMMARY ***
Total pot $2 | Rake $0
Seat 4: gaensehaut (big blind) collected ($2)
Seat 5: Pandakey (button) (small blind) folded before Flop


PokerStars Hand #155395635278:  Hold'em Limit ($3/$6 USD) - 2016/06/30 15:10:44 ET
Table 'Mellena' 6-max Seat #4 is the button
Seat 4: gaensehaut ($150.04 in chips)
Seat 5: Pandakey ($52.28 in chips)
gaensehaut: posts small blind $1
Pandakey: posts big blind $3
*** HOLE CARDS ***
gaensehaut: calls $2
Pandakey: checks
*** FLOP *** [As 4d 9d]
Pandakey: checks
gaensehaut: bets $3
Pandakey: folds
Uncalled bet ($3) returned to gaensehaut
gaensehaut collected $5.88 from pot
gaensehaut: doesn't show hand
*** SUMMARY ***
Total pot $6 | Rake $0.12
Board [As 4d 9d]
Seat 4: gaensehaut (button) (small blind) collected ($5.88)
Seat 5: Pandakey (big blind) folded on the Flop


PokerStars Hand #155395623220:  Hold'em Limit ($3/$6 USD) - 2016/06/30 15:10:27 ET
Table 'Mellena' 6-max Seat #5 is the button
Seat 4: gaensehaut ($108.54 in chips)
Seat 5: Pandakey ($94.28 in chips)
Pandakey: posts small blind $1
gaensehaut: posts big blind $3
*** HOLE CARDS ***
Pandakey: raises $3 to $6
gaensehaut: raises $3 to $9
Pandakey: calls $3
*** FLOP *** [8d 8s 2h]
gaensehaut: bets $3
Pandakey: calls $3
*** TURN *** [8d 8s 2h] [4d]
gaensehaut: bets $6
Pandakey: calls $6
*** RIVER *** [8d 8s 2h 4d] [Ad]
gaensehaut: bets $6
Pandakey: raises $6 to $12
gaensehaut: raises $6 to $18
Pandakey: raises $6 to $24
Betting is capped
gaensehaut: calls $6
*** SHOW DOWN ***
Pandakey: shows [Td 2d] (a flush, Ace high)
gaensehaut: shows [As Ah] (a full house, Aces full of Eights)
gaensehaut collected $83.50 from pot
*** SUMMARY ***
Total pot $84 | Rake $0.50
Board [8d 8s 2h 4d Ad]
Seat 4: gaensehaut (big blind) showed [As Ah] and won ($83.50) with a full house, Aces full of Eights
Seat 5: Pandakey (button) (small blind) showed [Td 2d] and lost with a flush, Ace high


PokerStars Hand #155395607794:  Hold'em Limit ($3/$6 USD) - 2016/06/30 15:10:06 ET
Table 'Mellena' 6-max Seat #5 is the button
Seat 4: gaensehaut ($131.54 in chips)
Seat 5: Pandakey ($71.78 in chips)
Pandakey: posts small blind $1
gaensehaut: posts big blind $3
*** HOLE CARDS ***
Pandakey: folds
Uncalled bet ($2) returned to gaensehaut
gaensehaut collected $2 from pot
gaensehaut: doesn't show hand
*** SUMMARY ***
Total pot $2 | Rake $0
Seat 4: gaensehaut (big blind) collected ($2)
Seat 5: Pandakey (button) (small blind) folded before Flop


PokerStars Hand #155395601584:  Hold'em Limit ($3/$6 USD) - 2016/06/30 15:09:57 ET
Table 'Mellena' 6-max Seat #4 is the button
Seat 4: gaensehaut ($125.78 in chips)
Seat 5: Pandakey ($77.78 in chips)
gaensehaut: posts small blind $1
Pandakey: posts big blind $3
*** HOLE CARDS ***
gaensehaut: raises $3 to $6
Pandakey: calls $3
*** FLOP *** [Td Ad Kh]
Pandakey: checks
gaensehaut: bets $3
Pandakey: folds
Uncalled bet ($3) returned to gaensehaut
gaensehaut collected $11.76 from pot
gaensehaut: doesn't show hand
*** SUMMARY ***
Total pot $12 | Rake $0.24
Board [Td Ad Kh]
Seat 4: gaensehaut (button) (small blind) collected ($11.76)
Seat 5: Pandakey (big blind) folded on the Flop


PokerStars Hand #155395675326:  Hold'em Limit ($3/$6 USD) - 2016/06/30 15:11:39 ET
Table 'Mellena' 6-max Seat #5 is the button
Seat 4: gaensehaut ($167.18 in chips)
Seat 5: Pandakey ($34.04 in chips)
Pandakey: posts small blind $1
gaensehaut: posts big blind $3
*** HOLE CARDS ***
Pandakey: raises $3 to $6
gaensehaut: calls $3
*** FLOP *** [8c 4h 3c]
gaensehaut: checks
Pandakey: checks
*** TURN *** [8c 4h 3c] [4d]
gaensehaut: checks
Pandakey: checks
*** RIVER *** [8c 4h 3c 4d] [Kd]
gaensehaut: bets $6
Pandakey: calls $6
*** SHOW DOWN ***
gaensehaut: shows [5c 6d] (a pair of Fours)
Pandakey: shows [Jc Qd] (a pair of Fours - King+Queen kicker)
Pandakey collected $23.52 from pot
*** SUMMARY ***
Total pot $24 | Rake $0.48
Board [8c 4h 3c 4d Kd]
Seat 4: gaensehaut (big blind) showed [5c 6d] and lost with a pair of Fours
Seat 5: Pandakey (button) (small blind) showed [Jc Qd] and won ($23.52) with a pair of Fours


PokerStars Hand #155395644984:  Hold'em Limit ($3/$6 USD) - 2016/06/30 15:10:57 ET
Table 'Mellena' 6-max Seat #4 is the button
Seat 4: gaensehaut ($149.92 in chips)
Seat 5: Pandakey ($52.28 in chips)
gaensehaut: posts small blind $1
Pandakey: posts big blind $3
*** HOLE CARDS ***
gaensehaut: raises $3 to $6
Pandakey: raises $3 to $9
gaensehaut: calls $3
*** FLOP *** [2h 2c 5s]
Pandakey: bets $3
gaensehaut: calls $3
*** TURN *** [2h 2c 5s] [Ah]
Pandakey: checks
gaensehaut: checks
*** RIVER *** [2h 2c 5s Ah] [Td]
Pandakey: bets $6
gaensehaut: calls $6
*** SHOW DOWN ***
Pandakey: shows [3d 3h] (two pair, Threes and Deuces)
gaensehaut: shows [7s As] (two pair, Aces and Deuces)
gaensehaut collected $35.50 from pot
*** SUMMARY ***
Total pot $36 | Rake $0.50
Board [2h 2c 5s Ah Td]
Seat 4: gaensehaut (button) (small blind) showed [7s As] and won ($35.50) with two pair, Aces and Deuces
Seat 5: Pandakey (big blind) showed [3d 3h] and lost with two pair, Threes and Deuces


PokerStars Hand #155395654794:  Hold'em Limit ($3/$6 USD) - 2016/06/30 15:11:11 ET
Table 'Mellena' 6-max Seat #5 is the button
Seat 4: gaensehaut ($167.42 in chips)
Seat 5: Pandakey ($34.28 in chips)
Pandakey: posts small blind $1
gaensehaut: posts big blind $3
*** HOLE CARDS ***
Pandakey: raises $3 to $6
gaensehaut: calls $3
*** FLOP *** [Kc 9c 5s]
gaensehaut: checks
Pandakey: checks
*** TURN *** [Kc 9c 5s] [Kd]
gaensehaut: checks
Pandakey: bets $6
gaensehaut: folds
Uncalled bet ($6) returned to Pandakey
Pandakey collected $11.76 from pot
Pandakey: doesn't show hand
*** SUMMARY ***
Total pot $12 | Rake $0.24
Board [Kc 9c 5s Kd]
Seat 4: gaensehaut (big blind) folded on the Turn
Seat 5: Pandakey (button) (small blind) collected ($11.76)


PokerStars Hand #155395666072:  Hold'em Limit ($3/$6 USD) - 2016/06/30 15:11:26 ET
Table 'Mellena' 6-max Seat #4 is the button
Seat 4: gaensehaut ($161.42 in chips)
Seat 5: Pandakey ($40.04 in chips)
gaensehaut: posts small blind $1
Pandakey: posts big blind $3
*** HOLE CARDS ***
gaensehaut: raises $3 to $6
Pandakey: calls $3
*** FLOP *** [9c 9h Js]
Pandakey: checks
gaensehaut: bets $3
Pandakey: folds
Uncalled bet ($3) returned to gaensehaut
gaensehaut collected $11.76 from pot
gaensehaut: doesn't show hand
*** SUMMARY ***
Total pot $12 | Rake $0.24
Board [9c 9h Js]
Seat 4: gaensehaut (button) (small blind) collected ($11.76)
Seat 5: Pandakey (big blind) folded on the Flop


PokerStars Hand #155395641041:  Hold'em Limit ($3/$6 USD) - 2016/06/30 15:10:52 ET
Table 'Mellena' 6-max Seat #5 is the button
Seat 4: gaensehaut ($152.92 in chips)
Seat 5: Pandakey ($49.28 in chips)
Pandakey: posts small blind $1
gaensehaut: posts big blind $3
*** HOLE CARDS ***
Pandakey: raises $3 to $6
gaensehaut: folds
Uncalled bet ($3) returned to Pandakey
Pandakey collected $6 from pot
Pandakey: doesn't show hand
*** SUMMARY ***
Total pot $6 | Rake $0
Seat 4: gaensehaut (big blind) folded before Flop
Seat 5: Pandakey (button) (small blind) collected ($6)


PokerStars Hand #155395683664:  Hold'em Limit ($3/$6 USD) - 2016/06/30 15:11:50 ET
Table 'Mellena' 6-max Seat #4 is the button
Seat 4: gaensehaut ($155.18 in chips)
Seat 5: Pandakey ($45.56 in chips)
gaensehaut: posts small blind $1
Pandakey: posts big blind $3
*** HOLE CARDS ***
gaensehaut: raises $3 to $6
Pandakey: calls $3
*** FLOP *** [3s 6d Qc]
Pandakey: checks
gaensehaut: bets $3
Pandakey: calls $3
*** TURN *** [3s 6d Qc] [Kh]
Pandakey: checks
gaensehaut: bets $6
Pandakey: folds
Uncalled bet ($6) returned to gaensehaut
gaensehaut collected $17.64 from pot
gaensehaut: doesn't show hand
*** SUMMARY ***
Total pot $18 | Rake $0.36
Board [3s 6d Qc Kh]
Seat 4: gaensehaut (button) (small blind) collected ($17.64)
Seat 5: Pandakey (big blind) folded on the Turn


PokerStars Hand #155395699326:  Hold'em Limit ($3/$6 USD) - 2016/06/30 15:12:12 ET
Table 'Mellena' 6-max Seat #5 is the button
Seat 4: gaensehaut ($163.82 in chips)
Seat 5: Pandakey ($36.56 in chips)
Pandakey: posts small blind $1
gaensehaut: posts big blind $3
*** HOLE CARDS ***
Pandakey: raises $3 to $6
gaensehaut: calls $3
*** FLOP *** [8c Jh Th]
gaensehaut: checks
Pandakey: bets $3
gaensehaut: calls $3
*** TURN *** [8c Jh Th] [9s]
gaensehaut: checks
Pandakey: bets $6
gaensehaut: folds
Uncalled bet ($6) returned to Pandakey
Pandakey collected $17.64 from pot
Pandakey: doesn't show hand
*** SUMMARY ***
Total pot $18 | Rake $0.36
Board [8c Jh Th 9s]
Seat 4: gaensehaut (big blind) folded on the Turn
Seat 5: Pandakey (button) (small blind) collected ($17.64)


PokerStars Hand #155395695603:  Hold'em Limit ($3/$6 USD) - 2016/06/30 15:12:07 ET
Table 'Mellena' 6-max Seat #4 is the button
Seat 4: gaensehaut ($160.82 in chips)
Seat 5: Pandakey ($39.56 in chips)
gaensehaut: posts small blind $1
Pandakey: posts big blind $3
*** HOLE CARDS ***
gaensehaut: raises $3 to $6
Pandakey: folds
Uncalled bet ($3) returned to gaensehaut
gaensehaut collected $6 from pot
gaensehaut: doesn't show hand
*** SUMMARY ***
Total pot $6 | Rake $0
Seat 4: gaensehaut (button) (small blind) collected ($6)
Seat 5: Pandakey (big blind) folded before Flop


PokerStars Hand #155395712143:  Hold'em Limit ($3/$6 USD) - 2016/06/30 15:12:26 ET
Table 'Mellena' 6-max Seat #4 is the button
Seat 4: gaensehaut ($154.82 in chips)
Seat 5: Pandakey ($45.20 in chips)
gaensehaut: posts small blind $1
Pandakey: posts big blind $3
*** HOLE CARDS ***
gaensehaut: raises $3 to $6
Pandakey: calls $3
*** FLOP *** [Th Kc Qd]
Pandakey: checks
gaensehaut: bets $3
Pandakey: raises $3 to $6
gaensehaut: calls $3
*** TURN *** [Th Kc Qd] [8d]
Pandakey: bets $6
gaensehaut: calls $6
*** RIVER *** [Th Kc Qd 8d] [Ac]
Pandakey: bets $6
gaensehaut: raises $6 to $12
Pandakey: calls $6
*** SHOW DOWN ***
gaensehaut: shows [Jc Qc] (a straight, Ten to Ace)
Pandakey: mucks hand
gaensehaut collected $59.50 from pot
*** SUMMARY ***
Total pot $60 | Rake $0.50
Board [Th Kc Qd 8d Ac]
Seat 4: gaensehaut (button) (small blind) showed [Jc Qc] and won ($59.50) with a straight, Ten to Ace
Seat 5: Pandakey (big blind) mucked


PokerStars Hand #155395742832:  Hold'em Limit ($3/$6 USD) - 2016/06/30 15:13:09 ET
Table 'Mellena' 6-max Seat #5 is the button
Seat 4: gaensehaut ($166.12 in chips)
Seat 5: Pandakey ($92.78 in chips)
Pandakey: posts small blind $1
gaensehaut: posts big blind $3
*** HOLE CARDS ***
Pandakey: folds
Uncalled bet ($2) returned to gaensehaut
gaensehaut collected $2 from pot
gaensehaut: doesn't show hand
*** SUMMARY ***
Total pot $2 | Rake $0
Seat 4: gaensehaut (big blind) collected ($2)
Seat 5: Pandakey (button) (small blind) folded before Flop


PokerStars Hand #155395735964:  Hold'em Limit ($3/$6 USD) - 2016/06/30 15:12:59 ET
Table 'Mellena' 6-max Seat #4 is the button
Seat 4: gaensehaut ($169.12 in chips)
Seat 5: Pandakey ($89.90 in chips)
gaensehaut: posts small blind $1
Pandakey: posts big blind $3
*** HOLE CARDS ***
gaensehaut: calls $2
Pandakey: checks
*** FLOP *** [Kc Kh Qd]
Pandakey: bets $3
gaensehaut: folds
Uncalled bet ($3) returned to Pandakey
Pandakey collected $5.88 from pot
Pandakey: doesn't show hand
*** SUMMARY ***
Total pot $6 | Rake $0.12
Board [Kc Kh Qd]
Seat 4: gaensehaut (button) (small blind) folded on the Flop
Seat 5: Pandakey (big blind) collected ($5.88)


PokerStars Hand #155395757025:  Hold'em Limit ($3/$6 USD) - 2016/06/30 15:13:28 ET
Table 'Mellena' 6-max Seat #4 is the button
Seat 4: gaensehaut ($160.12 in chips)
Seat 5: Pandakey ($98.54 in chips)
gaensehaut: posts small blind $1
Pandakey: posts big blind $3
*** HOLE CARDS ***
gaensehaut: raises $3 to $6
Pandakey: calls $3
*** FLOP *** [7c 4c 6c]
Pandakey: checks
gaensehaut: bets $3
Pandakey: calls $3
*** TURN *** [7c 4c 6c] [4s]
Pandakey: checks
gaensehaut: bets $6
Pandakey: raises $6 to $12
gaensehaut: calls $6
*** RIVER *** [7c 4c 6c 4s] [8h]
Pandakey: bets $6
gaensehaut: folds
Uncalled bet ($6) returned to Pandakey
Pandakey collected $41.50 from pot
Pandakey: doesn't show hand
*** SUMMARY ***
Total pot $42 | Rake $0.50
Board [7c 4c 6c 4s 8h]
Seat 4: gaensehaut (button) (small blind) folded on the River
Seat 5: Pandakey (big blind) collected ($41.50)


PokerStars Hand #155395724111:  Hold'em Limit ($3/$6 USD) - 2016/06/30 15:12:43 ET
Table 'Mellena' 6-max Seat #5 is the button
Seat 4: gaensehaut ($184.32 in chips)
Seat 5: Pandakey ($15.20 in chips)
Pandakey: posts small blind $1
gaensehaut: posts big blind $3
*** HOLE CARDS ***
Pandakey: raises $3 to $6
gaensehaut: calls $3
*** FLOP *** [7s 2s Td]
gaensehaut: checks
Pandakey: bets $3
gaensehaut: calls $3
*** TURN *** [7s 2s Td] [4d]
gaensehaut: bets $6
Pandakey: calls $6
*** RIVER *** [7s 2s Td 4d] [7d]
gaensehaut: bets $6
Pandakey: calls $0.20 and is all-in
Uncalled bet ($5.80) returned to gaensehaut
*** SHOW DOWN ***
gaensehaut: shows [8c Ks] (a pair of Sevens)
Pandakey: shows [Ac 9c] (a pair of Sevens - Ace kicker)
Pandakey collected $29.90 from pot
*** SUMMARY ***
Total pot $30.40 | Rake $0.50
Board [7s 2s Td 4d 7d]
Seat 4: gaensehaut (big blind) showed [8c Ks] and lost with a pair of Sevens
Seat 5: Pandakey (button) (small blind) showed [Ac 9c] and won ($29.90) with a pair of Sevens


PokerStars Hand #155395746137:  Hold'em Limit ($3/$6 USD) - 2016/06/30 15:13:13 ET
Table 'Mellena' 6-max Seat #4 is the button
Seat 4: gaensehaut ($167.12 in chips)
Seat 5: Pandakey ($91.78 in chips)
gaensehaut: posts small blind $1
Pandakey: posts big blind $3
*** HOLE CARDS ***
gaensehaut: folds
Uncalled bet ($2) returned to Pandakey
Pandakey collected $2 from pot
Pandakey: doesn't show hand
*** SUMMARY ***
Total pot $2 | Rake $0
Seat 4: gaensehaut (button) (small blind) folded before Flop
Seat 5: Pandakey (big blind) collected ($2)


PokerStars Hand #155395749010:  Hold'em Limit ($3/$6 USD) - 2016/06/30 15:13:17 ET
Table 'Mellena' 6-max Seat #5 is the button
Seat 4: gaensehaut ($166.12 in chips)
Seat 5: Pandakey ($92.78 in chips)
Pandakey: posts small blind $1
gaensehaut: posts big blind $3
*** HOLE CARDS ***
Pandakey: raises $3 to $6
gaensehaut: calls $3
*** FLOP *** [7c 6d Kh]
gaensehaut: checks
Pandakey: checks
*** TURN *** [7c 6d Kh] [2d]
gaensehaut: checks
Pandakey: bets $6
gaensehaut: folds
Uncalled bet ($6) returned to Pandakey
Pandakey collected $11.76 from pot
Pandakey: doesn't show hand
*** SUMMARY ***
Total pot $12 | Rake $0.24
Board [7c 6d Kh 2d]
Seat 4: gaensehaut (big blind) folded on the Turn
Seat 5: Pandakey (button) (small blind) collected ($11.76)


PokerStars Hand #155395810993:  Hold'em Limit ($3/$6 USD) - 2016/06/30 15:14:43 ET
Table 'Mellena' 6-max Seat #4 is the button
Seat 4: gaensehaut ($161.38 in chips)
Seat 5: Pandakey ($95.56 in chips)
gaensehaut: posts small blind $1
Pandakey: posts big blind $3
*** HOLE CARDS ***
gaensehaut: folds
Uncalled bet ($2) returned to Pandakey
Pandakey collected $2 from pot
Pandakey: doesn't show hand
*** SUMMARY ***
Total pot $2 | Rake $0
Seat 4: gaensehaut (button) (small blind) folded before Flop
Seat 5: Pandakey (big blind) collected ($2)


PokerStars Hand #155395807281:  Hold'em Limit ($3/$6 USD) - 2016/06/30 15:14:38 ET
Table 'Mellena' 6-max Seat #5 is the button
Seat 4: gaensehaut ($160.38 in chips)
Seat 5: Pandakey ($96.56 in chips)
Pandakey: posts small blind $1
gaensehaut: posts big blind $3
*** HOLE CARDS ***
Pandakey: folds
Uncalled bet ($2) returned to gaensehaut
gaensehaut collected $2 from pot
gaensehaut: doesn't show hand
*** SUMMARY ***
Total pot $2 | Rake $0
Seat 4: gaensehaut (big blind) collected ($2)
Seat 5: Pandakey (button) (small blind) folded before Flop


PokerStars Hand #155395791951:  Hold'em Limit ($3/$6 USD) - 2016/06/30 15:14:16 ET
Table 'Mellena' 6-max Seat #4 is the button
Seat 4: gaensehaut ($172.38 in chips)
Seat 5: Pandakey ($85.04 in chips)
gaensehaut: posts small blind $1
Pandakey: posts big blind $3
*** HOLE CARDS ***
gaensehaut: calls $2
Pandakey: checks
*** FLOP *** [Tc Ts As]
Pandakey: checks
gaensehaut: bets $3
Pandakey: calls $3
*** TURN *** [Tc Ts As] [Qc]
Pandakey: checks
gaensehaut: bets $6
Pandakey: raises $6 to $12
gaensehaut: folds
Uncalled bet ($6) returned to Pandakey
Pandakey collected $23.52 from pot
Pandakey: doesn't show hand
*** SUMMARY ***
Total pot $24 | Rake $0.48
Board [Tc Ts As Qc]
Seat 4: gaensehaut (button) (small blind) folded on the Turn
Seat 5: Pandakey (big blind) collected ($23.52)


PokerStars Hand #155395769317:  Hold'em Limit ($3/$6 USD) - 2016/06/30 15:13:45 ET
Table 'Mellena' 6-max Seat #5 is the button
Seat 4: gaensehaut ($139.12 in chips)
Seat 5: Pandakey ($119.04 in chips)
Pandakey: posts small blind $1
gaensehaut: posts big blind $3
*** HOLE CARDS ***
Pandakey: raises $3 to $6
gaensehaut: calls $3
*** FLOP *** [7h 6h Kd]
gaensehaut: checks
Pandakey: checks
*** TURN *** [7h 6h Kd] [Qd]
gaensehaut: checks
Pandakey: checks
*** RIVER *** [7h 6h Kd Qd] [4h]
gaensehaut: checks
Pandakey: checks
*** SHOW DOWN ***
gaensehaut: shows [7c 9c] (a pair of Sevens)
Pandakey: mucks hand
gaensehaut collected $11.76 from pot
*** SUMMARY ***
Total pot $12 | Rake $0.24
Board [7h 6h Kd Qd 4h]
Seat 4: gaensehaut (big blind) showed [7c 9c] and won ($11.76) with a pair of Sevens
Seat 5: Pandakey (button) (small blind) mucked


PokerStars Hand #155395788965:  Hold'em Limit ($3/$6 USD) - 2016/06/30 15:14:12 ET
Table 'Mellena' 6-max Seat #5 is the button
Seat 4: gaensehaut ($171.38 in chips)
Seat 5: Pandakey ($86.04 in chips)
Pandakey: posts small blind $1
gaensehaut: posts big blind $3
*** HOLE CARDS ***
Pandakey: folds
Uncalled bet ($2) returned to gaensehaut
gaensehaut collected $2 from pot
gaensehaut: doesn't show hand
*** SUMMARY ***
Total pot $2 | Rake $0
Seat 4: gaensehaut (big blind) collected ($2)
Seat 5: Pandakey (button) (small blind) folded before Flop


PokerStars Hand #155395826723:  Hold'em Limit ($3/$6 USD) - 2016/06/30 15:15:05 ET
Table 'Mellena' 6-max Seat #4 is the button
Seat 4: gaensehaut ($162.14 in chips)
Seat 5: Pandakey ($94.56 in chips)
gaensehaut: posts small blind $1
Pandakey: posts big blind $3
*** HOLE CARDS ***
gaensehaut: calls $2
Pandakey: raises $3 to $6
gaensehaut: calls $3
*** FLOP *** [Qh 6d Td]
Pandakey: bets $3
gaensehaut: folds
Uncalled bet ($3) returned to Pandakey
Pandakey collected $11.76 from pot
Pandakey: doesn't show hand
*** SUMMARY ***
Total pot $12 | Rake $0.24
Board [Qh 6d Td]
Seat 4: gaensehaut (button) (small blind) folded on the Flop
Seat 5: Pandakey (big blind) collected ($11.76)


PokerStars Hand #155395837122:  Hold'em Limit ($3/$6 USD) - 2016/06/30 15:15:19 ET
Table 'Mellena' 6-max Seat #4 is the button
Seat 4: gaensehaut ($157.14 in chips)
Seat 5: Pandakey ($99.32 in chips)
gaensehaut: posts small blind $1
Pandakey: posts big blind $3
*** HOLE CARDS ***
gaensehaut: folds
Uncalled bet ($2) returned to Pandakey
Pandakey collected $2 from pot
Pandakey: doesn't show hand
*** SUMMARY ***
Total pot $2 | Rake $0
Seat 4: gaensehaut (button) (small blind) folded before Flop
Seat 5: Pandakey (big blind) collected ($2)


PokerStars Hand #155395833230:  Hold'em Limit ($3/$6 USD) - 2016/06/30 15:15:14 ET
Table 'Mellena' 6-max Seat #5 is the button
Seat 4: gaensehaut ($156.14 in chips)
Seat 5: Pandakey ($100.32 in chips)
Pandakey: posts small blind $1
gaensehaut: posts big blind $3
*** HOLE CARDS ***
Pandakey: folds
Uncalled bet ($2) returned to gaensehaut
gaensehaut collected $2 from pot
gaensehaut: doesn't show hand
*** SUMMARY ***
Total pot $2 | Rake $0
Seat 4: gaensehaut (big blind) collected ($2)
Seat 5: Pandakey (button) (small blind) folded before Flop


PokerStars Hand #155395819805:  Hold'em Limit ($3/$6 USD) - 2016/06/30 15:14:55 ET
Table 'Mellena' 6-max Seat #5 is the button
Seat 4: gaensehaut ($156.38 in chips)
Seat 5: Pandakey ($100.56 in chips)
Pandakey: posts small blind $1
gaensehaut: posts big blind $3
*** HOLE CARDS ***
Pandakey: raises $3 to $6
gaensehaut: calls $3
*** FLOP *** [9h 2h 2s]
gaensehaut: checks
Pandakey: checks
*** TURN *** [9h 2h 2s] [5c]
gaensehaut: bets $6
Pandakey: folds
Uncalled bet ($6) returned to gaensehaut
gaensehaut collected $11.76 from pot
gaensehaut: doesn't show hand
*** SUMMARY ***
Total pot $12 | Rake $0.24
Board [9h 2h 2s 5c]
Seat 4: gaensehaut (big blind) collected ($11.76)
Seat 5: Pandakey (button) (small blind) folded on the Turn


PokerStars Hand #155395817232:  Hold'em Limit ($3/$6 USD) - 2016/06/30 15:14:52 ET
Table 'Mellena' 6-max Seat #4 is the button
Seat 4: gaensehaut ($157.38 in chips)
Seat 5: Pandakey ($99.56 in chips)
gaensehaut: posts small blind $1
Pandakey: posts big blind $3
*** HOLE CARDS ***
gaensehaut: folds
Uncalled bet ($2) returned to Pandakey
Pandakey collected $2 from pot
Pandakey: doesn't show hand
*** SUMMARY ***
Total pot $2 | Rake $0
Seat 4: gaensehaut (button) (small blind) folded before Flop
Seat 5: Pandakey (big blind) collected ($2)


PokerStars Hand #155395849419:  Hold'em Limit ($3/$6 USD) - 2016/06/30 15:15:36 ET
Table 'Mellena' 6-max Seat #4 is the button
Seat 4: gaensehaut ($161.90 in chips)
Seat 5: Pandakey ($94.32 in chips)
gaensehaut: posts small blind $1
Pandakey: posts big blind $3
*** HOLE CARDS ***
gaensehaut: calls $2
Pandakey: raises $3 to $6
gaensehaut: calls $3
*** FLOP *** [Qc Qs Jh]
Pandakey: bets $3
gaensehaut: folds
Uncalled bet ($3) returned to Pandakey
Pandakey collected $11.76 from pot
Pandakey: doesn't show hand
*** SUMMARY ***
Total pot $12 | Rake $0.24
Board [Qc Qs Jh]
Seat 4: gaensehaut (button) (small blind) folded on the Flop
Seat 5: Pandakey (big blind) collected ($11.76)


PokerStars Hand #155395840171:  Hold'em Limit ($3/$6 USD) - 2016/06/30 15:15:23 ET
Table 'Mellena' 6-max Seat #5 is the button
Seat 4: gaensehaut ($156.14 in chips)
Seat 5: Pandakey ($100.32 in chips)
Pandakey: posts small blind $1
gaensehaut: posts big blind $3
*** HOLE CARDS ***
Pandakey: raises $3 to $6
gaensehaut: calls $3
*** FLOP *** [3c 6d Kh]
gaensehaut: checks
Pandakey: checks
*** TURN *** [3c 6d Kh] [2s]
gaensehaut: bets $6
Pandakey: folds
Uncalled bet ($6) returned to gaensehaut
gaensehaut collected $11.76 from pot
gaensehaut: doesn't show hand
*** SUMMARY ***
Total pot $12 | Rake $0.24
Board [3c 6d Kh 2s]
Seat 4: gaensehaut (big blind) collected ($11.76)
Seat 5: Pandakey (button) (small blind) folded on the Turn


PokerStars Hand #155395882026:  Hold'em Limit ($3/$6 USD) - 2016/06/30 15:16:21 ET
Table 'Mellena' 6-max Seat #4 is the button
Seat 4: gaensehaut ($151.66 in chips)
Seat 5: Pandakey ($104.08 in chips)
gaensehaut: posts small blind $1
Pandakey: posts big blind $3
*** HOLE CARDS ***
gaensehaut: raises $3 to $6
Pandakey: folds
Uncalled bet ($3) returned to gaensehaut
gaensehaut collected $6 from pot
gaensehaut: doesn't show hand
*** SUMMARY ***
Total pot $6 | Rake $0
Seat 4: gaensehaut (button) (small blind) collected ($6)
Seat 5: Pandakey (big blind) folded before Flop


PokerStars Hand #155395868086:  Hold'em Limit ($3/$6 USD) - 2016/06/30 15:16:02 ET
Table 'Mellena' 6-max Seat #4 is the button
Seat 4: gaensehaut ($146.90 in chips)
Seat 5: Pandakey ($109.08 in chips)
gaensehaut: posts small blind $1
Pandakey: posts big blind $3
*** HOLE CARDS ***
gaensehaut: folds
Uncalled bet ($2) returned to Pandakey
Pandakey collected $2 from pot
Pandakey: doesn't show hand
*** SUMMARY ***
Total pot $2 | Rake $0
Seat 4: gaensehaut (button) (small blind) folded before Flop
Seat 5: Pandakey (big blind) collected ($2)


PokerStars Hand #155395871485:  Hold'em Limit ($3/$6 USD) - 2016/06/30 15:16:07 ET
Table 'Mellena' 6-max Seat #5 is the button
Seat 4: gaensehaut ($145.90 in chips)
Seat 5: Pandakey ($110.08 in chips)
Pandakey: posts small blind $1
gaensehaut: posts big blind $3
*** HOLE CARDS ***
Pandakey: raises $3 to $6
gaensehaut: calls $3
*** FLOP *** [2h 7c 6d]
gaensehaut: checks
Pandakey: checks
*** TURN *** [2h 7c 6d] [3d]
gaensehaut: checks
Pandakey: checks
*** RIVER *** [2h 7c 6d 3d] [8s]
gaensehaut: bets $6
Pandakey: folds
Uncalled bet ($6) returned to gaensehaut
gaensehaut collected $11.76 from pot
gaensehaut: doesn't show hand
*** SUMMARY ***
Total pot $12 | Rake $0.24
Board [2h 7c 6d 3d 8s]
Seat 4: gaensehaut (big blind) collected ($11.76)
Seat 5: Pandakey (button) (small blind) folded on the River


PokerStars Hand #155395863743:  Hold'em Limit ($3/$6 USD) - 2016/06/30 15:15:56 ET
Table 'Mellena' 6-max Seat #5 is the button
Seat 4: gaensehaut ($149.90 in chips)
Seat 5: Pandakey ($106.08 in chips)
Pandakey: posts small blind $1
gaensehaut: posts big blind $3
*** HOLE CARDS ***
Pandakey: raises $3 to $6
gaensehaut: folds
Uncalled bet ($3) returned to Pandakey
Pandakey collected $6 from pot
Pandakey: doesn't show hand
*** SUMMARY ***
Total pot $6 | Rake $0
Seat 4: gaensehaut (big blind) folded before Flop
Seat 5: Pandakey (button) (small blind) collected ($6)


PokerStars Hand #155395859583:  Hold'em Limit ($3/$6 USD) - 2016/06/30 15:15:50 ET
Table 'Mellena' 6-max Seat #4 is the button
Seat 4: gaensehaut ($152.90 in chips)
Seat 5: Pandakey ($103.08 in chips)
gaensehaut: posts small blind $1
Pandakey: posts big blind $3
*** HOLE CARDS ***
gaensehaut: calls $2
Pandakey: raises $3 to $6
gaensehaut: folds
Uncalled bet ($3) returned to Pandakey
Pandakey collected $6 from pot
Pandakey: doesn't show hand
*** SUMMARY ***
Total pot $6 | Rake $0
Seat 4: gaensehaut (button) (small blind) folded before Flop
Seat 5: Pandakey (big blind) collected ($6)


PokerStars Hand #155395885688:  Hold'em Limit ($3/$6 USD) - 2016/06/30 15:16:27 ET
Table 'Mellena' 6-max Seat #5 is the button
Seat 4: gaensehaut ($154.66 in chips)
Seat 5: Pandakey ($101.08 in chips)
Pandakey: posts small blind $1
gaensehaut: posts big blind $3
*** HOLE CARDS ***
Pandakey: raises $3 to $6
gaensehaut: calls $3
*** FLOP *** [3d 3h 7d]
gaensehaut: checks
Pandakey: bets $3
gaensehaut: calls $3
*** TURN *** [3d 3h 7d] [2s]
gaensehaut: checks
Pandakey: bets $6
gaensehaut: calls $6
*** RIVER *** [3d 3h 7d 2s] [Kh]
gaensehaut: checks
Pandakey: checks
*** SHOW DOWN ***
gaensehaut: shows [Kd 3s] (a full house, Threes full of Kings)
Pandakey: mucks hand
gaensehaut collected $29.50 from pot
*** SUMMARY ***
Total pot $30 | Rake $0.50
Board [3d 3h 7d 2s Kh]
Seat 4: gaensehaut (big blind) showed [Kd 3s] and won ($29.50) with a full house, Threes full of Kings
Seat 5: Pandakey (button) (small blind) mucked


PokerStars Hand #155395922482:  Hold'em Limit ($3/$6 USD) - 2016/06/30 15:17:17 ET
Table 'Mellena' 6-max Seat #4 is the button
Seat 4: gaensehaut ($198.18 in chips)
Seat 5: Pandakey ($56.08 in chips)
gaensehaut: posts small blind $1
Pandakey: posts big blind $3
*** HOLE CARDS ***
gaensehaut: calls $2
Pandakey: checks
*** FLOP *** [2c 5d 8h]
Pandakey: bets $3
gaensehaut: folds
Uncalled bet ($3) returned to Pandakey
ATMA1011 joins the table at seat #2
Pandakey collected $5.88 from pot
Pandakey: doesn't show hand
*** SUMMARY ***
Total pot $6 | Rake $0.12
Board [2c 5d 8h]
Seat 4: gaensehaut (button) (small blind) folded on the Flop
Seat 5: Pandakey (big blind) collected ($5.88)


PokerStars Hand #155395908822:  Hold'em Limit ($3/$6 USD) - 2016/06/30 15:16:58 ET
Table 'Mellena' 6-max Seat #5 is the button
Seat 4: gaensehaut ($186.66 in chips)
Seat 5: Pandakey ($68.08 in chips)
Pandakey: posts small blind $1
gaensehaut: posts big blind $3
*** HOLE CARDS ***
Pandakey: raises $3 to $6
gaensehaut: calls $3
*** FLOP *** [9d 5d Qs]
gaensehaut: checks
Pandakey: checks
*** TURN *** [9d 5d Qs] [Ad]
gaensehaut: checks
Pandakey: bets $6
gaensehaut: calls $6
*** RIVER *** [9d 5d Qs Ad] [6s]
gaensehaut: checks
Pandakey: checks
*** SHOW DOWN ***
gaensehaut: shows [Kh 9s] (a pair of Nines)
Pandakey: mucks hand
gaensehaut collected $23.52 from pot
*** SUMMARY ***
Total pot $24 | Rake $0.48
Board [9d 5d Qs Ad 6s]
Seat 4: gaensehaut (big blind) showed [Kh 9s] and won ($23.52) with a pair of Nines
Seat 5: Pandakey (button) (small blind) mucked


PokerStars Hand #155395897201:  Hold'em Limit ($3/$6 USD) - 2016/06/30 15:16:42 ET
Table 'Mellena' 6-max Seat #4 is the button
Seat 4: gaensehaut ($169.16 in chips)
Seat 5: Pandakey ($86.08 in chips)
gaensehaut: posts small blind $1
Pandakey: posts big blind $3
*** HOLE CARDS ***
gaensehaut: raises $3 to $6
Pandakey: raises $3 to $9
gaensehaut: calls $3
*** FLOP *** [Ts Ad 5h]
Pandakey: bets $3
gaensehaut: calls $3
*** TURN *** [Ts Ad 5h] [7h]
Pandakey: bets $6
gaensehaut: calls $6
*** RIVER *** [Ts Ad 5h 7h] [8s]
Pandakey: checks
gaensehaut: bets $6
Pandakey: folds
Uncalled bet ($6) returned to gaensehaut
gaensehaut collected $35.50 from pot
gaensehaut: doesn't show hand
*** SUMMARY ***
Total pot $36 | Rake $0.50
Board [Ts Ad 5h 7h 8s]
Seat 4: gaensehaut (button) (small blind) collected ($35.50)
Seat 5: Pandakey (big blind) folded on the River


PokerStars Hand #155402109882:  Hold'em Limit ($3/$6 USD) - 2016/06/30 17:40:51 ET
Table 'Mellena' 6-max Seat #6 is the button
Seat 1: jackRizzar ($271.22 in chips)
Seat 6: sokol-max-PS ($224.10 in chips)
sokol-max-PS: posts small blind $1
jackRizzar: posts big blind $3
*** HOLE CARDS ***
sokol-max-PS: raises $3 to $6
bugsbubble leaves the table
jackRizzar: calls $3
*** FLOP *** [2h 8c 4d]
jackRizzar: checks
sokol-max-PS: bets $3
jackRizzar: folds
Uncalled bet ($3) returned to sokol-max-PS
sokol-max-PS collected $11.76 from pot
*** SUMMARY ***
Total pot $12 | Rake $0.24
Board [2h 8c 4d]
Seat 1: jackRizzar (big blind) folded on the Flop
Seat 6: sokol-max-PS (button) (small blind) collected ($11.76)


PokerStars Hand #155402122491:  Hold'em Limit ($3/$6 USD) - 2016/06/30 17:41:10 ET
Table 'Mellena' 6-max Seat #1 is the button
Seat 1: jackRizzar ($265.22 in chips)
Seat 6: sokol-max-PS ($229.86 in chips)
jackRizzar: posts small blind $1
sokol-max-PS: posts big blind $3
*** HOLE CARDS ***
jackRizzar: raises $3 to $6
sokol-max-PS: raises $3 to $9
jackRizzar: calls $3
*** FLOP *** [9c Qc 8c]
sokol-max-PS: bets $3
jackRizzar: folds
Uncalled bet ($3) returned to sokol-max-PS
sokol-max-PS collected $17.64 from pot
*** SUMMARY ***
Total pot $18 | Rake $0.36
Board [9c Qc 8c]
Seat 1: jackRizzar (button) (small blind) folded on the Flop
Seat 6: sokol-max-PS (big blind) collected ($17.64)


