PokerStars Hand #165006632820:  Hold'em Limit ($3/$6 USD) - 2017/01/22 15:45:29 ET
Table 'Melpomene' 6-max Seat #6 is the button
Seat 4: AzureCaper ($72 in chips)
Seat 6: tje777 ($102.81 in chips)
tje777: posts small blind $1
AzureCaper: posts big blind $3
*** HOLE CARDS ***
tje777: folds
Uncalled bet ($2) returned to AzureCaper
AzureCaper collected $2 from pot
AzureCaper: doesn't show hand
*** SUMMARY ***
Total pot $2 | Rake $0
Seat 4: AzureCaper (big blind) collected ($2)
Seat 6: tje777 (button) (small blind) folded before Flop


PokerStars Hand #165006638136:  Hold'em Limit ($3/$6 USD) - 2017/01/22 15:45:34 ET
Table 'Melpomene' 6-max Seat #4 is the button
Seat 4: AzureCaper ($73 in chips)
Seat 6: tje777 ($101.81 in chips)
AzureCaper: posts small blind $1
tje777: posts big blind $3
*** HOLE CARDS ***
AzureCaper: folds
Uncalled bet ($2) returned to tje777
tje777 collected $2 from pot
tje777: doesn't show hand
*** SUMMARY ***
Total pot $2 | Rake $0
Seat 4: AzureCaper (button) (small blind) folded before Flop
Seat 6: tje777 (big blind) collected ($2)


PokerStars Hand #165006644071:  Hold'em Limit ($3/$6 USD) - 2017/01/22 15:45:39 ET
Table 'Melpomene' 6-max Seat #6 is the button
Seat 4: AzureCaper ($72 in chips)
Seat 6: tje777 ($102.81 in chips)
tje777: posts small blind $1
AzureCaper: posts big blind $3
*** HOLE CARDS ***
tje777: raises $3 to $6
AzureCaper: folds
Uncalled bet ($3) returned to tje777
tje777 collected $6 from pot
tje777: doesn't show hand
*** SUMMARY ***
Total pot $6 | Rake $0
Seat 4: AzureCaper (big blind) folded before Flop
Seat 6: tje777 (button) (small blind) collected ($6)


PokerStars Hand #165006710019:  Hold'em Limit ($3/$6 USD) - 2017/01/22 15:46:40 ET
Table 'Melpomene' 6-max Seat #4 is the button
Seat 4: AzureCaper ($81.64 in chips)
Seat 6: tje777 ($95.81 in chips)
jarellmaniac joins the table at seat #3
AzureCaper: posts small blind $1
tje777: posts big blind $3
*** HOLE CARDS ***
AzureCaper: raises $3 to $6
neganessa756 joins the table at seat #1
tje777: raises $3 to $9
AzureCaper: raises $3 to $12
Betting is capped
tje777: calls $3
*** FLOP *** [3d Kh Jc]
tje777: checks
AzureCaper: bets $3
tje777: calls $3
*** TURN *** [3d Kh Jc] [8h]
234599330 joins the table at seat #5
tje777: checks
AzureCaper: bets $6
tje777: folds
Uncalled bet ($6) returned to AzureCaper
AzureCaper collected $29.50 from pot
AzureCaper: doesn't show hand
*** SUMMARY ***
Total pot $30 | Rake $0.50
Board [3d Kh Jc 8h]
Seat 4: AzureCaper (button) (small blind) collected ($29.50)
Seat 6: tje777 (big blind) folded on the Turn


PokerStars Hand #165006705016:  Hold'em Limit ($3/$6 USD) - 2017/01/22 15:46:35 ET
Table 'Melpomene' 6-max Seat #6 is the button
Seat 4: AzureCaper ($80.64 in chips)
Seat 6: tje777 ($96.81 in chips)
tje777: posts small blind $1
AzureCaper: posts big blind $3
*** HOLE CARDS ***
tje777: folds
Uncalled bet ($2) returned to AzureCaper
AzureCaper collected $2 from pot
AzureCaper: doesn't show hand
*** SUMMARY ***
Total pot $2 | Rake $0
Seat 4: AzureCaper (big blind) collected ($2)
Seat 6: tje777 (button) (small blind) folded before Flop


PokerStars Hand #165006669541:  Hold'em Limit ($3/$6 USD) - 2017/01/22 15:46:02 ET
Table 'Melpomene' 6-max Seat #4 is the button
Seat 4: AzureCaper ($72 in chips)
Seat 6: tje777 ($105.81 in chips)
AzureCaper: posts small blind $1
tje777: posts big blind $3
*** HOLE CARDS ***
AzureCaper: raises $3 to $6
tje777: calls $3
*** FLOP *** [3c 8h 9c]
tje777: checks
AzureCaper: bets $3
tje777: calls $3
*** TURN *** [3c 8h 9c] [4s]
tje777: checks
AzureCaper: bets $6
tje777: folds
Uncalled bet ($6) returned to AzureCaper
AzureCaper collected $17.64 from pot
AzureCaper: doesn't show hand
*** SUMMARY ***
Total pot $18 | Rake $0.36
Board [3c 8h 9c 4s]
Seat 4: AzureCaper (button) (small blind) collected ($17.64)
Seat 6: tje777 (big blind) folded on the Turn


PokerStars Hand #165009572338:  Hold'em Limit ($3/$6 USD) - 2017/01/22 16:33:05 ET
Table 'Melpomene' 6-max Seat #4 is the button
Seat 3: jarellmaniac ($139.77 in chips)
Seat 4: AzureCaper ($198.09 in chips)
AzureCaper: posts small blind $1
LouisB: is sitting out
jarellmaniac: posts big blind $3
*** HOLE CARDS ***
AzureCaper: raises $3 to $6
jarellmaniac: calls $3
*** FLOP *** [Ac 2c 8d]
jarellmaniac: checks
LouisB leaves the table
AzureCaper: bets $3
jarellmaniac: folds
Uncalled bet ($3) returned to AzureCaper
AzureCaper collected $11.76 from pot
AzureCaper: doesn't show hand
*** SUMMARY ***
Total pot $12 | Rake $0.24
Board [Ac 2c 8d]
Seat 3: jarellmaniac (big blind) folded on the Flop
Seat 4: AzureCaper (button) (small blind) collected ($11.76)


PokerStars Hand #165009583672:  Hold'em Limit ($3/$6 USD) - 2017/01/22 16:33:17 ET
Table 'Melpomene' 6-max Seat #3 is the button
Seat 3: jarellmaniac ($133.77 in chips)
Seat 4: AzureCaper ($203.85 in chips)
jarellmaniac: posts small blind $1
AzureCaper: posts big blind $3
*** HOLE CARDS ***
jarellmaniac: raises $3 to $6
AzureCaper: raises $3 to $9
jarellmaniac: calls $3
*** FLOP *** [7d 4s 4h]
AzureCaper: bets $3
jarellmaniac: calls $3
*** TURN *** [7d 4s 4h] [Qh]
AzureCaper: checks
jarellmaniac: checks
*** RIVER *** [7d 4s 4h Qh] [Ac]
AzureCaper: bets $6
jarellmaniac: raises $6 to $12
AzureCaper: calls $6
*** SHOW DOWN ***
jarellmaniac: shows [As 9d] (two pair, Aces and Fours)
AzureCaper: shows [Td Ah] (two pair, Aces and Fours)
AzureCaper collected $23.75 from pot
jarellmaniac collected $23.75 from pot
*** SUMMARY ***
Total pot $48 | Rake $0.50
Board [7d 4s 4h Qh Ac]
Seat 3: jarellmaniac (button) (small blind) showed [As 9d] and won ($23.75) with two pair, Aces and Fours
Seat 4: AzureCaper (big blind) showed [Td Ah] and won ($23.75) with two pair, Aces and Fours


PokerStars Hand #165009608899:  Hold'em Limit ($3/$6 USD) - 2017/01/22 16:33:42 ET
Table 'Melpomene' 6-max Seat #4 is the button
Seat 3: jarellmaniac ($133.52 in chips)
Seat 4: AzureCaper ($203.60 in chips)
AzureCaper: posts small blind $1
jarellmaniac: posts big blind $3
*** HOLE CARDS ***
AzureCaper: raises $3 to $6
jarellmaniac: raises $3 to $9
AzureCaper: calls $3
*** FLOP *** [Qh Ah 6h]
jarellmaniac: bets $3
AzureCaper: raises $3 to $6
jarellmaniac: raises $3 to $9
AzureCaper: raises $3 to $12
Betting is capped
jarellmaniac: calls $3
*** TURN *** [Qh Ah 6h] [7d]
jarellmaniac: checks
AzureCaper: checks
*** RIVER *** [Qh Ah 6h 7d] [2h]
jarellmaniac: bets $6
AzureCaper: calls $6
*** SHOW DOWN ***
jarellmaniac: shows [Ad 6d] (two pair, Aces and Sixes)
AzureCaper: shows [Th Kd] (a flush, Ace high)
AzureCaper collected $53.50 from pot
*** SUMMARY ***
Total pot $54 | Rake $0.50
Board [Qh Ah 6h 7d 2h]
Seat 3: jarellmaniac (big blind) showed [Ad 6d] and lost with two pair, Aces and Sixes
Seat 4: AzureCaper (button) (small blind) showed [Th Kd] and won ($53.50) with a flush, Ace high


PokerStars Hand #165009680317:  Hold'em Limit ($3/$6 USD) - 2017/01/22 16:34:50 ET
Table 'Melpomene' 6-max Seat #3 is the button
Seat 3: jarellmaniac ($122.02 in chips)
Seat 4: AzureCaper ($214.10 in chips)
jarellmaniac: posts small blind $1
AzureCaper: posts big blind $3
*** HOLE CARDS ***
jarellmaniac: raises $3 to $6
happyshine88 joins the table at seat #5
AzureCaper: folds
Uncalled bet ($3) returned to jarellmaniac
jarellmaniac collected $6 from pot
jarellmaniac: doesn't show hand
LouisB joins the table at seat #6
*** SUMMARY ***
Total pot $6 | Rake $0
Seat 3: jarellmaniac (button) (small blind) collected ($6)
Seat 4: AzureCaper (big blind) folded before Flop


PokerStars Hand #165009674156:  Hold'em Limit ($3/$6 USD) - 2017/01/22 16:34:44 ET
Table 'Melpomene' 6-max Seat #4 is the button
Seat 3: jarellmaniac ($121.02 in chips)
Seat 4: AzureCaper ($215.10 in chips)
AzureCaper: posts small blind $1
jarellmaniac: posts big blind $3
*** HOLE CARDS ***
AzureCaper: folds
Uncalled bet ($2) returned to jarellmaniac
jarellmaniac collected $2 from pot
jarellmaniac: doesn't show hand
*** SUMMARY ***
Total pot $2 | Rake $0
Seat 3: jarellmaniac (big blind) collected ($2)
Seat 4: AzureCaper (button) (small blind) folded before Flop


PokerStars Hand #165009632196:  Hold'em Limit ($3/$6 USD) - 2017/01/22 16:34:04 ET
Table 'Melpomene' 6-max Seat #3 is the button
Seat 3: jarellmaniac ($106.52 in chips)
Seat 4: AzureCaper ($230.10 in chips)
jarellmaniac: posts small blind $1
AzureCaper: posts big blind $3
*** HOLE CARDS ***
jarellmaniac: raises $3 to $6
AzureCaper: calls $3
*** FLOP *** [8d 6s 6d]
AzureCaper: checks
jarellmaniac: bets $3
AzureCaper: calls $3
*** TURN *** [8d 6s 6d] [4d]
AzureCaper: bets $6
jarellmaniac: raises $6 to $12
AzureCaper: folds
Uncalled bet ($6) returned to jarellmaniac
jarellmaniac collected $29.50 from pot
jarellmaniac: doesn't show hand
*** SUMMARY ***
Total pot $30 | Rake $0.50
Board [8d 6s 6d 4d]
Seat 3: jarellmaniac (button) (small blind) collected ($29.50)
Seat 4: AzureCaper (big blind) folded on the Turn


PokerStars Hand #165009669185:  Hold'em Limit ($3/$6 USD) - 2017/01/22 16:34:39 ET
Table 'Melpomene' 6-max Seat #3 is the button
Seat 3: jarellmaniac ($122.02 in chips)
Seat 4: AzureCaper ($214.10 in chips)
jarellmaniac: posts small blind $1
AzureCaper: posts big blind $3
*** HOLE CARDS ***
jarellmaniac: folds
Uncalled bet ($2) returned to AzureCaper
AzureCaper collected $2 from pot
AzureCaper: doesn't show hand
*** SUMMARY ***
Total pot $2 | Rake $0
Seat 3: jarellmaniac (button) (small blind) folded before Flop
Seat 4: AzureCaper (big blind) collected ($2)


PokerStars Hand #165009660167:  Hold'em Limit ($3/$6 USD) - 2017/01/22 16:34:31 ET
Table 'Melpomene' 6-max Seat #4 is the button
Seat 3: jarellmaniac ($121.02 in chips)
Seat 4: AzureCaper ($215.10 in chips)
AzureCaper: posts small blind $1
jarellmaniac: posts big blind $3
*** HOLE CARDS ***
AzureCaper: folds
Uncalled bet ($2) returned to jarellmaniac
jarellmaniac collected $2 from pot
jarellmaniac: doesn't show hand
*** SUMMARY ***
Total pot $2 | Rake $0
Seat 3: jarellmaniac (big blind) collected ($2)
Seat 4: AzureCaper (button) (small blind) folded before Flop


