PokerStars Hand #152944905638:  Hold'em Limit ($3/$6 USD) - 2016/05/06 16:08:21 ET
Table 'Melusina II' 6-max Seat #1 is the button
Seat 1: loretta849 ($120 in chips)
Seat 3: Tryptamean ($120 in chips)
loretta849: posts small blind $1
Tryptamean: posts big blind $3
*** HOLE CARDS ***
loretta849 has timed out
loretta849: folds
Uncalled bet ($2) returned to Tryptamean
Tryptamean collected $2 from pot
Tryptamean: doesn't show hand
*** SUMMARY ***
Total pot $2 | Rake $0
Seat 1: loretta849 (button) (small blind) folded before Flop
Seat 3: Tryptamean (big blind) collected ($2)


PokerStars Hand #152947543411:  Hold'em Limit ($3/$6 USD) - 2016/05/06 16:59:39 ET
Table 'Melusina II' 6-max Seat #3 is the button
Seat 2: Brama Br ($228.74 in chips)
Seat 3: TinaTurner72 ($105 in chips)
TinaTurner72: posts small blind $1
vestimokrec: is sitting out
ValeryRon: is sitting out
bugsbubble: is sitting out
Brama Br: posts big blind $3
*** HOLE CARDS ***
TinaTurner72: raises $3 to $6
Brama Br: calls $3
*** FLOP *** [3s 9h 7c]
ValeryRon leaves the table
bugsbubble leaves the table
Brama Br: checks
TinaTurner72: bets $3
Brama Br: calls $3
*** TURN *** [3s 9h 7c] [Kh]
Brama Br: checks
TinaTurner72: bets $6
Brama Br: calls $6
*** RIVER *** [3s 9h 7c Kh] [7d]
vestimokrec leaves the table
Brama Br: checks
TinaTurner72: bets $6
Brama Br: folds
Uncalled bet ($6) returned to TinaTurner72
TinaTurner72 collected $29.50 from pot
TinaTurner72: doesn't show hand
*** SUMMARY ***
Total pot $30 | Rake $0.50
Board [3s 9h 7c Kh 7d]
Seat 2: Brama Br (big blind) folded on the River
Seat 3: TinaTurner72 (button) (small blind) collected ($29.50)


PokerStars Hand #152947564126:  Hold'em Limit ($3/$6 USD) - 2016/05/06 17:00:09 ET
Table 'Melusina II' 6-max Seat #2 is the button
Seat 2: Brama Br ($213.74 in chips)
Seat 3: TinaTurner72 ($119.50 in chips)
Brama Br: posts small blind $1
TinaTurner72: posts big blind $3
*** HOLE CARDS ***
Brama Br: folds
Uncalled bet ($2) returned to TinaTurner72
TinaTurner72 collected $2 from pot
TinaTurner72: doesn't show hand
*** SUMMARY ***
Total pot $2 | Rake $0
Seat 2: Brama Br (button) (small blind) folded before Flop
Seat 3: TinaTurner72 (big blind) collected ($2)


PokerStars Hand #152947568087:  Hold'em Limit ($3/$6 USD) - 2016/05/06 17:00:15 ET
Table 'Melusina II' 6-max Seat #3 is the button
Seat 2: Brama Br ($212.74 in chips)
Seat 3: TinaTurner72 ($120.50 in chips)
TinaTurner72: posts small blind $1
Brama Br: posts big blind $3
*** HOLE CARDS ***
TinaTurner72: raises $3 to $6
Brama Br: folds
Uncalled bet ($3) returned to TinaTurner72
TinaTurner72 collected $6 from pot
TinaTurner72: doesn't show hand
*** SUMMARY ***
Total pot $6 | Rake $0
Seat 2: Brama Br (big blind) folded before Flop
Seat 3: TinaTurner72 (button) (small blind) collected ($6)


PokerStars Hand #152949666802:  Hold'em Limit ($3/$6 USD) - 2016/05/06 17:42:24 ET
Table 'Melusina II' 6-max Seat #6 is the button
Seat 1: GoliafUa ($116 in chips)
Seat 6: at45newlife ($104.81 in chips)
at45newlife: posts small blind $1
GoliafUa: posts big blind $3
*** HOLE CARDS ***
at45newlife: raises $3 to $6
GoliafUa: calls $3
*** FLOP *** [6h 3h 6c]
GoliafUa: checks
at45newlife: bets $3
GoliafUa: calls $3
*** TURN *** [6h 3h 6c] [Kc]
GoliafUa: checks
at45newlife: bets $6
GoliafUa: folds
Uncalled bet ($6) returned to at45newlife
at45newlife collected $17.64 from pot
at45newlife: doesn't show hand
*** SUMMARY ***
Total pot $18 | Rake $0.36
Board [6h 3h 6c Kc]
Seat 1: GoliafUa (big blind) folded on the Turn
Seat 6: at45newlife (button) (small blind) collected ($17.64)


PokerStars Hand #152949662174:  Hold'em Limit ($3/$6 USD) - 2016/05/06 17:42:18 ET
Table 'Melusina II' 6-max Seat #1 is the button
Seat 1: GoliafUa ($113 in chips)
Seat 6: at45newlife ($107.81 in chips)
GoliafUa: posts small blind $1
TinaTurner72: is sitting out
at45newlife: posts big blind $3
*** HOLE CARDS ***
GoliafUa: raises $3 to $6
at45newlife: folds
Uncalled bet ($3) returned to GoliafUa
TinaTurner72 leaves the table
GoliafUa collected $6 from pot
*** SUMMARY ***
Total pot $6 | Rake $0
Seat 1: GoliafUa (button) (small blind) collected ($6)
Seat 6: at45newlife (big blind) folded before Flop


PokerStars Hand #152949687583:  Hold'em Limit ($3/$6 USD) - 2016/05/06 17:42:50 ET
Table 'Melusina II' 6-max Seat #1 is the button
Seat 1: GoliafUa ($99 in chips)
Seat 6: at45newlife ($121.09 in chips)
GoliafUa: posts small blind $1
at45newlife: posts big blind $3
*** HOLE CARDS ***
GoliafUa: raises $3 to $6
at45newlife: calls $3
*** FLOP *** [9c Kc 7d]
at45newlife: checks
GoliafUa: bets $3
at45newlife: raises $3 to $6
GoliafUa: calls $3
*** TURN *** [9c Kc 7d] [6c]
at45newlife: checks
GoliafUa: checks
*** RIVER *** [9c Kc 7d 6c] [3c]
at45newlife: checks
GoliafUa: checks
*** SHOW DOWN ***
at45newlife: shows [8d 7c] (a flush, King high)
GoliafUa: mucks hand
at45newlife collected $23.52 from pot
*** SUMMARY ***
Total pot $24 | Rake $0.48
Board [9c Kc 7d 6c 3c]
Seat 1: GoliafUa (button) (small blind) mucked
Seat 6: at45newlife (big blind) showed [8d 7c] and won ($23.52) with a flush, King high


PokerStars Hand #152949683684:  Hold'em Limit ($3/$6 USD) - 2016/05/06 17:42:45 ET
Table 'Melusina II' 6-max Seat #6 is the button
Seat 1: GoliafUa ($98 in chips)
Seat 6: at45newlife ($122.09 in chips)
at45newlife: posts small blind $1
GoliafUa: posts big blind $3
*** HOLE CARDS ***
at45newlife: folds
Uncalled bet ($2) returned to GoliafUa
GoliafUa collected $2 from pot
*** SUMMARY ***
Total pot $2 | Rake $0
Seat 1: GoliafUa (big blind) collected ($2)
Seat 6: at45newlife (button) (small blind) folded before Flop


PokerStars Hand #152949675192:  Hold'em Limit ($3/$6 USD) - 2016/05/06 17:42:34 ET
Table 'Melusina II' 6-max Seat #1 is the button
Seat 1: GoliafUa ($107 in chips)
Seat 6: at45newlife ($113.45 in chips)
GoliafUa: posts small blind $1
at45newlife: posts big blind $3
*** HOLE CARDS ***
GoliafUa: raises $3 to $6
at45newlife: raises $3 to $9
GoliafUa: calls $3
*** FLOP *** [9s 7d 9d]
at45newlife: checks
GoliafUa: checks
*** TURN *** [9s 7d 9d] [Qh]
at45newlife: bets $6
GoliafUa: folds
Uncalled bet ($6) returned to at45newlife
at45newlife collected $17.64 from pot
at45newlife: doesn't show hand
*** SUMMARY ***
Total pot $18 | Rake $0.36
Board [9s 7d 9d Qh]
Seat 1: GoliafUa (button) (small blind) folded on the Turn
Seat 6: at45newlife (big blind) collected ($17.64)


