PokerStars Hand #165149423951:  Hold'em Limit ($3/$6 USD) - 2017/01/25 12:06:20 ET
Table 'Melusina III' 6-max Seat #4 is the button
Seat 4: Great_Kang ($121 in chips)
Seat 6: HAOYUN88888 ($99 in chips)
Great_Kang: posts small blind $1
HAOYUN88888: posts big blind $3
*** HOLE CARDS ***
Great_Kang: raises $3 to $6
HAOYUN88888: calls $3
*** FLOP *** [Kc Ks Th]
HAOYUN88888: checks
Great_Kang: bets $3
HAOYUN88888: folds
Uncalled bet ($3) returned to Great_Kang
Great_Kang collected $11.76 from pot
Great_Kang: doesn't show hand
*** SUMMARY ***
Total pot $12 | Rake $0.24
Board [Kc Ks Th]
Seat 4: Great_Kang (button) (small blind) collected ($11.76)
Seat 6: HAOYUN88888 (big blind) folded on the Flop


PokerStars Hand #165149469645:  Hold'em Limit ($3/$6 USD) - 2017/01/25 12:07:17 ET
Table 'Melusina III' 6-max Seat #4 is the button
Seat 4: Great_Kang ($120 in chips)
Seat 6: HAOYUN88888 ($107.50 in chips)
Great_Kang: posts small blind $1
HAOYUN88888: posts big blind $3
*** HOLE CARDS ***
Great_Kang: raises $3 to $6
HAOYUN88888: calls $3
*** FLOP *** [6s 2d Th]
234599330 joins the table at seat #1
HAOYUN88888: checks
Great_Kang: bets $3
HAOYUN88888: raises $3 to $6
Great_Kang: folds
Uncalled bet ($3) returned to HAOYUN88888
HAOYUN88888 collected $17.64 from pot
HAOYUN88888: doesn't show hand
*** SUMMARY ***
Total pot $18 | Rake $0.36
Board [6s 2d Th]
Seat 4: Great_Kang (button) (small blind) folded on the Flop
Seat 6: HAOYUN88888 (big blind) collected ($17.64)


PokerStars Hand #165149432383:  Hold'em Limit ($3/$6 USD) - 2017/01/25 12:06:31 ET
Table 'Melusina III' 6-max Seat #6 is the button
Seat 4: Great_Kang ($126.76 in chips)
Seat 6: HAOYUN88888 ($93 in chips)
HAOYUN88888: posts small blind $1
Great_Kang: posts big blind $3
*** HOLE CARDS ***
HAOYUN88888: raises $3 to $6
Great_Kang: calls $3
*** FLOP *** [2h Jd Ts]
Great_Kang: checks
HAOYUN88888: bets $3
Great_Kang: calls $3
*** TURN *** [2h Jd Ts] [Qd]
Great_Kang: checks
HAOYUN88888: bets $6
Great_Kang: calls $6
*** RIVER *** [2h Jd Ts Qd] [Ah]
Great_Kang: checks
HAOYUN88888: bets $6
Great_Kang: folds
Uncalled bet ($6) returned to HAOYUN88888
HAOYUN88888 collected $29.50 from pot
HAOYUN88888: doesn't show hand
*** SUMMARY ***
Total pot $30 | Rake $0.50
Board [2h Jd Ts Qd Ah]
Seat 4: Great_Kang (big blind) folded on the River
Seat 6: HAOYUN88888 (button) (small blind) collected ($29.50)


