PokerStars Hand #144972926684:  Hold'em Limit ($3/$6 USD) - 2015/12/07 12:04:29 ET
Table 'Melusina II' 10-max Seat #1 is the button
Seat 1: boony444 ($163 in chips)
Seat 10: dinkin91 ($93.77 in chips)
boony444: posts small blind $1
PelonCabelao: is sitting out
dinkin91: posts big blind $3
*** HOLE CARDS ***
PelonCabelao leaves the table
boony444: raises $3 to $6
dinkin91: calls $3
*** FLOP *** [Qc As 3c]
dinkin91: checks
boony444: bets $3
dinkin91: folds
Uncalled bet ($3) returned to boony444
boony444 collected $11.76 from pot
boony444: doesn't show hand
*** SUMMARY ***
Total pot $12 | Rake $0.24
Board [Qc As 3c]
Seat 1: boony444 (button) (small blind) collected ($11.76)
Seat 10: dinkin91 (big blind) folded on the Flop


PokerStars Hand #144972945132:  Hold'em Limit ($3/$6 USD) - 2015/12/07 12:04:49 ET
Table 'Melusina II' 10-max Seat #10 is the button
Seat 1: boony444 ($168.76 in chips)
Seat 10: dinkin91 ($87.77 in chips)
dinkin91: posts small blind $1
boony444: posts big blind $3
*** HOLE CARDS ***
dinkin91: calls $2
boony444: raises $3 to $6
dinkin91: calls $3
*** FLOP *** [4c 6s Qd]
boony444: bets $3
dinkin91: calls $3
*** TURN *** [4c 6s Qd] [3c]
SashaYuvelir joins the table at seat #2
boony444: bets $6
dinkin91: folds
Uncalled bet ($6) returned to boony444
boony444 collected $17.64 from pot
boony444: doesn't show hand
*** SUMMARY ***
Total pot $18 | Rake $0.36
Board [4c 6s Qd 3c]
Seat 1: boony444 (big blind) collected ($17.64)
Seat 10: dinkin91 (button) (small blind) folded on the Turn


