PokerStars Hand #144591956169:  Hold'em Limit ($3/$6 USD) - 2015/11/29 20:59:19 ET
Table 'Melusina' 10-max Seat #1 is the button
Seat 1: Masqb ($126 in chips)
Seat 2: ALPEVE85 ($120 in chips)
Masqb: posts small blind $1
ALPEVE85: posts big blind $3
*** HOLE CARDS ***
Masqb: raises $3 to $6
ALPEVE85: calls $3
*** FLOP *** [6d 9s 7c]
ALPEVE85: bets $3
Masqb: folds
Uncalled bet ($3) returned to ALPEVE85
ALPEVE85 collected $11.76 from pot
ALPEVE85: doesn't show hand
*** SUMMARY ***
Total pot $12 | Rake $0.24
Board [6d 9s 7c]
Seat 1: Masqb (button) (small blind) folded on the Flop
Seat 2: ALPEVE85 (big blind) collected ($11.76)


PokerStars Hand #144591969881:  Hold'em Limit ($3/$6 USD) - 2015/11/29 20:59:56 ET
Table 'Melusina' 10-max Seat #1 is the button
Seat 1: Masqb ($117 in chips)
Seat 2: ALPEVE85 ($128.64 in chips)
Masqb: posts small blind $1
ALPEVE85: posts big blind $3
*** HOLE CARDS ***
Masqb: raises $3 to $6
ALPEVE85: calls $3
*** FLOP *** [5d Ad 7d]
ALPEVE85: bets $3
Masqb: calls $3
*** TURN *** [5d Ad 7d] [Qd]
ALPEVE85: bets $6
Masqb: calls $6
*** RIVER *** [5d Ad 7d Qd] [2c]
ALPEVE85: bets $6
Masqb: folds
Uncalled bet ($6) returned to ALPEVE85
ALPEVE85 collected $29.50 from pot
ALPEVE85: doesn't show hand
*** SUMMARY ***
Total pot $30 | Rake $0.50
Board [5d Ad 7d Qd 2c]
Seat 1: Masqb (button) (small blind) folded on the River
Seat 2: ALPEVE85 (big blind) collected ($29.50)


PokerStars Hand #144591986455:  Hold'em Limit ($3/$6 USD) - 2015/11/29 21:00:36 ET
Table 'Melusina' 10-max Seat #2 is the button
Seat 1: Masqb ($102 in chips)
Seat 2: ALPEVE85 ($143.14 in chips)
ALPEVE85: posts small blind $1
Masqb: posts big blind $3
*** HOLE CARDS ***
ALPEVE85: folds
Uncalled bet ($2) returned to Masqb
Masqb collected $2 from pot
Masqb: doesn't show hand
*** SUMMARY ***
Total pot $2 | Rake $0
Seat 1: Masqb (big blind) collected ($2)
Seat 2: ALPEVE85 (button) (small blind) folded before Flop


PokerStars Hand #144591963340:  Hold'em Limit ($3/$6 USD) - 2015/11/29 20:59:38 ET
Table 'Melusina' 10-max Seat #2 is the button
Seat 1: Masqb ($120 in chips)
Seat 2: ALPEVE85 ($125.76 in chips)
ALPEVE85: posts small blind $1
Masqb: posts big blind $3
*** HOLE CARDS ***
ALPEVE85: calls $2
Masqb: checks
*** FLOP *** [Th 2c 5h]
Masqb: checks
ALPEVE85: bets $3
Masqb: folds
Uncalled bet ($3) returned to ALPEVE85
ALPEVE85 collected $5.88 from pot
ALPEVE85: doesn't show hand
*** SUMMARY ***
Total pot $6 | Rake $0.12
Board [Th 2c 5h]
Seat 1: Masqb (big blind) folded on the Flop
Seat 2: ALPEVE85 (button) (small blind) collected ($5.88)


PokerStars Hand #144592005476:  Hold'em Limit ($3/$6 USD) - 2015/11/29 21:01:19 ET
Table 'Melusina' 10-max Seat #2 is the button
Seat 1: Masqb ($85 in chips)
Seat 2: ALPEVE85 ($159.64 in chips)
ALPEVE85: posts small blind $1
Masqb: posts big blind $3
*** HOLE CARDS ***
ALPEVE85: folds
Uncalled bet ($2) returned to Masqb
Masqb collected $2 from pot
Masqb: doesn't show hand
*** SUMMARY ***
Total pot $2 | Rake $0
Seat 1: Masqb (big blind) collected ($2)
Seat 2: ALPEVE85 (button) (small blind) folded before Flop


PokerStars Hand #144591990303:  Hold'em Limit ($3/$6 USD) - 2015/11/29 21:00:45 ET
Table 'Melusina' 10-max Seat #1 is the button
Seat 1: Masqb ($103 in chips)
Seat 2: ALPEVE85 ($142.14 in chips)
Masqb: posts small blind $1
ALPEVE85: posts big blind $3
*** HOLE CARDS ***
Masqb: raises $3 to $6
ALPEVE85: raises $3 to $9
Masqb: calls $3
*** FLOP *** [4d 7c 2s]
ALPEVE85: bets $3
Masqb: calls $3
*** TURN *** [4d 7c 2s] [4s]
ALPEVE85: bets $6
Masqb: calls $6
*** RIVER *** [4d 7c 2s 4s] [Qs]
ALPEVE85: bets $6
Masqb: folds
Uncalled bet ($6) returned to ALPEVE85
ALPEVE85 collected $35.50 from pot
ALPEVE85: doesn't show hand
*** SUMMARY ***
Total pot $36 | Rake $0.50
Board [4d 7c 2s 4s Qs]
Seat 1: Masqb (button) (small blind) folded on the River
Seat 2: ALPEVE85 (big blind) collected ($35.50)


PokerStars Hand #144592023563:  Hold'em Limit ($3/$6 USD) - 2015/11/29 21:01:59 ET
Table 'Melusina' 10-max Seat #1 is the button
Seat 1: Masqb ($78 in chips)
Seat 2: ALPEVE85 ($166.28 in chips)
Masqb: posts small blind $1
ALPEVE85: posts big blind $3
*** HOLE CARDS ***
Masqb: raises $3 to $6
ALPEVE85: calls $3
*** FLOP *** [9c 8h 7h]
ALPEVE85: bets $3
Masqb: raises $3 to $6
ALPEVE85: raises $3 to $9
Masqb: calls $3
*** TURN *** [9c 8h 7h] [9s]
ALPEVE85: bets $6
Masqb: calls $6
*** RIVER *** [9c 8h 7h 9s] [Tc]
ALPEVE85: bets $6
Masqb: folds
Uncalled bet ($6) returned to ALPEVE85
ALPEVE85 collected $41.50 from pot
ALPEVE85: doesn't show hand
*** SUMMARY ***
Total pot $42 | Rake $0.50
Board [9c 8h 7h 9s Tc]
Seat 1: Masqb (button) (small blind) folded on the River
Seat 2: ALPEVE85 (big blind) collected ($41.50)


PokerStars Hand #144592044025:  Hold'em Limit ($3/$6 USD) - 2015/11/29 21:02:43 ET
Table 'Melusina' 10-max Seat #2 is the button
Seat 1: Masqb ($126 in chips)
Seat 2: ALPEVE85 ($186.78 in chips)
ALPEVE85: posts small blind $1
Masqb: posts big blind $3
*** HOLE CARDS ***
ALPEVE85: folds
Uncalled bet ($2) returned to Masqb
Masqb collected $2 from pot
Masqb: doesn't show hand
*** SUMMARY ***
Total pot $2 | Rake $0
Seat 1: Masqb (big blind) collected ($2)
Seat 2: ALPEVE85 (button) (small blind) folded before Flop


PokerStars Hand #144592020118:  Hold'em Limit ($3/$6 USD) - 2015/11/29 21:01:51 ET
Table 'Melusina' 10-max Seat #2 is the button
Seat 1: Masqb ($77 in chips)
Seat 2: ALPEVE85 ($167.28 in chips)
ALPEVE85: posts small blind $1
Masqb: posts big blind $3
*** HOLE CARDS ***
ALPEVE85: folds
Uncalled bet ($2) returned to Masqb
Masqb collected $2 from pot
Masqb: doesn't show hand
*** SUMMARY ***
Total pot $2 | Rake $0
Seat 1: Masqb (big blind) collected ($2)
Seat 2: ALPEVE85 (button) (small blind) folded before Flop


PokerStars Hand #144592054276:  Hold'em Limit ($3/$6 USD) - 2015/11/29 21:03:06 ET
Table 'Melusina' 10-max Seat #1 is the button
Seat 1: Masqb ($131 in chips)
Seat 2: ALPEVE85 ($181.78 in chips)
Masqb: posts small blind $1
ALPEVE85: posts big blind $3
*** HOLE CARDS ***
Masqb: raises $3 to $6
ALPEVE85: raises $3 to $9
Masqb: calls $3
*** FLOP *** [3d Ts 7c]
ALPEVE85: bets $3
Masqb: calls $3
*** TURN *** [3d Ts 7c] [Jc]
ALPEVE85: bets $6
Masqb: calls $6
*** RIVER *** [3d Ts 7c Jc] [Kh]
ALPEVE85: bets $6
Masqb: raises $6 to $12
ALPEVE85: folds
Uncalled bet ($6) returned to Masqb
Masqb collected $47.50 from pot
Masqb: doesn't show hand
*** SUMMARY ***
Total pot $48 | Rake $0.50
Board [3d Ts 7c Jc Kh]
Seat 1: Masqb (button) (small blind) collected ($47.50)
Seat 2: ALPEVE85 (big blind) folded on the River


PokerStars Hand #144592051553:  Hold'em Limit ($3/$6 USD) - 2015/11/29 21:03:00 ET
Table 'Melusina' 10-max Seat #2 is the button
Seat 1: Masqb ($130 in chips)
Seat 2: ALPEVE85 ($182.78 in chips)
ALPEVE85: posts small blind $1
Masqb: posts big blind $3
*** HOLE CARDS ***
ALPEVE85: folds
Uncalled bet ($2) returned to Masqb
Masqb collected $2 from pot
Masqb: doesn't show hand
*** SUMMARY ***
Total pot $2 | Rake $0
Seat 1: Masqb (big blind) collected ($2)
Seat 2: ALPEVE85 (button) (small blind) folded before Flop


PokerStars Hand #144592047387:  Hold'em Limit ($3/$6 USD) - 2015/11/29 21:02:51 ET
Table 'Melusina' 10-max Seat #1 is the button
Seat 1: Masqb ($127 in chips)
Seat 2: ALPEVE85 ($185.78 in chips)
Masqb: posts small blind $1
ALPEVE85: posts big blind $3
*** HOLE CARDS ***
Masqb: raises $3 to $6
ALPEVE85: folds
Uncalled bet ($3) returned to Masqb
Masqb collected $6 from pot
Masqb: doesn't show hand
*** SUMMARY ***
Total pot $6 | Rake $0
Seat 1: Masqb (button) (small blind) collected ($6)
Seat 2: ALPEVE85 (big blind) folded before Flop


PokerStars Hand #144592075289:  Hold'em Limit ($3/$6 USD) - 2015/11/29 21:03:50 ET
Table 'Melusina' 10-max Seat #2 is the button
Seat 1: Masqb ($154.50 in chips)
Seat 2: ALPEVE85 ($157.78 in chips)
ALPEVE85: posts small blind $1
Masqb: posts big blind $3
*** HOLE CARDS ***
ALPEVE85: calls $2
Masqb: raises $3 to $6
ALPEVE85: calls $3
*** FLOP *** [5c 7s 6h]
Masqb: bets $3
ALPEVE85: calls $3
*** TURN *** [5c 7s 6h] [Jh]
Masqb: checks
ALPEVE85: bets $6
Masqb: calls $6
*** RIVER *** [5c 7s 6h Jh] [8h]
Masqb: checks
ALPEVE85: bets $6
Masqb: folds
Uncalled bet ($6) returned to ALPEVE85
ALPEVE85 collected $29.50 from pot
ALPEVE85: doesn't show hand
*** SUMMARY ***
Total pot $30 | Rake $0.50
Board [5c 7s 6h Jh 8h]
Seat 1: Masqb (big blind) folded on the River
Seat 2: ALPEVE85 (button) (small blind) collected ($29.50)


PokerStars Hand #144592118726:  Hold'em Limit ($3/$6 USD) - 2015/11/29 21:05:25 ET
Table 'Melusina' 10-max Seat #2 is the button
Seat 1: Masqb ($115.50 in chips)
Seat 2: ALPEVE85 ($195.78 in chips)
ALPEVE85: posts small blind $1
Masqb: posts big blind $3
*** HOLE CARDS ***
ALPEVE85: folds
Uncalled bet ($2) returned to Masqb
Masqb collected $2 from pot
Masqb: doesn't show hand
*** SUMMARY ***
Total pot $2 | Rake $0
Seat 1: Masqb (big blind) collected ($2)
Seat 2: ALPEVE85 (button) (small blind) folded before Flop


PokerStars Hand #144592098282:  Hold'em Limit ($3/$6 USD) - 2015/11/29 21:04:40 ET
Table 'Melusina' 10-max Seat #1 is the button
Seat 1: Masqb ($139.50 in chips)
Seat 2: ALPEVE85 ($172.28 in chips)
Masqb: posts small blind $1
ALPEVE85: posts big blind $3
*** HOLE CARDS ***
Masqb: raises $3 to $6
ALPEVE85: raises $3 to $9
Masqb: calls $3
*** FLOP *** [9s 4d 3d]
ALPEVE85: bets $3
Masqb: calls $3
*** TURN *** [9s 4d 3d] [2h]
ALPEVE85: bets $6
Masqb: calls $6
*** RIVER *** [9s 4d 3d 2h] [Kd]
ALPEVE85: bets $6
Masqb: calls $6
*** SHOW DOWN ***
ALPEVE85: shows [Td Qd] (a flush, King high)
Masqb: mucks hand
ALPEVE85 collected $47.50 from pot
*** SUMMARY ***
Total pot $48 | Rake $0.50
Board [9s 4d 3d 2h Kd]
Seat 1: Masqb (button) (small blind) mucked
Seat 2: ALPEVE85 (big blind) showed [Td Qd] and won ($47.50) with a flush, King high


PokerStars Hand #144592127598:  Hold'em Limit ($3/$6 USD) - 2015/11/29 21:05:44 ET
Table 'Melusina' 10-max Seat #2 is the button
Seat 1: Masqb ($115.50 in chips)
Seat 2: ALPEVE85 ($195.78 in chips)
ALPEVE85: posts small blind $1
Masqb: posts big blind $3
*** HOLE CARDS ***
ALPEVE85: calls $2
Masqb: raises $3 to $6
ALPEVE85: calls $3
*** FLOP *** [2c 9s 5d]
Masqb: bets $3
ALPEVE85: calls $3
*** TURN *** [2c 9s 5d] [3d]
Masqb: bets $6
ALPEVE85: calls $6
*** RIVER *** [2c 9s 5d 3d] [5s]
Masqb: bets $6
ALPEVE85: calls $6
*** SHOW DOWN ***
Masqb: shows [Kd 9h] (two pair, Nines and Fives)
ALPEVE85: mucks hand
Masqb collected $41.50 from pot
*** SUMMARY ***
Total pot $42 | Rake $0.50
Board [2c 9s 5d 3d 5s]
Seat 1: Masqb (big blind) showed [Kd 9h] and won ($41.50) with two pair, Nines and Fives
Seat 2: ALPEVE85 (button) (small blind) mucked


PokerStars Hand #144592175644:  Hold'em Limit ($3/$6 USD) - 2015/11/29 21:07:29 ET
Table 'Melusina' 10-max Seat #1 is the button
Seat 1: Masqb ($106 in chips)
Seat 2: ALPEVE85 ($204.04 in chips)
Masqb: posts small blind $1
ALPEVE85: posts big blind $3
*** HOLE CARDS ***
Masqb: raises $3 to $6
ALPEVE85: folds
Uncalled bet ($3) returned to Masqb
Masqb collected $6 from pot
Masqb: doesn't show hand
*** SUMMARY ***
Total pot $6 | Rake $0
Seat 1: Masqb (button) (small blind) collected ($6)
Seat 2: ALPEVE85 (big blind) folded before Flop


PokerStars Hand #144592166608:  Hold'em Limit ($3/$6 USD) - 2015/11/29 21:07:09 ET
Table 'Melusina' 10-max Seat #2 is the button
Seat 1: Masqb ($112 in chips)
Seat 2: ALPEVE85 ($198.28 in chips)
ALPEVE85: posts small blind $1
Masqb: posts big blind $3
*** HOLE CARDS ***
ALPEVE85: raises $3 to $6
Masqb: calls $3
*** FLOP *** [Ah 9h 6c]
Masqb: checks
ALPEVE85: bets $3
Masqb: folds
Uncalled bet ($3) returned to ALPEVE85
ALPEVE85 collected $11.76 from pot
ALPEVE85: doesn't show hand
*** SUMMARY ***
Total pot $12 | Rake $0.24
Board [Ah 9h 6c]
Seat 1: Masqb (big blind) folded on the Flop
Seat 2: ALPEVE85 (button) (small blind) collected ($11.76)


PokerStars Hand #144592148287:  Hold'em Limit ($3/$6 USD) - 2015/11/29 21:06:29 ET
Table 'Melusina' 10-max Seat #1 is the button
Seat 1: Masqb ($136 in chips)
Seat 2: ALPEVE85 ($174.78 in chips)
Masqb: posts small blind $1
ALPEVE85: posts big blind $3
*** HOLE CARDS ***
Masqb: raises $3 to $6
ALPEVE85: raises $3 to $9
Masqb: calls $3
*** FLOP *** [6d Th 5h]
ALPEVE85: bets $3
Masqb: calls $3
*** TURN *** [6d Th 5h] [7s]
ALPEVE85: bets $6
Masqb: calls $6
*** RIVER *** [6d Th 5h 7s] [Ac]
ALPEVE85: bets $6
Masqb: calls $6
*** SHOW DOWN ***
ALPEVE85: shows [Kh Kc] (a pair of Kings)
Masqb: mucks hand
ALPEVE85 collected $47.50 from pot
*** SUMMARY ***
Total pot $48 | Rake $0.50
Board [6d Th 5h 7s Ac]
Seat 1: Masqb (button) (small blind) mucked
Seat 2: ALPEVE85 (big blind) showed [Kh Kc] and won ($47.50) with a pair of Kings


PokerStars Hand #144592193038:  Hold'em Limit ($3/$6 USD) - 2015/11/29 21:08:07 ET
Table 'Melusina' 10-max Seat #2 is the button
Seat 1: Masqb ($109 in chips)
Seat 2: ALPEVE85 ($120 in chips)
ALPEVE85: posts small blind $1
Masqb: posts big blind $3
*** HOLE CARDS ***
ALPEVE85: calls $2
Masqb: raises $3 to $6
ALPEVE85: calls $3
*** FLOP *** [Jd 6h 4d]
Masqb: bets $3
ALPEVE85: calls $3
*** TURN *** [Jd 6h 4d] [Kh]
Masqb: bets $6
ALPEVE85: calls $6
*** RIVER *** [Jd 6h 4d Kh] [Ad]
Masqb: checks
ALPEVE85: checks
*** SHOW DOWN ***
Masqb: shows [Kc 7d] (a pair of Kings)
ALPEVE85: mucks hand
Masqb collected $29.50 from pot
*** SUMMARY ***
Total pot $30 | Rake $0.50
Board [Jd 6h 4d Kh Ad]
Seat 1: Masqb (big blind) showed [Kc 7d] and won ($29.50) with a pair of Kings
Seat 2: ALPEVE85 (button) (small blind) mucked


PokerStars Hand #144592218737:  Hold'em Limit ($3/$6 USD) - 2015/11/29 21:09:05 ET
Table 'Melusina' 10-max Seat #1 is the button
Seat 1: Masqb ($123.50 in chips)
Seat 2: ALPEVE85 ($105 in chips)
Masqb: posts small blind $1
ALPEVE85: posts big blind $3
*** HOLE CARDS ***
Masqb: raises $3 to $6
ALPEVE85: calls $3
*** FLOP *** [6d Ts Tc]
ALPEVE85: checks
Masqb: bets $3
ALPEVE85: folds
Uncalled bet ($3) returned to Masqb
Masqb collected $11.76 from pot
Masqb: doesn't show hand
*** SUMMARY ***
Total pot $12 | Rake $0.24
Board [6d Ts Tc]
Seat 1: Masqb (button) (small blind) collected ($11.76)
Seat 2: ALPEVE85 (big blind) folded on the Flop


PokerStars Hand #144592231853:  Hold'em Limit ($3/$6 USD) - 2015/11/29 21:09:34 ET
Table 'Melusina' 10-max Seat #2 is the button
Seat 1: Masqb ($129.26 in chips)
Seat 2: ALPEVE85 ($99 in chips)
ALPEVE85: posts small blind $1
Masqb: posts big blind $3
*** HOLE CARDS ***
ALPEVE85: raises $3 to $6
Masqb: calls $3
*** FLOP *** [2h Jc Ts]
Masqb: checks
ALPEVE85: bets $3
Masqb: raises $3 to $6
ALPEVE85: calls $3
*** TURN *** [2h Jc Ts] [7h]
Masqb: bets $6
ALPEVE85: raises $6 to $12
Masqb: calls $6
*** RIVER *** [2h Jc Ts 7h] [Ad]
Masqb: checks
ALPEVE85: bets $6
Masqb: calls $6
*** SHOW DOWN ***
ALPEVE85: shows [Ah Kh] (a pair of Aces)
Masqb: mucks hand
ALPEVE85 collected $59.50 from pot
*** SUMMARY ***
Total pot $60 | Rake $0.50
Board [2h Jc Ts 7h Ad]
Seat 1: Masqb (big blind) mucked
Seat 2: ALPEVE85 (button) (small blind) showed [Ah Kh] and won ($59.50) with a pair of Aces


PokerStars Hand #144592257709:  Hold'em Limit ($3/$6 USD) - 2015/11/29 21:10:32 ET
Table 'Melusina' 10-max Seat #1 is the button
Seat 1: Masqb ($99.26 in chips)
Seat 2: ALPEVE85 ($128.50 in chips)
Masqb: posts small blind $1
ALPEVE85: posts big blind $3
*** HOLE CARDS ***
Masqb: raises $3 to $6
ALPEVE85: calls $3
*** FLOP *** [Js Qd 4c]
ALPEVE85: checks
Masqb: bets $3
ALPEVE85: calls $3
*** TURN *** [Js Qd 4c] [Ad]
ALPEVE85: checks
Masqb: bets $6
ALPEVE85: folds
Uncalled bet ($6) returned to Masqb
Masqb collected $17.64 from pot
Masqb: doesn't show hand
*** SUMMARY ***
Total pot $18 | Rake $0.36
Board [Js Qd 4c Ad]
Seat 1: Masqb (button) (small blind) collected ($17.64)
Seat 2: ALPEVE85 (big blind) folded on the Turn


PokerStars Hand #144592279884:  Hold'em Limit ($3/$6 USD) - 2015/11/29 21:11:21 ET
Table 'Melusina' 10-max Seat #2 is the button
Seat 1: Masqb ($107.90 in chips)
Seat 2: ALPEVE85 ($119.50 in chips)
ALPEVE85: posts small blind $1
Masqb: posts big blind $3
*** HOLE CARDS ***
ALPEVE85: raises $3 to $6
Masqb: calls $3
*** FLOP *** [Qs 8d Jd]
Masqb: checks
ALPEVE85: bets $3
Masqb: calls $3
*** TURN *** [Qs 8d Jd] [2h]
Masqb: checks
ALPEVE85: bets $6
Masqb: calls $6
*** RIVER *** [Qs 8d Jd 2h] [6c]
Masqb: checks
ALPEVE85: bets $6
Masqb: calls $6
*** SHOW DOWN ***
ALPEVE85: shows [9d 7h] (high card Queen)
Masqb: shows [4h Js] (a pair of Jacks)
Masqb collected $41.50 from pot
*** SUMMARY ***
Total pot $42 | Rake $0.50
Board [Qs 8d Jd 2h 6c]
Seat 1: Masqb (big blind) showed [4h Js] and won ($41.50) with a pair of Jacks
Seat 2: ALPEVE85 (button) (small blind) showed [9d 7h] and lost with high card Queen


PokerStars Hand #144592310169:  Hold'em Limit ($3/$6 USD) - 2015/11/29 21:12:28 ET
Table 'Melusina' 10-max Seat #2 is the button
Seat 1: Masqb ($127.40 in chips)
Seat 2: ALPEVE85 ($99.50 in chips)
ALPEVE85: posts small blind $1
Masqb: posts big blind $3
*** HOLE CARDS ***
ALPEVE85: calls $2
Masqb: checks
*** FLOP *** [9s Ad 5h]
Masqb: checks
ALPEVE85: bets $3
Masqb: calls $3
*** TURN *** [9s Ad 5h] [4d]
Masqb: checks
ALPEVE85: bets $6
Masqb: calls $6
*** RIVER *** [9s Ad 5h 4d] [Ac]
Masqb: checks
ALPEVE85: bets $6
Masqb: calls $6
*** SHOW DOWN ***
ALPEVE85: shows [2c 3s] (a straight, Ace to Five)
Masqb: mucks hand
ALPEVE85 collected $35.50 from pot
*** SUMMARY ***
Total pot $36 | Rake $0.50
Board [9s Ad 5h 4d Ac]
Seat 1: Masqb (big blind) mucked
Seat 2: ALPEVE85 (button) (small blind) showed [2c 3s] and won ($35.50) with a straight, Ace to Five


PokerStars Hand #144592341444:  Hold'em Limit ($3/$6 USD) - 2015/11/29 21:13:39 ET
Table 'Melusina' 10-max Seat #2 is the button
Seat 1: Masqb ($112.40 in chips)
Seat 2: ALPEVE85 ($114 in chips)
ALPEVE85: posts small blind $1
Masqb: posts big blind $3
*** HOLE CARDS ***
ALPEVE85: folds
Uncalled bet ($2) returned to Masqb
Masqb collected $2 from pot
Masqb: doesn't show hand
*** SUMMARY ***
Total pot $2 | Rake $0
Seat 1: Masqb (big blind) collected ($2)
Seat 2: ALPEVE85 (button) (small blind) folded before Flop


PokerStars Hand #144592336540:  Hold'em Limit ($3/$6 USD) - 2015/11/29 21:13:28 ET
Table 'Melusina' 10-max Seat #1 is the button
Seat 1: Masqb ($109.40 in chips)
Seat 2: ALPEVE85 ($117 in chips)
Masqb: posts small blind $1
ALPEVE85: posts big blind $3
*** HOLE CARDS ***
Masqb: raises $3 to $6
ALPEVE85: folds
Uncalled bet ($3) returned to Masqb
Masqb collected $6 from pot
Masqb: doesn't show hand
*** SUMMARY ***
Total pot $6 | Rake $0
Seat 1: Masqb (button) (small blind) collected ($6)
Seat 2: ALPEVE85 (big blind) folded before Flop


PokerStars Hand #144592344715:  Hold'em Limit ($3/$6 USD) - 2015/11/29 21:13:46 ET
Table 'Melusina' 10-max Seat #1 is the button
Seat 1: Masqb ($113.40 in chips)
Seat 2: ALPEVE85 ($113 in chips)
Masqb: posts small blind $1
ALPEVE85: posts big blind $3
*** HOLE CARDS ***
Masqb: raises $3 to $6
ALPEVE85: calls $3
*** FLOP *** [9d Qd 9h]
ALPEVE85: bets $3
Masqb: calls $3
*** TURN *** [9d Qd 9h] [7s]
ALPEVE85: bets $6
Masqb: calls $6
*** RIVER *** [9d Qd 9h 7s] [Qs]
ALPEVE85: bets $6
Masqb: calls $6
*** SHOW DOWN ***
ALPEVE85: shows [9s Kc] (a full house, Nines full of Queens)
Masqb: shows [Kd 9c] (a full house, Nines full of Queens)
ALPEVE85 collected $20.75 from pot
Masqb collected $20.75 from pot
*** SUMMARY ***
Total pot $42 | Rake $0.50
Board [9d Qd 9h 7s Qs]
Seat 1: Masqb (button) (small blind) showed [Kd 9c] and won ($20.75) with a full house, Nines full of Queens
Seat 2: ALPEVE85 (big blind) showed [9s Kc] and won ($20.75) with a full house, Nines full of Queens


PokerStars Hand #144592368624:  Hold'em Limit ($3/$6 USD) - 2015/11/29 21:14:42 ET
Table 'Melusina' 10-max Seat #2 is the button
Seat 1: Masqb ($113.15 in chips)
Seat 2: ALPEVE85 ($112.75 in chips)
ALPEVE85: posts small blind $1
Masqb: posts big blind $3
*** HOLE CARDS ***
ALPEVE85: calls $2
Masqb: raises $3 to $6
ALPEVE85: calls $3
*** FLOP *** [2c Kh 9d]
Masqb: bets $3
ALPEVE85: raises $3 to $6
Masqb: folds
Uncalled bet ($3) returned to ALPEVE85
ALPEVE85 collected $17.64 from pot
ALPEVE85: doesn't show hand
*** SUMMARY ***
Total pot $18 | Rake $0.36
Board [2c Kh 9d]
Seat 1: Masqb (big blind) folded on the Flop
Seat 2: ALPEVE85 (button) (small blind) collected ($17.64)


PokerStars Hand #144592382487:  Hold'em Limit ($3/$6 USD) - 2015/11/29 21:15:14 ET
Table 'Melusina' 10-max Seat #1 is the button
Seat 1: Masqb ($104.15 in chips)
Seat 2: ALPEVE85 ($121.39 in chips)
Masqb: posts small blind $1
ALPEVE85: posts big blind $3
*** HOLE CARDS ***
Masqb: raises $3 to $6
ALPEVE85: calls $3
*** FLOP *** [Qh Jd 6d]
ALPEVE85: checks
Masqb: bets $3
ALPEVE85: folds
Uncalled bet ($3) returned to Masqb
Masqb collected $11.76 from pot
Masqb: doesn't show hand
*** SUMMARY ***
Total pot $12 | Rake $0.24
Board [Qh Jd 6d]
Seat 1: Masqb (button) (small blind) collected ($11.76)
Seat 2: ALPEVE85 (big blind) folded on the Flop


PokerStars Hand #144592390688:  Hold'em Limit ($3/$6 USD) - 2015/11/29 21:15:32 ET
Table 'Melusina' 10-max Seat #2 is the button
Seat 1: Masqb ($109.91 in chips)
Seat 2: ALPEVE85 ($115.39 in chips)
ALPEVE85: posts small blind $1
Masqb: posts big blind $3
*** HOLE CARDS ***
ALPEVE85: raises $3 to $6
Masqb: calls $3
*** FLOP *** [3h Jd 5d]
Masqb: checks
ALPEVE85: bets $3
Masqb: calls $3
*** TURN *** [3h Jd 5d] [4s]
Masqb: checks
ALPEVE85: bets $6
Masqb: calls $6
*** RIVER *** [3h Jd 5d 4s] [5h]
Masqb: checks
ALPEVE85: bets $6
Masqb: calls $6
*** SHOW DOWN ***
ALPEVE85: shows [5s 9s] (three of a kind, Fives)
Masqb: mucks hand
ALPEVE85 collected $41.50 from pot
*** SUMMARY ***
Total pot $42 | Rake $0.50
Board [3h Jd 5d 4s 5h]
Seat 1: Masqb (big blind) mucked
Seat 2: ALPEVE85 (button) (small blind) showed [5s 9s] and won ($41.50) with three of a kind, Fives


PokerStars Hand #144592429875:  Hold'em Limit ($3/$6 USD) - 2015/11/29 21:17:02 ET
Table 'Melusina' 10-max Seat #1 is the button
Seat 1: Masqb ($88.91 in chips)
Seat 2: ALPEVE85 ($135.89 in chips)
Masqb: posts small blind $1
ALPEVE85: posts big blind $3
*** HOLE CARDS ***
Masqb: raises $3 to $6
ALPEVE85: raises $3 to $9
Masqb: calls $3
*** FLOP *** [Ah 6h 8h]
ALPEVE85: bets $3
Masqb: calls $3
*** TURN *** [Ah 6h 8h] [9s]
ALPEVE85: bets $6
Masqb: folds
Uncalled bet ($6) returned to ALPEVE85
ALPEVE85 collected $23.52 from pot
ALPEVE85: doesn't show hand
*** SUMMARY ***
Total pot $24 | Rake $0.48
Board [Ah 6h 8h 9s]
Seat 1: Masqb (button) (small blind) folded on the Turn
Seat 2: ALPEVE85 (big blind) collected ($23.52)


PokerStars Hand #144592426623:  Hold'em Limit ($3/$6 USD) - 2015/11/29 21:16:54 ET
Table 'Melusina' 10-max Seat #2 is the button
Seat 1: Masqb ($87.91 in chips)
Seat 2: ALPEVE85 ($136.89 in chips)
ALPEVE85: posts small blind $1
Masqb: posts big blind $3
*** HOLE CARDS ***
ALPEVE85: folds
Uncalled bet ($2) returned to Masqb
Masqb collected $2 from pot
Masqb: doesn't show hand
*** SUMMARY ***
Total pot $2 | Rake $0
Seat 1: Masqb (big blind) collected ($2)
Seat 2: ALPEVE85 (button) (small blind) folded before Flop


PokerStars Hand #144592448928:  Hold'em Limit ($3/$6 USD) - 2015/11/29 21:17:45 ET
Table 'Melusina' 10-max Seat #2 is the button
Seat 1: Masqb ($76.91 in chips)
Seat 2: ALPEVE85 ($147.41 in chips)
ALPEVE85: posts small blind $1
Masqb: posts big blind $3
*** HOLE CARDS ***
ALPEVE85: folds
Uncalled bet ($2) returned to Masqb
Masqb collected $2 from pot
Masqb: doesn't show hand
*** SUMMARY ***
Total pot $2 | Rake $0
Seat 1: Masqb (big blind) collected ($2)
Seat 2: ALPEVE85 (button) (small blind) folded before Flop


PokerStars Hand #144592452490:  Hold'em Limit ($3/$6 USD) - 2015/11/29 21:17:54 ET
Table 'Melusina' 10-max Seat #1 is the button
Seat 1: Masqb ($77.91 in chips)
Seat 2: ALPEVE85 ($146.41 in chips)
Masqb: posts small blind $1
ALPEVE85: posts big blind $3
*** HOLE CARDS ***
Masqb: folds
Uncalled bet ($2) returned to ALPEVE85
ALPEVE85 collected $2 from pot
ALPEVE85: doesn't show hand
*** SUMMARY ***
Total pot $2 | Rake $0
Seat 1: Masqb (button) (small blind) folded before Flop
Seat 2: ALPEVE85 (big blind) collected ($2)


PokerStars Hand #144592455004:  Hold'em Limit ($3/$6 USD) - 2015/11/29 21:17:59 ET
Table 'Melusina' 10-max Seat #2 is the button
Seat 1: Masqb ($76.91 in chips)
Seat 2: ALPEVE85 ($147.41 in chips)
ALPEVE85: posts small blind $1
Masqb: posts big blind $3
*** HOLE CARDS ***
ALPEVE85: calls $2
Masqb: checks
*** FLOP *** [Ad 7d 8s]
Masqb: checks
ALPEVE85: checks
*** TURN *** [Ad 7d 8s] [Qd]
Masqb: checks
ALPEVE85: bets $6
Masqb: calls $6
*** RIVER *** [Ad 7d 8s Qd] [Jc]
Masqb: checks
ALPEVE85: bets $6
Masqb: folds
Uncalled bet ($6) returned to ALPEVE85
ALPEVE85 collected $17.64 from pot
ALPEVE85: doesn't show hand
*** SUMMARY ***
Total pot $18 | Rake $0.36
Board [Ad 7d 8s Qd Jc]
Seat 1: Masqb (big blind) folded on the River
Seat 2: ALPEVE85 (button) (small blind) collected ($17.64)


PokerStars Hand #144592474912:  Hold'em Limit ($3/$6 USD) - 2015/11/29 21:18:45 ET
Table 'Melusina' 10-max Seat #1 is the button
Seat 1: Masqb ($67.91 in chips)
Seat 2: ALPEVE85 ($156.05 in chips)
Masqb: posts small blind $1
ALPEVE85: posts big blind $3
*** HOLE CARDS ***
Masqb: raises $3 to $6
ALPEVE85: folds
Uncalled bet ($3) returned to Masqb
Masqb collected $6 from pot
Masqb: doesn't show hand
*** SUMMARY ***
Total pot $6 | Rake $0
Seat 1: Masqb (button) (small blind) collected ($6)
Seat 2: ALPEVE85 (big blind) folded before Flop


PokerStars Hand #144592478862:  Hold'em Limit ($3/$6 USD) - 2015/11/29 21:18:54 ET
Table 'Melusina' 10-max Seat #2 is the button
Seat 1: Masqb ($70.91 in chips)
Seat 2: ALPEVE85 ($153.05 in chips)
ALPEVE85: posts small blind $1
Masqb: posts big blind $3
*** HOLE CARDS ***
ALPEVE85: folds
Uncalled bet ($2) returned to Masqb
Masqb collected $2 from pot
Masqb: doesn't show hand
*** SUMMARY ***
Total pot $2 | Rake $0
Seat 1: Masqb (big blind) collected ($2)
Seat 2: ALPEVE85 (button) (small blind) folded before Flop


PokerStars Hand #144592482028:  Hold'em Limit ($3/$6 USD) - 2015/11/29 21:19:01 ET
Table 'Melusina' 10-max Seat #1 is the button
Seat 1: Masqb ($71.91 in chips)
Seat 2: ALPEVE85 ($152.05 in chips)
Masqb: posts small blind $1
ALPEVE85: posts big blind $3
*** HOLE CARDS ***
Masqb: raises $3 to $6
ALPEVE85: calls $3
*** FLOP *** [5d 2s As]
ALPEVE85: checks
Masqb: bets $3
ALPEVE85: folds
Uncalled bet ($3) returned to Masqb
Masqb collected $11.76 from pot
Masqb: doesn't show hand
*** SUMMARY ***
Total pot $12 | Rake $0.24
Board [5d 2s As]
Seat 1: Masqb (button) (small blind) collected ($11.76)
Seat 2: ALPEVE85 (big blind) folded on the Flop


PokerStars Hand #144592492182:  Hold'em Limit ($3/$6 USD) - 2015/11/29 21:19:25 ET
Table 'Melusina' 10-max Seat #2 is the button
Seat 1: Masqb ($77.67 in chips)
Seat 2: ALPEVE85 ($146.05 in chips)
ALPEVE85: posts small blind $1
Masqb: posts big blind $3
*** HOLE CARDS ***
ALPEVE85: raises $3 to $6
Masqb: calls $3
*** FLOP *** [Ah 7d 5c]
Masqb: checks
ALPEVE85: bets $3
Masqb: folds
Uncalled bet ($3) returned to ALPEVE85
ALPEVE85 collected $11.76 from pot
ALPEVE85: doesn't show hand
*** SUMMARY ***
Total pot $12 | Rake $0.24
Board [Ah 7d 5c]
Seat 1: Masqb (big blind) folded on the Flop
Seat 2: ALPEVE85 (button) (small blind) collected ($11.76)


PokerStars Hand #144592501163:  Hold'em Limit ($3/$6 USD) - 2015/11/29 21:19:45 ET
Table 'Melusina' 10-max Seat #1 is the button
Seat 1: Masqb ($71.67 in chips)
Seat 2: ALPEVE85 ($151.81 in chips)
Masqb: posts small blind $1
ALPEVE85: posts big blind $3
*** HOLE CARDS ***
Masqb: folds
Uncalled bet ($2) returned to ALPEVE85
ALPEVE85 collected $2 from pot
ALPEVE85: doesn't show hand
*** SUMMARY ***
Total pot $2 | Rake $0
Seat 1: Masqb (button) (small blind) folded before Flop
Seat 2: ALPEVE85 (big blind) collected ($2)


PokerStars Hand #144592505439:  Hold'em Limit ($3/$6 USD) - 2015/11/29 21:19:55 ET
Table 'Melusina' 10-max Seat #2 is the button
Seat 1: Masqb ($70.67 in chips)
Seat 2: ALPEVE85 ($152.81 in chips)
ALPEVE85: posts small blind $1
Masqb: posts big blind $3
*** HOLE CARDS ***
ALPEVE85: folds
Uncalled bet ($2) returned to Masqb
Masqb collected $2 from pot
Masqb: doesn't show hand
*** SUMMARY ***
Total pot $2 | Rake $0
Seat 1: Masqb (big blind) collected ($2)
Seat 2: ALPEVE85 (button) (small blind) folded before Flop


PokerStars Hand #144592510639:  Hold'em Limit ($3/$6 USD) - 2015/11/29 21:20:07 ET
Table 'Melusina' 10-max Seat #1 is the button
Seat 1: Masqb ($71.67 in chips)
Seat 2: ALPEVE85 ($151.81 in chips)
Masqb: posts small blind $1
ALPEVE85: posts big blind $3
*** HOLE CARDS ***
Masqb: raises $3 to $6
ALPEVE85: folds
Uncalled bet ($3) returned to Masqb
Masqb collected $6 from pot
Masqb: doesn't show hand
*** SUMMARY ***
Total pot $6 | Rake $0
Seat 1: Masqb (button) (small blind) collected ($6)
Seat 2: ALPEVE85 (big blind) folded before Flop


PokerStars Hand #144592534813:  Hold'em Limit ($3/$6 USD) - 2015/11/29 21:21:03 ET
Table 'Melusina' 10-max Seat #1 is the button
Seat 1: Masqb ($80.43 in chips)
Seat 2: ALPEVE85 ($142.81 in chips)
Masqb: posts small blind $1
ALPEVE85: posts big blind $3
*** HOLE CARDS ***
Masqb: raises $3 to $6
ALPEVE85: folds
Uncalled bet ($3) returned to Masqb
Masqb collected $6 from pot
Masqb: doesn't show hand
*** SUMMARY ***
Total pot $6 | Rake $0
Seat 1: Masqb (button) (small blind) collected ($6)
Seat 2: ALPEVE85 (big blind) folded before Flop


PokerStars Hand #144592538098:  Hold'em Limit ($3/$6 USD) - 2015/11/29 21:21:10 ET
Table 'Melusina' 10-max Seat #2 is the button
Seat 1: Masqb ($83.43 in chips)
Seat 2: ALPEVE85 ($139.81 in chips)
ALPEVE85: posts small blind $1
Masqb: posts big blind $3
*** HOLE CARDS ***
ALPEVE85: raises $3 to $6
Masqb: calls $3
*** FLOP *** [Ac Ad Kh]
Masqb: checks
ALPEVE85: bets $3
Masqb: folds
Uncalled bet ($3) returned to ALPEVE85
ALPEVE85 collected $11.76 from pot
ALPEVE85: doesn't show hand
*** SUMMARY ***
Total pot $12 | Rake $0.24
Board [Ac Ad Kh]
Seat 1: Masqb (big blind) folded on the Flop
Seat 2: ALPEVE85 (button) (small blind) collected ($11.76)


PokerStars Hand #144592514879:  Hold'em Limit ($3/$6 USD) - 2015/11/29 21:20:17 ET
Table 'Melusina' 10-max Seat #2 is the button
Seat 1: Masqb ($74.67 in chips)
Seat 2: ALPEVE85 ($148.81 in chips)
ALPEVE85: posts small blind $1
Masqb: posts big blind $3
*** HOLE CARDS ***
ALPEVE85: calls $2
Masqb: checks
*** FLOP *** [4s Js Qd]
Masqb: bets $3
ALPEVE85: calls $3
*** TURN *** [4s Js Qd] [8s]
Masqb: checks
ALPEVE85: checks
*** RIVER *** [4s Js Qd 8s] [9d]
Masqb: bets $6
ALPEVE85: folds
Uncalled bet ($6) returned to Masqb
Masqb collected $11.76 from pot
Masqb: doesn't show hand
*** SUMMARY ***
Total pot $12 | Rake $0.24
Board [4s Js Qd 8s 9d]
Seat 1: Masqb (big blind) collected ($11.76)
Seat 2: ALPEVE85 (button) (small blind) folded on the River


PokerStars Hand #144592545939:  Hold'em Limit ($3/$6 USD) - 2015/11/29 21:21:29 ET
Table 'Melusina' 10-max Seat #1 is the button
Seat 1: Masqb ($77.43 in chips)
Seat 2: ALPEVE85 ($145.57 in chips)
Masqb: posts small blind $1
ALPEVE85: posts big blind $3
*** HOLE CARDS ***
Masqb: raises $3 to $6
ALPEVE85: raises $3 to $9
Masqb: calls $3
*** FLOP *** [Ad Qh 7d]
ALPEVE85: bets $3
Masqb: calls $3
*** TURN *** [Ad Qh 7d] [2c]
ALPEVE85: bets $6
Masqb: raises $6 to $12
ALPEVE85: raises $6 to $18
Masqb: calls $6
*** RIVER *** [Ad Qh 7d 2c] [6s]
ALPEVE85: bets $6
Masqb: folds
Uncalled bet ($6) returned to ALPEVE85
ALPEVE85 collected $59.50 from pot
ALPEVE85: doesn't show hand
*** SUMMARY ***
Total pot $60 | Rake $0.50
Board [Ad Qh 7d 2c 6s]
Seat 1: Masqb (button) (small blind) folded on the River
Seat 2: ALPEVE85 (big blind) collected ($59.50)


PokerStars Hand #144592567770:  Hold'em Limit ($3/$6 USD) - 2015/11/29 21:22:19 ET
Table 'Melusina' 10-max Seat #2 is the button
Seat 1: Masqb ($126 in chips)
Seat 2: ALPEVE85 ($175.07 in chips)
ALPEVE85: posts small blind $1
Masqb: posts big blind $3
*** HOLE CARDS ***
ALPEVE85: folds
Uncalled bet ($2) returned to Masqb
Masqb collected $2 from pot
Masqb: doesn't show hand
*** SUMMARY ***
Total pot $2 | Rake $0
Seat 1: Masqb (big blind) collected ($2)
Seat 2: ALPEVE85 (button) (small blind) folded before Flop


PokerStars Hand #144592595458:  Hold'em Limit ($3/$6 USD) - 2015/11/29 21:23:25 ET
Table 'Melusina' 10-max Seat #2 is the button
Seat 1: Masqb ($132.76 in chips)
Seat 2: ALPEVE85 ($120 in chips)
ALPEVE85: posts small blind $1
Masqb: posts big blind $3
*** HOLE CARDS ***
ALPEVE85: calls $2
Masqb: checks
*** FLOP *** [2c Th 7d]
Masqb: checks
ALPEVE85: bets $3
Masqb: folds
Uncalled bet ($3) returned to ALPEVE85
ALPEVE85 collected $5.88 from pot
ALPEVE85: doesn't show hand
*** SUMMARY ***
Total pot $6 | Rake $0.12
Board [2c Th 7d]
Seat 1: Masqb (big blind) folded on the Flop
Seat 2: ALPEVE85 (button) (small blind) collected ($5.88)


PokerStars Hand #144592571419:  Hold'em Limit ($3/$6 USD) - 2015/11/29 21:22:28 ET
Table 'Melusina' 10-max Seat #1 is the button
Seat 1: Masqb ($127 in chips)
Seat 2: ALPEVE85 ($174.07 in chips)
Masqb: posts small blind $1
ALPEVE85: posts big blind $3
*** HOLE CARDS ***
Masqb: raises $3 to $6
ALPEVE85: calls $3
*** FLOP *** [8h Ah 7h]
ALPEVE85: checks
Masqb: bets $3
ALPEVE85: folds
Uncalled bet ($3) returned to Masqb
Masqb collected $11.76 from pot
Masqb: doesn't show hand
*** SUMMARY ***
Total pot $12 | Rake $0.24
Board [8h Ah 7h]
Seat 1: Masqb (button) (small blind) collected ($11.76)
Seat 2: ALPEVE85 (big blind) folded on the Flop


PokerStars Hand #144592607322:  Hold'em Limit ($3/$6 USD) - 2015/11/29 21:23:52 ET
Table 'Melusina' 10-max Seat #1 is the button
Seat 1: Masqb ($129.76 in chips)
Seat 2: ALPEVE85 ($122.88 in chips)
Masqb: posts small blind $1
ALPEVE85: posts big blind $3
*** HOLE CARDS ***
Masqb: raises $3 to $6
ALPEVE85: raises $3 to $9
Masqb: calls $3
*** FLOP *** [4d 2d Jd]
ALPEVE85: bets $3
Masqb: calls $3
*** TURN *** [4d 2d Jd] [5h]
ALPEVE85: bets $6
Masqb: calls $6
*** RIVER *** [4d 2d Jd 5h] [2s]
ALPEVE85: bets $6
Masqb: folds
Uncalled bet ($6) returned to ALPEVE85
ALPEVE85 collected $35.50 from pot
ALPEVE85: doesn't show hand
*** SUMMARY ***
Total pot $36 | Rake $0.50
Board [4d 2d Jd 5h 2s]
Seat 1: Masqb (button) (small blind) folded on the River
Seat 2: ALPEVE85 (big blind) collected ($35.50)


PokerStars Hand #144592644313:  Hold'em Limit ($3/$6 USD) - 2015/11/29 21:25:20 ET
Table 'Melusina' 10-max Seat #1 is the button
Seat 1: Masqb ($90.76 in chips)
Seat 2: ALPEVE85 ($160.88 in chips)
Masqb: posts small blind $1
ALPEVE85: posts big blind $3
*** HOLE CARDS ***
Masqb: raises $3 to $6
ALPEVE85: raises $3 to $9
Masqb: calls $3
*** FLOP *** [Kh Td Qh]
ALPEVE85: bets $3
Masqb: calls $3
*** TURN *** [Kh Td Qh] [Th]
ALPEVE85: bets $6
Masqb: folds
Uncalled bet ($6) returned to ALPEVE85
ALPEVE85 collected $23.52 from pot
ALPEVE85: doesn't show hand
*** SUMMARY ***
Total pot $24 | Rake $0.48
Board [Kh Td Qh Th]
Seat 1: Masqb (button) (small blind) folded on the Turn
Seat 2: ALPEVE85 (big blind) collected ($23.52)


PokerStars Hand #144592623534:  Hold'em Limit ($3/$6 USD) - 2015/11/29 21:24:31 ET
Table 'Melusina' 10-max Seat #2 is the button
Seat 1: Masqb ($111.76 in chips)
Seat 2: ALPEVE85 ($140.38 in chips)
ALPEVE85: posts small blind $1
Masqb: posts big blind $3
*** HOLE CARDS ***
ALPEVE85: raises $3 to $6
Masqb: calls $3
*** FLOP *** [4c Kh 8s]
Masqb: checks
ALPEVE85: bets $3
Masqb: calls $3
*** TURN *** [4c Kh 8s] [9c]
Masqb: checks
ALPEVE85: bets $6
Masqb: calls $6
*** RIVER *** [4c Kh 8s 9c] [Td]
Masqb: checks
ALPEVE85: bets $6
Masqb: calls $6
*** SHOW DOWN ***
ALPEVE85: shows [7c 7d] (a pair of Sevens)
Masqb: mucks hand
ALPEVE85 collected $41.50 from pot
*** SUMMARY ***
Total pot $42 | Rake $0.50
Board [4c Kh 8s 9c Td]
Seat 1: Masqb (big blind) mucked
Seat 2: ALPEVE85 (button) (small blind) showed [7c 7d] and won ($41.50) with a pair of Sevens


PokerStars Hand #144592662023:  Hold'em Limit ($3/$6 USD) - 2015/11/29 21:26:02 ET
Table 'Melusina' 10-max Seat #1 is the button
Seat 1: Masqb ($79.76 in chips)
Seat 2: ALPEVE85 ($171.40 in chips)
Masqb: posts small blind $1
ALPEVE85: posts big blind $3
*** HOLE CARDS ***
Masqb: raises $3 to $6
ALPEVE85: calls $3
*** FLOP *** [Ah 2d 8d]
ALPEVE85: bets $3
Masqb: folds
Uncalled bet ($3) returned to ALPEVE85
ALPEVE85 collected $11.76 from pot
ALPEVE85: doesn't show hand
*** SUMMARY ***
Total pot $12 | Rake $0.24
Board [Ah 2d 8d]
Seat 1: Masqb (button) (small blind) folded on the Flop
Seat 2: ALPEVE85 (big blind) collected ($11.76)


PokerStars Hand #144592658682:  Hold'em Limit ($3/$6 USD) - 2015/11/29 21:25:54 ET
Table 'Melusina' 10-max Seat #2 is the button
Seat 1: Masqb ($78.76 in chips)
Seat 2: ALPEVE85 ($172.40 in chips)
ALPEVE85: posts small blind $1
Masqb: posts big blind $3
*** HOLE CARDS ***
ALPEVE85: folds
Uncalled bet ($2) returned to Masqb
Masqb collected $2 from pot
Masqb: doesn't show hand
*** SUMMARY ***
Total pot $2 | Rake $0
Seat 1: Masqb (big blind) collected ($2)
Seat 2: ALPEVE85 (button) (small blind) folded before Flop


PokerStars Hand #144592707268:  Hold'em Limit ($3/$6 USD) - 2015/11/29 21:27:50 ET
Table 'Melusina' 10-max Seat #1 is the button
Seat 1: Masqb ($109.26 in chips)
Seat 2: ALPEVE85 ($141.16 in chips)
Masqb: posts small blind $1
ALPEVE85: posts big blind $3
*** HOLE CARDS ***
Masqb: raises $3 to $6
ALPEVE85: folds
Uncalled bet ($3) returned to Masqb
Masqb collected $6 from pot
Masqb: doesn't show hand
*** SUMMARY ***
Total pot $6 | Rake $0
Seat 1: Masqb (button) (small blind) collected ($6)
Seat 2: ALPEVE85 (big blind) folded before Flop


PokerStars Hand #144592703935:  Hold'em Limit ($3/$6 USD) - 2015/11/29 21:27:41 ET
Table 'Melusina' 10-max Seat #2 is the button
Seat 1: Masqb ($112.26 in chips)
Seat 2: ALPEVE85 ($138.16 in chips)
ALPEVE85: posts small blind $1
Masqb: posts big blind $3
*** HOLE CARDS ***
ALPEVE85: raises $3 to $6
Masqb: folds
Uncalled bet ($3) returned to ALPEVE85
ALPEVE85 collected $6 from pot
ALPEVE85: doesn't show hand
*** SUMMARY ***
Total pot $6 | Rake $0
Seat 1: Masqb (big blind) folded before Flop
Seat 2: ALPEVE85 (button) (small blind) collected ($6)


PokerStars Hand #144592699519:  Hold'em Limit ($3/$6 USD) - 2015/11/29 21:27:31 ET
Table 'Melusina' 10-max Seat #1 is the button
Seat 1: Masqb ($109.26 in chips)
Seat 2: ALPEVE85 ($141.16 in chips)
Masqb: posts small blind $1
ALPEVE85: posts big blind $3
*** HOLE CARDS ***
Masqb: raises $3 to $6
ALPEVE85: folds
Uncalled bet ($3) returned to Masqb
Masqb collected $6 from pot
Masqb: doesn't show hand
*** SUMMARY ***
Total pot $6 | Rake $0
Seat 1: Masqb (button) (small blind) collected ($6)
Seat 2: ALPEVE85 (big blind) folded before Flop


PokerStars Hand #144592672689:  Hold'em Limit ($3/$6 USD) - 2015/11/29 21:26:27 ET
Table 'Melusina' 10-max Seat #2 is the button
Seat 1: Masqb ($73.76 in chips)
Seat 2: ALPEVE85 ($177.16 in chips)
ALPEVE85: posts small blind $1
Masqb: posts big blind $3
*** HOLE CARDS ***
ALPEVE85: raises $3 to $6
Masqb: calls $3
*** FLOP *** [2d 6c 7h]
Masqb: checks
ALPEVE85: bets $3
Masqb: raises $3 to $6
ALPEVE85: calls $3
*** TURN *** [2d 6c 7h] [Qd]
Masqb: bets $6
ALPEVE85: raises $6 to $12
Masqb: raises $6 to $18
ALPEVE85: calls $6
*** RIVER *** [2d 6c 7h Qd] [5d]
Masqb: bets $6
ALPEVE85: calls $6
*** SHOW DOWN ***
Masqb: shows [6s 7s] (two pair, Sevens and Sixes)
ALPEVE85: mucks hand
Masqb collected $71.50 from pot
*** SUMMARY ***
Total pot $72 | Rake $0.50
Board [2d 6c 7h Qd 5d]
Seat 1: Masqb (big blind) showed [6s 7s] and won ($71.50) with two pair, Sevens and Sixes
Seat 2: ALPEVE85 (button) (small blind) mucked


PokerStars Hand #144592711297:  Hold'em Limit ($3/$6 USD) - 2015/11/29 21:28:00 ET
Table 'Melusina' 10-max Seat #2 is the button
Seat 1: Masqb ($112.26 in chips)
Seat 2: ALPEVE85 ($138.16 in chips)
ALPEVE85: posts small blind $1
Masqb: posts big blind $3
*** HOLE CARDS ***
ALPEVE85: calls $2
Masqb: checks
*** FLOP *** [Ad 9c 2s]
Masqb: checks
ALPEVE85: bets $3
Masqb: folds
Uncalled bet ($3) returned to ALPEVE85
ALPEVE85 collected $5.88 from pot
ALPEVE85: doesn't show hand
*** SUMMARY ***
Total pot $6 | Rake $0.12
Board [Ad 9c 2s]
Seat 1: Masqb (big blind) folded on the Flop
Seat 2: ALPEVE85 (button) (small blind) collected ($5.88)


PokerStars Hand #144592752685:  Hold'em Limit ($3/$6 USD) - 2015/11/29 21:29:39 ET
Table 'Melusina' 10-max Seat #1 is the button
Seat 1: Masqb ($138.52 in chips)
Seat 2: ALPEVE85 ($111.04 in chips)
Masqb: posts small blind $1
ALPEVE85: posts big blind $3
*** HOLE CARDS ***
Masqb: raises $3 to $6
ALPEVE85: folds
Uncalled bet ($3) returned to Masqb
Masqb collected $6 from pot
Masqb: doesn't show hand
*** SUMMARY ***
Total pot $6 | Rake $0
Seat 1: Masqb (button) (small blind) collected ($6)
Seat 2: ALPEVE85 (big blind) folded before Flop


PokerStars Hand #144592742515:  Hold'em Limit ($3/$6 USD) - 2015/11/29 21:29:14 ET
Table 'Melusina' 10-max Seat #2 is the button
Seat 1: Masqb ($132.76 in chips)
Seat 2: ALPEVE85 ($117.04 in chips)
ALPEVE85: posts small blind $1
Masqb: posts big blind $3
*** HOLE CARDS ***
ALPEVE85: calls $2
Masqb: raises $3 to $6
ALPEVE85: calls $3
*** FLOP *** [2s Qs 6s]
Masqb: bets $3
ALPEVE85: folds
Uncalled bet ($3) returned to Masqb
Masqb collected $11.76 from pot
Masqb: doesn't show hand
*** SUMMARY ***
Total pot $12 | Rake $0.24
Board [2s Qs 6s]
Seat 1: Masqb (big blind) collected ($11.76)
Seat 2: ALPEVE85 (button) (small blind) folded on the Flop


PokerStars Hand #144592721861:  Hold'em Limit ($3/$6 USD) - 2015/11/29 21:28:25 ET
Table 'Melusina' 10-max Seat #1 is the button
Seat 1: Masqb ($109.26 in chips)
Seat 2: ALPEVE85 ($141.04 in chips)
Masqb: posts small blind $1
ALPEVE85: posts big blind $3
*** HOLE CARDS ***
Masqb: raises $3 to $6
ALPEVE85: raises $3 to $9
Masqb: calls $3
*** FLOP *** [3s Qh 6h]
ALPEVE85: bets $3
Masqb: calls $3
*** TURN *** [3s Qh 6h] [6c]
ALPEVE85: bets $6
Masqb: calls $6
*** RIVER *** [3s Qh 6h 6c] [Jd]
ALPEVE85: bets $6
Masqb: raises $6 to $12
ALPEVE85: folds
Uncalled bet ($6) returned to Masqb
Masqb collected $47.50 from pot
Masqb: doesn't show hand
*** SUMMARY ***
Total pot $48 | Rake $0.50
Board [3s Qh 6h 6c Jd]
Seat 1: Masqb (button) (small blind) collected ($47.50)
Seat 2: ALPEVE85 (big blind) folded on the River


PokerStars Hand #144592766376:  Hold'em Limit ($3/$6 USD) - 2015/11/29 21:30:11 ET
Table 'Melusina' 10-max Seat #1 is the button
Seat 1: Masqb ($147.28 in chips)
Seat 2: ALPEVE85 ($102.04 in chips)
Masqb: posts small blind $1
ALPEVE85: posts big blind $3
*** HOLE CARDS ***
Masqb: raises $3 to $6
ALPEVE85: calls $3
*** FLOP *** [6s As 2s]
ALPEVE85: bets $3
Masqb: calls $3
*** TURN *** [6s As 2s] [2h]
ALPEVE85: checks
Masqb: checks
*** RIVER *** [6s As 2s 2h] [5c]
ALPEVE85: checks
Masqb: bets $6
ALPEVE85: folds
Uncalled bet ($6) returned to Masqb
Masqb collected $17.64 from pot
Masqb: doesn't show hand
*** SUMMARY ***
Total pot $18 | Rake $0.36
Board [6s As 2s 2h 5c]
Seat 1: Masqb (button) (small blind) collected ($17.64)
Seat 2: ALPEVE85 (big blind) folded on the River


PokerStars Hand #144592756287:  Hold'em Limit ($3/$6 USD) - 2015/11/29 21:29:47 ET
Table 'Melusina' 10-max Seat #2 is the button
Seat 1: Masqb ($141.52 in chips)
Seat 2: ALPEVE85 ($108.04 in chips)
ALPEVE85: posts small blind $1
Masqb: posts big blind $3
*** HOLE CARDS ***
ALPEVE85: calls $2
Masqb: raises $3 to $6
ALPEVE85: calls $3
*** FLOP *** [4h 2s Kh]
Masqb: bets $3
ALPEVE85: folds
Uncalled bet ($3) returned to Masqb
Masqb collected $11.76 from pot
Masqb: doesn't show hand
*** SUMMARY ***
Total pot $12 | Rake $0.24
Board [4h 2s Kh]
Seat 1: Masqb (big blind) collected ($11.76)
Seat 2: ALPEVE85 (button) (small blind) folded on the Flop


PokerStars Hand #144592792307:  Hold'em Limit ($3/$6 USD) - 2015/11/29 21:31:14 ET
Table 'Melusina' 10-max Seat #1 is the button
Seat 1: Masqb ($149.92 in chips)
Seat 2: ALPEVE85 ($98.80 in chips)
Masqb: posts small blind $1
ALPEVE85: posts big blind $3
*** HOLE CARDS ***
Masqb: raises $3 to $6
ALPEVE85: calls $3
*** FLOP *** [8h 4c 2s]
ALPEVE85: bets $3
Masqb: calls $3
*** TURN *** [8h 4c 2s] [Qh]
ALPEVE85: bets $6
Masqb: folds
Uncalled bet ($6) returned to ALPEVE85
ALPEVE85 collected $17.64 from pot
ALPEVE85: doesn't show hand
*** SUMMARY ***
Total pot $18 | Rake $0.36
Board [8h 4c 2s Qh]
Seat 1: Masqb (button) (small blind) folded on the Turn
Seat 2: ALPEVE85 (big blind) collected ($17.64)


PokerStars Hand #144592782628:  Hold'em Limit ($3/$6 USD) - 2015/11/29 21:30:50 ET
Table 'Melusina' 10-max Seat #2 is the button
Seat 1: Masqb ($155.92 in chips)
Seat 2: ALPEVE85 ($93.04 in chips)
ALPEVE85: posts small blind $1
Masqb: posts big blind $3
*** HOLE CARDS ***
ALPEVE85: raises $3 to $6
Masqb: calls $3
*** FLOP *** [2c 7s 9d]
Masqb: checks
ALPEVE85: bets $3
Masqb: folds
Uncalled bet ($3) returned to ALPEVE85
ALPEVE85 collected $11.76 from pot
ALPEVE85: doesn't show hand
*** SUMMARY ***
Total pot $12 | Rake $0.24
Board [2c 7s 9d]
Seat 1: Masqb (big blind) folded on the Flop
Seat 2: ALPEVE85 (button) (small blind) collected ($11.76)


PokerStars Hand #144592806699:  Hold'em Limit ($3/$6 USD) - 2015/11/29 21:31:49 ET
Table 'Melusina' 10-max Seat #2 is the button
Seat 1: Masqb ($140.92 in chips)
Seat 2: ALPEVE85 ($107.44 in chips)
ALPEVE85: posts small blind $1
Masqb: posts big blind $3
*** HOLE CARDS ***
ALPEVE85: raises $3 to $6
Masqb: folds
Uncalled bet ($3) returned to ALPEVE85
ALPEVE85 collected $6 from pot
ALPEVE85: doesn't show hand
*** SUMMARY ***
Total pot $6 | Rake $0
Seat 1: Masqb (big blind) folded before Flop
Seat 2: ALPEVE85 (button) (small blind) collected ($6)


PokerStars Hand #144592810016:  Hold'em Limit ($3/$6 USD) - 2015/11/29 21:31:57 ET
Table 'Melusina' 10-max Seat #1 is the button
Seat 1: Masqb ($137.92 in chips)
Seat 2: ALPEVE85 ($110.44 in chips)
Masqb: posts small blind $1
ALPEVE85: posts big blind $3
*** HOLE CARDS ***
Masqb: raises $3 to $6
ALPEVE85: raises $3 to $9
Masqb: calls $3
*** FLOP *** [9d 5h Qd]
ALPEVE85: bets $3
Masqb: calls $3
*** TURN *** [9d 5h Qd] [Tc]
ALPEVE85: bets $6
Masqb: raises $6 to $12
ALPEVE85: raises $6 to $18
Masqb: calls $6
*** RIVER *** [9d 5h Qd Tc] [4d]
ALPEVE85: bets $6
Masqb: calls $6
*** SHOW DOWN ***
ALPEVE85: shows [Qh Jd] (a pair of Queens)
Masqb: shows [9c Qc] (two pair, Queens and Nines)
Masqb collected $71.50 from pot
*** SUMMARY ***
Total pot $72 | Rake $0.50
Board [9d 5h Qd Tc 4d]
Seat 1: Masqb (button) (small blind) showed [9c Qc] and won ($71.50) with two pair, Queens and Nines
Seat 2: ALPEVE85 (big blind) showed [Qh Jd] and lost with a pair of Queens


PokerStars Hand #144592854510:  Hold'em Limit ($3/$6 USD) - 2015/11/29 21:33:46 ET
Table 'Melusina' 10-max Seat #2 is the button
Seat 1: Masqb ($189.92 in chips)
Seat 2: ALPEVE85 ($57.44 in chips)
ALPEVE85: posts small blind $1
Masqb: posts big blind $3
*** HOLE CARDS ***
ALPEVE85: raises $3 to $6
Masqb: folds
Uncalled bet ($3) returned to ALPEVE85
ALPEVE85 collected $6 from pot
ALPEVE85: doesn't show hand
*** SUMMARY ***
Total pot $6 | Rake $0
Seat 1: Masqb (big blind) folded before Flop
Seat 2: ALPEVE85 (button) (small blind) collected ($6)


PokerStars Hand #144592851412:  Hold'em Limit ($3/$6 USD) - 2015/11/29 21:33:38 ET
Table 'Melusina' 10-max Seat #1 is the button
Seat 1: Masqb ($190.92 in chips)
Seat 2: ALPEVE85 ($56.44 in chips)
Masqb: posts small blind $1
ALPEVE85: posts big blind $3
*** HOLE CARDS ***
Masqb: folds
Uncalled bet ($2) returned to ALPEVE85
ALPEVE85 collected $2 from pot
ALPEVE85: doesn't show hand
*** SUMMARY ***
Total pot $2 | Rake $0
Seat 1: Masqb (button) (small blind) folded before Flop
Seat 2: ALPEVE85 (big blind) collected ($2)


PokerStars Hand #144592828230:  Hold'em Limit ($3/$6 USD) - 2015/11/29 21:32:41 ET
Table 'Melusina' 10-max Seat #2 is the button
Seat 1: Masqb ($173.42 in chips)
Seat 2: ALPEVE85 ($74.44 in chips)
ALPEVE85: posts small blind $1
Masqb: posts big blind $3
*** HOLE CARDS ***
ALPEVE85: calls $2
Masqb: raises $3 to $6
ALPEVE85: calls $3
*** FLOP *** [9c 8h 3d]
Masqb: bets $3
ALPEVE85: raises $3 to $6
Masqb: calls $3
*** TURN *** [9c 8h 3d] [Kd]
Masqb: checks
ALPEVE85: checks
*** RIVER *** [9c 8h 3d Kd] [Qh]
Masqb: checks
ALPEVE85: bets $6
Masqb: calls $6
*** SHOW DOWN ***
ALPEVE85: shows [7c 6s] (high card King)
Masqb: shows [Th 9s] (a pair of Nines)
Masqb collected $35.50 from pot
*** SUMMARY ***
Total pot $36 | Rake $0.50
Board [9c 8h 3d Kd Qh]
Seat 1: Masqb (big blind) showed [Th 9s] and won ($35.50) with a pair of Nines
Seat 2: ALPEVE85 (button) (small blind) showed [7c 6s] and lost with high card King


PokerStars Hand #144592858625:  Hold'em Limit ($3/$6 USD) - 2015/11/29 21:33:56 ET
Table 'Melusina' 10-max Seat #1 is the button
Seat 1: Masqb ($186.92 in chips)
Seat 2: ALPEVE85 ($60.44 in chips)
Masqb: posts small blind $1
ALPEVE85: posts big blind $3
*** HOLE CARDS ***
Masqb: raises $3 to $6
ALPEVE85: folds
Uncalled bet ($3) returned to Masqb
Masqb collected $6 from pot
Masqb: doesn't show hand
*** SUMMARY ***
Total pot $6 | Rake $0
Seat 1: Masqb (button) (small blind) collected ($6)
Seat 2: ALPEVE85 (big blind) folded before Flop


PokerStars Hand #144592886226:  Hold'em Limit ($3/$6 USD) - 2015/11/29 21:35:04 ET
Table 'Melusina' 10-max Seat #1 is the button
Seat 1: Masqb ($168.92 in chips)
Seat 2: ALPEVE85 ($77.94 in chips)
Masqb: posts small blind $1
ALPEVE85: posts big blind $3
*** HOLE CARDS ***
Masqb: raises $3 to $6
ALPEVE85: raises $3 to $9
Masqb: calls $3
*** FLOP *** [Qh 2s 2h]
Schnickser joins the table at seat #3
ALPEVE85: bets $3
Masqb: calls $3
*** TURN *** [Qh 2s 2h] [Kd]
ALPEVE85: bets $6
Masqb: calls $6
*** RIVER *** [Qh 2s 2h Kd] [5h]
ALPEVE85: bets $6
Masqb: calls $6
*** SHOW DOWN ***
ALPEVE85: shows [Jc Ad] (a pair of Deuces)
Masqb: shows [Ks 9h] (two pair, Kings and Deuces)
Masqb collected $47.50 from pot
*** SUMMARY ***
Total pot $48 | Rake $0.50
Board [Qh 2s 2h Kd 5h]
Seat 1: Masqb (button) (small blind) showed [Ks 9h] and won ($47.50) with two pair, Kings and Deuces
Seat 2: ALPEVE85 (big blind) showed [Jc Ad] and lost with a pair of Deuces


PokerStars Hand #144592862504:  Hold'em Limit ($3/$6 USD) - 2015/11/29 21:34:06 ET
Table 'Melusina' 10-max Seat #2 is the button
Seat 1: Masqb ($189.92 in chips)
Seat 2: ALPEVE85 ($57.44 in chips)
ALPEVE85: posts small blind $1
Masqb: posts big blind $3
*** HOLE CARDS ***
ALPEVE85: raises $3 to $6
Masqb: calls $3
*** FLOP *** [4d Ts Kh]
Masqb: checks
ALPEVE85: bets $3
Masqb: calls $3
*** TURN *** [4d Ts Kh] [Jc]
Masqb: checks
ALPEVE85: bets $6
Masqb: raises $6 to $12
ALPEVE85: calls $6
*** RIVER *** [4d Ts Kh Jc] [4s]
Masqb: checks
ALPEVE85: bets $6
Masqb: folds
Uncalled bet ($6) returned to ALPEVE85
ALPEVE85 collected $41.50 from pot
ALPEVE85: doesn't show hand
*** SUMMARY ***
Total pot $42 | Rake $0.50
Board [4d Ts Kh Jc 4s]
Seat 1: Masqb (big blind) folded on the River
Seat 2: ALPEVE85 (button) (small blind) collected ($41.50)


PokerStars Hand #144592967926:  Hold'em Limit ($3/$6 USD) - 2015/11/29 21:38:25 ET
Table 'Melusina' 10-max Seat #3 is the button
Seat 2: ALPEVE85 ($71.68 in chips)
Seat 3: Schnickser ($162.62 in chips)
Schnickser: posts small blind $1
ALPEVE85: posts big blind $3
*** HOLE CARDS ***
Schnickser: raises $3 to $6
ALPEVE85: folds
Uncalled bet ($3) returned to Schnickser
Schnickser collected $6 from pot
Schnickser: doesn't show hand
*** SUMMARY ***
Total pot $6 | Rake $0
Seat 2: ALPEVE85 (big blind) folded before Flop
Seat 3: Schnickser (button) (small blind) collected ($6)


PokerStars Hand #144592970906:  Hold'em Limit ($3/$6 USD) - 2015/11/29 21:38:32 ET
Table 'Melusina' 10-max Seat #2 is the button
Seat 2: ALPEVE85 ($68.68 in chips)
Seat 3: Schnickser ($165.62 in chips)
ALPEVE85: posts small blind $1
Schnickser: posts big blind $3
*** HOLE CARDS ***
ALPEVE85: calls $2
Schnickser: checks
*** FLOP *** [5s 3d 2s]
Schnickser: checks
ALPEVE85: bets $3
Schnickser: raises $3 to $6
ALPEVE85: calls $3
*** TURN *** [5s 3d 2s] [Jc]
Schnickser: bets $6
ALPEVE85: calls $6
*** RIVER *** [5s 3d 2s Jc] [6d]
Schnickser: checks
ALPEVE85: bets $6
Schnickser: calls $6
*** SHOW DOWN ***
ALPEVE85: shows [Kd 5d] (a pair of Fives)
Schnickser: shows [8h 6c] (a pair of Sixes)
Schnickser collected $41.50 from pot
*** SUMMARY ***
Total pot $42 | Rake $0.50
Board [5s 3d 2s Jc 6d]
Seat 2: ALPEVE85 (button) (small blind) showed [Kd 5d] and lost with a pair of Fives
Seat 3: Schnickser (big blind) showed [8h 6c] and won ($41.50) with a pair of Sixes


PokerStars Hand #144592990843:  Hold'em Limit ($3/$6 USD) - 2015/11/29 21:39:21 ET
Table 'Melusina' 10-max Seat #3 is the button
Seat 2: ALPEVE85 ($47.68 in chips)
Seat 3: Schnickser ($186.12 in chips)
Schnickser: posts small blind $1
ALPEVE85: posts big blind $3
*** HOLE CARDS ***
Schnickser: folds
Uncalled bet ($2) returned to ALPEVE85
ALPEVE85 collected $2 from pot
ALPEVE85: doesn't show hand
*** SUMMARY ***
Total pot $2 | Rake $0
Seat 2: ALPEVE85 (big blind) collected ($2)
Seat 3: Schnickser (button) (small blind) folded before Flop


PokerStars Hand #144593012566:  Hold'em Limit ($3/$6 USD) - 2015/11/29 21:40:15 ET
Table 'Melusina' 10-max Seat #4 is the button
Seat 4: ALPEVE85 ($120 in chips)
Seat 5: ct-650 ($150 in chips)
ALPEVE85: posts small blind $1
ct-650: posts big blind $3
*** HOLE CARDS ***
ALPEVE85: calls $2
ct-650: checks
*** FLOP *** [7s 8s 2d]
ct-650: checks
ALPEVE85: bets $3
ct-650: folds
Uncalled bet ($3) returned to ALPEVE85
ALPEVE85 collected $5.88 from pot
ALPEVE85: doesn't show hand
*** SUMMARY ***
Total pot $6 | Rake $0.12
Board [7s 8s 2d]
Seat 4: ALPEVE85 (button) (small blind) collected ($5.88)
Seat 5: ct-650 (big blind) folded on the Flop


PokerStars Hand #144593021086:  Hold'em Limit ($3/$6 USD) - 2015/11/29 21:40:37 ET
Table 'Melusina' 10-max Seat #5 is the button
Seat 4: ALPEVE85 ($122.88 in chips)
Seat 5: ct-650 ($147 in chips)
ct-650: posts small blind $1
ALPEVE85: posts big blind $3
*** HOLE CARDS ***
ct-650: raises $3 to $6
ALPEVE85: raises $3 to $9
ct-650: calls $3
*** FLOP *** [7h Qc Jh]
ALPEVE85: bets $3
ct-650: calls $3
*** TURN *** [7h Qc Jh] [5d]
ALPEVE85: bets $6
ct-650: raises $6 to $12
ALPEVE85: calls $6
*** RIVER *** [7h Qc Jh 5d] [Ah]
ALPEVE85: bets $6
ct-650: raises $6 to $12
ALPEVE85: folds
Uncalled bet ($6) returned to ct-650
ct-650 collected $59.50 from pot
*** SUMMARY ***
Total pot $60 | Rake $0.50
Board [7h Qc Jh 5d Ah]
Seat 4: ALPEVE85 (big blind) folded on the River
Seat 5: ct-650 (button) (small blind) collected ($59.50)


PokerStars Hand #144593033403:  Hold'em Limit ($3/$6 USD) - 2015/11/29 21:41:08 ET
Table 'Melusina' 10-max Seat #4 is the button
Seat 4: ALPEVE85 ($92.88 in chips)
Seat 5: ct-650 ($176.50 in chips)
ALPEVE85: posts small blind $1
ct-650: posts big blind $3
*** HOLE CARDS ***
ALPEVE85: folds
Uncalled bet ($2) returned to ct-650
ct-650 collected $2 from pot
*** SUMMARY ***
Total pot $2 | Rake $0
Seat 4: ALPEVE85 (button) (small blind) folded before Flop
Seat 5: ct-650 (big blind) collected ($2)


PokerStars Hand #144593035692:  Hold'em Limit ($3/$6 USD) - 2015/11/29 21:41:14 ET
Table 'Melusina' 10-max Seat #5 is the button
Seat 4: ALPEVE85 ($91.88 in chips)
Seat 5: ct-650 ($177.50 in chips)
ct-650: posts small blind $1
ALPEVE85: posts big blind $3
*** HOLE CARDS ***
ct-650: raises $3 to $6
ALPEVE85: calls $3
*** FLOP *** [8s 3d Tc]
ALPEVE85: checks
ct-650: bets $3
ALPEVE85: calls $3
*** TURN *** [8s 3d Tc] [8d]
ALPEVE85: bets $6
ct-650: folds
Uncalled bet ($6) returned to ALPEVE85
ALPEVE85 collected $17.64 from pot
ALPEVE85: doesn't show hand
*** SUMMARY ***
Total pot $18 | Rake $0.36
Board [8s 3d Tc 8d]
Seat 4: ALPEVE85 (big blind) collected ($17.64)
Seat 5: ct-650 (button) (small blind) folded on the Turn


PokerStars Hand #144593042289:  Hold'em Limit ($3/$6 USD) - 2015/11/29 21:41:30 ET
Table 'Melusina' 10-max Seat #4 is the button
Seat 4: ALPEVE85 ($100.52 in chips)
Seat 5: ct-650 ($168.50 in chips)
ALPEVE85: posts small blind $1
ct-650: posts big blind $3
*** HOLE CARDS ***
ALPEVE85: calls $2
ct-650: checks
*** FLOP *** [5s 9c Qs]
ct-650: bets $3
ALPEVE85: raises $3 to $6
ct-650: folds
Uncalled bet ($3) returned to ALPEVE85
ALPEVE85 collected $11.76 from pot
ALPEVE85: doesn't show hand
*** SUMMARY ***
Total pot $12 | Rake $0.24
Board [5s 9c Qs]
Seat 4: ALPEVE85 (button) (small blind) collected ($11.76)
Seat 5: ct-650 (big blind) folded on the Flop


PokerStars Hand #144593049793:  Hold'em Limit ($3/$6 USD) - 2015/11/29 21:41:49 ET
Table 'Melusina' 10-max Seat #4 is the button
Seat 4: ALPEVE85 ($107.28 in chips)
Seat 5: ct-650 ($161.50 in chips)
ALPEVE85: posts small blind $1
ct-650: posts big blind $3
*** HOLE CARDS ***
ALPEVE85: calls $2
ct-650: checks
*** FLOP *** [3d 7d 4d]
ct-650: bets $3
ALPEVE85: raises $3 to $6
ct-650: calls $3
*** TURN *** [3d 7d 4d] [4c]
ct-650: checks
ALPEVE85: bets $6
ct-650: raises $6 to $12
ALPEVE85: calls $6
*** RIVER *** [3d 7d 4d 4c] [5h]
ct-650: bets $6
ALPEVE85: calls $6
*** SHOW DOWN ***
ct-650: shows [4h 9d] (three of a kind, Fours)
ALPEVE85: mucks hand
ct-650 collected $53.50 from pot
*** SUMMARY ***
Total pot $54 | Rake $0.50
Board [3d 7d 4d 4c 5h]
Seat 4: ALPEVE85 (button) (small blind) mucked
Seat 5: ct-650 (big blind) showed [4h 9d] and won ($53.50) with three of a kind, Fours


PokerStars Hand #144593068439:  Hold'em Limit ($3/$6 USD) - 2015/11/29 21:42:36 ET
Table 'Melusina' 10-max Seat #4 is the button
Seat 4: ALPEVE85 ($71.28 in chips)
Seat 5: ct-650 ($196.64 in chips)
ALPEVE85: posts small blind $1
ct-650: posts big blind $3
*** HOLE CARDS ***
ALPEVE85: folds
Uncalled bet ($2) returned to ct-650
ct-650 collected $2 from pot
*** SUMMARY ***
Total pot $2 | Rake $0
Seat 4: ALPEVE85 (button) (small blind) folded before Flop
Seat 5: ct-650 (big blind) collected ($2)


PokerStars Hand #144593062315:  Hold'em Limit ($3/$6 USD) - 2015/11/29 21:42:21 ET
Table 'Melusina' 10-max Seat #5 is the button
Seat 4: ALPEVE85 ($80.28 in chips)
Seat 5: ct-650 ($188 in chips)
ct-650: posts small blind $1
ALPEVE85: posts big blind $3
*** HOLE CARDS ***
ct-650: raises $3 to $6
ALPEVE85: calls $3
*** FLOP *** [Td Ah Ks]
ALPEVE85: checks
ct-650: bets $3
ALPEVE85: calls $3
*** TURN *** [Td Ah Ks] [8s]
ALPEVE85: checks
ct-650: bets $6
ALPEVE85: folds
Uncalled bet ($6) returned to ct-650
ct-650 collected $17.64 from pot
*** SUMMARY ***
Total pot $18 | Rake $0.36
Board [Td Ah Ks 8s]
Seat 4: ALPEVE85 (big blind) folded on the Turn
Seat 5: ct-650 (button) (small blind) collected ($17.64)


PokerStars Hand #144593076111:  Hold'em Limit ($3/$6 USD) - 2015/11/29 21:42:55 ET
Table 'Melusina' 10-max Seat #5 is the button
Seat 4: ALPEVE85 ($74.28 in chips)
Seat 5: ct-650 ($193.64 in chips)
ct-650: posts small blind $1
ALPEVE85: posts big blind $3
*** HOLE CARDS ***
ct-650: folds
Uncalled bet ($2) returned to ALPEVE85
ALPEVE85 collected $2 from pot
ALPEVE85: doesn't show hand
*** SUMMARY ***
Total pot $2 | Rake $0
Seat 4: ALPEVE85 (big blind) collected ($2)
Seat 5: ct-650 (button) (small blind) folded before Flop


PokerStars Hand #144593072735:  Hold'em Limit ($3/$6 USD) - 2015/11/29 21:42:47 ET
Table 'Melusina' 10-max Seat #4 is the button
Seat 4: ALPEVE85 ($71.28 in chips)
Seat 5: ct-650 ($196.64 in chips)
ALPEVE85: posts small blind $1
ct-650: posts big blind $3
*** HOLE CARDS ***
ALPEVE85: raises $3 to $6
ct-650: folds
Uncalled bet ($3) returned to ALPEVE85
ALPEVE85 collected $6 from pot
ALPEVE85: doesn't show hand
*** SUMMARY ***
Total pot $6 | Rake $0
Seat 4: ALPEVE85 (button) (small blind) collected ($6)
Seat 5: ct-650 (big blind) folded before Flop


PokerStars Hand #144593079088:  Hold'em Limit ($3/$6 USD) - 2015/11/29 21:43:03 ET
Table 'Melusina' 10-max Seat #4 is the button
Seat 4: ALPEVE85 ($75.28 in chips)
Seat 5: ct-650 ($192.64 in chips)
ALPEVE85: posts small blind $1
ct-650: posts big blind $3
*** HOLE CARDS ***
ALPEVE85: raises $3 to $6
ct-650: calls $3
*** FLOP *** [3s 5h Kc]
ct-650: checks
ALPEVE85: bets $3
ct-650: folds
Uncalled bet ($3) returned to ALPEVE85
ALPEVE85 collected $11.76 from pot
ALPEVE85: doesn't show hand
*** SUMMARY ***
Total pot $12 | Rake $0.24
Board [3s 5h Kc]
Seat 4: ALPEVE85 (button) (small blind) collected ($11.76)
Seat 5: ct-650 (big blind) folded on the Flop


PokerStars Hand #144593085933:  Hold'em Limit ($3/$6 USD) - 2015/11/29 21:43:20 ET
Table 'Melusina' 10-max Seat #5 is the button
Seat 4: ALPEVE85 ($81.04 in chips)
Seat 5: ct-650 ($186.64 in chips)
ct-650: posts small blind $1
ALPEVE85: posts big blind $3
*** HOLE CARDS ***
ct-650: raises $3 to $6
ALPEVE85: calls $3
*** FLOP *** [Kc Qh 2d]
ALPEVE85: checks
ct-650: bets $3
ALPEVE85: folds
Uncalled bet ($3) returned to ct-650
ct-650 collected $11.76 from pot
*** SUMMARY ***
Total pot $12 | Rake $0.24
Board [Kc Qh 2d]
Seat 4: ALPEVE85 (big blind) folded on the Flop
Seat 5: ct-650 (button) (small blind) collected ($11.76)


PokerStars Hand #144593090793:  Hold'em Limit ($3/$6 USD) - 2015/11/29 21:43:32 ET
Table 'Melusina' 10-max Seat #4 is the button
Seat 4: ALPEVE85 ($75.04 in chips)
Seat 5: ct-650 ($192.40 in chips)
ALPEVE85: posts small blind $1
ct-650: posts big blind $3
*** HOLE CARDS ***
ALPEVE85: raises $3 to $6
ct-650: folds
Uncalled bet ($3) returned to ALPEVE85
ALPEVE85 collected $6 from pot
ALPEVE85: doesn't show hand
*** SUMMARY ***
Total pot $6 | Rake $0
Seat 4: ALPEVE85 (button) (small blind) collected ($6)
Seat 5: ct-650 (big blind) folded before Flop


PokerStars Hand #144593093999:  Hold'em Limit ($3/$6 USD) - 2015/11/29 21:43:40 ET
Table 'Melusina' 10-max Seat #5 is the button
Seat 4: ALPEVE85 ($78.04 in chips)
Seat 5: ct-650 ($189.40 in chips)
ct-650: posts small blind $1
ALPEVE85: posts big blind $3
*** HOLE CARDS ***
ct-650: raises $3 to $6
ALPEVE85: raises $3 to $9
ct-650: calls $3
*** FLOP *** [Kh Th 4c]
ALPEVE85: bets $3
ct-650: calls $3
*** TURN *** [Kh Th 4c] [3d]
ALPEVE85: bets $6
ct-650: folds
Uncalled bet ($6) returned to ALPEVE85
ALPEVE85 collected $23.52 from pot
ALPEVE85: doesn't show hand
*** SUMMARY ***
Total pot $24 | Rake $0.48
Board [Kh Th 4c 3d]
Seat 4: ALPEVE85 (big blind) collected ($23.52)
Seat 5: ct-650 (button) (small blind) folded on the Turn


PokerStars Hand #144593105522:  Hold'em Limit ($3/$6 USD) - 2015/11/29 21:44:10 ET
Table 'Melusina' 10-max Seat #4 is the button
Seat 4: ALPEVE85 ($93.56 in chips)
Seat 5: ct-650 ($173.40 in chips)
ALPEVE85: posts small blind $1
ct-650: posts big blind $3
*** HOLE CARDS ***
ALPEVE85: raises $3 to $6
ct-650: calls $3
*** FLOP *** [2d Ts 5s]
ct-650: checks
ALPEVE85: bets $3
ct-650: folds
Uncalled bet ($3) returned to ALPEVE85
ALPEVE85 collected $11.76 from pot
ALPEVE85: doesn't show hand
*** SUMMARY ***
Total pot $12 | Rake $0.24
Board [2d Ts 5s]
Seat 4: ALPEVE85 (button) (small blind) collected ($11.76)
Seat 5: ct-650 (big blind) folded on the Flop


PokerStars Hand #144593109859:  Hold'em Limit ($3/$6 USD) - 2015/11/29 21:44:21 ET
Table 'Melusina' 10-max Seat #5 is the button
Seat 4: ALPEVE85 ($99.32 in chips)
Seat 5: ct-650 ($167.40 in chips)
ct-650: posts small blind $1
ALPEVE85: posts big blind $3
*** HOLE CARDS ***
ct-650: raises $3 to $6
ALPEVE85: calls $3
*** FLOP *** [8h 7h Jd]
ALPEVE85: bets $3
ct-650: calls $3
*** TURN *** [8h 7h Jd] [Th]
ALPEVE85: bets $6
ct-650: folds
Uncalled bet ($6) returned to ALPEVE85
ALPEVE85 collected $17.64 from pot
ALPEVE85: doesn't show hand
*** SUMMARY ***
Total pot $18 | Rake $0.36
Board [8h 7h Jd Th]
Seat 4: ALPEVE85 (big blind) collected ($17.64)
Seat 5: ct-650 (button) (small blind) folded on the Turn


PokerStars Hand #144593120059:  Hold'em Limit ($3/$6 USD) - 2015/11/29 21:44:47 ET
Table 'Melusina' 10-max Seat #5 is the button
Seat 4: ALPEVE85 ($110.84 in chips)
Seat 5: ct-650 ($155.40 in chips)
ct-650: posts small blind $1
ALPEVE85: posts big blind $3
*** HOLE CARDS ***
ct-650: raises $3 to $6
ALPEVE85: folds
Uncalled bet ($3) returned to ct-650
ct-650 collected $6 from pot
*** SUMMARY ***
Total pot $6 | Rake $0
Seat 4: ALPEVE85 (big blind) folded before Flop
Seat 5: ct-650 (button) (small blind) collected ($6)


PokerStars Hand #144593103764:  Hold'em Limit ($3/$6 USD) - 2015/11/29 21:44:05 ET
Table 'Melusina' 10-max Seat #5 is the button
Seat 4: ALPEVE85 ($92.56 in chips)
Seat 5: ct-650 ($174.40 in chips)
ct-650: posts small blind $1
ALPEVE85: posts big blind $3
*** HOLE CARDS ***
ct-650: folds
Uncalled bet ($2) returned to ALPEVE85
ALPEVE85 collected $2 from pot
ALPEVE85: doesn't show hand
*** SUMMARY ***
Total pot $2 | Rake $0
Seat 4: ALPEVE85 (big blind) collected ($2)
Seat 5: ct-650 (button) (small blind) folded before Flop


PokerStars Hand #144593101629:  Hold'em Limit ($3/$6 USD) - 2015/11/29 21:44:00 ET
Table 'Melusina' 10-max Seat #4 is the button
Seat 4: ALPEVE85 ($89.56 in chips)
Seat 5: ct-650 ($177.40 in chips)
ALPEVE85: posts small blind $1
ct-650: posts big blind $3
*** HOLE CARDS ***
ALPEVE85: raises $3 to $6
ct-650: folds
Uncalled bet ($3) returned to ALPEVE85
ALPEVE85 collected $6 from pot
ALPEVE85: doesn't show hand
*** SUMMARY ***
Total pot $6 | Rake $0
Seat 4: ALPEVE85 (button) (small blind) collected ($6)
Seat 5: ct-650 (big blind) folded before Flop


PokerStars Hand #144593122598:  Hold'em Limit ($3/$6 USD) - 2015/11/29 21:44:53 ET
Table 'Melusina' 10-max Seat #4 is the button
Seat 4: ALPEVE85 ($107.84 in chips)
Seat 5: ct-650 ($158.40 in chips)
ALPEVE85: posts small blind $1
ct-650: posts big blind $3
*** HOLE CARDS ***
ALPEVE85: calls $2
ct-650: checks
*** FLOP *** [3d 4s 4c]
ct-650: bets $3
ALPEVE85: calls $3
*** TURN *** [3d 4s 4c] [2c]
ct-650: bets $6
ALPEVE85: raises $6 to $12
ct-650: calls $6
*** RIVER *** [3d 4s 4c 2c] [6c]
ct-650: checks
ALPEVE85: bets $6
ct-650: calls $6
*** SHOW DOWN ***
ALPEVE85: shows [2s 4d] (a full house, Fours full of Deuces)
ct-650: mucks hand
ALPEVE85 collected $47.50 from pot
*** SUMMARY ***
Total pot $48 | Rake $0.50
Board [3d 4s 4c 2c 6c]
Seat 4: ALPEVE85 (button) (small blind) showed [2s 4d] and won ($47.50) with a full house, Fours full of Deuces
Seat 5: ct-650 (big blind) mucked


PokerStars Hand #144593135971:  Hold'em Limit ($3/$6 USD) - 2015/11/29 21:45:27 ET
Table 'Melusina' 10-max Seat #5 is the button
Seat 4: ALPEVE85 ($131.34 in chips)
Seat 5: ct-650 ($134.40 in chips)
ct-650: posts small blind $1
ALPEVE85: posts big blind $3
*** HOLE CARDS ***
ct-650: raises $3 to $6
ALPEVE85: folds
Uncalled bet ($3) returned to ct-650
ct-650 collected $6 from pot
*** SUMMARY ***
Total pot $6 | Rake $0
Seat 4: ALPEVE85 (big blind) folded before Flop
Seat 5: ct-650 (button) (small blind) collected ($6)


PokerStars Hand #144593154552:  Hold'em Limit ($3/$6 USD) - 2015/11/29 21:46:14 ET
Table 'Melusina' 10-max Seat #5 is the button
Seat 4: ALPEVE85 ($142.84 in chips)
Seat 5: ct-650 ($122.40 in chips)
ct-650: posts small blind $1
ALPEVE85: posts big blind $3
*** HOLE CARDS ***
ct-650: raises $3 to $6
ALPEVE85: raises $3 to $9
ct-650: calls $3
*** FLOP *** [Qc Qs Ah]
ALPEVE85: bets $3
ct-650: calls $3
*** TURN *** [Qc Qs Ah] [Js]
ALPEVE85: bets $6
ct-650: raises $6 to $12
ALPEVE85: calls $6
*** RIVER *** [Qc Qs Ah Js] [Kd]
ALPEVE85: checks
ct-650: bets $6
ALPEVE85: calls $6
*** SHOW DOWN ***
ct-650: shows [Qd Ad] (a full house, Queens full of Aces)
ALPEVE85: mucks hand
ct-650 collected $59.50 from pot
*** SUMMARY ***
Total pot $60 | Rake $0.50
Board [Qc Qs Ah Js Kd]
Seat 4: ALPEVE85 (big blind) mucked
Seat 5: ct-650 (button) (small blind) showed [Qd Ad] and won ($59.50) with a full house, Queens full of Aces


PokerStars Hand #144593164048:  Hold'em Limit ($3/$6 USD) - 2015/11/29 21:46:38 ET
Table 'Melusina' 10-max Seat #4 is the button
Seat 4: ALPEVE85 ($112.84 in chips)
Seat 5: ct-650 ($151.90 in chips)
ALPEVE85: posts small blind $1
ct-650: posts big blind $3
*** HOLE CARDS ***
ALPEVE85: calls $2
ct-650: raises $3 to $6
ALPEVE85: calls $3
*** FLOP *** [Ah Qc 8c]
ct-650: bets $3
ALPEVE85: raises $3 to $6
ct-650: raises $3 to $9
ALPEVE85: raises $3 to $12
Betting is capped
ct-650: calls $3
*** TURN *** [Ah Qc 8c] [Kd]
ct-650: checks
ALPEVE85: bets $6
ct-650: calls $6
*** RIVER *** [Ah Qc 8c Kd] [Ks]
ct-650: checks
ALPEVE85: bets $6
ct-650: calls $6
*** SHOW DOWN ***
ALPEVE85: shows [Ac 2h] (two pair, Aces and Kings)
ct-650: shows [7h Ad] (two pair, Aces and Kings)
ct-650 collected $29.75 from pot
ALPEVE85 collected $29.75 from pot
*** SUMMARY ***
Total pot $60 | Rake $0.50
Board [Ah Qc 8c Kd Ks]
Seat 4: ALPEVE85 (button) (small blind) showed [Ac 2h] and won ($29.75) with two pair, Aces and Kings
Seat 5: ct-650 (big blind) showed [7h Ad] and won ($29.75) with two pair, Aces and Kings


PokerStars Hand #144593139182:  Hold'em Limit ($3/$6 USD) - 2015/11/29 21:45:35 ET
Table 'Melusina' 10-max Seat #4 is the button
Seat 4: ALPEVE85 ($128.34 in chips)
Seat 5: ct-650 ($137.40 in chips)
ALPEVE85: posts small blind $1
ct-650: posts big blind $3
*** HOLE CARDS ***
ALPEVE85: raises $3 to $6
ct-650: calls $3
*** FLOP *** [7h 6c Kd]
ct-650: checks
ALPEVE85: bets $3
ct-650: calls $3
*** TURN *** [7h 6c Kd] [4c]
ct-650: bets $6
ALPEVE85: raises $6 to $12
ct-650: folds
Uncalled bet ($6) returned to ALPEVE85
ALPEVE85 collected $29.50 from pot
ALPEVE85: doesn't show hand
*** SUMMARY ***
Total pot $30 | Rake $0.50
Board [7h 6c Kd 4c]
Seat 4: ALPEVE85 (button) (small blind) collected ($29.50)
Seat 5: ct-650 (big blind) folded on the Turn


PokerStars Hand #144593178344:  Hold'em Limit ($3/$6 USD) - 2015/11/29 21:47:15 ET
Table 'Melusina' 10-max Seat #5 is the button
Seat 4: ALPEVE85 ($108.59 in chips)
Seat 5: ct-650 ($155.65 in chips)
ct-650: posts small blind $1
ALPEVE85: posts big blind $3
*** HOLE CARDS ***
ct-650: raises $3 to $6
ALPEVE85: folds
Uncalled bet ($3) returned to ct-650
ct-650 collected $6 from pot
*** SUMMARY ***
Total pot $6 | Rake $0
Seat 4: ALPEVE85 (big blind) folded before Flop
Seat 5: ct-650 (button) (small blind) collected ($6)


PokerStars Hand #144593176272:  Hold'em Limit ($3/$6 USD) - 2015/11/29 21:47:10 ET
Table 'Melusina' 10-max Seat #4 is the button
Seat 4: ALPEVE85 ($109.59 in chips)
Seat 5: ct-650 ($154.65 in chips)
ALPEVE85: posts small blind $1
ct-650: posts big blind $3
*** HOLE CARDS ***
ALPEVE85: folds
Uncalled bet ($2) returned to ct-650
ct-650 collected $2 from pot
*** SUMMARY ***
Total pot $2 | Rake $0
Seat 4: ALPEVE85 (button) (small blind) folded before Flop
Seat 5: ct-650 (big blind) collected ($2)


PokerStars Hand #144593180696:  Hold'em Limit ($3/$6 USD) - 2015/11/29 21:47:21 ET
Table 'Melusina' 10-max Seat #4 is the button
Seat 4: ALPEVE85 ($105.59 in chips)
Seat 5: ct-650 ($158.65 in chips)
ALPEVE85: posts small blind $1
ct-650: posts big blind $3
*** HOLE CARDS ***
ALPEVE85: calls $2
ct-650: checks
*** FLOP *** [Jd 3h 7h]
ct-650: checks
ALPEVE85: checks
*** TURN *** [Jd 3h 7h] [2c]
ct-650: bets $6
ALPEVE85: calls $6
*** RIVER *** [Jd 3h 7h 2c] [2d]
ct-650: bets $6
ALPEVE85: folds
Uncalled bet ($6) returned to ct-650
ct-650 collected $17.64 from pot
*** SUMMARY ***
Total pot $18 | Rake $0.36
Board [Jd 3h 7h 2c 2d]
Seat 4: ALPEVE85 (button) (small blind) folded on the River
Seat 5: ct-650 (big blind) collected ($17.64)


PokerStars Hand #144593189077:  Hold'em Limit ($3/$6 USD) - 2015/11/29 21:47:43 ET
Table 'Melusina' 10-max Seat #5 is the button
Seat 4: ALPEVE85 ($96.59 in chips)
Seat 5: ct-650 ($167.29 in chips)
ct-650: posts small blind $1
ALPEVE85: posts big blind $3
*** HOLE CARDS ***
ct-650: raises $3 to $6
ALPEVE85: folds
Uncalled bet ($3) returned to ct-650
ct-650 collected $6 from pot
*** SUMMARY ***
Total pot $6 | Rake $0
Seat 4: ALPEVE85 (big blind) folded before Flop
Seat 5: ct-650 (button) (small blind) collected ($6)


PokerStars Hand #144593173456:  Hold'em Limit ($3/$6 USD) - 2015/11/29 21:47:03 ET
Table 'Melusina' 10-max Seat #5 is the button
Seat 4: ALPEVE85 ($112.59 in chips)
Seat 5: ct-650 ($151.65 in chips)
ct-650: posts small blind $1
ALPEVE85: posts big blind $3
*** HOLE CARDS ***
ct-650: raises $3 to $6
ALPEVE85: folds
Uncalled bet ($3) returned to ct-650
ct-650 collected $6 from pot
*** SUMMARY ***
Total pot $6 | Rake $0
Seat 4: ALPEVE85 (big blind) folded before Flop
Seat 5: ct-650 (button) (small blind) collected ($6)


PokerStars Hand #144593192241:  Hold'em Limit ($3/$6 USD) - 2015/11/29 21:47:51 ET
Table 'Melusina' 10-max Seat #4 is the button
Seat 4: ALPEVE85 ($93.59 in chips)
Seat 5: ct-650 ($170.29 in chips)
ALPEVE85: posts small blind $1
ct-650: posts big blind $3
*** HOLE CARDS ***
ALPEVE85: calls $2
ct-650: checks
*** FLOP *** [Qc 9c Th]
ct-650: bets $3
ALPEVE85: raises $3 to $6
ct-650: raises $3 to $9
ALPEVE85: raises $3 to $12
Betting is capped
ct-650: calls $3
*** TURN *** [Qc 9c Th] [Kh]
ct-650: checks
ALPEVE85: bets $6
ct-650: calls $6
*** RIVER *** [Qc 9c Th Kh] [3s]
ct-650: checks
ALPEVE85: bets $6
ct-650: calls $6
*** SHOW DOWN ***
ALPEVE85: shows [5c Jc] (a straight, Nine to King)
ct-650: mucks hand
ALPEVE85 collected $53.50 from pot
*** SUMMARY ***
Total pot $54 | Rake $0.50
Board [Qc 9c Th Kh 3s]
Seat 4: ALPEVE85 (button) (small blind) showed [5c Jc] and won ($53.50) with a straight, Nine to King
Seat 5: ct-650 (big blind) mucked


PokerStars Hand #144593205386:  Hold'em Limit ($3/$6 USD) - 2015/11/29 21:48:25 ET
Table 'Melusina' 10-max Seat #5 is the button
Seat 4: ALPEVE85 ($120.09 in chips)
Seat 5: ct-650 ($143.29 in chips)
ct-650: posts small blind $1
ALPEVE85: posts big blind $3
*** HOLE CARDS ***
ct-650: folds
Uncalled bet ($2) returned to ALPEVE85
ALPEVE85 collected $2 from pot
ALPEVE85: doesn't show hand
*** SUMMARY ***
Total pot $2 | Rake $0
Seat 4: ALPEVE85 (big blind) collected ($2)
Seat 5: ct-650 (button) (small blind) folded before Flop


PokerStars Hand #144593207644:  Hold'em Limit ($3/$6 USD) - 2015/11/29 21:48:31 ET
Table 'Melusina' 10-max Seat #4 is the button
Seat 4: ALPEVE85 ($121.09 in chips)
Seat 5: ct-650 ($142.29 in chips)
ALPEVE85: posts small blind $1
ct-650: posts big blind $3
*** HOLE CARDS ***
ALPEVE85: folds
Uncalled bet ($2) returned to ct-650
ct-650 collected $2 from pot
*** SUMMARY ***
Total pot $2 | Rake $0
Seat 4: ALPEVE85 (button) (small blind) folded before Flop
Seat 5: ct-650 (big blind) collected ($2)


PokerStars Hand #144593217502:  Hold'em Limit ($3/$6 USD) - 2015/11/29 21:48:57 ET
Table 'Melusina' 10-max Seat #4 is the button
Seat 4: ALPEVE85 ($131.61 in chips)
Seat 5: ct-650 ($131.29 in chips)
ALPEVE85: posts small blind $1
ct-650: posts big blind $3
*** HOLE CARDS ***
ALPEVE85: raises $3 to $6
ct-650: folds
Uncalled bet ($3) returned to ALPEVE85
ALPEVE85 collected $6 from pot
ALPEVE85: doesn't show hand
*** SUMMARY ***
Total pot $6 | Rake $0
Seat 4: ALPEVE85 (button) (small blind) collected ($6)
Seat 5: ct-650 (big blind) folded before Flop


PokerStars Hand #144593211687:  Hold'em Limit ($3/$6 USD) - 2015/11/29 21:48:41 ET
Table 'Melusina' 10-max Seat #5 is the button
Seat 4: ALPEVE85 ($120.09 in chips)
Seat 5: ct-650 ($143.29 in chips)
ct-650: posts small blind $1
ALPEVE85: posts big blind $3
*** HOLE CARDS ***
ct-650: raises $3 to $6
ALPEVE85: raises $3 to $9
ct-650: calls $3
*** FLOP *** [2h Qc 9s]
ALPEVE85: bets $3
ct-650: calls $3
*** TURN *** [2h Qc 9s] [7d]
ALPEVE85: bets $6
ct-650: folds
Uncalled bet ($6) returned to ALPEVE85
ALPEVE85 collected $23.52 from pot
ALPEVE85: doesn't show hand
*** SUMMARY ***
Total pot $24 | Rake $0.48
Board [2h Qc 9s 7d]
Seat 4: ALPEVE85 (big blind) collected ($23.52)
Seat 5: ct-650 (button) (small blind) folded on the Turn


PokerStars Hand #144593220320:  Hold'em Limit ($3/$6 USD) - 2015/11/29 21:49:04 ET
Table 'Melusina' 10-max Seat #5 is the button
Seat 4: ALPEVE85 ($134.61 in chips)
Seat 5: ct-650 ($128.29 in chips)
ct-650: posts small blind $1
ALPEVE85: posts big blind $3
*** HOLE CARDS ***
ct-650: raises $3 to $6
ALPEVE85: calls $3
*** FLOP *** [9c 3s As]
ALPEVE85: checks
ct-650: bets $3
ALPEVE85: raises $3 to $6
ct-650: calls $3
*** TURN *** [9c 3s As] [Tc]
ALPEVE85: checks
ct-650: bets $6
ALPEVE85: calls $6
*** RIVER *** [9c 3s As Tc] [3d]
ALPEVE85: checks
ct-650: bets $6
ALPEVE85: calls $6
*** SHOW DOWN ***
ct-650: shows [Th 3h] (a full house, Threes full of Tens)
ALPEVE85: mucks hand
ct-650 collected $47.50 from pot
*** SUMMARY ***
Total pot $48 | Rake $0.50
Board [9c 3s As Tc 3d]
Seat 4: ALPEVE85 (big blind) mucked
Seat 5: ct-650 (button) (small blind) showed [Th 3h] and won ($47.50) with a full house, Threes full of Tens


PokerStars Hand #144593229271:  Hold'em Limit ($3/$6 USD) - 2015/11/29 21:49:27 ET
Table 'Melusina' 10-max Seat #4 is the button
Seat 4: ALPEVE85 ($110.61 in chips)
Seat 5: ct-650 ($151.79 in chips)
ALPEVE85: posts small blind $1
ct-650: posts big blind $3
*** HOLE CARDS ***
ALPEVE85: calls $2
ct-650: raises $3 to $6
ALPEVE85: calls $3
*** FLOP *** [2c 6d 2h]
ct-650: bets $3
ALPEVE85: raises $3 to $6
ct-650: calls $3
*** TURN *** [2c 6d 2h] [Js]
ct-650: checks
ALPEVE85: bets $6
ct-650: folds
Uncalled bet ($6) returned to ALPEVE85
ALPEVE85 collected $23.52 from pot
ALPEVE85: doesn't show hand
*** SUMMARY ***
Total pot $24 | Rake $0.48
Board [2c 6d 2h Js]
Seat 4: ALPEVE85 (button) (small blind) collected ($23.52)
Seat 5: ct-650 (big blind) folded on the Turn


PokerStars Hand #144593235484:  Hold'em Limit ($3/$6 USD) - 2015/11/29 21:49:44 ET
Table 'Melusina' 10-max Seat #5 is the button
Seat 4: ALPEVE85 ($122.13 in chips)
Seat 5: ct-650 ($139.79 in chips)
ct-650: posts small blind $1
ALPEVE85: posts big blind $3
*** HOLE CARDS ***
ct-650: raises $3 to $6
ALPEVE85: folds
Uncalled bet ($3) returned to ct-650
ct-650 collected $6 from pot
*** SUMMARY ***
Total pot $6 | Rake $0
Seat 4: ALPEVE85 (big blind) folded before Flop
Seat 5: ct-650 (button) (small blind) collected ($6)


PokerStars Hand #144593240227:  Hold'em Limit ($3/$6 USD) - 2015/11/29 21:49:56 ET
Table 'Melusina' 10-max Seat #5 is the button
Seat 4: ALPEVE85 ($118.13 in chips)
Seat 5: ct-650 ($143.79 in chips)
ct-650: posts small blind $1
ALPEVE85: posts big blind $3
*** HOLE CARDS ***
ct-650: folds
Uncalled bet ($2) returned to ALPEVE85
ALPEVE85 collected $2 from pot
ALPEVE85: doesn't show hand
*** SUMMARY ***
Total pot $2 | Rake $0
Seat 4: ALPEVE85 (big blind) collected ($2)
Seat 5: ct-650 (button) (small blind) folded before Flop


PokerStars Hand #144593238209:  Hold'em Limit ($3/$6 USD) - 2015/11/29 21:49:51 ET
Table 'Melusina' 10-max Seat #4 is the button
Seat 4: ALPEVE85 ($119.13 in chips)
Seat 5: ct-650 ($142.79 in chips)
ALPEVE85: posts small blind $1
ct-650: posts big blind $3
*** HOLE CARDS ***
ALPEVE85: folds
Uncalled bet ($2) returned to ct-650
ct-650 collected $2 from pot
*** SUMMARY ***
Total pot $2 | Rake $0
Seat 4: ALPEVE85 (button) (small blind) folded before Flop
Seat 5: ct-650 (big blind) collected ($2)


PokerStars Hand #144593242282:  Hold'em Limit ($3/$6 USD) - 2015/11/29 21:50:01 ET
Table 'Melusina' 10-max Seat #4 is the button
Seat 4: ALPEVE85 ($119.13 in chips)
Seat 5: ct-650 ($142.79 in chips)
ALPEVE85: posts small blind $1
ct-650: posts big blind $3
*** HOLE CARDS ***
ALPEVE85: calls $2
ct-650: raises $3 to $6
ALPEVE85: calls $3
*** FLOP *** [3c Jc 8c]
ct-650: bets $3
ALPEVE85: raises $3 to $6
ct-650: calls $3
*** TURN *** [3c Jc 8c] [4h]
ct-650: checks
ALPEVE85: bets $6
ct-650: calls $6
*** RIVER *** [3c Jc 8c 4h] [2s]
ct-650: checks
ALPEVE85: bets $6
ct-650: raises $6 to $12
ALPEVE85: raises $6 to $18
ct-650: calls $6
*** SHOW DOWN ***
ALPEVE85: shows [5d 6s] (a straight, Deuce to Six)
ct-650: mucks hand
ALPEVE85 collected $71.50 from pot
*** SUMMARY ***
Total pot $72 | Rake $0.50
Board [3c Jc 8c 4h 2s]
Seat 4: ALPEVE85 (button) (small blind) showed [5d 6s] and won ($71.50) with a straight, Deuce to Six
Seat 5: ct-650 (big blind) mucked


PokerStars Hand #144593256415:  Hold'em Limit ($3/$6 USD) - 2015/11/29 21:50:38 ET
Table 'Melusina' 10-max Seat #4 is the button
Seat 4: ALPEVE85 ($155.63 in chips)
Seat 5: ct-650 ($105.79 in chips)
ALPEVE85: posts small blind $1
ct-650: posts big blind $3
*** HOLE CARDS ***
ALPEVE85: raises $3 to $6
ct-650: folds
Uncalled bet ($3) returned to ALPEVE85
ALPEVE85 collected $6 from pot
ALPEVE85: doesn't show hand
*** SUMMARY ***
Total pot $6 | Rake $0
Seat 4: ALPEVE85 (button) (small blind) collected ($6)
Seat 5: ct-650 (big blind) folded before Flop


PokerStars Hand #144593253655:  Hold'em Limit ($3/$6 USD) - 2015/11/29 21:50:31 ET
Table 'Melusina' 10-max Seat #5 is the button
Seat 4: ALPEVE85 ($154.63 in chips)
Seat 5: ct-650 ($106.79 in chips)
ct-650: posts small blind $1
ALPEVE85: posts big blind $3
*** HOLE CARDS ***
ct-650: folds
Uncalled bet ($2) returned to ALPEVE85
ALPEVE85 collected $2 from pot
ALPEVE85: doesn't show hand
*** SUMMARY ***
Total pot $2 | Rake $0
Seat 4: ALPEVE85 (big blind) collected ($2)
Seat 5: ct-650 (button) (small blind) folded before Flop


PokerStars Hand #144593258846:  Hold'em Limit ($3/$6 USD) - 2015/11/29 21:50:45 ET
Table 'Melusina' 10-max Seat #5 is the button
Seat 4: ALPEVE85 ($158.63 in chips)
Seat 5: ct-650 ($102.79 in chips)
ct-650: posts small blind $1
ALPEVE85: posts big blind $3
*** HOLE CARDS ***
ct-650: folds
Uncalled bet ($2) returned to ALPEVE85
ALPEVE85 collected $2 from pot
ALPEVE85: doesn't show hand
*** SUMMARY ***
Total pot $2 | Rake $0
Seat 4: ALPEVE85 (big blind) collected ($2)
Seat 5: ct-650 (button) (small blind) folded before Flop


PokerStars Hand #144593270088:  Hold'em Limit ($3/$6 USD) - 2015/11/29 21:51:15 ET
Table 'Melusina' 10-max Seat #5 is the button
Seat 4: ALPEVE85 ($120.63 in chips)
Seat 5: ct-650 ($140.29 in chips)
ct-650: posts small blind $1
ALPEVE85: posts big blind $3
*** HOLE CARDS ***
ct-650: raises $3 to $6
ALPEVE85: folds
Uncalled bet ($3) returned to ct-650
ct-650 collected $6 from pot
*** SUMMARY ***
Total pot $6 | Rake $0
Seat 4: ALPEVE85 (big blind) folded before Flop
Seat 5: ct-650 (button) (small blind) collected ($6)


PokerStars Hand #144593273618:  Hold'em Limit ($3/$6 USD) - 2015/11/29 21:51:24 ET
Table 'Melusina' 10-max Seat #4 is the button
Seat 4: ALPEVE85 ($117.63 in chips)
Seat 5: ct-650 ($143.29 in chips)
ALPEVE85: posts small blind $1
ct-650: posts big blind $3
*** HOLE CARDS ***
ALPEVE85: folds
Uncalled bet ($2) returned to ct-650
ct-650 collected $2 from pot
*** SUMMARY ***
Total pot $2 | Rake $0
Seat 4: ALPEVE85 (button) (small blind) folded before Flop
Seat 5: ct-650 (big blind) collected ($2)


PokerStars Hand #144593261450:  Hold'em Limit ($3/$6 USD) - 2015/11/29 21:50:52 ET
Table 'Melusina' 10-max Seat #4 is the button
Seat 4: ALPEVE85 ($159.63 in chips)
Seat 5: ct-650 ($101.79 in chips)
ALPEVE85: posts small blind $1
ct-650: posts big blind $3
*** HOLE CARDS ***
ALPEVE85: raises $3 to $6
ct-650: raises $3 to $9
ALPEVE85: raises $3 to $12
Betting is capped
ct-650: calls $3
*** FLOP *** [9h 7d 8d]
ct-650: checks
ALPEVE85: bets $3
ct-650: raises $3 to $6
ALPEVE85: raises $3 to $9
ct-650: calls $3
*** TURN *** [9h 7d 8d] [4d]
ct-650: checks
ALPEVE85: bets $6
ct-650: calls $6
*** RIVER *** [9h 7d 8d 4d] [Jh]
ct-650: checks
ALPEVE85: bets $6
ct-650: raises $6 to $12
ALPEVE85: calls $6
*** SHOW DOWN ***
ct-650: shows [Tc 9c] (a straight, Seven to Jack)
ALPEVE85: mucks hand
ct-650 collected $77.50 from pot
*** SUMMARY ***
Total pot $78 | Rake $0.50
Board [9h 7d 8d 4d Jh]
Seat 4: ALPEVE85 (button) (small blind) mucked
Seat 5: ct-650 (big blind) showed [Tc 9c] and won ($77.50) with a straight, Seven to Jack


PokerStars Hand #144593275750:  Hold'em Limit ($3/$6 USD) - 2015/11/29 21:51:29 ET
Table 'Melusina' 10-max Seat #5 is the button
Seat 4: ALPEVE85 ($116.63 in chips)
Seat 5: ct-650 ($144.29 in chips)
ct-650: posts small blind $1
ALPEVE85: posts big blind $3
*** HOLE CARDS ***
ct-650: raises $3 to $6
ALPEVE85: calls $3
*** FLOP *** [Jc 2c 5c]
ALPEVE85: checks
ct-650: bets $3
ALPEVE85: calls $3
*** TURN *** [Jc 2c 5c] [5d]
ALPEVE85: bets $6
ct-650: calls $6
*** RIVER *** [Jc 2c 5c 5d] [Kh]
ALPEVE85: bets $6
ct-650: folds
Uncalled bet ($6) returned to ALPEVE85
ALPEVE85 collected $29.50 from pot
ALPEVE85: doesn't show hand
*** SUMMARY ***
Total pot $30 | Rake $0.50
Board [Jc 2c 5c 5d Kh]
Seat 4: ALPEVE85 (big blind) collected ($29.50)
Seat 5: ct-650 (button) (small blind) folded on the River


PokerStars Hand #144593286252:  Hold'em Limit ($3/$6 USD) - 2015/11/29 21:51:57 ET
Table 'Melusina' 10-max Seat #5 is the button
Seat 4: ALPEVE85 ($134.13 in chips)
Seat 5: ct-650 ($126.29 in chips)
ct-650: posts small blind $1
ALPEVE85: posts big blind $3
*** HOLE CARDS ***
ct-650: folds
Uncalled bet ($2) returned to ALPEVE85
ALPEVE85 collected $2 from pot
ALPEVE85: doesn't show hand
*** SUMMARY ***
Total pot $2 | Rake $0
Seat 4: ALPEVE85 (big blind) collected ($2)
Seat 5: ct-650 (button) (small blind) folded before Flop


PokerStars Hand #144593283837:  Hold'em Limit ($3/$6 USD) - 2015/11/29 21:51:51 ET
Table 'Melusina' 10-max Seat #4 is the button
Seat 4: ALPEVE85 ($131.13 in chips)
Seat 5: ct-650 ($129.29 in chips)
ALPEVE85: posts small blind $1
ct-650: posts big blind $3
*** HOLE CARDS ***
ALPEVE85: raises $3 to $6
ct-650: folds
Uncalled bet ($3) returned to ALPEVE85
ALPEVE85 collected $6 from pot
ALPEVE85: doesn't show hand
*** SUMMARY ***
Total pot $6 | Rake $0
Seat 4: ALPEVE85 (button) (small blind) collected ($6)
Seat 5: ct-650 (big blind) folded before Flop


PokerStars Hand #144593287937:  Hold'em Limit ($3/$6 USD) - 2015/11/29 21:52:01 ET
Table 'Melusina' 10-max Seat #4 is the button
Seat 4: ALPEVE85 ($135.13 in chips)
Seat 5: ct-650 ($125.29 in chips)
ALPEVE85: posts small blind $1
ct-650: posts big blind $3
*** HOLE CARDS ***
ALPEVE85: raises $3 to $6
ct-650: calls $3
*** FLOP *** [Th 7c Ks]
ct-650: checks
ALPEVE85: bets $3
ct-650: raises $3 to $6
ALPEVE85: calls $3
*** TURN *** [Th 7c Ks] [9h]
ct-650: bets $6
ALPEVE85: calls $6
*** RIVER *** [Th 7c Ks 9h] [8c]
ct-650: bets $6
ALPEVE85: raises $6 to $12
ct-650: folds
Uncalled bet ($6) returned to ALPEVE85
ALPEVE85 collected $47.50 from pot
ALPEVE85: doesn't show hand
*** SUMMARY ***
Total pot $48 | Rake $0.50
Board [Th 7c Ks 9h 8c]
Seat 4: ALPEVE85 (button) (small blind) collected ($47.50)
Seat 5: ct-650 (big blind) folded on the River


PokerStars Hand #144593298767:  Hold'em Limit ($3/$6 USD) - 2015/11/29 21:52:30 ET
Table 'Melusina' 10-max Seat #4 is the button
Seat 4: ALPEVE85 ($159.63 in chips)
Seat 5: ct-650 ($100.29 in chips)
ALPEVE85: posts small blind $1
ct-650: posts big blind $3
*** HOLE CARDS ***
ALPEVE85: folds
Uncalled bet ($2) returned to ct-650
ct-650 collected $2 from pot
*** SUMMARY ***
Total pot $2 | Rake $0
Seat 4: ALPEVE85 (button) (small blind) folded before Flop
Seat 5: ct-650 (big blind) collected ($2)


PokerStars Hand #144593296884:  Hold'em Limit ($3/$6 USD) - 2015/11/29 21:52:25 ET
Table 'Melusina' 10-max Seat #5 is the button
Seat 4: ALPEVE85 ($158.63 in chips)
Seat 5: ct-650 ($101.29 in chips)
ct-650: posts small blind $1
ALPEVE85: posts big blind $3
*** HOLE CARDS ***
ct-650: folds
Uncalled bet ($2) returned to ALPEVE85
ALPEVE85 collected $2 from pot
ALPEVE85: doesn't show hand
*** SUMMARY ***
Total pot $2 | Rake $0
Seat 4: ALPEVE85 (big blind) collected ($2)
Seat 5: ct-650 (button) (small blind) folded before Flop


PokerStars Hand #144593310022:  Hold'em Limit ($3/$6 USD) - 2015/11/29 21:53:00 ET
Table 'Melusina' 10-max Seat #4 is the button
Seat 4: ALPEVE85 ($182.13 in chips)
Seat 5: ct-650 ($77.29 in chips)
ALPEVE85: posts small blind $1
ct-650: posts big blind $3
*** HOLE CARDS ***
ALPEVE85: folds
Uncalled bet ($2) returned to ct-650
ct-650 collected $2 from pot
*** SUMMARY ***
Total pot $2 | Rake $0
Seat 4: ALPEVE85 (button) (small blind) folded before Flop
Seat 5: ct-650 (big blind) collected ($2)


PokerStars Hand #144593300963:  Hold'em Limit ($3/$6 USD) - 2015/11/29 21:52:36 ET
Table 'Melusina' 10-max Seat #5 is the button
Seat 4: ALPEVE85 ($158.63 in chips)
Seat 5: ct-650 ($101.29 in chips)
ct-650: posts small blind $1
ALPEVE85: posts big blind $3
*** HOLE CARDS ***
ct-650: raises $3 to $6
ALPEVE85: raises $3 to $9
ct-650: calls $3
*** FLOP *** [5h 7s Jh]
ALPEVE85: bets $3
ct-650: calls $3
*** TURN *** [5h 7s Jh] [2d]
ALPEVE85: bets $6
ct-650: calls $6
*** RIVER *** [5h 7s Jh 2d] [9h]
ALPEVE85: bets $6
ct-650: calls $6
*** SHOW DOWN ***
ALPEVE85: shows [8s 9d] (a pair of Nines)
ct-650: mucks hand
ALPEVE85 collected $47.50 from pot
*** SUMMARY ***
Total pot $48 | Rake $0.50
Board [5h 7s Jh 2d 9h]
Seat 4: ALPEVE85 (big blind) showed [8s 9d] and won ($47.50) with a pair of Nines
Seat 5: ct-650 (button) (small blind) mucked


PokerStars Hand #144593326611:  Hold'em Limit ($3/$6 USD) - 2015/11/29 21:53:44 ET
Table 'Melusina' 10-max Seat #5 is the button
Seat 4: ALPEVE85 ($180.89 in chips)
Seat 5: ct-650 ($78.05 in chips)
ct-650: posts small blind $1
ALPEVE85: posts big blind $3
*** HOLE CARDS ***
ct-650: raises $3 to $6
ALPEVE85: folds
Uncalled bet ($3) returned to ct-650
ct-650 collected $6 from pot
*** SUMMARY ***
Total pot $6 | Rake $0
Seat 4: ALPEVE85 (big blind) folded before Flop
Seat 5: ct-650 (button) (small blind) collected ($6)


PokerStars Hand #144593319339:  Hold'em Limit ($3/$6 USD) - 2015/11/29 21:53:24 ET
Table 'Melusina' 10-max Seat #5 is the button
Seat 4: ALPEVE85 ($174.13 in chips)
Seat 5: ct-650 ($85.05 in chips)
ct-650: posts small blind $1
ALPEVE85: posts big blind $3
*** HOLE CARDS ***
ct-650: folds
Uncalled bet ($2) returned to ALPEVE85
ALPEVE85 collected $2 from pot
ALPEVE85: doesn't show hand
*** SUMMARY ***
Total pot $2 | Rake $0
Seat 4: ALPEVE85 (big blind) collected ($2)
Seat 5: ct-650 (button) (small blind) folded before Flop


PokerStars Hand #144593317137:  Hold'em Limit ($3/$6 USD) - 2015/11/29 21:53:19 ET
Table 'Melusina' 10-max Seat #4 is the button
Seat 4: ALPEVE85 ($175.13 in chips)
Seat 5: ct-650 ($84.05 in chips)
ALPEVE85: posts small blind $1
ct-650: posts big blind $3
*** HOLE CARDS ***
ALPEVE85: folds
Uncalled bet ($2) returned to ct-650
ct-650 collected $2 from pot
*** SUMMARY ***
Total pot $2 | Rake $0
Seat 4: ALPEVE85 (button) (small blind) folded before Flop
Seat 5: ct-650 (big blind) collected ($2)


PokerStars Hand #144593312328:  Hold'em Limit ($3/$6 USD) - 2015/11/29 21:53:06 ET
Table 'Melusina' 10-max Seat #5 is the button
Seat 4: ALPEVE85 ($181.13 in chips)
Seat 5: ct-650 ($78.29 in chips)
ct-650: posts small blind $1
ALPEVE85: posts big blind $3
*** HOLE CARDS ***
ct-650: raises $3 to $6
ALPEVE85: calls $3
*** FLOP *** [6c 3d Js]
ALPEVE85: checks
ct-650: bets $3
ALPEVE85: folds
Uncalled bet ($3) returned to ct-650
ct-650 collected $11.76 from pot
*** SUMMARY ***
Total pot $12 | Rake $0.24
Board [6c 3d Js]
Seat 4: ALPEVE85 (big blind) folded on the Flop
Seat 5: ct-650 (button) (small blind) collected ($11.76)


PokerStars Hand #144593353098:  Hold'em Limit ($3/$6 USD) - 2015/11/29 21:54:53 ET
Table 'Melusina' 10-max Seat #5 is the button
Seat 4: ALPEVE85 ($176.41 in chips)
Seat 5: ct-650 ($81.45 in chips)
ct-650: posts small blind $1
ALPEVE85: posts big blind $3
*** HOLE CARDS ***
ct-650: raises $3 to $6
ALPEVE85: folds
Uncalled bet ($3) returned to ct-650
ct-650 collected $6 from pot
*** SUMMARY ***
Total pot $6 | Rake $0
Seat 4: ALPEVE85 (big blind) folded before Flop
Seat 5: ct-650 (button) (small blind) collected ($6)


PokerStars Hand #144593347591:  Hold'em Limit ($3/$6 USD) - 2015/11/29 21:54:39 ET
Table 'Melusina' 10-max Seat #4 is the button
Seat 4: ALPEVE85 ($164.89 in chips)
Seat 5: ct-650 ($93.45 in chips)
ALPEVE85: posts small blind $1
ct-650: posts big blind $3
*** HOLE CARDS ***
ALPEVE85: raises $3 to $6
ct-650: raises $3 to $9
ALPEVE85: raises $3 to $12
Betting is capped
ct-650: calls $3
*** FLOP *** [9d As Jc]
ct-650: checks
ALPEVE85: bets $3
ct-650: folds
Uncalled bet ($3) returned to ALPEVE85
ALPEVE85 collected $23.52 from pot
ALPEVE85: doesn't show hand
*** SUMMARY ***
Total pot $24 | Rake $0.48
Board [9d As Jc]
Seat 4: ALPEVE85 (button) (small blind) collected ($23.52)
Seat 5: ct-650 (big blind) folded on the Flop


PokerStars Hand #144593345797:  Hold'em Limit ($3/$6 USD) - 2015/11/29 21:54:34 ET
Table 'Melusina' 10-max Seat #5 is the button
Seat 4: ALPEVE85 ($163.89 in chips)
Seat 5: ct-650 ($94.45 in chips)
ct-650: posts small blind $1
ALPEVE85: posts big blind $3
*** HOLE CARDS ***
ct-650: folds
Uncalled bet ($2) returned to ALPEVE85
ALPEVE85 collected $2 from pot
ALPEVE85: doesn't show hand
*** SUMMARY ***
Total pot $2 | Rake $0
Seat 4: ALPEVE85 (big blind) collected ($2)
Seat 5: ct-650 (button) (small blind) folded before Flop


PokerStars Hand #144593340189:  Hold'em Limit ($3/$6 USD) - 2015/11/29 21:54:20 ET
Table 'Melusina' 10-max Seat #4 is the button
Seat 4: ALPEVE85 ($166.89 in chips)
Seat 5: ct-650 ($91.57 in chips)
ALPEVE85: posts small blind $1
ct-650: posts big blind $3
*** HOLE CARDS ***
ALPEVE85: calls $2
ct-650: checks
*** FLOP *** [Ac Ts 5s]
ct-650: bets $3
ALPEVE85: folds
Uncalled bet ($3) returned to ct-650
ct-650 collected $5.88 from pot
*** SUMMARY ***
Total pot $6 | Rake $0.12
Board [Ac Ts 5s]
Seat 4: ALPEVE85 (button) (small blind) folded on the Flop
Seat 5: ct-650 (big blind) collected ($5.88)


PokerStars Hand #144593337824:  Hold'em Limit ($3/$6 USD) - 2015/11/29 21:54:13 ET
Table 'Melusina' 10-max Seat #5 is the button
Seat 4: ALPEVE85 ($165.89 in chips)
Seat 5: ct-650 ($92.57 in chips)
ct-650: posts small blind $1
ALPEVE85: posts big blind $3
*** HOLE CARDS ***
ct-650: folds
Uncalled bet ($2) returned to ALPEVE85
ALPEVE85 collected $2 from pot
ALPEVE85: doesn't show hand
*** SUMMARY ***
Total pot $2 | Rake $0
Seat 4: ALPEVE85 (big blind) collected ($2)
Seat 5: ct-650 (button) (small blind) folded before Flop


PokerStars Hand #144593328872:  Hold'em Limit ($3/$6 USD) - 2015/11/29 21:53:49 ET
Table 'Melusina' 10-max Seat #4 is the button
Seat 4: ALPEVE85 ($177.89 in chips)
Seat 5: ct-650 ($81.05 in chips)
ALPEVE85: posts small blind $1
ct-650: posts big blind $3
*** HOLE CARDS ***
ALPEVE85: raises $3 to $6
ct-650: calls $3
*** FLOP *** [4c 6d 6h]
ct-650: checks
ALPEVE85: bets $3
ct-650: raises $3 to $6
ALPEVE85: calls $3
*** TURN *** [4c 6d 6h] [7d]
ct-650: bets $6
ALPEVE85: folds
Uncalled bet ($6) returned to ct-650
ct-650 collected $23.52 from pot
*** SUMMARY ***
Total pot $24 | Rake $0.48
Board [4c 6d 6h 7d]
Seat 4: ALPEVE85 (button) (small blind) folded on the Turn
Seat 5: ct-650 (big blind) collected ($23.52)


PokerStars Hand #144593363162:  Hold'em Limit ($3/$6 USD) - 2015/11/29 21:55:22 ET
Table 'Melusina' 10-max Seat #4 is the button
Seat 4: ALPEVE85 ($173.41 in chips)
Seat 5: ct-650 ($84.45 in chips)
ALPEVE85: posts small blind $1
ct-650: posts big blind $3
*** HOLE CARDS ***
ALPEVE85: raises $3 to $6
ct-650: calls $3
*** FLOP *** [Jh Td 7c]
ct-650: checks
ALPEVE85: bets $3
ct-650: calls $3
*** TURN *** [Jh Td 7c] [4h]
ct-650: checks
ALPEVE85: bets $6
ct-650: folds
Uncalled bet ($6) returned to ALPEVE85
ALPEVE85 collected $17.64 from pot
ALPEVE85: doesn't show hand
*** SUMMARY ***
Total pot $18 | Rake $0.36
Board [Jh Td 7c 4h]
Seat 4: ALPEVE85 (button) (small blind) collected ($17.64)
Seat 5: ct-650 (big blind) folded on the Turn


PokerStars Hand #144593359504:  Hold'em Limit ($3/$6 USD) - 2015/11/29 21:55:10 ET
Table 'Melusina' 10-max Seat #5 is the button
Seat 4: ALPEVE85 ($172.41 in chips)
Seat 5: ct-650 ($85.45 in chips)
ct-650: posts small blind $1
ALPEVE85: posts big blind $3
*** HOLE CARDS ***
ct-650: folds
Uncalled bet ($2) returned to ALPEVE85
ALPEVE85 collected $2 from pot
ALPEVE85: doesn't show hand
*** SUMMARY ***
Total pot $2 | Rake $0
Seat 4: ALPEVE85 (big blind) collected ($2)
Seat 5: ct-650 (button) (small blind) folded before Flop


PokerStars Hand #144593357297:  Hold'em Limit ($3/$6 USD) - 2015/11/29 21:55:04 ET
Table 'Melusina' 10-max Seat #4 is the button
Seat 4: ALPEVE85 ($173.41 in chips)
Seat 5: ct-650 ($84.45 in chips)
ALPEVE85: posts small blind $1
ct-650: posts big blind $3
*** HOLE CARDS ***
ALPEVE85: folds
Uncalled bet ($2) returned to ct-650
ct-650 collected $2 from pot
*** SUMMARY ***
Total pot $2 | Rake $0
Seat 4: ALPEVE85 (button) (small blind) folded before Flop
Seat 5: ct-650 (big blind) collected ($2)


PokerStars Hand #144593390065:  Hold'em Limit ($3/$6 USD) - 2015/11/29 21:56:48 ET
Table 'Melusina' 10-max Seat #4 is the button
Seat 4: ALPEVE85 ($182.55 in chips)
Seat 5: ct-650 ($133.95 in chips)
ALPEVE85: posts small blind $1
ct-650: posts big blind $3
*** HOLE CARDS ***
ALPEVE85: calls $2
ct-650: checks
*** FLOP *** [4c 3h 8h]
ct-650: checks
ALPEVE85: bets $3
ct-650: folds
Uncalled bet ($3) returned to ALPEVE85
ALPEVE85 collected $5.88 from pot
ALPEVE85: doesn't show hand
*** SUMMARY ***
Total pot $6 | Rake $0.12
Board [4c 3h 8h]
Seat 4: ALPEVE85 (button) (small blind) collected ($5.88)
Seat 5: ct-650 (big blind) folded on the Flop


PokerStars Hand #144593388451:  Hold'em Limit ($3/$6 USD) - 2015/11/29 21:56:43 ET
Table 'Melusina' 10-max Seat #5 is the button
Seat 4: ALPEVE85 ($181.55 in chips)
Seat 5: ct-650 ($134.95 in chips)
ct-650: posts small blind $1
ALPEVE85: posts big blind $3
*** HOLE CARDS ***
ct-650: folds
Uncalled bet ($2) returned to ALPEVE85
ALPEVE85 collected $2 from pot
ALPEVE85: doesn't show hand
*** SUMMARY ***
Total pot $2 | Rake $0
Seat 4: ALPEVE85 (big blind) collected ($2)
Seat 5: ct-650 (button) (small blind) folded before Flop


PokerStars Hand #144593381076:  Hold'em Limit ($3/$6 USD) - 2015/11/29 21:56:20 ET
Table 'Melusina' 10-max Seat #4 is the button
Seat 4: ALPEVE85 ($205.55 in chips)
Seat 5: ct-650 ($51.45 in chips)
ALPEVE85: posts small blind $1
ct-650: posts big blind $3
*** HOLE CARDS ***
ALPEVE85: raises $3 to $6
ct-650: calls $3
*** FLOP *** [Jc 4s Ts]
ct-650: checks
ALPEVE85: bets $3
ct-650: raises $3 to $6
ALPEVE85: calls $3
*** TURN *** [Jc 4s Ts] [7s]
ct-650: bets $6
ALPEVE85: raises $6 to $12
ct-650: calls $6
*** RIVER *** [Jc 4s Ts 7s] [3h]
ct-650: checks
ALPEVE85: checks
*** SHOW DOWN ***
ct-650: shows [7d 4d] (two pair, Sevens and Fours)
ALPEVE85: mucks hand
ct-650 collected $47.50 from pot
*** SUMMARY ***
Total pot $48 | Rake $0.50
Board [Jc 4s Ts 7s 3h]
Seat 4: ALPEVE85 (button) (small blind) mucked
Seat 5: ct-650 (big blind) showed [7d 4d] and won ($47.50) with two pair, Sevens and Fours


PokerStars Hand #144593369391:  Hold'em Limit ($3/$6 USD) - 2015/11/29 21:55:42 ET
Table 'Melusina' 10-max Seat #5 is the button
Seat 4: ALPEVE85 ($182.05 in chips)
Seat 5: ct-650 ($75.45 in chips)
ct-650: posts small blind $1
ALPEVE85: posts big blind $3
*** HOLE CARDS ***
ct-650: raises $3 to $6
ALPEVE85: calls $3
*** FLOP *** [8d 7h 3c]
ALPEVE85: checks
ct-650: bets $3
ALPEVE85: raises $3 to $6
ct-650: calls $3
*** TURN *** [8d 7h 3c] [2h]
ALPEVE85: checks
ct-650: checks
*** RIVER *** [8d 7h 3c 2h] [8c]
ALPEVE85: checks
ct-650: bets $6
ALPEVE85: raises $6 to $12
ct-650: calls $6
*** SHOW DOWN ***
ALPEVE85: shows [8h 7d] (a full house, Eights full of Sevens)
ct-650: mucks hand
ALPEVE85 collected $47.50 from pot
*** SUMMARY ***
Total pot $48 | Rake $0.50
Board [8d 7h 3c 2h 8c]
Seat 4: ALPEVE85 (big blind) showed [8h 7d] and won ($47.50) with a full house, Eights full of Sevens
Seat 5: ct-650 (button) (small blind) mucked


PokerStars Hand #144593411309:  Hold'em Limit ($3/$6 USD) - 2015/11/29 21:57:56 ET
Table 'Melusina' 10-max Seat #5 is the button
Seat 4: ALPEVE85 ($182.07 in chips)
Seat 5: ct-650 ($133.47 in chips)
ct-650: posts small blind $1
ALPEVE85: posts big blind $3
*** HOLE CARDS ***
ct-650: raises $3 to $6
ALPEVE85: folds
Uncalled bet ($3) returned to ct-650
ct-650 collected $6 from pot
*** SUMMARY ***
Total pot $6 | Rake $0
Seat 4: ALPEVE85 (big blind) folded before Flop
Seat 5: ct-650 (button) (small blind) collected ($6)


PokerStars Hand #144593402324:  Hold'em Limit ($3/$6 USD) - 2015/11/29 21:57:28 ET
Table 'Melusina' 10-max Seat #4 is the button
Seat 4: ALPEVE85 ($194.07 in chips)
Seat 5: ct-650 ($121.95 in chips)
ALPEVE85: posts small blind $1
ct-650: posts big blind $3
*** HOLE CARDS ***
ALPEVE85: calls $2
ct-650: checks
*** FLOP *** [5d 2c 6h]
ct-650: bets $3
ALPEVE85: calls $3
*** TURN *** [5d 2c 6h] [Tc]
ct-650: bets $6
ALPEVE85: calls $6
*** RIVER *** [5d 2c 6h Tc] [6d]
ct-650: bets $6
ALPEVE85: folds
Uncalled bet ($6) returned to ct-650
ct-650 collected $23.52 from pot
*** SUMMARY ***
Total pot $24 | Rake $0.48
Board [5d 2c 6h Tc 6d]
Seat 4: ALPEVE85 (button) (small blind) folded on the River
Seat 5: ct-650 (big blind) collected ($23.52)


PokerStars Hand #144593394328:  Hold'em Limit ($3/$6 USD) - 2015/11/29 21:57:02 ET
Table 'Melusina' 10-max Seat #5 is the button
Seat 4: ALPEVE85 ($185.43 in chips)
Seat 5: ct-650 ($130.95 in chips)
ct-650: posts small blind $1
ALPEVE85: posts big blind $3
*** HOLE CARDS ***
ct-650: raises $3 to $6
ALPEVE85: calls $3
*** FLOP *** [Ks 9d 6s]
ALPEVE85: checks
ct-650: bets $3
ALPEVE85: calls $3
*** TURN *** [Ks 9d 6s] [4d]
ALPEVE85: checks
ct-650: checks
*** RIVER *** [Ks 9d 6s 4d] [Qd]
ALPEVE85: checks
ct-650: checks
*** SHOW DOWN ***
ALPEVE85: shows [6h 9s] (two pair, Nines and Sixes)
ct-650: mucks hand
ALPEVE85 collected $17.64 from pot
*** SUMMARY ***
Total pot $18 | Rake $0.36
Board [Ks 9d 6s 4d Qd]
Seat 4: ALPEVE85 (big blind) showed [6h 9s] and won ($17.64) with two pair, Nines and Sixes
Seat 5: ct-650 (button) (small blind) mucked


PokerStars Hand #144593417989:  Hold'em Limit ($3/$6 USD) - 2015/11/29 21:58:18 ET
Table 'Melusina' 10-max Seat #5 is the button
Seat 4: ALPEVE85 ($176.07 in chips)
Seat 5: ct-650 ($139.35 in chips)
ct-650: posts small blind $1
ALPEVE85: posts big blind $3
*** HOLE CARDS ***
ct-650: raises $3 to $6
ALPEVE85: calls $3
*** FLOP *** [8d 4c 5h]
ALPEVE85: bets $3
ct-650: calls $3
*** TURN *** [8d 4c 5h] [9d]
ALPEVE85: bets $6
ct-650: raises $6 to $12
ALPEVE85: calls $6
*** RIVER *** [8d 4c 5h 9d] [7h]
ALPEVE85: bets $6
ct-650: calls $6
*** SHOW DOWN ***
ALPEVE85: shows [Td 7s] (a pair of Sevens)
ct-650: shows [9s Kd] (a pair of Nines)
ct-650 collected $53.50 from pot
*** SUMMARY ***
Total pot $54 | Rake $0.50
Board [8d 4c 5h 9d 7h]
Seat 4: ALPEVE85 (big blind) showed [Td 7s] and lost with a pair of Sevens
Seat 5: ct-650 (button) (small blind) showed [9s Kd] and won ($53.50) with a pair of Nines


PokerStars Hand #144593441111:  Hold'em Limit ($3/$6 USD) - 2015/11/29 21:59:32 ET
Table 'Melusina' 10-max Seat #5 is the button
Seat 4: ALPEVE85 ($95.07 in chips)
Seat 5: ct-650 ($219.35 in chips)
ct-650: posts small blind $1
ALPEVE85: posts big blind $3
*** HOLE CARDS ***
ct-650: raises $3 to $6
ALPEVE85: folds
Uncalled bet ($3) returned to ct-650
ct-650 collected $6 from pot
*** SUMMARY ***
Total pot $6 | Rake $0
Seat 4: ALPEVE85 (big blind) folded before Flop
Seat 5: ct-650 (button) (small blind) collected ($6)


PokerStars Hand #144593428749:  Hold'em Limit ($3/$6 USD) - 2015/11/29 21:58:52 ET
Table 'Melusina' 10-max Seat #4 is the button
Seat 4: ALPEVE85 ($149.07 in chips)
Seat 5: ct-650 ($165.85 in chips)
ALPEVE85: posts small blind $1
ct-650: posts big blind $3
*** HOLE CARDS ***
ALPEVE85: calls $2
ct-650: raises $3 to $6
ALPEVE85: calls $3
*** FLOP *** [8c As 7s]
ct-650: checks
ALPEVE85: bets $3
ct-650: raises $3 to $6
ALPEVE85: calls $3
*** TURN *** [8c As 7s] [Jh]
ct-650: bets $6
ALPEVE85: raises $6 to $12
ct-650: raises $6 to $18
ALPEVE85: raises $6 to $24
Betting is capped
ct-650: calls $6
*** RIVER *** [8c As 7s Jh] [9c]
ct-650: checks
ALPEVE85: bets $6
ct-650: raises $6 to $12
ALPEVE85: raises $6 to $18
ct-650: calls $6
*** SHOW DOWN ***
ALPEVE85: shows [8d Jc] (two pair, Jacks and Eights)
ct-650: shows [Ac Ts] (a straight, Seven to Jack)
ct-650 collected $107.50 from pot
*** SUMMARY ***
Total pot $108 | Rake $0.50
Board [8c As 7s Jh 9c]
Seat 4: ALPEVE85 (button) (small blind) showed [8d Jc] and lost with two pair, Jacks and Eights
Seat 5: ct-650 (big blind) showed [Ac Ts] and won ($107.50) with a straight, Seven to Jack


PokerStars Hand #144593445009:  Hold'em Limit ($3/$6 USD) - 2015/11/29 21:59:45 ET
Table 'Melusina' 10-max Seat #4 is the button
Seat 4: ALPEVE85 ($92.07 in chips)
Seat 5: ct-650 ($222.35 in chips)
ALPEVE85: posts small blind $1
ct-650: posts big blind $3
*** HOLE CARDS ***
ALPEVE85: raises $3 to $6
ct-650: calls $3
*** FLOP *** [8d 3c 6s]
ct-650: checks
ALPEVE85: bets $3
ct-650: raises $3 to $6
ALPEVE85: raises $3 to $9
ct-650: calls $3
*** TURN *** [8d 3c 6s] [3s]
ct-650: checks
ALPEVE85: bets $6
ct-650: folds
Uncalled bet ($6) returned to ALPEVE85
ALPEVE85 collected $29.50 from pot
ALPEVE85: doesn't show hand
*** SUMMARY ***
Total pot $30 | Rake $0.50
Board [8d 3c 6s 3s]
Seat 4: ALPEVE85 (button) (small blind) collected ($29.50)
Seat 5: ct-650 (big blind) folded on the Turn


PokerStars Hand #144593451657:  Hold'em Limit ($3/$6 USD) - 2015/11/29 22:00:06 ET
Table 'Melusina' 10-max Seat #5 is the button
Seat 4: ALPEVE85 ($106.57 in chips)
Seat 5: ct-650 ($207.35 in chips)
ct-650: posts small blind $1
ALPEVE85: posts big blind $3
*** HOLE CARDS ***
ct-650: raises $3 to $6
ALPEVE85: raises $3 to $9
ct-650: calls $3
*** FLOP *** [Tc 4h 3h]
ALPEVE85: bets $3
ct-650: calls $3
*** TURN *** [Tc 4h 3h] [7c]
ALPEVE85: bets $6
ct-650: raises $6 to $12
ALPEVE85: raises $6 to $18
ct-650: calls $6
*** RIVER *** [Tc 4h 3h 7c] [Kd]
ALPEVE85: bets $6
ct-650: calls $6
*** SHOW DOWN ***
ALPEVE85: shows [7h 9h] (a pair of Sevens)
ct-650: shows [Th As] (a pair of Tens)
ct-650 collected $71.50 from pot
*** SUMMARY ***
Total pot $72 | Rake $0.50
Board [Tc 4h 3h 7c Kd]
Seat 4: ALPEVE85 (big blind) showed [7h 9h] and lost with a pair of Sevens
Seat 5: ct-650 (button) (small blind) showed [Th As] and won ($71.50) with a pair of Tens


PokerStars Hand #144593469464:  Hold'em Limit ($3/$6 USD) - 2015/11/29 22:01:00 ET
Table 'Melusina' 10-max Seat #5 is the button
Seat 4: ALPEVE85 ($73.57 in chips)
Seat 5: ct-650 ($239.85 in chips)
ct-650: posts small blind $1
ALPEVE85: posts big blind $3
*** HOLE CARDS ***
ct-650: raises $3 to $6
ALPEVE85: folds
Uncalled bet ($3) returned to ct-650
ct-650 collected $6 from pot
*** SUMMARY ***
Total pot $6 | Rake $0
Seat 4: ALPEVE85 (big blind) folded before Flop
Seat 5: ct-650 (button) (small blind) collected ($6)


PokerStars Hand #144593467547:  Hold'em Limit ($3/$6 USD) - 2015/11/29 22:00:54 ET
Table 'Melusina' 10-max Seat #4 is the button
Seat 4: ALPEVE85 ($70.57 in chips)
Seat 5: ct-650 ($242.85 in chips)
ALPEVE85: posts small blind $1
ct-650: posts big blind $3
*** HOLE CARDS ***
ALPEVE85: raises $3 to $6
ct-650: folds
Uncalled bet ($3) returned to ALPEVE85
ALPEVE85 collected $6 from pot
ALPEVE85: doesn't show hand
*** SUMMARY ***
Total pot $6 | Rake $0
Seat 4: ALPEVE85 (button) (small blind) collected ($6)
Seat 5: ct-650 (big blind) folded before Flop


PokerStars Hand #144593472057:  Hold'em Limit ($3/$6 USD) - 2015/11/29 22:01:08 ET
Table 'Melusina' 10-max Seat #4 is the button
Seat 4: ALPEVE85 ($70.57 in chips)
Seat 5: ct-650 ($242.85 in chips)
ALPEVE85: posts small blind $1
ct-650: posts big blind $3
*** HOLE CARDS ***
ALPEVE85: raises $3 to $6
ct-650: raises $3 to $9
ALPEVE85: raises $3 to $12
Betting is capped
ct-650: calls $3
*** FLOP *** [Jh 7c Kc]
ct-650: checks
ALPEVE85: bets $3
ct-650: calls $3
*** TURN *** [Jh 7c Kc] [3c]
ct-650: checks
ALPEVE85: bets $6
ct-650: calls $6
*** RIVER *** [Jh 7c Kc 3c] [3s]
ct-650: checks
ALPEVE85: bets $6
ct-650: calls $6
*** SHOW DOWN ***
ALPEVE85: shows [9s 7s] (two pair, Sevens and Threes)
ct-650: shows [Ts Tc] (two pair, Tens and Threes)
ct-650 collected $53.50 from pot
*** SUMMARY ***
Total pot $54 | Rake $0.50
Board [Jh 7c Kc 3c 3s]
Seat 4: ALPEVE85 (button) (small blind) showed [9s 7s] and lost with two pair, Sevens and Threes
Seat 5: ct-650 (big blind) showed [Ts Tc] and won ($53.50) with two pair, Tens and Threes


PokerStars Hand #144593480626:  Hold'em Limit ($3/$6 USD) - 2015/11/29 22:01:31 ET
Table 'Melusina' 10-max Seat #5 is the button
Seat 4: ALPEVE85 ($43.57 in chips)
Seat 5: ct-650 ($269.35 in chips)
ct-650: posts small blind $1
ALPEVE85: posts big blind $3
*** HOLE CARDS ***
ct-650: raises $3 to $6
ALPEVE85: calls $3
*** FLOP *** [Ks Th 8s]
ALPEVE85: bets $3
ct-650: raises $3 to $6
ALPEVE85: calls $3
*** TURN *** [Ks Th 8s] [4s]
ALPEVE85: checks
ct-650: checks
*** RIVER *** [Ks Th 8s 4s] [3c]
ALPEVE85: bets $6
ct-650: folds
Uncalled bet ($6) returned to ALPEVE85
ALPEVE85 collected $23.52 from pot
ALPEVE85: doesn't show hand
*** SUMMARY ***
Total pot $24 | Rake $0.48
Board [Ks Th 8s 4s 3c]
Seat 4: ALPEVE85 (big blind) collected ($23.52)
Seat 5: ct-650 (button) (small blind) folded on the River


PokerStars Hand #144593496835:  Hold'em Limit ($3/$6 USD) - 2015/11/29 22:02:16 ET
Table 'Melusina' 10-max Seat #5 is the button
Seat 4: ALPEVE85 ($49.09 in chips)
Seat 5: ct-650 ($263.11 in chips)
ct-650: posts small blind $1
ALPEVE85: posts big blind $3
*** HOLE CARDS ***
ct-650: raises $3 to $6
ALPEVE85: folds
Uncalled bet ($3) returned to ct-650
ct-650 collected $6 from pot
*** SUMMARY ***
Total pot $6 | Rake $0
Seat 4: ALPEVE85 (big blind) folded before Flop
Seat 5: ct-650 (button) (small blind) collected ($6)


PokerStars Hand #144593490697:  Hold'em Limit ($3/$6 USD) - 2015/11/29 22:01:59 ET
Table 'Melusina' 10-max Seat #4 is the button
Seat 4: ALPEVE85 ($55.09 in chips)
Seat 5: ct-650 ($257.35 in chips)
ALPEVE85: posts small blind $1
ct-650: posts big blind $3
*** HOLE CARDS ***
ALPEVE85: calls $2
ct-650: raises $3 to $6
ALPEVE85: calls $3
*** FLOP *** [Ad 9c Td]
ct-650: bets $3
ALPEVE85: folds
Uncalled bet ($3) returned to ct-650
ct-650 collected $11.76 from pot
*** SUMMARY ***
Total pot $12 | Rake $0.24
Board [Ad 9c Td]
Seat 4: ALPEVE85 (button) (small blind) folded on the Flop
Seat 5: ct-650 (big blind) collected ($11.76)


PokerStars Hand #144593532643:  Hold'em Limit ($3/$6 USD) - 2015/11/29 22:03:53 ET
Table 'Melusina' 10-max Seat #5 is the button
Seat 4: ALPEVE85 ($64.47 in chips)
Seat 5: ct-650 ($247.11 in chips)
ct-650: posts small blind $1
ALPEVE85: posts big blind $3
*** HOLE CARDS ***
ct-650: folds
Uncalled bet ($2) returned to ALPEVE85
ALPEVE85 collected $2 from pot
ALPEVE85: doesn't show hand
*** SUMMARY ***
Total pot $2 | Rake $0
Seat 4: ALPEVE85 (big blind) collected ($2)
Seat 5: ct-650 (button) (small blind) folded before Flop


PokerStars Hand #144593526457:  Hold'em Limit ($3/$6 USD) - 2015/11/29 22:03:36 ET
Table 'Melusina' 10-max Seat #4 is the button
Seat 4: ALPEVE85 ($61.59 in chips)
Seat 5: ct-650 ($250.11 in chips)
ALPEVE85: posts small blind $1
ct-650: posts big blind $3
*** HOLE CARDS ***
ALPEVE85: calls $2
ct-650: checks
*** FLOP *** [4d Th 2s]
ct-650: checks
ALPEVE85: bets $3
ct-650: folds
Uncalled bet ($3) returned to ALPEVE85
ALPEVE85 collected $5.88 from pot
ALPEVE85: doesn't show hand
*** SUMMARY ***
Total pot $6 | Rake $0.12
Board [4d Th 2s]
Seat 4: ALPEVE85 (button) (small blind) collected ($5.88)
Seat 5: ct-650 (big blind) folded on the Flop


PokerStars Hand #144593524793:  Hold'em Limit ($3/$6 USD) - 2015/11/29 22:03:32 ET
Table 'Melusina' 10-max Seat #5 is the button
Seat 4: ALPEVE85 ($60.59 in chips)
Seat 5: ct-650 ($251.11 in chips)
ct-650: posts small blind $1
ALPEVE85: posts big blind $3
*** HOLE CARDS ***
ct-650: folds
Uncalled bet ($2) returned to ALPEVE85
ALPEVE85 collected $2 from pot
ALPEVE85: doesn't show hand
*** SUMMARY ***
Total pot $2 | Rake $0
Seat 4: ALPEVE85 (big blind) collected ($2)
Seat 5: ct-650 (button) (small blind) folded before Flop


PokerStars Hand #144593522007:  Hold'em Limit ($3/$6 USD) - 2015/11/29 22:03:24 ET
Table 'Melusina' 10-max Seat #4 is the button
Seat 4: ALPEVE85 ($61.59 in chips)
Seat 5: ct-650 ($250.11 in chips)
ALPEVE85: posts small blind $1
ct-650: posts big blind $3
*** HOLE CARDS ***
ALPEVE85: folds
Uncalled bet ($2) returned to ct-650
ct-650 collected $2 from pot
*** SUMMARY ***
Total pot $2 | Rake $0
Seat 4: ALPEVE85 (button) (small blind) folded before Flop
Seat 5: ct-650 (big blind) collected ($2)


PokerStars Hand #144593519984:  Hold'em Limit ($3/$6 USD) - 2015/11/29 22:03:19 ET
Table 'Melusina' 10-max Seat #5 is the button
Seat 4: ALPEVE85 ($60.59 in chips)
Seat 5: ct-650 ($251.11 in chips)
ct-650: posts small blind $1
ALPEVE85: posts big blind $3
*** HOLE CARDS ***
ct-650: folds
Uncalled bet ($2) returned to ALPEVE85
ALPEVE85 collected $2 from pot
ALPEVE85: doesn't show hand
*** SUMMARY ***
Total pot $2 | Rake $0
Seat 4: ALPEVE85 (big blind) collected ($2)
Seat 5: ct-650 (button) (small blind) folded before Flop


PokerStars Hand #144593499462:  Hold'em Limit ($3/$6 USD) - 2015/11/29 22:02:23 ET
Table 'Melusina' 10-max Seat #4 is the button
Seat 4: ALPEVE85 ($46.09 in chips)
Seat 5: ct-650 ($266.11 in chips)
ALPEVE85: posts small blind $1
ct-650: posts big blind $3
*** HOLE CARDS ***
ALPEVE85: calls $2
ct-650: raises $3 to $6
ALPEVE85: calls $3
*** FLOP *** [2c 9c 3c]
ct-650: checks
ALPEVE85: bets $3
ct-650: calls $3
*** TURN *** [2c 9c 3c] [5s]
ct-650: bets $6
ALPEVE85: calls $6
*** RIVER *** [2c 9c 3c 5s] [Jc]
ct-650: checks
ALPEVE85: bets $6
ct-650: folds
Uncalled bet ($6) returned to ALPEVE85
ALPEVE85 collected $29.50 from pot
ALPEVE85: doesn't show hand
*** SUMMARY ***
Total pot $30 | Rake $0.50
Board [2c 9c 3c 5s Jc]
Seat 4: ALPEVE85 (button) (small blind) collected ($29.50)
Seat 5: ct-650 (big blind) folded on the River


PokerStars Hand #144593554272:  Hold'em Limit ($3/$6 USD) - 2015/11/29 22:04:52 ET
Table 'Melusina' 10-max Seat #4 is the button
Seat 4: ALPEVE85 ($70.97 in chips)
Seat 5: ct-650 ($239.61 in chips)
ALPEVE85: posts small blind $1
ct-650: posts big blind $3
*** HOLE CARDS ***
ALPEVE85: raises $3 to $6
ct-650: folds
Uncalled bet ($3) returned to ALPEVE85
ALPEVE85 collected $6 from pot
ALPEVE85: doesn't show hand
*** SUMMARY ***
Total pot $6 | Rake $0
Seat 4: ALPEVE85 (button) (small blind) collected ($6)
Seat 5: ct-650 (big blind) folded before Flop


PokerStars Hand #144593546916:  Hold'em Limit ($3/$6 USD) - 2015/11/29 22:04:32 ET
Table 'Melusina' 10-max Seat #5 is the button
Seat 4: ALPEVE85 ($91.97 in chips)
Seat 5: ct-650 ($219.11 in chips)
ct-650: posts small blind $1
ALPEVE85: posts big blind $3
*** HOLE CARDS ***
ct-650: raises $3 to $6
ALPEVE85: calls $3
*** FLOP *** [Qs 6s 2h]
ALPEVE85: checks
ct-650: bets $3
ALPEVE85: calls $3
*** TURN *** [Qs 6s 2h] [9d]
ALPEVE85: checks
ct-650: bets $6
ALPEVE85: calls $6
*** RIVER *** [Qs 6s 2h 9d] [Qc]
ALPEVE85: bets $6
ct-650: calls $6
*** SHOW DOWN ***
ALPEVE85: shows [4h 3s] (a pair of Queens)
ct-650: shows [8d 6d] (two pair, Queens and Sixes)
ct-650 collected $41.50 from pot
*** SUMMARY ***
Total pot $42 | Rake $0.50
Board [Qs 6s 2h 9d Qc]
Seat 4: ALPEVE85 (big blind) showed [4h 3s] and lost with a pair of Queens
Seat 5: ct-650 (button) (small blind) showed [8d 6d] and won ($41.50) with two pair, Queens and Sixes


PokerStars Hand #144593534588:  Hold'em Limit ($3/$6 USD) - 2015/11/29 22:03:58 ET
Table 'Melusina' 10-max Seat #4 is the button
Seat 4: ALPEVE85 ($65.47 in chips)
Seat 5: ct-650 ($246.11 in chips)
ALPEVE85: posts small blind $1
ct-650: posts big blind $3
*** HOLE CARDS ***
ALPEVE85: raises $3 to $6
ct-650: calls $3
*** FLOP *** [7d Ah 9c]
ct-650: checks
ALPEVE85: bets $3
ct-650: calls $3
*** TURN *** [7d Ah 9c] [Ks]
ct-650: checks
ALPEVE85: bets $6
ct-650: calls $6
*** RIVER *** [7d Ah 9c Ks] [5s]
ct-650: bets $6
ALPEVE85: raises $6 to $12
ct-650: calls $6
*** SHOW DOWN ***
ALPEVE85: shows [Ac 7c] (two pair, Aces and Sevens)
ct-650: mucks hand
ALPEVE85 collected $53.50 from pot
*** SUMMARY ***
Total pot $54 | Rake $0.50
Board [7d Ah 9c Ks 5s]
Seat 4: ALPEVE85 (button) (small blind) showed [Ac 7c] and won ($53.50) with two pair, Aces and Sevens
Seat 5: ct-650 (big blind) mucked


PokerStars Hand #144593580010:  Hold'em Limit ($3/$6 USD) - 2015/11/29 22:06:03 ET
Table 'Melusina' 10-max Seat #5 is the button
Seat 4: ALPEVE85 ($64.61 in chips)
Seat 5: ct-650 ($245.11 in chips)
ct-650: posts small blind $1
ALPEVE85: posts big blind $3
*** HOLE CARDS ***
ct-650: folds
Uncalled bet ($2) returned to ALPEVE85
ALPEVE85 collected $2 from pot
ALPEVE85: doesn't show hand
*** SUMMARY ***
Total pot $2 | Rake $0
Seat 4: ALPEVE85 (big blind) collected ($2)
Seat 5: ct-650 (button) (small blind) folded before Flop


PokerStars Hand #144593578091:  Hold'em Limit ($3/$6 USD) - 2015/11/29 22:05:58 ET
Table 'Melusina' 10-max Seat #4 is the button
Seat 4: ALPEVE85 ($61.61 in chips)
Seat 5: ct-650 ($248.11 in chips)
ALPEVE85: posts small blind $1
ct-650: posts big blind $3
*** HOLE CARDS ***
ALPEVE85: raises $3 to $6
ct-650: folds
Uncalled bet ($3) returned to ALPEVE85
ALPEVE85 collected $6 from pot
ALPEVE85: doesn't show hand
*** SUMMARY ***
Total pot $6 | Rake $0
Seat 4: ALPEVE85 (button) (small blind) collected ($6)
Seat 5: ct-650 (big blind) folded before Flop


PokerStars Hand #144593569341:  Hold'em Limit ($3/$6 USD) - 2015/11/29 22:05:33 ET
Table 'Melusina' 10-max Seat #5 is the button
Seat 4: ALPEVE85 ($85.61 in chips)
Seat 5: ct-650 ($224.61 in chips)
ct-650: posts small blind $1
ALPEVE85: posts big blind $3
*** HOLE CARDS ***
ct-650: raises $3 to $6
ALPEVE85: raises $3 to $9
ct-650: calls $3
*** FLOP *** [3s 9s Kh]
ALPEVE85: bets $3
ct-650: calls $3
*** TURN *** [3s 9s Kh] [Tc]
ALPEVE85: bets $6
ct-650: calls $6
*** RIVER *** [3s 9s Kh Tc] [Kd]
ALPEVE85: bets $6
ct-650: calls $6
*** SHOW DOWN ***
ALPEVE85: shows [6h 8h] (a pair of Kings)
ct-650: shows [Jh Td] (two pair, Kings and Tens)
ct-650 collected $47.50 from pot
*** SUMMARY ***
Total pot $48 | Rake $0.50
Board [3s 9s Kh Tc Kd]
Seat 4: ALPEVE85 (big blind) showed [6h 8h] and lost with a pair of Kings
Seat 5: ct-650 (button) (small blind) showed [Jh Td] and won ($47.50) with two pair, Kings and Tens


PokerStars Hand #144593567358:  Hold'em Limit ($3/$6 USD) - 2015/11/29 22:05:28 ET
Table 'Melusina' 10-max Seat #4 is the button
Seat 4: ALPEVE85 ($82.61 in chips)
Seat 5: ct-650 ($227.61 in chips)
ALPEVE85: posts small blind $1
ct-650: posts big blind $3
*** HOLE CARDS ***
ALPEVE85: raises $3 to $6
ct-650: folds
Uncalled bet ($3) returned to ALPEVE85
ALPEVE85 collected $6 from pot
ALPEVE85: doesn't show hand
*** SUMMARY ***
Total pot $6 | Rake $0
Seat 4: ALPEVE85 (button) (small blind) collected ($6)
Seat 5: ct-650 (big blind) folded before Flop


PokerStars Hand #144593558296:  Hold'em Limit ($3/$6 USD) - 2015/11/29 22:05:03 ET
Table 'Melusina' 10-max Seat #5 is the button
Seat 4: ALPEVE85 ($73.97 in chips)
Seat 5: ct-650 ($236.61 in chips)
ct-650: posts small blind $1
ALPEVE85: posts big blind $3
*** HOLE CARDS ***
ct-650: raises $3 to $6
ALPEVE85: raises $3 to $9
ct-650: calls $3
*** FLOP *** [Qc 7c 7s]
ALPEVE85: bets $3
ct-650: folds
Uncalled bet ($3) returned to ALPEVE85
ALPEVE85 collected $17.64 from pot
ALPEVE85: doesn't show hand
*** SUMMARY ***
Total pot $18 | Rake $0.36
Board [Qc 7c 7s]
Seat 4: ALPEVE85 (big blind) collected ($17.64)
Seat 5: ct-650 (button) (small blind) folded on the Flop


PokerStars Hand #144593592732:  Hold'em Limit ($3/$6 USD) - 2015/11/29 22:06:38 ET
Table 'Melusina' 10-max Seat #5 is the button
Seat 4: ALPEVE85 ($62.61 in chips)
Seat 5: ct-650 ($246.99 in chips)
ct-650: posts small blind $1
ALPEVE85: posts big blind $3
*** HOLE CARDS ***
ct-650: raises $3 to $6
ALPEVE85: raises $3 to $9
ct-650: calls $3
*** FLOP *** [Ks 7c Tc]
ALPEVE85: bets $3
ct-650: folds
Uncalled bet ($3) returned to ALPEVE85
ALPEVE85 collected $17.64 from pot
ALPEVE85: doesn't show hand
*** SUMMARY ***
Total pot $18 | Rake $0.36
Board [Ks 7c Tc]
Seat 4: ALPEVE85 (big blind) collected ($17.64)
Seat 5: ct-650 (button) (small blind) folded on the Flop


PokerStars Hand #144593586819:  Hold'em Limit ($3/$6 USD) - 2015/11/29 22:06:22 ET
Table 'Melusina' 10-max Seat #4 is the button
Seat 4: ALPEVE85 ($65.61 in chips)
Seat 5: ct-650 ($244.11 in chips)
ALPEVE85: posts small blind $1
ct-650: posts big blind $3
*** HOLE CARDS ***
ALPEVE85: calls $2
ct-650: checks
*** FLOP *** [Kd 3d 7d]
ct-650: bets $3
ALPEVE85: folds
Uncalled bet ($3) returned to ct-650
ct-650 collected $5.88 from pot
*** SUMMARY ***
Total pot $6 | Rake $0.12
Board [Kd 3d 7d]
Seat 4: ALPEVE85 (button) (small blind) folded on the Flop
Seat 5: ct-650 (big blind) collected ($5.88)


PokerStars Hand #144593584605:  Hold'em Limit ($3/$6 USD) - 2015/11/29 22:06:16 ET
Table 'Melusina' 10-max Seat #5 is the button
Seat 4: ALPEVE85 ($64.61 in chips)
Seat 5: ct-650 ($245.11 in chips)
ct-650: posts small blind $1
ALPEVE85: posts big blind $3
*** HOLE CARDS ***
ct-650: folds
Uncalled bet ($2) returned to ALPEVE85
ALPEVE85 collected $2 from pot
ALPEVE85: doesn't show hand
*** SUMMARY ***
Total pot $2 | Rake $0
Seat 4: ALPEVE85 (big blind) collected ($2)
Seat 5: ct-650 (button) (small blind) folded before Flop


PokerStars Hand #144593582232:  Hold'em Limit ($3/$6 USD) - 2015/11/29 22:06:09 ET
Table 'Melusina' 10-max Seat #4 is the button
Seat 4: ALPEVE85 ($65.61 in chips)
Seat 5: ct-650 ($244.11 in chips)
ALPEVE85: posts small blind $1
ct-650: posts big blind $3
*** HOLE CARDS ***
ALPEVE85: folds
Uncalled bet ($2) returned to ct-650
ct-650 collected $2 from pot
*** SUMMARY ***
Total pot $2 | Rake $0
Seat 4: ALPEVE85 (button) (small blind) folded before Flop
Seat 5: ct-650 (big blind) collected ($2)


PokerStars Hand #144593600035:  Hold'em Limit ($3/$6 USD) - 2015/11/29 22:06:59 ET
Table 'Melusina' 10-max Seat #4 is the button
Seat 4: ALPEVE85 ($71.25 in chips)
Seat 5: ct-650 ($237.99 in chips)
ALPEVE85: posts small blind $1
ct-650: posts big blind $3
*** HOLE CARDS ***
ALPEVE85: raises $3 to $6
ct-650: calls $3
*** FLOP *** [Qd 2c 4h]
ct-650: checks
ALPEVE85: checks
*** TURN *** [Qd 2c 4h] [4s]
ct-650: checks
ALPEVE85: bets $6
ct-650: calls $6
*** RIVER *** [Qd 2c 4h 4s] [Td]
ct-650: checks
ALPEVE85: bets $6
ct-650: folds
Uncalled bet ($6) returned to ALPEVE85
ALPEVE85 collected $23.52 from pot
ALPEVE85: doesn't show hand
*** SUMMARY ***
Total pot $24 | Rake $0.48
Board [Qd 2c 4h 4s Td]
Seat 4: ALPEVE85 (button) (small blind) collected ($23.52)
Seat 5: ct-650 (big blind) folded on the River


PokerStars Hand #144593610851:  Hold'em Limit ($3/$6 USD) - 2015/11/29 22:07:29 ET
Table 'Melusina' 10-max Seat #5 is the button
Seat 4: ALPEVE85 ($82.77 in chips)
Seat 5: ct-650 ($225.99 in chips)
ct-650: posts small blind $1
ALPEVE85: posts big blind $3
*** HOLE CARDS ***
ct-650: raises $3 to $6
ALPEVE85: raises $3 to $9
ct-650: calls $3
*** FLOP *** [Ks Qs 9h]
ALPEVE85: bets $3
ct-650: calls $3
*** TURN *** [Ks Qs 9h] [7s]
ALPEVE85: bets $6
ct-650: raises $6 to $12
ALPEVE85: calls $6
*** RIVER *** [Ks Qs 9h 7s] [Jc]
ALPEVE85: checks
ct-650: bets $6
ALPEVE85: folds
Uncalled bet ($6) returned to ct-650
ct-650 collected $47.50 from pot
*** SUMMARY ***
Total pot $48 | Rake $0.50
Board [Ks Qs 9h 7s Jc]
Seat 4: ALPEVE85 (big blind) folded on the River
Seat 5: ct-650 (button) (small blind) collected ($47.50)


PokerStars Hand #144593622379:  Hold'em Limit ($3/$6 USD) - 2015/11/29 22:08:00 ET
Table 'Melusina' 10-max Seat #4 is the button
Seat 4: ALPEVE85 ($58.77 in chips)
Seat 5: ct-650 ($249.49 in chips)
ALPEVE85: posts small blind $1
ct-650: posts big blind $3
*** HOLE CARDS ***
ALPEVE85: calls $2
ct-650: checks
*** FLOP *** [3h 7s As]
ct-650: bets $3
ALPEVE85: raises $3 to $6
ct-650: calls $3
*** TURN *** [3h 7s As] [Ad]
ct-650: bets $6
ALPEVE85: raises $6 to $12
ct-650: calls $6
*** RIVER *** [3h 7s As Ad] [Jc]
ct-650: checks
ALPEVE85: bets $6
ct-650: calls $6
*** SHOW DOWN ***
ALPEVE85: shows [4s 9s] (a pair of Aces)
ct-650: shows [Kc 7h] (two pair, Aces and Sevens)
ct-650 collected $53.50 from pot
*** SUMMARY ***
Total pot $54 | Rake $0.50
Board [3h 7s As Ad Jc]
Seat 4: ALPEVE85 (button) (small blind) showed [4s 9s] and lost with a pair of Aces
Seat 5: ct-650 (big blind) showed [Kc 7h] and won ($53.50) with two pair, Aces and Sevens


PokerStars Hand #144593633745:  Hold'em Limit ($3/$6 USD) - 2015/11/29 22:08:32 ET
Table 'Melusina' 10-max Seat #5 is the button
Seat 4: ALPEVE85 ($31.77 in chips)
Seat 5: ct-650 ($275.99 in chips)
ct-650: posts small blind $1
ALPEVE85: posts big blind $3
*** HOLE CARDS ***
ct-650: raises $3 to $6
ALPEVE85: raises $3 to $9
ct-650: calls $3
*** FLOP *** [Jc 5h Jh]
ALPEVE85: bets $3
ct-650: calls $3
*** TURN *** [Jc 5h Jh] [4s]
ALPEVE85: bets $6
ct-650: calls $6
*** RIVER *** [Jc 5h Jh 4s] [4h]
ALPEVE85: bets $6
ct-650: calls $6
*** SHOW DOWN ***
ALPEVE85: shows [8s 8d] (two pair, Jacks and Eights)
ct-650: mucks hand
ALPEVE85 collected $47.50 from pot
*** SUMMARY ***
Total pot $48 | Rake $0.50
Board [Jc 5h Jh 4s 4h]
Seat 4: ALPEVE85 (big blind) showed [8s 8d] and won ($47.50) with two pair, Jacks and Eights
Seat 5: ct-650 (button) (small blind) mucked


PokerStars Hand #144593647362:  Hold'em Limit ($3/$6 USD) - 2015/11/29 22:09:10 ET
Table 'Melusina' 10-max Seat #5 is the button
Seat 4: ALPEVE85 ($58.15 in chips)
Seat 5: ct-650 ($248.99 in chips)
ct-650: posts small blind $1
ALPEVE85: posts big blind $3
*** HOLE CARDS ***
ct-650: raises $3 to $6
ALPEVE85: calls $3
*** FLOP *** [3s 7d Js]
ALPEVE85: checks
ct-650: bets $3
ALPEVE85: folds
Uncalled bet ($3) returned to ct-650
ct-650 collected $11.76 from pot
*** SUMMARY ***
Total pot $12 | Rake $0.24
Board [3s 7d Js]
Seat 4: ALPEVE85 (big blind) folded on the Flop
Seat 5: ct-650 (button) (small blind) collected ($11.76)


PokerStars Hand #144593653068:  Hold'em Limit ($3/$6 USD) - 2015/11/29 22:09:26 ET
Table 'Melusina' 10-max Seat #4 is the button
Seat 4: ALPEVE85 ($52.15 in chips)
Seat 5: ct-650 ($254.75 in chips)
ALPEVE85: posts small blind $1
ct-650: posts big blind $3
*** HOLE CARDS ***
ALPEVE85: calls $2
ct-650: raises $3 to $6
ALPEVE85: raises $3 to $9
ct-650: calls $3
*** FLOP *** [7d 4h 4s]
ct-650: checks
ALPEVE85: bets $3
ct-650: calls $3
*** TURN *** [7d 4h 4s] [Kc]
ct-650: checks
ALPEVE85: bets $6
ct-650: calls $6
*** RIVER *** [7d 4h 4s Kc] [8d]
ct-650: checks
ALPEVE85: bets $6
ct-650: calls $6
*** SHOW DOWN ***
ALPEVE85: shows [Kd Ts] (two pair, Kings and Fours)
ct-650: mucks hand
ALPEVE85 collected $47.50 from pot
*** SUMMARY ***
Total pot $48 | Rake $0.50
Board [7d 4h 4s Kc 8d]
Seat 4: ALPEVE85 (button) (small blind) showed [Kd Ts] and won ($47.50) with two pair, Kings and Fours
Seat 5: ct-650 (big blind) mucked


PokerStars Hand #144593665309:  Hold'em Limit ($3/$6 USD) - 2015/11/29 22:10:01 ET
Table 'Melusina' 10-max Seat #5 is the button
Seat 4: ALPEVE85 ($75.65 in chips)
Seat 5: ct-650 ($230.75 in chips)
ct-650: posts small blind $1
ALPEVE85: posts big blind $3
*** HOLE CARDS ***
ct-650: raises $3 to $6
ALPEVE85: calls $3
*** FLOP *** [6s Ks 3d]
ALPEVE85: checks
ct-650: bets $3
ALPEVE85: calls $3
*** TURN *** [6s Ks 3d] [6h]
ALPEVE85: bets $6
ct-650: raises $6 to $12
ALPEVE85: folds
Uncalled bet ($6) returned to ct-650
ct-650 collected $29.50 from pot
*** SUMMARY ***
Total pot $30 | Rake $0.50
Board [6s Ks 3d 6h]
Seat 4: ALPEVE85 (big blind) folded on the Turn
Seat 5: ct-650 (button) (small blind) collected ($29.50)


PokerStars Hand #144593675317:  Hold'em Limit ($3/$6 USD) - 2015/11/29 22:10:29 ET
Table 'Melusina' 10-max Seat #4 is the button
Seat 4: ALPEVE85 ($60.65 in chips)
Seat 5: ct-650 ($245.25 in chips)
ALPEVE85: posts small blind $1
ct-650: posts big blind $3
*** HOLE CARDS ***
ALPEVE85: calls $2
ct-650: checks
*** FLOP *** [7s 3d Tc]
ct-650: checks
ALPEVE85: bets $3
ct-650: folds
Uncalled bet ($3) returned to ALPEVE85
ALPEVE85 collected $5.88 from pot
ALPEVE85: doesn't show hand
*** SUMMARY ***
Total pot $6 | Rake $0.12
Board [7s 3d Tc]
Seat 4: ALPEVE85 (button) (small blind) collected ($5.88)
Seat 5: ct-650 (big blind) folded on the Flop


PokerStars Hand #144593687176:  Hold'em Limit ($3/$6 USD) - 2015/11/29 22:11:03 ET
Table 'Melusina' 10-max Seat #4 is the button
Seat 4: ALPEVE85 ($39.53 in chips)
Seat 5: ct-650 ($265.75 in chips)
ALPEVE85: posts small blind $1
ct-650: posts big blind $3
*** HOLE CARDS ***
ALPEVE85: folds
Uncalled bet ($2) returned to ct-650
ct-650 collected $2 from pot
*** SUMMARY ***
Total pot $2 | Rake $0
Seat 4: ALPEVE85 (button) (small blind) folded before Flop
Seat 5: ct-650 (big blind) collected ($2)


PokerStars Hand #144593689413:  Hold'em Limit ($3/$6 USD) - 2015/11/29 22:11:09 ET
Table 'Melusina' 10-max Seat #5 is the button
Seat 4: ALPEVE85 ($38.53 in chips)
Seat 5: ct-650 ($266.75 in chips)
ct-650: posts small blind $1
ALPEVE85: posts big blind $3
*** HOLE CARDS ***
ct-650: folds
Uncalled bet ($2) returned to ALPEVE85
ALPEVE85 collected $2 from pot
ALPEVE85: doesn't show hand
*** SUMMARY ***
Total pot $2 | Rake $0
Seat 4: ALPEVE85 (big blind) collected ($2)
Seat 5: ct-650 (button) (small blind) folded before Flop


PokerStars Hand #144593700822:  Hold'em Limit ($3/$6 USD) - 2015/11/29 22:11:42 ET
Table 'Melusina' 10-max Seat #5 is the button
Seat 4: ALPEVE85 ($51.05 in chips)
Seat 5: ct-650 ($253.75 in chips)
ct-650: posts small blind $1
ALPEVE85: posts big blind $3
*** HOLE CARDS ***
ct-650: folds
Uncalled bet ($2) returned to ALPEVE85
ALPEVE85 collected $2 from pot
ALPEVE85: doesn't show hand
*** SUMMARY ***
Total pot $2 | Rake $0
Seat 4: ALPEVE85 (big blind) collected ($2)
Seat 5: ct-650 (button) (small blind) folded before Flop


PokerStars Hand #144593702520:  Hold'em Limit ($3/$6 USD) - 2015/11/29 22:11:47 ET
Table 'Melusina' 10-max Seat #4 is the button
Seat 4: ALPEVE85 ($52.05 in chips)
Seat 5: ct-650 ($252.75 in chips)
ALPEVE85: posts small blind $1
ct-650: posts big blind $3
*** HOLE CARDS ***
ALPEVE85: folds
Uncalled bet ($2) returned to ct-650
ct-650 collected $2 from pot
*** SUMMARY ***
Total pot $2 | Rake $0
Seat 4: ALPEVE85 (button) (small blind) folded before Flop
Seat 5: ct-650 (big blind) collected ($2)


PokerStars Hand #144593704977:  Hold'em Limit ($3/$6 USD) - 2015/11/29 22:11:53 ET
Table 'Melusina' 10-max Seat #5 is the button
Seat 4: ALPEVE85 ($51.05 in chips)
Seat 5: ct-650 ($253.75 in chips)
ct-650: posts small blind $1
ALPEVE85: posts big blind $3
*** HOLE CARDS ***
ct-650: raises $3 to $6
ALPEVE85: calls $3
*** FLOP *** [5d Js 3d]
ALPEVE85: bets $3
ct-650: calls $3
*** TURN *** [5d Js 3d] [Qs]
ALPEVE85: bets $6
ct-650: calls $6
*** RIVER *** [5d Js 3d Qs] [Qc]
ALPEVE85: bets $6
ct-650: calls $6
*** SHOW DOWN ***
ALPEVE85: shows [6h 5s] (two pair, Queens and Fives)
ct-650: mucks hand
ALPEVE85 collected $41.50 from pot
*** SUMMARY ***
Total pot $42 | Rake $0.50
Board [5d Js 3d Qs Qc]
Seat 4: ALPEVE85 (big blind) showed [6h 5s] and won ($41.50) with two pair, Queens and Fives
Seat 5: ct-650 (button) (small blind) mucked


PokerStars Hand #144593712517:  Hold'em Limit ($3/$6 USD) - 2015/11/29 22:12:15 ET
Table 'Melusina' 10-max Seat #4 is the button
Seat 4: ALPEVE85 ($71.55 in chips)
Seat 5: ct-650 ($232.75 in chips)
ALPEVE85: posts small blind $1
ct-650: posts big blind $3
*** HOLE CARDS ***
ALPEVE85: calls $2
ct-650: raises $3 to $6
ALPEVE85: calls $3
*** FLOP *** [5s 2c 3s]
ct-650: bets $3
ALPEVE85: raises $3 to $6
ct-650: calls $3
*** TURN *** [5s 2c 3s] [3d]
ct-650: checks
ALPEVE85: bets $6
ct-650: raises $6 to $12
ALPEVE85: folds
Uncalled bet ($6) returned to ct-650
ct-650 collected $35.50 from pot
*** SUMMARY ***
Total pot $36 | Rake $0.50
Board [5s 2c 3s 3d]
Seat 4: ALPEVE85 (button) (small blind) folded on the Turn
Seat 5: ct-650 (big blind) collected ($35.50)


PokerStars Hand #144593721013:  Hold'em Limit ($3/$6 USD) - 2015/11/29 22:12:39 ET
Table 'Melusina' 10-max Seat #5 is the button
Seat 4: ALPEVE85 ($53.55 in chips)
Seat 5: ct-650 ($250.25 in chips)
ct-650: posts small blind $1
ALPEVE85: posts big blind $3
*** HOLE CARDS ***
ct-650: raises $3 to $6
ALPEVE85: raises $3 to $9
ct-650: calls $3
*** FLOP *** [9c 4d 5d]
ALPEVE85: bets $3
ct-650: calls $3
*** TURN *** [9c 4d 5d] [Kh]
ALPEVE85: checks
ct-650: bets $6
ALPEVE85: calls $6
*** RIVER *** [9c 4d 5d Kh] [Qh]
ALPEVE85: checks
ct-650: checks
*** SHOW DOWN ***
ALPEVE85: shows [Ts Qc] (a pair of Queens)
ct-650: mucks hand
ALPEVE85 collected $35.50 from pot
*** SUMMARY ***
Total pot $36 | Rake $0.50
Board [9c 4d 5d Kh Qh]
Seat 4: ALPEVE85 (big blind) showed [Ts Qc] and won ($35.50) with a pair of Queens
Seat 5: ct-650 (button) (small blind) mucked


PokerStars Hand #144593729495:  Hold'em Limit ($3/$6 USD) - 2015/11/29 22:13:03 ET
Table 'Melusina' 10-max Seat #4 is the button
Seat 4: ALPEVE85 ($71.05 in chips)
Seat 5: ct-650 ($232.25 in chips)
ALPEVE85: posts small blind $1
ct-650: posts big blind $3
*** HOLE CARDS ***
ALPEVE85: calls $2
ct-650: checks
*** FLOP *** [5h Qs 4c]
ct-650: checks
ALPEVE85: bets $3
ct-650: raises $3 to $6
ALPEVE85: calls $3
*** TURN *** [5h Qs 4c] [As]
ct-650: bets $6
ALPEVE85: folds
Uncalled bet ($6) returned to ct-650
ct-650 collected $17.64 from pot
*** SUMMARY ***
Total pot $18 | Rake $0.36
Board [5h Qs 4c As]
Seat 4: ALPEVE85 (button) (small blind) folded on the Turn
Seat 5: ct-650 (big blind) collected ($17.64)


PokerStars Hand #144593737873:  Hold'em Limit ($3/$6 USD) - 2015/11/29 22:13:27 ET
Table 'Melusina' 10-max Seat #5 is the button
Seat 4: ALPEVE85 ($62.05 in chips)
Seat 5: ct-650 ($240.89 in chips)
ct-650: posts small blind $1
ALPEVE85: posts big blind $3
*** HOLE CARDS ***
ct-650: folds
Uncalled bet ($2) returned to ALPEVE85
ALPEVE85 collected $2 from pot
ALPEVE85: doesn't show hand
*** SUMMARY ***
Total pot $2 | Rake $0
Seat 4: ALPEVE85 (big blind) collected ($2)
Seat 5: ct-650 (button) (small blind) folded before Flop


PokerStars Hand #144593739729:  Hold'em Limit ($3/$6 USD) - 2015/11/29 22:13:32 ET
Table 'Melusina' 10-max Seat #4 is the button
Seat 4: ALPEVE85 ($63.05 in chips)
Seat 5: ct-650 ($239.89 in chips)
ALPEVE85: posts small blind $1
ct-650: posts big blind $3
*** HOLE CARDS ***
ALPEVE85: calls $2
ct-650: raises $3 to $6
ALPEVE85: calls $3
*** FLOP *** [As 5h Ts]
ct-650: bets $3
ALPEVE85: folds
Uncalled bet ($3) returned to ct-650
ct-650 collected $11.76 from pot
*** SUMMARY ***
Total pot $12 | Rake $0.24
Board [As 5h Ts]
Seat 4: ALPEVE85 (button) (small blind) folded on the Flop
Seat 5: ct-650 (big blind) collected ($11.76)


PokerStars Hand #144593756485:  Hold'em Limit ($3/$6 USD) - 2015/11/29 22:14:19 ET
Table 'Melusina' 10-max Seat #4 is the button
Seat 4: ALPEVE85 ($33.05 in chips)
Seat 5: ct-650 ($269.15 in chips)
ALPEVE85: posts small blind $1
ct-650: posts big blind $3
*** HOLE CARDS ***
ALPEVE85: folds
Uncalled bet ($2) returned to ct-650
ct-650 collected $2 from pot
*** SUMMARY ***
Total pot $2 | Rake $0
Seat 4: ALPEVE85 (button) (small blind) folded before Flop
Seat 5: ct-650 (big blind) collected ($2)


PokerStars Hand #144593759475:  Hold'em Limit ($3/$6 USD) - 2015/11/29 22:14:27 ET
Table 'Melusina' 10-max Seat #5 is the button
Seat 4: ALPEVE85 ($32.05 in chips)
Seat 5: ct-650 ($270.15 in chips)
ct-650: posts small blind $1
ALPEVE85: posts big blind $3
*** HOLE CARDS ***
ct-650: folds
Uncalled bet ($2) returned to ALPEVE85
ALPEVE85 collected $2 from pot
ALPEVE85: doesn't show hand
*** SUMMARY ***
Total pot $2 | Rake $0
Seat 4: ALPEVE85 (big blind) collected ($2)
Seat 5: ct-650 (button) (small blind) folded before Flop


PokerStars Hand #144593761313:  Hold'em Limit ($3/$6 USD) - 2015/11/29 22:14:33 ET
Table 'Melusina' 10-max Seat #4 is the button
Seat 4: ALPEVE85 ($33.05 in chips)
Seat 5: ct-650 ($269.15 in chips)
ALPEVE85: posts small blind $1
ct-650: posts big blind $3
*** HOLE CARDS ***
ALPEVE85: calls $2
ct-650: checks
*** FLOP *** [6h 7d 2h]
ct-650: checks
ALPEVE85: checks
*** TURN *** [6h 7d 2h] [9h]
ct-650: bets $6
ALPEVE85: raises $6 to $12
ct-650: calls $6
*** RIVER *** [6h 7d 2h 9h] [2d]
ct-650: checks
ALPEVE85: bets $6
ct-650: calls $6
*** SHOW DOWN ***
ALPEVE85: shows [Ah Jh] (a flush, Ace high)
ct-650: mucks hand
ALPEVE85 collected $41.50 from pot
*** SUMMARY ***
Total pot $42 | Rake $0.50
Board [6h 7d 2h 9h 2d]
Seat 4: ALPEVE85 (button) (small blind) showed [Ah Jh] and won ($41.50) with a flush, Ace high
Seat 5: ct-650 (big blind) mucked


PokerStars Hand #144593744501:  Hold'em Limit ($3/$6 USD) - 2015/11/29 22:13:45 ET
Table 'Melusina' 10-max Seat #5 is the button
Seat 4: ALPEVE85 ($57.05 in chips)
Seat 5: ct-650 ($245.65 in chips)
ct-650: posts small blind $1
ALPEVE85: posts big blind $3
*** HOLE CARDS ***
ct-650: raises $3 to $6
ALPEVE85: raises $3 to $9
ct-650: calls $3
*** FLOP *** [4h Td 6s]
ALPEVE85: checks
ct-650: bets $3
ALPEVE85: calls $3
*** TURN *** [4h Td 6s] [3d]
ALPEVE85: checks
ct-650: bets $6
ALPEVE85: calls $6
*** RIVER *** [4h Td 6s 3d] [6c]
ALPEVE85: checks
ct-650: bets $6
ALPEVE85: calls $6
*** SHOW DOWN ***
ct-650: shows [5d 6d] (three of a kind, Sixes)
ALPEVE85: mucks hand
ct-650 collected $47.50 from pot
*** SUMMARY ***
Total pot $48 | Rake $0.50
Board [4h Td 6s 3d 6c]
Seat 4: ALPEVE85 (big blind) mucked
Seat 5: ct-650 (button) (small blind) showed [5d 6d] and won ($47.50) with three of a kind, Sixes


PokerStars Hand #144593782709:  Hold'em Limit ($3/$6 USD) - 2015/11/29 22:15:33 ET
Table 'Melusina' 10-max Seat #5 is the button
Seat 4: ALPEVE85 ($23.55 in chips)
Seat 5: ct-650 ($277.29 in chips)
ct-650: posts small blind $1
ALPEVE85: posts big blind $3
*** HOLE CARDS ***
ct-650: raises $3 to $6
ALPEVE85: folds
Uncalled bet ($3) returned to ct-650
ct-650 collected $6 from pot
*** SUMMARY ***
Total pot $6 | Rake $0
Seat 4: ALPEVE85 (big blind) folded before Flop
Seat 5: ct-650 (button) (small blind) collected ($6)


PokerStars Hand #144593776090:  Hold'em Limit ($3/$6 USD) - 2015/11/29 22:15:15 ET
Table 'Melusina' 10-max Seat #4 is the button
Seat 4: ALPEVE85 ($32.55 in chips)
Seat 5: ct-650 ($268.65 in chips)
ALPEVE85: posts small blind $1
ct-650: posts big blind $3
*** HOLE CARDS ***
ALPEVE85: calls $2
ct-650: checks
*** FLOP *** [8c 6c 4d]
ct-650: bets $3
ALPEVE85: raises $3 to $6
ct-650: calls $3
*** TURN *** [8c 6c 4d] [Ah]
ct-650: checks
ALPEVE85: checks
*** RIVER *** [8c 6c 4d Ah] [9h]
ct-650: checks
ALPEVE85: checks
*** SHOW DOWN ***
ct-650: shows [6h Jd] (a pair of Sixes)
ALPEVE85: mucks hand
ct-650 collected $17.64 from pot
*** SUMMARY ***
Total pot $18 | Rake $0.36
Board [8c 6c 4d Ah 9h]
Seat 4: ALPEVE85 (button) (small blind) mucked
Seat 5: ct-650 (big blind) showed [6h Jd] and won ($17.64) with a pair of Sixes


PokerStars Hand #144593785128:  Hold'em Limit ($3/$6 USD) - 2015/11/29 22:15:40 ET
Table 'Melusina' 10-max Seat #4 is the button
Seat 4: ALPEVE85 ($20.55 in chips)
Seat 5: ct-650 ($280.29 in chips)
ALPEVE85: posts small blind $1
ct-650: posts big blind $3
*** HOLE CARDS ***
ALPEVE85: folds
Uncalled bet ($2) returned to ct-650
ct-650 collected $2 from pot
*** SUMMARY ***
Total pot $2 | Rake $0
Seat 4: ALPEVE85 (button) (small blind) folded before Flop
Seat 5: ct-650 (big blind) collected ($2)


PokerStars Hand #144593787148:  Hold'em Limit ($3/$6 USD) - 2015/11/29 22:15:46 ET
Table 'Melusina' 10-max Seat #5 is the button
Seat 4: ALPEVE85 ($19.55 in chips)
Seat 5: ct-650 ($281.29 in chips)
ct-650: posts small blind $1
ALPEVE85: posts big blind $3
*** HOLE CARDS ***
ct-650: raises $3 to $6
ALPEVE85: raises $3 to $9
ct-650: calls $3
*** FLOP *** [7c Qd 9h]
ALPEVE85: bets $3
ct-650: folds
Uncalled bet ($3) returned to ALPEVE85
ALPEVE85 collected $17.64 from pot
ALPEVE85: doesn't show hand
*** SUMMARY ***
Total pot $18 | Rake $0.36
Board [7c Qd 9h]
Seat 4: ALPEVE85 (big blind) collected ($17.64)
Seat 5: ct-650 (button) (small blind) folded on the Flop


PokerStars Hand #144593769779:  Hold'em Limit ($3/$6 USD) - 2015/11/29 22:14:57 ET
Table 'Melusina' 10-max Seat #5 is the button
Seat 4: ALPEVE85 ($53.55 in chips)
Seat 5: ct-650 ($248.15 in chips)
ct-650: posts small blind $1
ALPEVE85: posts big blind $3
*** HOLE CARDS ***
ct-650: raises $3 to $6
ALPEVE85: raises $3 to $9
ct-650: calls $3
*** FLOP *** [4s 9c Jh]
ALPEVE85: checks
ct-650: checks
*** TURN *** [4s 9c Jh] [2s]
ALPEVE85: bets $6
ct-650: calls $6
*** RIVER *** [4s 9c Jh 2s] [2h]
ALPEVE85: bets $6
ct-650: calls $6
*** SHOW DOWN ***
ALPEVE85: shows [Td Kc] (a pair of Deuces)
ct-650: shows [Ah 3s] (a pair of Deuces - Ace kicker)
ct-650 collected $41.50 from pot
*** SUMMARY ***
Total pot $42 | Rake $0.50
Board [4s 9c Jh 2s 2h]
Seat 4: ALPEVE85 (big blind) showed [Td Kc] and lost with a pair of Deuces
Seat 5: ct-650 (button) (small blind) showed [Ah 3s] and won ($41.50) with a pair of Deuces


PokerStars Hand #144593796391:  Hold'em Limit ($3/$6 USD) - 2015/11/29 22:16:12 ET
Table 'Melusina' 10-max Seat #5 is the button
Seat 4: ALPEVE85 ($25.19 in chips)
Seat 5: ct-650 ($275.17 in chips)
ct-650: posts small blind $1
ALPEVE85: posts big blind $3
*** HOLE CARDS ***
ct-650: raises $3 to $6
ALPEVE85: calls $3
*** FLOP *** [3d 7s Th]
ALPEVE85: checks
ct-650: bets $3
ALPEVE85: calls $3
*** TURN *** [3d 7s Th] [3s]
ALPEVE85: checks
ct-650: checks
*** RIVER *** [3d 7s Th 3s] [7h]
ALPEVE85: checks
ct-650: checks
*** SHOW DOWN ***
ALPEVE85: shows [Jd Qc] (two pair, Sevens and Threes)
ct-650: shows [Ks Jh] (two pair, Sevens and Threes - King kicker)
ct-650 collected $17.64 from pot
*** SUMMARY ***
Total pot $18 | Rake $0.36
Board [3d 7s Th 3s 7h]
Seat 4: ALPEVE85 (big blind) showed [Jd Qc] and lost with two pair, Sevens and Threes
Seat 5: ct-650 (button) (small blind) showed [Ks Jh] and won ($17.64) with two pair, Sevens and Threes


PokerStars Hand #144593802921:  Hold'em Limit ($3/$6 USD) - 2015/11/29 22:16:31 ET
Table 'Melusina' 10-max Seat #4 is the button
Seat 4: ALPEVE85 ($16.19 in chips)
Seat 5: ct-650 ($283.81 in chips)
ALPEVE85: posts small blind $1
ct-650: posts big blind $3
*** HOLE CARDS ***
ALPEVE85: calls $2
ct-650: checks
*** FLOP *** [7s 5h Qc]
ct-650: bets $3
ALPEVE85: calls $3
*** TURN *** [7s 5h Qc] [Qs]
ct-650: bets $6
ALPEVE85: folds
Uncalled bet ($6) returned to ct-650
ct-650 collected $11.76 from pot
*** SUMMARY ***
Total pot $12 | Rake $0.24
Board [7s 5h Qc Qs]
Seat 4: ALPEVE85 (button) (small blind) folded on the Turn
Seat 5: ct-650 (big blind) collected ($11.76)


PokerStars Hand #144593808900:  Hold'em Limit ($3/$6 USD) - 2015/11/29 22:16:48 ET
Table 'Melusina' 10-max Seat #5 is the button
Seat 4: ALPEVE85 ($10.19 in chips)
Seat 5: ct-650 ($289.57 in chips)
ct-650: posts small blind $1
ALPEVE85: posts big blind $3
*** HOLE CARDS ***
ct-650: raises $3 to $6
ALPEVE85: folds
Uncalled bet ($3) returned to ct-650
ct-650 collected $6 from pot
*** SUMMARY ***
Total pot $6 | Rake $0
Seat 4: ALPEVE85 (big blind) folded before Flop
Seat 5: ct-650 (button) (small blind) collected ($6)


PokerStars Hand #144593811624:  Hold'em Limit ($3/$6 USD) - 2015/11/29 22:16:56 ET
Table 'Melusina' 10-max Seat #4 is the button
Seat 4: ALPEVE85 ($7.19 in chips)
Seat 5: ct-650 ($292.57 in chips)
ALPEVE85: posts small blind $1
ct-650: posts big blind $3
*** HOLE CARDS ***
ALPEVE85: folds
Uncalled bet ($2) returned to ct-650
ct-650 collected $2 from pot
*** SUMMARY ***
Total pot $2 | Rake $0
Seat 4: ALPEVE85 (button) (small blind) folded before Flop
Seat 5: ct-650 (big blind) collected ($2)


PokerStars Hand #144593792006:  Hold'em Limit ($3/$6 USD) - 2015/11/29 22:16:00 ET
Table 'Melusina' 10-max Seat #4 is the button
Seat 4: ALPEVE85 ($28.19 in chips)
Seat 5: ct-650 ($272.29 in chips)
ALPEVE85: posts small blind $1
ct-650: posts big blind $3
*** HOLE CARDS ***
ALPEVE85: calls $2
ct-650: checks
*** FLOP *** [As 3c 7d]
ct-650: bets $3
ALPEVE85: folds
Uncalled bet ($3) returned to ct-650
ct-650 collected $5.88 from pot
*** SUMMARY ***
Total pot $6 | Rake $0.12
Board [As 3c 7d]
Seat 4: ALPEVE85 (button) (small blind) folded on the Flop
Seat 5: ct-650 (big blind) collected ($5.88)


PokerStars Hand #144593824194:  Hold'em Limit ($3/$6 USD) - 2015/11/29 22:17:32 ET
Table 'Melusina' 10-max Seat #4 is the button
Seat 4: ALPEVE85 ($120 in chips)
Seat 5: ct-650 ($299.51 in chips)
ALPEVE85: posts small blind $1
ct-650: posts big blind $3
*** HOLE CARDS ***
ALPEVE85: folds
Uncalled bet ($2) returned to ct-650
ct-650 collected $2 from pot
*** SUMMARY ***
Total pot $2 | Rake $0
Seat 4: ALPEVE85 (button) (small blind) folded before Flop
Seat 5: ct-650 (big blind) collected ($2)


PokerStars Hand #144593828899:  Hold'em Limit ($3/$6 USD) - 2015/11/29 22:17:46 ET
Table 'Melusina' 10-max Seat #4 is the button
Seat 4: ALPEVE85 ($120 in chips)
Seat 5: ct-650 ($299.51 in chips)
ALPEVE85: posts small blind $1
ct-650: posts big blind $3
*** HOLE CARDS ***
ALPEVE85: folds
Uncalled bet ($2) returned to ct-650
ct-650 collected $2 from pot
*** SUMMARY ***
Total pot $2 | Rake $0
Seat 4: ALPEVE85 (button) (small blind) folded before Flop
Seat 5: ct-650 (big blind) collected ($2)


PokerStars Hand #144593826875:  Hold'em Limit ($3/$6 USD) - 2015/11/29 22:17:40 ET
Table 'Melusina' 10-max Seat #5 is the button
Seat 4: ALPEVE85 ($119 in chips)
Seat 5: ct-650 ($300.51 in chips)
ct-650: posts small blind $1
ALPEVE85: posts big blind $3
*** HOLE CARDS ***
ct-650: folds
Uncalled bet ($2) returned to ALPEVE85
ALPEVE85 collected $2 from pot
ALPEVE85: doesn't show hand
*** SUMMARY ***
Total pot $2 | Rake $0
Seat 4: ALPEVE85 (big blind) collected ($2)
Seat 5: ct-650 (button) (small blind) folded before Flop


PokerStars Hand #144593830814:  Hold'em Limit ($3/$6 USD) - 2015/11/29 22:17:52 ET
Table 'Melusina' 10-max Seat #5 is the button
Seat 4: ALPEVE85 ($119 in chips)
Seat 5: ct-650 ($300.51 in chips)
ct-650: posts small blind $1
ALPEVE85: posts big blind $3
*** HOLE CARDS ***
ct-650: folds
Uncalled bet ($2) returned to ALPEVE85
ALPEVE85 collected $2 from pot
ALPEVE85: doesn't show hand
*** SUMMARY ***
Total pot $2 | Rake $0
Seat 4: ALPEVE85 (big blind) collected ($2)
Seat 5: ct-650 (button) (small blind) folded before Flop


PokerStars Hand #144593813672:  Hold'em Limit ($3/$6 USD) - 2015/11/29 22:17:02 ET
Table 'Melusina' 10-max Seat #5 is the button
Seat 4: ALPEVE85 ($6.19 in chips)
Seat 5: ct-650 ($293.57 in chips)
ct-650: posts small blind $1
ALPEVE85: posts big blind $3
*** HOLE CARDS ***
ct-650: raises $3 to $6
ALPEVE85: raises $0.19 to $6.19 and is all-in
ct-650: calls $0.19
*** FLOP *** [Jc 2s Ah]
*** TURN *** [Jc 2s Ah] [9c]
*** RIVER *** [Jc 2s Ah 9c] [5d]
*** SHOW DOWN ***
ALPEVE85: shows [2d 4h] (a pair of Deuces)
ct-650: shows [3c As] (a pair of Aces)
ct-650 collected $12.13 from pot
*** SUMMARY ***
Total pot $12.38 | Rake $0.25
Board [Jc 2s Ah 9c 5d]
Seat 4: ALPEVE85 (big blind) showed [2d 4h] and lost with a pair of Deuces
Seat 5: ct-650 (button) (small blind) showed [3c As] and won ($12.13) with a pair of Aces


PokerStars Hand #144593835763:  Hold'em Limit ($3/$6 USD) - 2015/11/29 22:18:06 ET
Table 'Melusina' 10-max Seat #5 is the button
Seat 4: ALPEVE85 ($119 in chips)
Seat 5: ct-650 ($300.51 in chips)
ct-650: posts small blind $1
ALPEVE85: posts big blind $3
*** HOLE CARDS ***
ct-650: folds
Uncalled bet ($2) returned to ALPEVE85
ALPEVE85 collected $2 from pot
ALPEVE85: doesn't show hand
*** SUMMARY ***
Total pot $2 | Rake $0
Seat 4: ALPEVE85 (big blind) collected ($2)
Seat 5: ct-650 (button) (small blind) folded before Flop


PokerStars Hand #144593832503:  Hold'em Limit ($3/$6 USD) - 2015/11/29 22:17:56 ET
Table 'Melusina' 10-max Seat #4 is the button
Seat 4: ALPEVE85 ($120 in chips)
Seat 5: ct-650 ($299.51 in chips)
ALPEVE85: posts small blind $1
ct-650: posts big blind $3
*** HOLE CARDS ***
ALPEVE85: folds
Uncalled bet ($2) returned to ct-650
ct-650 collected $2 from pot
*** SUMMARY ***
Total pot $2 | Rake $0
Seat 4: ALPEVE85 (button) (small blind) folded before Flop
Seat 5: ct-650 (big blind) collected ($2)


PokerStars Hand #144593841303:  Hold'em Limit ($3/$6 USD) - 2015/11/29 22:18:22 ET
Table 'Melusina' 10-max Seat #5 is the button
Seat 4: ALPEVE85 ($122.88 in chips)
Seat 5: ct-650 ($296.51 in chips)
ct-650: posts small blind $1
ALPEVE85: posts big blind $3
*** HOLE CARDS ***
ct-650: folds
Uncalled bet ($2) returned to ALPEVE85
ALPEVE85 collected $2 from pot
ALPEVE85: doesn't show hand
*** SUMMARY ***
Total pot $2 | Rake $0
Seat 4: ALPEVE85 (big blind) collected ($2)
Seat 5: ct-650 (button) (small blind) folded before Flop


PokerStars Hand #144593837538:  Hold'em Limit ($3/$6 USD) - 2015/11/29 22:18:11 ET
Table 'Melusina' 10-max Seat #4 is the button
Seat 4: ALPEVE85 ($120 in chips)
Seat 5: ct-650 ($299.51 in chips)
ALPEVE85: posts small blind $1
ct-650: posts big blind $3
*** HOLE CARDS ***
ALPEVE85: calls $2
ct-650: checks
*** FLOP *** [5h 2s 2c]
ct-650: checks
ALPEVE85: bets $3
ct-650: folds
Uncalled bet ($3) returned to ALPEVE85
ALPEVE85 collected $5.88 from pot
ALPEVE85: doesn't show hand
*** SUMMARY ***
Total pot $6 | Rake $0.12
Board [5h 2s 2c]
Seat 4: ALPEVE85 (button) (small blind) collected ($5.88)
Seat 5: ct-650 (big blind) folded on the Flop


PokerStars Hand #144593843013:  Hold'em Limit ($3/$6 USD) - 2015/11/29 22:18:27 ET
Table 'Melusina' 10-max Seat #4 is the button
Seat 4: ALPEVE85 ($123.88 in chips)
Seat 5: ct-650 ($295.51 in chips)
ALPEVE85: posts small blind $1
ct-650: posts big blind $3
*** HOLE CARDS ***
ALPEVE85: calls $2
ct-650: checks
*** FLOP *** [7s Qc 2d]
ct-650: checks
ALPEVE85: bets $3
ct-650: folds
Uncalled bet ($3) returned to ALPEVE85
ALPEVE85 collected $5.88 from pot
ALPEVE85: doesn't show hand
*** SUMMARY ***
Total pot $6 | Rake $0.12
Board [7s Qc 2d]
Seat 4: ALPEVE85 (button) (small blind) collected ($5.88)
Seat 5: ct-650 (big blind) folded on the Flop


PokerStars Hand #144593848518:  Hold'em Limit ($3/$6 USD) - 2015/11/29 22:18:43 ET
Table 'Melusina' 10-max Seat #5 is the button
Seat 4: ALPEVE85 ($126.76 in chips)
Seat 5: ct-650 ($292.51 in chips)
ct-650: posts small blind $1
ALPEVE85: posts big blind $3
*** HOLE CARDS ***
ct-650: raises $3 to $6
ALPEVE85: calls $3
*** FLOP *** [Ah 3s Qd]
ALPEVE85: bets $3
ct-650: folds
Uncalled bet ($3) returned to ALPEVE85
ALPEVE85 collected $11.76 from pot
ALPEVE85: doesn't show hand
*** SUMMARY ***
Total pot $12 | Rake $0.24
Board [Ah 3s Qd]
Seat 4: ALPEVE85 (big blind) collected ($11.76)
Seat 5: ct-650 (button) (small blind) folded on the Flop


PokerStars Hand #144593854372:  Hold'em Limit ($3/$6 USD) - 2015/11/29 22:19:00 ET
Table 'Melusina' 10-max Seat #4 is the button
Seat 4: ALPEVE85 ($132.52 in chips)
Seat 5: ct-650 ($286.51 in chips)
ALPEVE85: posts small blind $1
ct-650: posts big blind $3
*** HOLE CARDS ***
ALPEVE85: calls $2
ct-650: raises $3 to $6
ALPEVE85: calls $3
*** FLOP *** [As Kc Ts]
ct-650: bets $3
ALPEVE85: folds
Uncalled bet ($3) returned to ct-650
ct-650 collected $11.76 from pot
*** SUMMARY ***
Total pot $12 | Rake $0.24
Board [As Kc Ts]
Seat 4: ALPEVE85 (button) (small blind) folded on the Flop
Seat 5: ct-650 (big blind) collected ($11.76)


PokerStars Hand #144593860041:  Hold'em Limit ($3/$6 USD) - 2015/11/29 22:19:16 ET
Table 'Melusina' 10-max Seat #5 is the button
Seat 4: ALPEVE85 ($126.52 in chips)
Seat 5: ct-650 ($292.27 in chips)
ct-650: posts small blind $1
ALPEVE85: posts big blind $3
*** HOLE CARDS ***
ct-650: raises $3 to $6
ALPEVE85: folds
Uncalled bet ($3) returned to ct-650
ct-650 collected $6 from pot
*** SUMMARY ***
Total pot $6 | Rake $0
Seat 4: ALPEVE85 (big blind) folded before Flop
Seat 5: ct-650 (button) (small blind) collected ($6)


PokerStars Hand #144593862676:  Hold'em Limit ($3/$6 USD) - 2015/11/29 22:19:24 ET
Table 'Melusina' 10-max Seat #4 is the button
Seat 4: ALPEVE85 ($123.52 in chips)
Seat 5: ct-650 ($295.27 in chips)
ALPEVE85: posts small blind $1
ct-650: posts big blind $3
*** HOLE CARDS ***
ALPEVE85: calls $2
ct-650: checks
*** FLOP *** [Ac 8s 7d]
ct-650: checks
ALPEVE85: bets $3
ct-650: folds
Uncalled bet ($3) returned to ALPEVE85
ALPEVE85 collected $5.88 from pot
ALPEVE85: doesn't show hand
*** SUMMARY ***
Total pot $6 | Rake $0.12
Board [Ac 8s 7d]
Seat 4: ALPEVE85 (button) (small blind) collected ($5.88)
Seat 5: ct-650 (big blind) folded on the Flop


PokerStars Hand #144593873832:  Hold'em Limit ($3/$6 USD) - 2015/11/29 22:19:56 ET
Table 'Melusina' 10-max Seat #4 is the button
Seat 4: ALPEVE85 ($135.04 in chips)
Seat 5: ct-650 ($283.27 in chips)
ALPEVE85: posts small blind $1
ct-650: posts big blind $3
*** HOLE CARDS ***
ALPEVE85: folds
Uncalled bet ($2) returned to ct-650
ct-650 collected $2 from pot
*** SUMMARY ***
Total pot $2 | Rake $0
Seat 4: ALPEVE85 (button) (small blind) folded before Flop
Seat 5: ct-650 (big blind) collected ($2)


PokerStars Hand #144593868206:  Hold'em Limit ($3/$6 USD) - 2015/11/29 22:19:40 ET
Table 'Melusina' 10-max Seat #5 is the button
Seat 4: ALPEVE85 ($126.40 in chips)
Seat 5: ct-650 ($292.27 in chips)
ct-650: posts small blind $1
ALPEVE85: posts big blind $3
*** HOLE CARDS ***
ct-650: raises $3 to $6
ALPEVE85: calls $3
*** FLOP *** [4d 7s 6s]
ALPEVE85: bets $3
ct-650: calls $3
*** TURN *** [4d 7s 6s] [2c]
ALPEVE85: bets $6
ct-650: folds
Uncalled bet ($6) returned to ALPEVE85
ALPEVE85 collected $17.64 from pot
ALPEVE85: doesn't show hand
*** SUMMARY ***
Total pot $18 | Rake $0.36
Board [4d 7s 6s 2c]
Seat 4: ALPEVE85 (big blind) collected ($17.64)
Seat 5: ct-650 (button) (small blind) folded on the Turn


PokerStars Hand #144593875847:  Hold'em Limit ($3/$6 USD) - 2015/11/29 22:20:02 ET
Table 'Melusina' 10-max Seat #5 is the button
Seat 4: ALPEVE85 ($134.04 in chips)
Seat 5: ct-650 ($284.27 in chips)
ct-650: posts small blind $1
ALPEVE85: posts big blind $3
*** HOLE CARDS ***
ct-650: folds
Uncalled bet ($2) returned to ALPEVE85
ALPEVE85 collected $2 from pot
ALPEVE85: doesn't show hand
*** SUMMARY ***
Total pot $2 | Rake $0
Seat 4: ALPEVE85 (big blind) collected ($2)
Seat 5: ct-650 (button) (small blind) folded before Flop


PokerStars Hand #144593877920:  Hold'em Limit ($3/$6 USD) - 2015/11/29 22:20:08 ET
Table 'Melusina' 10-max Seat #4 is the button
Seat 4: ALPEVE85 ($135.04 in chips)
Seat 5: ct-650 ($283.27 in chips)
ALPEVE85: posts small blind $1
ct-650: posts big blind $3
*** HOLE CARDS ***
ALPEVE85: calls $2
ct-650: raises $3 to $6
ALPEVE85: calls $3
*** FLOP *** [Jc 7h As]
ct-650: bets $3
ALPEVE85: raises $3 to $6
ct-650: raises $3 to $9
ALPEVE85: calls $3
*** TURN *** [Jc 7h As] [5s]
ct-650: bets $6
ALPEVE85: raises $6 to $12
ct-650: raises $6 to $18
ALPEVE85: raises $6 to $24
Betting is capped
ct-650: calls $6
*** RIVER *** [Jc 7h As 5s] [2d]
ct-650: checks
ALPEVE85: bets $6
ct-650: calls $6
*** SHOW DOWN ***
ALPEVE85: shows [7s 5d] (two pair, Sevens and Fives)
ct-650: shows [Ad 5c] (two pair, Aces and Fives)
ct-650 collected $89.50 from pot
*** SUMMARY ***
Total pot $90 | Rake $0.50
Board [Jc 7h As 5s 2d]
Seat 4: ALPEVE85 (button) (small blind) showed [7s 5d] and lost with two pair, Sevens and Fives
Seat 5: ct-650 (big blind) showed [Ad 5c] and won ($89.50) with two pair, Aces and Fives


PokerStars Hand #144593887706:  Hold'em Limit ($3/$6 USD) - 2015/11/29 22:20:36 ET
Table 'Melusina' 10-max Seat #5 is the button
Seat 4: ALPEVE85 ($90.04 in chips)
Seat 5: ct-650 ($327.77 in chips)
ct-650: posts small blind $1
ALPEVE85: posts big blind $3
*** HOLE CARDS ***
ct-650: raises $3 to $6
ALPEVE85: folds
Uncalled bet ($3) returned to ct-650
ct-650 collected $6 from pot
*** SUMMARY ***
Total pot $6 | Rake $0
Seat 4: ALPEVE85 (big blind) folded before Flop
Seat 5: ct-650 (button) (small blind) collected ($6)


PokerStars Hand #144593891129:  Hold'em Limit ($3/$6 USD) - 2015/11/29 22:20:46 ET
Table 'Melusina' 10-max Seat #4 is the button
Seat 4: ALPEVE85 ($87.04 in chips)
Seat 5: ct-650 ($330.77 in chips)
ALPEVE85: posts small blind $1
ct-650: posts big blind $3
*** HOLE CARDS ***
ALPEVE85: calls $2
ct-650: checks
*** FLOP *** [6s Td 8d]
ct-650: checks
ALPEVE85: bets $3
ct-650: folds
Uncalled bet ($3) returned to ALPEVE85
ALPEVE85 collected $5.88 from pot
ALPEVE85: doesn't show hand
*** SUMMARY ***
Total pot $6 | Rake $0.12
Board [6s Td 8d]
Seat 4: ALPEVE85 (button) (small blind) collected ($5.88)
Seat 5: ct-650 (big blind) folded on the Flop


