PokerStars Hand #165394494328:  Hold'em Limit ($3/$6 USD) - 2017/01/30 4:58:52 ET
Table 'Memoria II' 6-max Seat #2 is the button
Seat 2: fluit83 ($34.03 in chips)
Seat 4: VolkovDmitri ($120 in chips)
fluit83: posts small blind $1
VolkovDmitri: posts big blind $3
*** HOLE CARDS ***
fluit83: folds
Uncalled bet ($2) returned to VolkovDmitri
VolkovDmitri collected $2 from pot
VolkovDmitri: doesn't show hand
*** SUMMARY ***
Total pot $2 | Rake $0
Seat 2: fluit83 (button) (small blind) folded before Flop
Seat 4: VolkovDmitri (big blind) collected ($2)


PokerStars Hand #165394497440:  Hold'em Limit ($3/$6 USD) - 2017/01/30 4:59:01 ET
Table 'Memoria II' 6-max Seat #4 is the button
Seat 2: fluit83 ($33.03 in chips)
Seat 4: VolkovDmitri ($121 in chips)
VolkovDmitri: posts small blind $1
fluit83: posts big blind $3
*** HOLE CARDS ***
VolkovDmitri: raises $3 to $6
fluit83: calls $3
*** FLOP *** [Ah Th 7d]
fluit83: checks
VolkovDmitri: bets $3
fluit83: calls $3
*** TURN *** [Ah Th 7d] [As]
fluit83: checks
VolkovDmitri: checks
*** RIVER *** [Ah Th 7d As] [7s]
fluit83: bets $6
VolkovDmitri: folds
Uncalled bet ($6) returned to fluit83
fluit83 collected $17.64 from pot
fluit83: doesn't show hand
*** SUMMARY ***
Total pot $18 | Rake $0.36
Board [Ah Th 7d As 7s]
Seat 2: fluit83 (big blind) collected ($17.64)
Seat 4: VolkovDmitri (button) (small blind) folded on the River


PokerStars Hand #165394524972:  Hold'em Limit ($3/$6 USD) - 2017/01/30 5:00:18 ET
Table 'Memoria II' 6-max Seat #4 is the button
Seat 2: fluit83 ($26.67 in chips)
Seat 4: VolkovDmitri ($134.50 in chips)
VolkovDmitri: posts small blind $1
fluit83: posts big blind $3
*** HOLE CARDS ***
VolkovDmitri: raises $3 to $6
fluit83: calls $3
*** FLOP *** [Jh Kh 7c]
fluit83: checks
VolkovDmitri: bets $3
fluit83: folds
Uncalled bet ($3) returned to VolkovDmitri
VolkovDmitri collected $11.76 from pot
VolkovDmitri: doesn't show hand
B_loJkl joins the table at seat #3
*** SUMMARY ***
Total pot $12 | Rake $0.24
Board [Jh Kh 7c]
Seat 2: fluit83 (big blind) folded on the Flop
Seat 4: VolkovDmitri (button) (small blind) collected ($11.76)


PokerStars Hand #165394509261:  Hold'em Limit ($3/$6 USD) - 2017/01/30 4:59:34 ET
Table 'Memoria II' 6-max Seat #2 is the button
Seat 2: fluit83 ($41.67 in chips)
Seat 4: VolkovDmitri ($120 in chips)
fluit83: posts small blind $1
VolkovDmitri: posts big blind $3
*** HOLE CARDS ***
fluit83: calls $2
VolkovDmitri: raises $3 to $6
fluit83: calls $3
*** FLOP *** [2s 4s 8h]
VolkovDmitri: bets $3
fluit83: calls $3
*** TURN *** [2s 4s 8h] [9c]
VolkovDmitri: bets $6
fluit83: calls $6
*** RIVER *** [2s 4s 8h 9c] [Jd]
VolkovDmitri: checks
fluit83: checks
*** SHOW DOWN ***
VolkovDmitri: shows [Qd Ad] (high card Ace)
fluit83: mucks hand
VolkovDmitri collected $29.50 from pot
*** SUMMARY ***
Total pot $30 | Rake $0.50
Board [2s 4s 8h 9c Jd]
Seat 2: fluit83 (button) (small blind) mucked
Seat 4: VolkovDmitri (big blind) showed [Qd Ad] and won ($29.50) with high card Ace


PokerStars Hand #165395345300:  Hold'em Limit ($3/$6 USD) - 2017/01/30 5:33:35 ET
Table 'Memoria II' 6-max Seat #2 is the button
Seat 2: fifi0701 ($51.01 in chips)
Seat 3: B_loJkl ($139 in chips)
fifi0701: posts small blind $1
B_loJkl: posts big blind $3
*** HOLE CARDS ***
fifi0701: folds
Uncalled bet ($2) returned to B_loJkl
B_loJkl collected $2 from pot
B_loJkl: doesn't show hand
*** SUMMARY ***
Total pot $2 | Rake $0
Seat 2: fifi0701 (button) (small blind) folded before Flop
Seat 3: B_loJkl (big blind) collected ($2)


