PokerStars Hand #155418339606:  Hold'em Limit ($3/$6 USD) - 2016/07/01 6:01:47 ET
Table 'Memoria' 6-max Seat #6 is the button
Seat 1: 3mmPLEASE ($91.28 in chips)
Seat 6: jama gama ($117.76 in chips)
jama gama: posts small blind $1
3mmPLEASE: posts big blind $3
*** HOLE CARDS ***
jama gama: calls $2
3mmPLEASE: checks
*** FLOP *** [Kc 2s Td]
3mmPLEASE: checks
jama gama: checks
*** TURN *** [Kc 2s Td] [8c]
3mmPLEASE: checks
jama gama: checks
*** RIVER *** [Kc 2s Td 8c] [4s]
3mmPLEASE: bets $6
jama gama: calls $6
*** SHOW DOWN ***
3mmPLEASE: shows [3d 5h] (high card King)
jama gama: shows [Jd 8d] (a pair of Eights)
jama gama collected $17.64 from pot
*** SUMMARY ***
Total pot $18 | Rake $0.36
Board [Kc 2s Td 8c 4s]
Seat 1: 3mmPLEASE (big blind) showed [3d 5h] and lost with high card King
Seat 6: jama gama (button) (small blind) showed [Jd 8d] and won ($17.64) with a pair of Eights


PokerStars Hand #155418332445:  Hold'em Limit ($3/$6 USD) - 2016/07/01 6:01:26 ET
Table 'Memoria' 6-max Seat #1 is the button
Seat 1: 3mmPLEASE ($97.28 in chips)
Seat 6: jama gama ($112 in chips)
3mmPLEASE: posts small blind $1
Actionni13: is sitting out
jama gama: posts big blind $3
*** HOLE CARDS ***
3mmPLEASE: raises $3 to $6
jama gama: calls $3
*** FLOP *** [3d 5h Js]
jama gama: bets $3
3mmPLEASE: folds
Uncalled bet ($3) returned to jama gama
jama gama collected $11.76 from pot
*** SUMMARY ***
Total pot $12 | Rake $0.24
Board [3d 5h Js]
Seat 1: 3mmPLEASE (button) (small blind) folded on the Flop
Seat 6: jama gama (big blind) collected ($11.76)


PokerStars Hand #155419037744:  Hold'em Limit ($3/$6 USD) - 2016/07/01 6:33:10 ET
Table 'Memoria' 6-max Seat #6 is the button
Seat 1: 3mmPLEASE ($152.90 in chips)
Seat 6: jama gama ($136.05 in chips)
jama gama: posts small blind $1
3mmPLEASE: posts big blind $3
*** HOLE CARDS ***
jama gama: folds
Uncalled bet ($2) returned to 3mmPLEASE
3mmPLEASE collected $2 from pot
3mmPLEASE: doesn't show hand
*** SUMMARY ***
Total pot $2 | Rake $0
Seat 1: 3mmPLEASE (big blind) collected ($2)
Seat 6: jama gama (button) (small blind) folded before Flop


PokerStars Hand #155419042399:  Hold'em Limit ($3/$6 USD) - 2016/07/01 6:33:22 ET
Table 'Memoria' 6-max Seat #1 is the button
Seat 1: 3mmPLEASE ($153.90 in chips)
Seat 6: jama gama ($135.05 in chips)
3mmPLEASE: posts small blind $1
jama gama: posts big blind $3
*** HOLE CARDS ***
3mmPLEASE: raises $3 to $6
jama gama: calls $3
*** FLOP *** [6h 7d 8d]
jama gama: checks
3mmPLEASE: bets $3
jama gama: folds
Uncalled bet ($3) returned to 3mmPLEASE
TbIP-TbIP 88 leaves the table
3mmPLEASE collected $11.76 from pot
3mmPLEASE: doesn't show hand
*** SUMMARY ***
Total pot $12 | Rake $0.24
Board [6h 7d 8d]
Seat 1: 3mmPLEASE (button) (small blind) collected ($11.76)
Seat 6: jama gama (big blind) folded on the Flop


PokerStars Hand #155419034941:  Hold'em Limit ($3/$6 USD) - 2016/07/01 6:33:03 ET
Table 'Memoria' 6-max Seat #1 is the button
Seat 1: 3mmPLEASE ($153.90 in chips)
Seat 6: jama gama ($135.05 in chips)
3mmPLEASE: posts small blind $1
Actionni13: is sitting out
TbIP-TbIP 88: is sitting out
Ale4o: is sitting out
jama gama: posts big blind $3
*** HOLE CARDS ***
3mmPLEASE: folds
Uncalled bet ($2) returned to jama gama
jama gama collected $2 from pot
*** SUMMARY ***
Total pot $2 | Rake $0
Seat 1: 3mmPLEASE (button) (small blind) folded before Flop
Seat 6: jama gama (big blind) collected ($2)


PokerStars Hand #155419051127:  Hold'em Limit ($3/$6 USD) - 2016/07/01 6:33:45 ET
Table 'Memoria' 6-max Seat #6 is the button
Seat 1: 3mmPLEASE ($159.66 in chips)
Seat 6: jama gama ($129.05 in chips)
jama gama: posts small blind $1
3mmPLEASE: posts big blind $3
*** HOLE CARDS ***
ABATAPP joins the table at seat #4
jama gama: raises $3 to $6
3mmPLEASE: calls $3
*** FLOP *** [5h 2h Ts]
3mmPLEASE: checks
jama gama: checks
*** TURN *** [5h 2h Ts] [6h]
3mmPLEASE: bets $6
jama gama: calls $6
*** RIVER *** [5h 2h Ts 6h] [Ks]
3mmPLEASE: checks
jama gama: bets $6
3mmPLEASE: calls $6
*** SHOW DOWN ***
jama gama: shows [8h 9d] (high card King)
3mmPLEASE: shows [6d 8c] (a pair of Sixes)
3mmPLEASE collected $35.50 from pot
*** SUMMARY ***
Total pot $36 | Rake $0.50
Board [5h 2h Ts 6h Ks]
Seat 1: 3mmPLEASE (big blind) showed [6d 8c] and won ($35.50) with a pair of Sixes
Seat 6: jama gama (button) (small blind) showed [8h 9d] and lost with high card King


PokerStars Hand #155420625500:  Hold'em Limit ($3/$6 USD) - 2016/07/01 7:39:19 ET
Table 'Memoria' 6-max Seat #3 is the button
Seat 3: masterblstr8 ($146.57 in chips)
Seat 6: jama gama ($187.99 in chips)
masterblstr8: posts small blind $1
jama gama: posts big blind $3
*** HOLE CARDS ***
masterblstr8: raises $3 to $6
jama gama: calls $3
*** FLOP *** [8s 3h Ks]
jama gama: checks
masterblstr8: bets $3
jama gama: folds
Uncalled bet ($3) returned to masterblstr8
masterblstr8 collected $11.76 from pot
masterblstr8: doesn't show hand
*** SUMMARY ***
Total pot $12 | Rake $0.24
Board [8s 3h Ks]
Seat 3: masterblstr8 (button) (small blind) collected ($11.76)
Seat 6: jama gama (big blind) folded on the Flop


