PokerStars Hand #164343451178:  Hold'em Limit ($3/$6 USD) - 2017/01/10 8:17:17 ET
Table 'Memoria' 6-max Seat #3 is the button
Seat 3: Mili2332 ($30 in chips)
Seat 4: Agrotait ($72 in chips)
Mili2332: posts small blind $1
Agrotait: posts big blind $3
*** HOLE CARDS ***
Mili2332: calls $2
Agrotait: checks
*** FLOP *** [6s 5c 7s]
Agrotait: checks
Mili2332: checks
*** TURN *** [6s 5c 7s] [Ah]
Agrotait: bets $6
Mili2332: folds
Uncalled bet ($6) returned to Agrotait
Agrotait collected $5.88 from pot
Agrotait: doesn't show hand
*** SUMMARY ***
Total pot $6 | Rake $0.12
Board [6s 5c 7s Ah]
Seat 3: Mili2332 (button) (small blind) folded on the Turn
Seat 4: Agrotait (big blind) collected ($5.88)


PokerStars Hand #164343479556:  Hold'em Limit ($3/$6 USD) - 2017/01/10 8:18:05 ET
Table 'Memoria' 6-max Seat #4 is the button
Seat 3: Mili2332 ($27 in chips)
Seat 4: Agrotait ($74.88 in chips)
Agrotait: posts small blind $1
Mili2332: posts big blind $3
*** HOLE CARDS ***
Agrotait: raises $3 to $6
Mili2332: calls $3
*** FLOP *** [Kh 5s 3c]
Mili2332: checks
Agrotait: bets $3
Mili2332: raises $3 to $6
Agrotait: calls $3
*** TURN *** [Kh 5s 3c] [6d]
Mili2332: bets $6
Agrotait: calls $6
*** RIVER *** [Kh 5s 3c 6d] [Th]
Mili2332: bets $6
Agrotait: calls $6
*** SHOW DOWN ***
Mili2332: shows [5d 3d] (two pair, Fives and Threes)
Agrotait: mucks hand
Mili2332 collected $47.50 from pot
*** SUMMARY ***
Total pot $48 | Rake $0.50
Board [Kh 5s 3c 6d Th]
Seat 3: Mili2332 (big blind) showed [5d 3d] and won ($47.50) with two pair, Fives and Threes
Seat 4: Agrotait (button) (small blind) mucked


PokerStars Hand #164343521377:  Hold'em Limit ($3/$6 USD) - 2017/01/10 8:19:15 ET
Table 'Memoria' 6-max Seat #3 is the button
Seat 3: Mili2332 ($50.50 in chips)
Seat 4: Agrotait ($72 in chips)
Mili2332: posts small blind $1
Agrotait: posts big blind $3
*** HOLE CARDS ***
Mili2332: calls $2
Agrotait: raises $3 to $6
Mili2332: calls $3
*** FLOP *** [8h As 3s]
Agrotait: bets $3
Mili2332: folds
Uncalled bet ($3) returned to Agrotait
Agrotait collected $11.76 from pot
Agrotait: doesn't show hand
*** SUMMARY ***
Total pot $12 | Rake $0.24
Board [8h As 3s]
Seat 3: Mili2332 (button) (small blind) folded on the Flop
Seat 4: Agrotait (big blind) collected ($11.76)


PokerStars Hand #164343534205:  Hold'em Limit ($3/$6 USD) - 2017/01/10 8:19:37 ET
Table 'Memoria' 6-max Seat #4 is the button
Seat 3: Mili2332 ($44.50 in chips)
Seat 4: Agrotait ($77.76 in chips)
Agrotait: posts small blind $1
Mili2332: posts big blind $3
*** HOLE CARDS ***
Agrotait: raises $3 to $6
Mili2332: calls $3
*** FLOP *** [Qc Ks Ad]
Mili2332: checks
Agrotait: bets $3
Mili2332: calls $3
*** TURN *** [Qc Ks Ad] [7h]
Mili2332: checks
Agrotait: bets $6
Mili2332: raises $6 to $12
Agrotait: calls $6
*** RIVER *** [Qc Ks Ad 7h] [Td]
Mili2332: bets $6
Agrotait: folds
Uncalled bet ($6) returned to Mili2332
Mili2332 collected $41.50 from pot
*** SUMMARY ***
Total pot $42 | Rake $0.50
Board [Qc Ks Ad 7h Td]
Seat 3: Mili2332 (big blind) collected ($41.50)
Seat 4: Agrotait (button) (small blind) folded on the River


PokerStars Hand #164343564734:  Hold'em Limit ($3/$6 USD) - 2017/01/10 8:20:27 ET
Table 'Memoria' 6-max Seat #3 is the button
Seat 3: Mili2332 ($65 in chips)
Seat 4: Agrotait ($72 in chips)
Mili2332: posts small blind $1
Agrotait: posts big blind $3
*** HOLE CARDS ***
Mili2332: calls $2
Agrotait: raises $3 to $6
Mili2332: calls $3
*** FLOP *** [5h 8d Tc]
Agrotait: bets $3
Mili2332: calls $3
*** TURN *** [5h 8d Tc] [Jh]
Agrotait: bets $6
Mili2332: folds
Uncalled bet ($6) returned to Agrotait
Agrotait collected $17.64 from pot
Agrotait: doesn't show hand
*** SUMMARY ***
Total pot $18 | Rake $0.36
Board [5h 8d Tc Jh]
Seat 3: Mili2332 (button) (small blind) folded on the Turn
Seat 4: Agrotait (big blind) collected ($17.64)


PokerStars Hand #164343606086:  Hold'em Limit ($3/$6 USD) - 2017/01/10 8:21:36 ET
Table 'Memoria' 6-max Seat #3 is the button
Seat 3: Mili2332 ($29 in chips)
Seat 4: Agrotait ($107.14 in chips)
Mili2332: posts small blind $1
Agrotait: posts big blind $3
*** HOLE CARDS ***
Mili2332: calls $2
Agrotait: checks
*** FLOP *** [4h As Js]
Agrotait: checks
Mili2332: checks
*** TURN *** [4h As Js] [7h]
Agrotait: bets $6
Mili2332: calls $6
*** RIVER *** [4h As Js 7h] [6s]
Agrotait: checks
Mili2332: checks
*** SHOW DOWN ***
Agrotait: shows [Qh 2s] (high card Ace)
Mili2332: shows [7s Kc] (a pair of Sevens)
Mili2332 collected $17.64 from pot
*** SUMMARY ***
Total pot $18 | Rake $0.36
Board [4h As Js 7h 6s]
Seat 3: Mili2332 (button) (small blind) showed [7s Kc] and won ($17.64) with a pair of Sevens
Seat 4: Agrotait (big blind) showed [Qh 2s] and lost with high card Ace


PokerStars Hand #164343585792:  Hold'em Limit ($3/$6 USD) - 2017/01/10 8:21:03 ET
Table 'Memoria' 6-max Seat #4 is the button
Seat 3: Mili2332 ($56 in chips)
Seat 4: Agrotait ($80.64 in chips)
Agrotait: posts small blind $1
Mili2332: posts big blind $3
*** HOLE CARDS ***
Agrotait: raises $3 to $6
Mili2332: calls $3
*** FLOP *** [Qs Jd 3d]
Mili2332: checks
Agrotait: bets $3
Mili2332: calls $3
*** TURN *** [Qs Jd 3d] [Kh]
Mili2332: checks
Agrotait: bets $6
Mili2332: raises $6 to $12
Agrotait: calls $6
*** RIVER *** [Qs Jd 3d Kh] [3c]
Mili2332: bets $6
Agrotait: calls $6
*** SHOW DOWN ***
Mili2332: shows [Kd 2d] (two pair, Kings and Threes)
Agrotait: shows [Ks Ad] (two pair, Kings and Threes - Ace kicker)
Agrotait collected $53.50 from pot
*** SUMMARY ***
Total pot $54 | Rake $0.50
Board [Qs Jd 3d Kh 3c]
Seat 3: Mili2332 (big blind) showed [Kd 2d] and lost with two pair, Kings and Threes
Seat 4: Agrotait (button) (small blind) showed [Ks Ad] and won ($53.50) with two pair, Kings and Threes


PokerStars Hand #164343651232:  Hold'em Limit ($3/$6 USD) - 2017/01/10 8:22:51 ET
Table 'Memoria' 6-max Seat #3 is the button
Seat 3: Mili2332 ($37.46 in chips)
Seat 4: Agrotait ($97.96 in chips)
Mili2332: posts small blind $1
Agrotait: posts big blind $3
*** HOLE CARDS ***
Mili2332: folds
Uncalled bet ($2) returned to Agrotait
Agrotait collected $2 from pot
Agrotait: doesn't show hand
*** SUMMARY ***
Total pot $2 | Rake $0
Seat 3: Mili2332 (button) (small blind) folded before Flop
Seat 4: Agrotait (big blind) collected ($2)


PokerStars Hand #164343626374:  Hold'em Limit ($3/$6 USD) - 2017/01/10 8:22:10 ET
Table 'Memoria' 6-max Seat #4 is the button
Seat 3: Mili2332 ($37.64 in chips)
Seat 4: Agrotait ($98.14 in chips)
Agrotait: posts small blind $1
Mili2332: posts big blind $3
*** HOLE CARDS ***
Agrotait: raises $3 to $6
Mili2332: calls $3
*** FLOP *** [7h Ts Jc]
Mili2332: checks
Agrotait: bets $3
Mili2332: calls $3
*** TURN *** [7h Ts Jc] [9d]
Mili2332: checks
Agrotait: checks
*** RIVER *** [7h Ts Jc 9d] [8s]
Mili2332: checks
Agrotait: checks
*** SHOW DOWN ***
Mili2332: shows [4d 7s] (a straight, Seven to Jack)
Agrotait: shows [Ah As] (a straight, Seven to Jack)
Mili2332 collected $8.82 from pot
Agrotait collected $8.82 from pot
*** SUMMARY ***
Total pot $18 | Rake $0.36
Board [7h Ts Jc 9d 8s]
Seat 3: Mili2332 (big blind) showed [4d 7s] and won ($8.82) with a straight, Seven to Jack
Seat 4: Agrotait (button) (small blind) showed [Ah As] and won ($8.82) with a straight, Seven to Jack


PokerStars Hand #164343654156:  Hold'em Limit ($3/$6 USD) - 2017/01/10 8:22:56 ET
Table 'Memoria' 6-max Seat #4 is the button
Seat 3: Mili2332 ($36.46 in chips)
Seat 4: Agrotait ($98.96 in chips)
Agrotait: posts small blind $1
Mili2332: posts big blind $3
*** HOLE CARDS ***
Agrotait: raises $3 to $6
Mili2332: calls $3
*** FLOP *** [8h 7d Ts]
Mili2332: checks
Agrotait: bets $3
Mili2332: calls $3
*** TURN *** [8h 7d Ts] [2s]
Mili2332: checks
Agrotait: bets $6
Mili2332: calls $6
*** RIVER *** [8h 7d Ts 2s] [3s]
Mili2332: bets $6
Agrotait: folds
Uncalled bet ($6) returned to Mili2332
Mili2332 collected $29.50 from pot
*** SUMMARY ***
Total pot $30 | Rake $0.50
Board [8h 7d Ts 2s 3s]
Seat 3: Mili2332 (big blind) collected ($29.50)
Seat 4: Agrotait (button) (small blind) folded on the River


PokerStars Hand #164343687222:  Hold'em Limit ($3/$6 USD) - 2017/01/10 8:23:49 ET
Table 'Memoria' 6-max Seat #4 is the button
Seat 3: Mili2332 ($56.72 in chips)
Seat 4: Agrotait ($77.96 in chips)
Agrotait: posts small blind $1
Mili2332: posts big blind $3
*** HOLE CARDS ***
Agrotait: raises $3 to $6
Mili2332: calls $3
*** FLOP *** [8d 5s 9s]
Mili2332: checks
Agrotait: bets $3
Mili2332: calls $3
*** TURN *** [8d 5s 9s] [2h]
Mili2332: checks
Agrotait: bets $6
Mili2332: calls $6
*** RIVER *** [8d 5s 9s 2h] [Ks]
Mili2332: bets $6
Agrotait: calls $6
*** SHOW DOWN ***
Mili2332: shows [Kh 5d] (two pair, Kings and Fives)
Agrotait: mucks hand
Mili2332 collected $41.50 from pot
*** SUMMARY ***
Total pot $42 | Rake $0.50
Board [8d 5s 9s 2h Ks]
Seat 3: Mili2332 (big blind) showed [Kh 5d] and won ($41.50) with two pair, Kings and Fives
Seat 4: Agrotait (button) (small blind) mucked


PokerStars Hand #164343674709:  Hold'em Limit ($3/$6 USD) - 2017/01/10 8:23:29 ET
Table 'Memoria' 6-max Seat #3 is the button
Seat 3: Mili2332 ($50.96 in chips)
Seat 4: Agrotait ($83.96 in chips)
Mili2332: posts small blind $1
Agrotait: posts big blind $3
*** HOLE CARDS ***
Mili2332: calls $2
Agrotait: checks
*** FLOP *** [Kd 7d Jc]
Agrotait: bets $3
Mili2332: calls $3
*** TURN *** [Kd 7d Jc] [Ah]
Agrotait: checks
Mili2332: bets $6
Agrotait: folds
Uncalled bet ($6) returned to Mili2332
Mili2332 collected $11.76 from pot
*** SUMMARY ***
Total pot $12 | Rake $0.24
Board [Kd 7d Jc Ah]
Seat 3: Mili2332 (button) (small blind) collected ($11.76)
Seat 4: Agrotait (big blind) folded on the Turn


PokerStars Hand #164343731080:  Hold'em Limit ($3/$6 USD) - 2017/01/10 8:25:02 ET
Table 'Memoria' 6-max Seat #3 is the button
Seat 3: Mili2332 ($97.48 in chips)
Seat 4: Agrotait ($72 in chips)
Mili2332: posts small blind $1
Agrotait: posts big blind $3
*** HOLE CARDS ***
Mili2332: folds
Uncalled bet ($2) returned to Agrotait
Agrotait collected $2 from pot
Agrotait: doesn't show hand
*** SUMMARY ***
Total pot $2 | Rake $0
Seat 3: Mili2332 (button) (small blind) folded before Flop
Seat 4: Agrotait (big blind) collected ($2)


PokerStars Hand #164343715576:  Hold'em Limit ($3/$6 USD) - 2017/01/10 8:24:36 ET
Table 'Memoria' 6-max Seat #4 is the button
Seat 3: Mili2332 ($82.98 in chips)
Seat 4: Agrotait ($66 in chips)
Agrotait: posts small blind $1
Mili2332: posts big blind $3
*** HOLE CARDS ***
Agrotait: raises $3 to $6
Mili2332: calls $3
*** FLOP *** [Ks Jc 2h]
Mili2332: checks
Agrotait: bets $3
Mili2332: calls $3
*** TURN *** [Ks Jc 2h] [Qh]
Mili2332: checks
Agrotait: checks
*** RIVER *** [Ks Jc 2h Qh] [3s]
Mili2332: bets $6
Agrotait: calls $6
*** SHOW DOWN ***
Mili2332: shows [6c Kh] (a pair of Kings)
Agrotait: mucks hand
Mili2332 collected $29.50 from pot
*** SUMMARY ***
Total pot $30 | Rake $0.50
Board [Ks Jc 2h Qh 3s]
Seat 3: Mili2332 (big blind) showed [6c Kh] and won ($29.50) with a pair of Kings
Seat 4: Agrotait (button) (small blind) mucked


PokerStars Hand #164343706475:  Hold'em Limit ($3/$6 USD) - 2017/01/10 8:24:21 ET
Table 'Memoria' 6-max Seat #3 is the button
Seat 3: Mili2332 ($77.22 in chips)
Seat 4: Agrotait ($72 in chips)
Mili2332: posts small blind $1
Agrotait: posts big blind $3
*** HOLE CARDS ***
Mili2332: calls $2
Agrotait: checks
*** FLOP *** [4s Qd Qs]
Agrotait: bets $3
Mili2332: raises $3 to $6
Agrotait: folds
Uncalled bet ($3) returned to Mili2332
Mili2332 collected $11.76 from pot
*** SUMMARY ***
Total pot $12 | Rake $0.24
Board [4s Qd Qs]
Seat 3: Mili2332 (button) (small blind) collected ($11.76)
Seat 4: Agrotait (big blind) folded on the Flop


PokerStars Hand #164343733927:  Hold'em Limit ($3/$6 USD) - 2017/01/10 8:25:07 ET
Table 'Memoria' 6-max Seat #4 is the button
Seat 3: Mili2332 ($96.48 in chips)
Seat 4: Agrotait ($73 in chips)
Agrotait: posts small blind $1
Mili2332: posts big blind $3
*** HOLE CARDS ***
Agrotait: raises $3 to $6
Mili2332: calls $3
*** FLOP *** [5s Kd 9s]
Mili2332: checks
Agrotait: bets $3
Mili2332: folds
Uncalled bet ($3) returned to Agrotait
Agrotait collected $11.76 from pot
Agrotait: doesn't show hand
*** SUMMARY ***
Total pot $12 | Rake $0.24
Board [5s Kd 9s]
Seat 3: Mili2332 (big blind) folded on the Flop
Seat 4: Agrotait (button) (small blind) collected ($11.76)


PokerStars Hand #164343749309:  Hold'em Limit ($3/$6 USD) - 2017/01/10 8:25:32 ET
Table 'Memoria' 6-max Seat #3 is the button
Seat 3: Mili2332 ($90.48 in chips)
Seat 4: Agrotait ($78.76 in chips)
Mili2332: posts small blind $1
Agrotait: posts big blind $3
*** HOLE CARDS ***
Mili2332: calls $2
Agrotait: checks
*** FLOP *** [6c 8c Th]
Agrotait: checks
Mili2332: bets $3
Agrotait: calls $3
*** TURN *** [6c 8c Th] [5h]
Agrotait: checks
Mili2332: bets $6
Agrotait: folds
Uncalled bet ($6) returned to Mili2332
Mili2332 collected $11.76 from pot
*** SUMMARY ***
Total pot $12 | Rake $0.24
Board [6c 8c Th 5h]
Seat 3: Mili2332 (button) (small blind) collected ($11.76)
Seat 4: Agrotait (big blind) folded on the Turn


PokerStars Hand #164343797027:  Hold'em Limit ($3/$6 USD) - 2017/01/10 8:26:51 ET
Table 'Memoria' 6-max Seat #3 is the button
Seat 3: Mili2332 ($90.24 in chips)
Seat 4: Agrotait ($78.52 in chips)
Mili2332: posts small blind $1
Agrotait: posts big blind $3
*** HOLE CARDS ***
Mili2332: folds
Uncalled bet ($2) returned to Agrotait
Agrotait collected $2 from pot
Agrotait: doesn't show hand
*** SUMMARY ***
Total pot $2 | Rake $0
Seat 3: Mili2332 (button) (small blind) folded before Flop
Seat 4: Agrotait (big blind) collected ($2)


PokerStars Hand #164343789801:  Hold'em Limit ($3/$6 USD) - 2017/01/10 8:26:39 ET
Table 'Memoria' 6-max Seat #4 is the button
Seat 3: Mili2332 ($96.24 in chips)
Seat 4: Agrotait ($72.76 in chips)
Agrotait: posts small blind $1
Mili2332: posts big blind $3
*** HOLE CARDS ***
Agrotait: raises $3 to $6
Mili2332: calls $3
*** FLOP *** [8d Ts Kc]
Mili2332: checks
Agrotait: bets $3
Mili2332: folds
Uncalled bet ($3) returned to Agrotait
Agrotait collected $11.76 from pot
Agrotait: doesn't show hand
*** SUMMARY ***
Total pot $12 | Rake $0.24
Board [8d Ts Kc]
Seat 3: Mili2332 (big blind) folded on the Flop
Seat 4: Agrotait (button) (small blind) collected ($11.76)


PokerStars Hand #164343822694:  Hold'em Limit ($3/$6 USD) - 2017/01/10 8:27:34 ET
Table 'Memoria' 6-max Seat #3 is the button
Seat 3: Mili2332 ($80.24 in chips)
Seat 4: Agrotait ($88.16 in chips)
Mili2332: posts small blind $1
Agrotait: posts big blind $3
*** HOLE CARDS ***
Mili2332: folds
Uncalled bet ($2) returned to Agrotait
Agrotait collected $2 from pot
Agrotait: doesn't show hand
*** SUMMARY ***
Total pot $2 | Rake $0
Seat 3: Mili2332 (button) (small blind) folded before Flop
Seat 4: Agrotait (big blind) collected ($2)


PokerStars Hand #164343800173:  Hold'em Limit ($3/$6 USD) - 2017/01/10 8:26:56 ET
Table 'Memoria' 6-max Seat #4 is the button
Seat 3: Mili2332 ($89.24 in chips)
Seat 4: Agrotait ($79.52 in chips)
Agrotait: posts small blind $1
Mili2332: posts big blind $3
*** HOLE CARDS ***
Agrotait: raises $3 to $6
Mili2332: calls $3
*** FLOP *** [6h 5d Qd]
Mili2332: checks
Agrotait: bets $3
Mili2332: calls $3
*** TURN *** [6h 5d Qd] [As]
Mili2332: checks
Agrotait: bets $6
Mili2332: folds
Uncalled bet ($6) returned to Agrotait
Agrotait collected $17.64 from pot
*** SUMMARY ***
Total pot $18 | Rake $0.36
Board [6h 5d Qd As]
Seat 3: Mili2332 (big blind) folded on the Turn
Seat 4: Agrotait (button) (small blind) collected ($17.64)


PokerStars Hand #164343826124:  Hold'em Limit ($3/$6 USD) - 2017/01/10 8:27:39 ET
Table 'Memoria' 6-max Seat #4 is the button
Seat 3: Mili2332 ($79.24 in chips)
Seat 4: Agrotait ($89.16 in chips)
Agrotait: posts small blind $1
Mili2332: posts big blind $3
*** HOLE CARDS ***
Agrotait: folds
Uncalled bet ($2) returned to Mili2332
Mili2332 collected $2 from pot
*** SUMMARY ***
Total pot $2 | Rake $0
Seat 3: Mili2332 (big blind) collected ($2)
Seat 4: Agrotait (button) (small blind) folded before Flop


PokerStars Hand #164343839318:  Hold'em Limit ($3/$6 USD) - 2017/01/10 8:28:01 ET
Table 'Memoria' 6-max Seat #4 is the button
Seat 3: Mili2332 ($86 in chips)
Seat 4: Agrotait ($82.16 in chips)
Agrotait: posts small blind $1
Mili2332: posts big blind $3
*** HOLE CARDS ***
Agrotait: raises $3 to $6
Mili2332: calls $3
*** FLOP *** [2c 5d Kd]
Mili2332: checks
Agrotait: bets $3
Mili2332: calls $3
*** TURN *** [2c 5d Kd] [8d]
Mili2332: checks
Agrotait: bets $6
Mili2332: calls $6
*** RIVER *** [2c 5d Kd 8d] [5s]
Mili2332: checks
Agrotait: bets $6
Mili2332: calls $6
*** SHOW DOWN ***
Agrotait: shows [6c 4s] (a pair of Fives)
Mili2332: shows [8s Ts] (two pair, Eights and Fives)
Mili2332 collected $41.50 from pot
*** SUMMARY ***
Total pot $42 | Rake $0.50
Board [2c 5d Kd 8d 5s]
Seat 3: Mili2332 (big blind) showed [8s Ts] and won ($41.50) with two pair, Eights and Fives
Seat 4: Agrotait (button) (small blind) showed [6c 4s] and lost with a pair of Fives


PokerStars Hand #164343832038:  Hold'em Limit ($3/$6 USD) - 2017/01/10 8:27:49 ET
Table 'Memoria' 6-max Seat #3 is the button
Seat 3: Mili2332 ($80.24 in chips)
Seat 4: Agrotait ($88.16 in chips)
Mili2332: posts small blind $1
Agrotait: posts big blind $3
*** HOLE CARDS ***
Mili2332: raises $3 to $6
Agrotait: calls $3
*** FLOP *** [3c 8c Qs]
Agrotait: checks
Mili2332: bets $3
Agrotait: folds
Uncalled bet ($3) returned to Mili2332
Mili2332 collected $11.76 from pot
*** SUMMARY ***
Total pot $12 | Rake $0.24
Board [3c 8c Qs]
Seat 3: Mili2332 (button) (small blind) collected ($11.76)
Seat 4: Agrotait (big blind) folded on the Flop


PokerStars Hand #164343859814:  Hold'em Limit ($3/$6 USD) - 2017/01/10 8:28:35 ET
Table 'Memoria' 6-max Seat #4 is the button
Seat 3: Mili2332 ($105.50 in chips)
Seat 4: Agrotait ($62.16 in chips)
Agrotait: posts small blind $1
Mili2332: posts big blind $3
*** HOLE CARDS ***
Agrotait: raises $3 to $6
Mili2332: calls $3
*** FLOP *** [2s Kh 2d]
Mili2332: checks
Agrotait: bets $3
Mili2332: calls $3
*** TURN *** [2s Kh 2d] [Qh]
Mili2332: checks
Agrotait: checks
*** RIVER *** [2s Kh 2d Qh] [Ks]
Mili2332: bets $6
Agrotait: folds
Uncalled bet ($6) returned to Mili2332
Mili2332 collected $17.64 from pot
*** SUMMARY ***
Total pot $18 | Rake $0.36
Board [2s Kh 2d Qh Ks]
Seat 3: Mili2332 (big blind) collected ($17.64)
Seat 4: Agrotait (button) (small blind) folded on the River


PokerStars Hand #164343856191:  Hold'em Limit ($3/$6 USD) - 2017/01/10 8:28:29 ET
Table 'Memoria' 6-max Seat #3 is the button
Seat 3: Mili2332 ($106.50 in chips)
Seat 4: Agrotait ($61.16 in chips)
Mili2332: posts small blind $1
Agrotait: posts big blind $3
*** HOLE CARDS ***
Mili2332: folds
Uncalled bet ($2) returned to Agrotait
Agrotait collected $2 from pot
Agrotait: doesn't show hand
*** SUMMARY ***
Total pot $2 | Rake $0
Seat 3: Mili2332 (button) (small blind) folded before Flop
Seat 4: Agrotait (big blind) collected ($2)


PokerStars Hand #164343872956:  Hold'em Limit ($3/$6 USD) - 2017/01/10 8:28:57 ET
Table 'Memoria' 6-max Seat #3 is the button
Seat 3: Mili2332 ($114.14 in chips)
Seat 4: Agrotait ($72 in chips)
Mili2332: posts small blind $1
Agrotait: posts big blind $3
*** HOLE CARDS ***
Mili2332: calls $2
Agrotait: raises $3 to $6
Mili2332: calls $3
*** FLOP *** [4c Ks 7d]
Agrotait: bets $3
Mili2332: calls $3
*** TURN *** [4c Ks 7d] [Th]
Agrotait: bets $6
Mili2332: raises $6 to $12
Agrotait: calls $6
*** RIVER *** [4c Ks 7d Th] [Ts]
Agrotait: checks
Mili2332: bets $6
Agrotait: calls $6
*** SHOW DOWN ***
Mili2332: shows [Kh Tc] (a full house, Tens full of Kings)
Agrotait: mucks hand
Mili2332 collected $53.50 from pot
*** SUMMARY ***
Total pot $54 | Rake $0.50
Board [4c Ks 7d Th Ts]
Seat 3: Mili2332 (button) (small blind) showed [Kh Tc] and won ($53.50) with a full house, Tens full of Kings
Seat 4: Agrotait (big blind) mucked


PokerStars Hand #164343891201:  Hold'em Limit ($3/$6 USD) - 2017/01/10 8:29:27 ET
Table 'Memoria' 6-max Seat #4 is the button
Seat 3: Mili2332 ($140.64 in chips)
Seat 4: Agrotait ($72 in chips)
Agrotait: posts small blind $1
Mili2332: posts big blind $3
*** HOLE CARDS ***
Agrotait: raises $3 to $6
Mili2332: calls $3
*** FLOP *** [Jh 4c 6h]
Mili2332: checks
Agrotait: bets $3
Mili2332: calls $3
*** TURN *** [Jh 4c 6h] [2d]
Mili2332: checks
Agrotait: bets $6
Mili2332: folds
Uncalled bet ($6) returned to Agrotait
Agrotait collected $17.64 from pot
Agrotait: doesn't show hand
*** SUMMARY ***
Total pot $18 | Rake $0.36
Board [Jh 4c 6h 2d]
Seat 3: Mili2332 (big blind) folded on the Turn
Seat 4: Agrotait (button) (small blind) collected ($17.64)


PokerStars Hand #164343902474:  Hold'em Limit ($3/$6 USD) - 2017/01/10 8:29:45 ET
Table 'Memoria' 6-max Seat #3 is the button
Seat 3: Mili2332 ($131.64 in chips)
Seat 4: Agrotait ($80.64 in chips)
Mili2332: posts small blind $1
Agrotait: posts big blind $3
*** HOLE CARDS ***
Mili2332: calls $2
Agrotait: raises $3 to $6
Mili2332: calls $3
*** FLOP *** [Jd 7h 2h]
Agrotait: bets $3
Mili2332: calls $3
*** TURN *** [Jd 7h 2h] [Qc]
Agrotait: checks
Mili2332: bets $6
Agrotait: calls $6
*** RIVER *** [Jd 7h 2h Qc] [3c]
Agrotait: checks
Mili2332: checks
*** SHOW DOWN ***
Agrotait: shows [3h Ah] (a pair of Threes)
Mili2332: mucks hand
Agrotait collected $29.50 from pot
*** SUMMARY ***
Total pot $30 | Rake $0.50
Board [Jd 7h 2h Qc 3c]
Seat 3: Mili2332 (button) (small blind) mucked
Seat 4: Agrotait (big blind) showed [3h Ah] and won ($29.50) with a pair of Threes


PokerStars Hand #164343917762:  Hold'em Limit ($3/$6 USD) - 2017/01/10 8:30:10 ET
Table 'Memoria' 6-max Seat #4 is the button
Seat 3: Mili2332 ($116.64 in chips)
Seat 4: Agrotait ($95.14 in chips)
Agrotait: posts small blind $1
Mili2332: posts big blind $3
*** HOLE CARDS ***
Agrotait: raises $3 to $6
Mili2332: calls $3
*** FLOP *** [Jc 2d 5s]
Mili2332: checks
Agrotait: bets $3
Mili2332: folds
Uncalled bet ($3) returned to Agrotait
Agrotait collected $11.76 from pot
Mili2332 leaves the table
Agrotait: doesn't show hand
*** SUMMARY ***
Total pot $12 | Rake $0.24
Board [Jc 2d 5s]
Seat 3: Mili2332 (big blind) folded on the Flop
Seat 4: Agrotait (button) (small blind) collected ($11.76)


