PokerStars Hand #175291057318:  Hold'em Limit ($3/$6 USD) - 2017/09/06 14:10:23 ET
Table 'Menelaus II' 6-max Seat #2 is the button
Seat 2: Nijadperest ($399.19 in chips)
Seat 3: ogdealer ($62.25 in chips)
Nijadperest: posts small blind $1
ogdealer: posts big blind $3
*** HOLE CARDS ***
Psynto joins the table at seat #4
Nijadperest: raises $3 to $6
ogdealer: folds
Uncalled bet ($3) returned to Nijadperest
vestimokrec joins the table at seat #5
Nijadperest collected $6 from pot
Nijadperest: doesn't show hand
*** SUMMARY ***
Total pot $6 | Rake $0
Seat 2: Nijadperest (button) (small blind) collected ($6)
Seat 3: ogdealer (big blind) folded before Flop


PokerStars Hand #175291644076:  Hold'em Limit ($3/$6 USD) - 2017/09/06 14:22:39 ET
Table 'Menelaus II' 6-max Seat #3 is the button
Seat 2: Nijadperest ($419.27 in chips)
Seat 3: ToDaFelt ($98 in chips)
ToDaFelt: posts small blind $1
Psynto: is sitting out
zxkz: is sitting out
Nijadperest: posts big blind $3
*** HOLE CARDS ***
ToDaFelt: raises $3 to $6
Nijadperest: folds
Uncalled bet ($3) returned to ToDaFelt
ToDaFelt collected $6 from pot
ToDaFelt: doesn't show hand
*** SUMMARY ***
Total pot $6 | Rake $0
Seat 2: Nijadperest (big blind) folded before Flop
Seat 3: ToDaFelt (button) (small blind) collected ($6)


PokerStars Hand #175291681530:  Hold'em Limit ($3/$6 USD) - 2017/09/06 14:23:26 ET
Table 'Menelaus II' 6-max Seat #2 is the button
Seat 2: Nijadperest ($440.77 in chips)
Seat 3: ToDaFelt ($76 in chips)
Nijadperest: posts small blind $1
ToDaFelt: posts big blind $3
*** HOLE CARDS ***
Psynto leaves the table
Nijadperest: folds
Uncalled bet ($2) returned to ToDaFelt
ToDaFelt collected $2 from pot
ToDaFelt: doesn't show hand
*** SUMMARY ***
Total pot $2 | Rake $0
Seat 2: Nijadperest (button) (small blind) folded before Flop
Seat 3: ToDaFelt (big blind) collected ($2)


PokerStars Hand #175291675047:  Hold'em Limit ($3/$6 USD) - 2017/09/06 14:23:18 ET
Table 'Menelaus II' 6-max Seat #3 is the button
Seat 2: Nijadperest ($439.77 in chips)
Seat 3: ToDaFelt ($77 in chips)
ToDaFelt: posts small blind $1
Nijadperest: posts big blind $3
*** HOLE CARDS ***
ToDaFelt: folds
Uncalled bet ($2) returned to Nijadperest
Nijadperest collected $2 from pot
Nijadperest: doesn't show hand
*** SUMMARY ***
Total pot $2 | Rake $0
Seat 2: Nijadperest (big blind) collected ($2)
Seat 3: ToDaFelt (button) (small blind) folded before Flop


PokerStars Hand #175291649363:  Hold'em Limit ($3/$6 USD) - 2017/09/06 14:22:46 ET
Table 'Menelaus II' 6-max Seat #2 is the button
Seat 2: Nijadperest ($416.27 in chips)
Seat 3: ToDaFelt ($101 in chips)
Nijadperest: posts small blind $1
ToDaFelt: posts big blind $3
*** HOLE CARDS ***
Nijadperest: raises $3 to $6
zxkz leaves the table
ToDaFelt: raises $3 to $9
Nijadperest: calls $3
*** FLOP *** [8s Kd 3d]
ToDaFelt: bets $3
Nijadperest: calls $3
*** TURN *** [8s Kd 3d] [9c]
ToDaFelt: checks
Nijadperest: bets $6
ToDaFelt: calls $6
*** RIVER *** [8s Kd 3d 9c] [Td]
ToDaFelt: checks
Nijadperest: bets $6
ToDaFelt: calls $6
*** SHOW DOWN ***
Nijadperest: shows [Kc 8h] (two pair, Kings and Eights)
ToDaFelt: mucks hand
Nijadperest collected $47.50 from pot
*** SUMMARY ***
Total pot $48 | Rake $0.50
Board [8s Kd 3d 9c Td]
Seat 2: Nijadperest (button) (small blind) showed [Kc 8h] and won ($47.50) with two pair, Kings and Eights
Seat 3: ToDaFelt (big blind) mucked


PokerStars Hand #175291734983:  Hold'em Limit ($3/$6 USD) - 2017/09/06 14:24:32 ET
Table 'Menelaus II' 6-max Seat #3 is the button
Seat 2: Nijadperest ($421.77 in chips)
Seat 3: ToDaFelt ($94.50 in chips)
ToDaFelt: posts small blind $1
Nijadperest: posts big blind $3
*** HOLE CARDS ***
ToDaFelt: folds
Uncalled bet ($2) returned to Nijadperest
Nijadperest collected $2 from pot
Nijadperest: doesn't show hand
*** SUMMARY ***
Total pot $2 | Rake $0
Seat 2: Nijadperest (big blind) collected ($2)
Seat 3: ToDaFelt (button) (small blind) folded before Flop


PokerStars Hand #175291722905:  Hold'em Limit ($3/$6 USD) - 2017/09/06 14:24:17 ET
Table 'Menelaus II' 6-max Seat #2 is the button
Seat 2: Nijadperest ($418.77 in chips)
Seat 3: ToDaFelt ($97.50 in chips)
Nijadperest: posts small blind $1
ToDaFelt: posts big blind $3
*** HOLE CARDS ***
Nijadperest: raises $3 to $6
ToDaFelt: folds
Uncalled bet ($3) returned to Nijadperest
Nijadperest collected $6 from pot
Nijadperest: doesn't show hand
*** SUMMARY ***
Total pot $6 | Rake $0
Seat 2: Nijadperest (button) (small blind) collected ($6)
Seat 3: ToDaFelt (big blind) folded before Flop


PokerStars Hand #175291717572:  Hold'em Limit ($3/$6 USD) - 2017/09/06 14:24:11 ET
Table 'Menelaus II' 6-max Seat #3 is the button
Seat 2: Nijadperest ($417.77 in chips)
Seat 3: ToDaFelt ($98.50 in chips)
ToDaFelt: posts small blind $1
Nijadperest: posts big blind $3
*** HOLE CARDS ***
ToDaFelt: folds
Uncalled bet ($2) returned to Nijadperest
Nijadperest collected $2 from pot
Nijadperest: doesn't show hand
*** SUMMARY ***
Total pot $2 | Rake $0
Seat 2: Nijadperest (big blind) collected ($2)
Seat 3: ToDaFelt (button) (small blind) folded before Flop


PokerStars Hand #175291713083:  Hold'em Limit ($3/$6 USD) - 2017/09/06 14:24:05 ET
Table 'Menelaus II' 6-max Seat #2 is the button
Seat 2: Nijadperest ($418.77 in chips)
Seat 3: ToDaFelt ($97.50 in chips)
Nijadperest: posts small blind $1
ToDaFelt: posts big blind $3
*** HOLE CARDS ***
Nijadperest: folds
Uncalled bet ($2) returned to ToDaFelt
ToDaFelt collected $2 from pot
ToDaFelt: doesn't show hand
*** SUMMARY ***
Total pot $2 | Rake $0
Seat 2: Nijadperest (button) (small blind) folded before Flop
Seat 3: ToDaFelt (big blind) collected ($2)


PokerStars Hand #175291686199:  Hold'em Limit ($3/$6 USD) - 2017/09/06 14:23:32 ET
Table 'Menelaus II' 6-max Seat #3 is the button
Seat 2: Nijadperest ($439.77 in chips)
Seat 3: ToDaFelt ($77 in chips)
ToDaFelt: posts small blind $1
Nijadperest: posts big blind $3
*** HOLE CARDS ***
ToDaFelt: raises $3 to $6
Nijadperest: calls $3
*** FLOP *** [2c 8h 3s]
Nijadperest: checks
vestimokrec joins the table at seat #4
ToDaFelt: bets $3
Nijadperest: calls $3
*** TURN *** [2c 8h 3s] [7s]
Nijadperest: checks
ToDaFelt: bets $6
Nijadperest: calls $6
*** RIVER *** [2c 8h 3s 7s] [Qc]
Nijadperest: checks
ToDaFelt: bets $6
Nijadperest: calls $6
*** SHOW DOWN ***
ToDaFelt: shows [8c 7c] (two pair, Eights and Sevens)
Nijadperest: mucks hand
ToDaFelt collected $41.50 from pot
*** SUMMARY ***
Total pot $42 | Rake $0.50
Board [2c 8h 3s 7s Qc]
Seat 2: Nijadperest (big blind) mucked
Seat 3: ToDaFelt (button) (small blind) showed [8c 7c] and won ($41.50) with two pair, Eights and Sevens


PokerStars Hand #175291777637:  Hold'em Limit ($3/$6 USD) - 2017/09/06 14:25:25 ET
Table 'Menelaus II' 6-max Seat #3 is the button
Seat 2: Nijadperest ($430.27 in chips)
Seat 3: ToDaFelt ($85.26 in chips)
ToDaFelt: posts small blind $1
Nijadperest: posts big blind $3
*** HOLE CARDS ***
ToDaFelt: raises $3 to $6
Nijadperest: calls $3
*** FLOP *** [8s 6s 8h]
Nijadperest: checks
ToDaFelt: bets $3
Nijadperest: calls $3
*** TURN *** [8s 6s 8h] [5h]
Nijadperest: checks
ToDaFelt: checks
*** RIVER *** [8s 6s 8h 5h] [Jc]
Nijadperest: bets $6
ToDaFelt: calls $6
*** SHOW DOWN ***
Nijadperest: shows [9s Jh] (two pair, Jacks and Eights)
ToDaFelt: mucks hand
Nijadperest collected $29.50 from pot
*** SUMMARY ***
Total pot $30 | Rake $0.50
Board [8s 6s 8h 5h Jc]
Seat 2: Nijadperest (big blind) showed [9s Jh] and won ($29.50) with two pair, Jacks and Eights
Seat 3: ToDaFelt (button) (small blind) mucked


PokerStars Hand #175291773578:  Hold'em Limit ($3/$6 USD) - 2017/09/06 14:25:20 ET
Table 'Menelaus II' 6-max Seat #2 is the button
Seat 2: Nijadperest ($431.27 in chips)
Seat 3: ToDaFelt ($84.26 in chips)
Nijadperest: posts small blind $1
ToDaFelt: posts big blind $3
*** HOLE CARDS ***
Nijadperest: folds
Uncalled bet ($2) returned to ToDaFelt
ToDaFelt collected $2 from pot
ToDaFelt: doesn't show hand
*** SUMMARY ***
Total pot $2 | Rake $0
Seat 2: Nijadperest (button) (small blind) folded before Flop
Seat 3: ToDaFelt (big blind) collected ($2)


PokerStars Hand #175291763051:  Hold'em Limit ($3/$6 USD) - 2017/09/06 14:25:07 ET
Table 'Menelaus II' 6-max Seat #3 is the button
Seat 2: Nijadperest ($437.27 in chips)
Seat 3: ToDaFelt ($78.50 in chips)
ToDaFelt: posts small blind $1
Nijadperest: posts big blind $3
*** HOLE CARDS ***
ToDaFelt: raises $3 to $6
Nijadperest: calls $3
*** FLOP *** [4s 9h Ad]
Nijadperest: checks
ToDaFelt: bets $3
Nijadperest: folds
Uncalled bet ($3) returned to ToDaFelt
ToDaFelt collected $11.76 from pot
ToDaFelt: doesn't show hand
*** SUMMARY ***
Total pot $12 | Rake $0.24
Board [4s 9h Ad]
Seat 2: Nijadperest (big blind) folded on the Flop
Seat 3: ToDaFelt (button) (small blind) collected ($11.76)


PokerStars Hand #175291741757:  Hold'em Limit ($3/$6 USD) - 2017/09/06 14:24:40 ET
Table 'Menelaus II' 6-max Seat #2 is the button
Seat 2: Nijadperest ($422.77 in chips)
Seat 3: ToDaFelt ($93.50 in chips)
Nijadperest: posts small blind $1
ToDaFelt: posts big blind $3
*** HOLE CARDS ***
Nijadperest: raises $3 to $6
ToDaFelt: calls $3
*** FLOP *** [2d Kh Jc]
ToDaFelt: checks
Nijadperest: bets $3
ToDaFelt: calls $3
*** TURN *** [2d Kh Jc] [4h]
ToDaFelt: checks
Nijadperest: bets $6
ToDaFelt: calls $6
*** RIVER *** [2d Kh Jc 4h] [2s]
ToDaFelt: checks
Nijadperest: checks
*** SHOW DOWN ***
ToDaFelt: shows [5h As] (a pair of Deuces)
Nijadperest: shows [6c 6d] (two pair, Sixes and Deuces)
Nijadperest collected $29.50 from pot
*** SUMMARY ***
Total pot $30 | Rake $0.50
Board [2d Kh Jc 4h 2s]
Seat 2: Nijadperest (button) (small blind) showed [6c 6d] and won ($29.50) with two pair, Sixes and Deuces
Seat 3: ToDaFelt (big blind) showed [5h As] and lost with a pair of Deuces


PokerStars Hand #175291798933:  Hold'em Limit ($3/$6 USD) - 2017/09/06 14:25:51 ET
Table 'Menelaus II' 6-max Seat #2 is the button
Seat 2: Nijadperest ($444.77 in chips)
Seat 3: ToDaFelt ($120 in chips)
Nijadperest: posts small blind $1
ToDaFelt: posts big blind $3
*** HOLE CARDS ***
Nijadperest: raises $3 to $6
ToDaFelt: calls $3
*** FLOP *** [4d 4h 6d]
ToDaFelt: checks
Nijadperest: bets $3
ToDaFelt: raises $3 to $6
Nijadperest: calls $3
*** TURN *** [4d 4h 6d] [9d]
ToDaFelt: bets $6
Nijadperest: calls $6
*** RIVER *** [4d 4h 6d 9d] [Jd]
ToDaFelt: bets $6
Nijadperest: raises $6 to $12
ToDaFelt: folds
Uncalled bet ($6) returned to Nijadperest
Nijadperest collected $47.50 from pot
Nijadperest: doesn't show hand
*** SUMMARY ***
Total pot $48 | Rake $0.50
Board [4d 4h 6d 9d Jd]
Seat 2: Nijadperest (button) (small blind) collected ($47.50)
Seat 3: ToDaFelt (big blind) folded on the River


