PokerStars Hand #158904851986:  Hold'em Limit ($3/$6 USD) - 2016/09/21 13:11:40 ET
Table 'Menelaus II' 10-max Seat #5 is the button
Seat 5: simper11 ($120 in chips)
Seat 6: VRN_CATI_PRO ($120 in chips)
simper11: posts small blind $1
VRN_CATI_PRO: posts big blind $3
*** HOLE CARDS ***
simper11: raises $3 to $6
VRN_CATI_PRO: calls $3
*** FLOP *** [6h Kh 4h]
VRN_CATI_PRO: checks
simper11: bets $3
VRN_CATI_PRO: folds
Uncalled bet ($3) returned to simper11
simper11 collected $11.76 from pot
simper11: doesn't show hand
*** SUMMARY ***
Total pot $12 | Rake $0.24
Board [6h Kh 4h]
Seat 5: simper11 (button) (small blind) collected ($11.76)
Seat 6: VRN_CATI_PRO (big blind) folded on the Flop


PokerStars Hand #158904874349:  Hold'em Limit ($3/$6 USD) - 2016/09/21 13:12:09 ET
Table 'Menelaus II' 10-max Seat #6 is the button
Seat 5: simper11 ($125.76 in chips)
Seat 6: VRN_CATI_PRO ($114 in chips)
VRN_CATI_PRO: posts small blind $1
simper11: posts big blind $3
*** HOLE CARDS ***
VRN_CATI_PRO: calls $2
simper11: raises $3 to $6
VRN_CATI_PRO: calls $3
*** FLOP *** [Jd 7s 3h]
simper11: bets $3
VRN_CATI_PRO: calls $3
*** TURN *** [Jd 7s 3h] [5h]
simper11: bets $6
VRN_CATI_PRO: calls $6
*** RIVER *** [Jd 7s 3h 5h] [Th]
simper11: bets $6
VRN_CATI_PRO: calls $6
*** SHOW DOWN ***
simper11: shows [Ad Js] (a pair of Jacks)
VRN_CATI_PRO: mucks hand
simper11 collected $41.50 from pot
*** SUMMARY ***
Total pot $42 | Rake $0.50
Board [Jd 7s 3h 5h Th]
Seat 5: simper11 (big blind) showed [Ad Js] and won ($41.50) with a pair of Jacks
Seat 6: VRN_CATI_PRO (button) (small blind) mucked


PokerStars Hand #158904885558:  Hold'em Limit ($3/$6 USD) - 2016/09/21 13:12:23 ET
Table 'Menelaus II' 10-max Seat #5 is the button
Seat 5: simper11 ($146.26 in chips)
Seat 6: VRN_CATI_PRO ($93 in chips)
simper11: posts small blind $1
VRN_CATI_PRO: posts big blind $3
*** HOLE CARDS ***
simper11: raises $3 to $6
VRN_CATI_PRO: calls $3
*** FLOP *** [Tc Ah 5h]
VRN_CATI_PRO: checks
simper11: bets $3
VRN_CATI_PRO: folds
Uncalled bet ($3) returned to simper11
simper11 collected $11.76 from pot
simper11: doesn't show hand
*** SUMMARY ***
Total pot $12 | Rake $0.24
Board [Tc Ah 5h]
Seat 5: simper11 (button) (small blind) collected ($11.76)
Seat 6: VRN_CATI_PRO (big blind) folded on the Flop


PokerStars Hand #158904892531:  Hold'em Limit ($3/$6 USD) - 2016/09/21 13:12:32 ET
Table 'Menelaus II' 10-max Seat #6 is the button
Seat 5: simper11 ($152.02 in chips)
Seat 6: VRN_CATI_PRO ($87 in chips)
VRN_CATI_PRO: posts small blind $1
simper11: posts big blind $3
*** HOLE CARDS ***
VRN_CATI_PRO: calls $2
simper11: checks
*** FLOP *** [5c 2h 8s]
simper11: checks
Chessnok joins the table at seat #7
VRN_CATI_PRO: bets $3
simper11: folds
Uncalled bet ($3) returned to VRN_CATI_PRO
VRN_CATI_PRO collected $5.88 from pot
VRN_CATI_PRO: doesn't show hand
*** SUMMARY ***
Total pot $6 | Rake $0.12
Board [5c 2h 8s]
Seat 5: simper11 (big blind) folded on the Flop
Seat 6: VRN_CATI_PRO (button) (small blind) collected ($5.88)


PokerStars Hand #158904899719:  Hold'em Limit ($3/$6 USD) - 2016/09/21 13:12:42 ET
Table 'Menelaus II' 10-max Seat #5 is the button
Seat 5: simper11 ($149.02 in chips)
Seat 6: VRN_CATI_PRO ($89.88 in chips)
simper11: posts small blind $1
VRN_CATI_PRO: posts big blind $3
*** HOLE CARDS ***
simper11: raises $3 to $6
VRN_CATI_PRO: folds
Uncalled bet ($3) returned to simper11
simper11 collected $6 from pot
simper11: doesn't show hand
*** SUMMARY ***
Total pot $6 | Rake $0
Seat 5: simper11 (button) (small blind) collected ($6)
Seat 6: VRN_CATI_PRO (big blind) folded before Flop


PokerStars Hand #158905093698:  Hold'em Limit ($3/$6 USD) - 2016/09/21 13:16:58 ET
Table 'Menelaus II' 10-max Seat #7 is the button
Seat 6: VRN_CATI_PRO ($120.44 in chips)
Seat 7: Chessnok ($70.61 in chips)
Chessnok: posts small blind $1
simper11: is sitting out
VRN_CATI_PRO: posts big blind $3
*** HOLE CARDS ***
Chessnok: raises $3 to $6
VRN_CATI_PRO: folds
Uncalled bet ($3) returned to Chessnok
Chessnok collected $6 from pot
Chessnok: doesn't show hand
*** SUMMARY ***
Total pot $6 | Rake $0
Seat 6: VRN_CATI_PRO (big blind) folded before Flop
Seat 7: Chessnok (button) (small blind) collected ($6)


PokerStars Hand #158905097972:  Hold'em Limit ($3/$6 USD) - 2016/09/21 13:17:04 ET
Table 'Menelaus II' 10-max Seat #6 is the button
Seat 6: VRN_CATI_PRO ($117.44 in chips)
Seat 7: Chessnok ($73.61 in chips)
VRN_CATI_PRO: posts small blind $1
simper11 leaves the table
Chessnok: posts big blind $3
*** HOLE CARDS ***
VRN_CATI_PRO: calls $2
Chessnok: checks
*** FLOP *** [3c 8c 5d]
Chessnok: bets $3
VRN_CATI_PRO: calls $3
*** TURN *** [3c 8c 5d] [8h]
Chessnok: bets $6
VRN_CATI_PRO: folds
Uncalled bet ($6) returned to Chessnok
Chessnok collected $11.76 from pot
Chessnok: doesn't show hand
*** SUMMARY ***
Total pot $12 | Rake $0.24
Board [3c 8c 5d 8h]
Seat 6: VRN_CATI_PRO (button) (small blind) folded on the Turn
Seat 7: Chessnok (big blind) collected ($11.76)


PokerStars Hand #158905107033:  Hold'em Limit ($3/$6 USD) - 2016/09/21 13:17:16 ET
Table 'Menelaus II' 10-max Seat #7 is the button
Seat 6: VRN_CATI_PRO ($111.44 in chips)
Seat 7: Chessnok ($79.37 in chips)
Chessnok: posts small blind $1
VRN_CATI_PRO: posts big blind $3
*** HOLE CARDS ***
Chessnok: raises $3 to $6
VRN_CATI_PRO: raises $3 to $9
Chessnok: calls $3
*** FLOP *** [Kc Td 4d]
VRN_CATI_PRO: checks
Chessnok: bets $3
VRN_CATI_PRO: calls $3
*** TURN *** [Kc Td 4d] [7d]
VRN_CATI_PRO: checks
Chessnok: bets $6
VRN_CATI_PRO: calls $6
*** RIVER *** [Kc Td 4d 7d] [6d]
VRN_CATI_PRO: bets $6
Chessnok: calls $6
*** SHOW DOWN ***
VRN_CATI_PRO: shows [Qs Qc] (a pair of Queens)
Chessnok: shows [7s 4s] (two pair, Sevens and Fours)
Chessnok collected $47.50 from pot
*** SUMMARY ***
Total pot $48 | Rake $0.50
Board [Kc Td 4d 7d 6d]
Seat 6: VRN_CATI_PRO (big blind) showed [Qs Qc] and lost with a pair of Queens
Seat 7: Chessnok (button) (small blind) showed [7s 4s] and won ($47.50) with two pair, Sevens and Fours


PokerStars Hand #158905132587:  Hold'em Limit ($3/$6 USD) - 2016/09/21 13:17:50 ET
Table 'Menelaus II' 10-max Seat #7 is the button
Seat 6: VRN_CATI_PRO ($104.94 in chips)
Seat 7: Chessnok ($84.87 in chips)
Chessnok: posts small blind $1
VRN_CATI_PRO: posts big blind $3
*** HOLE CARDS ***
Chessnok: raises $3 to $6
VRN_CATI_PRO: calls $3
*** FLOP *** [9h As 6d]
VRN_CATI_PRO: checks
Chessnok: bets $3
VRN_CATI_PRO: folds
Uncalled bet ($3) returned to Chessnok
Chessnok collected $11.76 from pot
Chessnok: doesn't show hand
*** SUMMARY ***
Total pot $12 | Rake $0.24
Board [9h As 6d]
Seat 6: VRN_CATI_PRO (big blind) folded on the Flop
Seat 7: Chessnok (button) (small blind) collected ($11.76)


PokerStars Hand #158905121516:  Hold'em Limit ($3/$6 USD) - 2016/09/21 13:17:35 ET
Table 'Menelaus II' 10-max Seat #6 is the button
Seat 6: VRN_CATI_PRO ($87.44 in chips)
Seat 7: Chessnok ($102.87 in chips)
VRN_CATI_PRO: posts small blind $1
Chessnok: posts big blind $3
*** HOLE CARDS ***
VRN_CATI_PRO: calls $2
Chessnok: checks
*** FLOP *** [2c Kc 6s]
Chessnok: checks
VRN_CATI_PRO: bets $3
Chessnok: calls $3
*** TURN *** [2c Kc 6s] [4s]
Chessnok: checks
VRN_CATI_PRO: bets $6
Chessnok: calls $6
*** RIVER *** [2c Kc 6s 4s] [Tc]
Chessnok: checks
VRN_CATI_PRO: bets $6
Chessnok: calls $6
*** SHOW DOWN ***
VRN_CATI_PRO: shows [4c Td] (two pair, Tens and Fours)
Chessnok: mucks hand
VRN_CATI_PRO collected $35.50 from pot
*** SUMMARY ***
Total pot $36 | Rake $0.50
Board [2c Kc 6s 4s Tc]
Seat 6: VRN_CATI_PRO (button) (small blind) showed [4c Td] and won ($35.50) with two pair, Tens and Fours
Seat 7: Chessnok (big blind) mucked


PokerStars Hand #158905138708:  Hold'em Limit ($3/$6 USD) - 2016/09/21 13:17:58 ET
Table 'Menelaus II' 10-max Seat #6 is the button
Seat 6: VRN_CATI_PRO ($98.94 in chips)
Seat 7: Chessnok ($90.63 in chips)
VRN_CATI_PRO: posts small blind $1
Chessnok: posts big blind $3
*** HOLE CARDS ***
VRN_CATI_PRO: raises $3 to $6
Chessnok: calls $3
*** FLOP *** [Js 9d Qh]
Chessnok: checks
VRN_CATI_PRO: bets $3
Chessnok: calls $3
*** TURN *** [Js 9d Qh] [4c]
Chessnok: checks
VRN_CATI_PRO: bets $6
Chessnok: calls $6
*** RIVER *** [Js 9d Qh 4c] [2s]
Chessnok: checks
VRN_CATI_PRO: bets $6
Chessnok: calls $6
*** SHOW DOWN ***
VRN_CATI_PRO: shows [Jd Jh] (three of a kind, Jacks)
Chessnok: mucks hand
VRN_CATI_PRO collected $41.50 from pot
*** SUMMARY ***
Total pot $42 | Rake $0.50
Board [Js 9d Qh 4c 2s]
Seat 6: VRN_CATI_PRO (button) (small blind) showed [Jd Jh] and won ($41.50) with three of a kind, Jacks
Seat 7: Chessnok (big blind) mucked


PokerStars Hand #158905155794:  Hold'em Limit ($3/$6 USD) - 2016/09/21 13:18:21 ET
Table 'Menelaus II' 10-max Seat #6 is the button
Seat 6: VRN_CATI_PRO ($120.44 in chips)
Seat 7: Chessnok ($68.63 in chips)
VRN_CATI_PRO: posts small blind $1
Chessnok: posts big blind $3
*** HOLE CARDS ***
VRN_CATI_PRO: raises $3 to $6
Chessnok: folds
Uncalled bet ($3) returned to VRN_CATI_PRO
VRN_CATI_PRO collected $6 from pot
VRN_CATI_PRO: doesn't show hand
*** SUMMARY ***
Total pot $6 | Rake $0
Seat 6: VRN_CATI_PRO (button) (small blind) collected ($6)
Seat 7: Chessnok (big blind) folded before Flop


PokerStars Hand #158905152296:  Hold'em Limit ($3/$6 USD) - 2016/09/21 13:18:16 ET
Table 'Menelaus II' 10-max Seat #7 is the button
Seat 6: VRN_CATI_PRO ($119.44 in chips)
Seat 7: Chessnok ($69.63 in chips)
Chessnok: posts small blind $1
VRN_CATI_PRO: posts big blind $3
*** HOLE CARDS ***
Chessnok: folds
Uncalled bet ($2) returned to VRN_CATI_PRO
VRN_CATI_PRO collected $2 from pot
VRN_CATI_PRO: doesn't show hand
*** SUMMARY ***
Total pot $2 | Rake $0
Seat 6: VRN_CATI_PRO (big blind) collected ($2)
Seat 7: Chessnok (button) (small blind) folded before Flop


PokerStars Hand #158905160467:  Hold'em Limit ($3/$6 USD) - 2016/09/21 13:18:27 ET
Table 'Menelaus II' 10-max Seat #7 is the button
Seat 6: VRN_CATI_PRO ($123.44 in chips)
Seat 7: Chessnok ($65.63 in chips)
Chessnok: posts small blind $1
VRN_CATI_PRO: posts big blind $3
*** HOLE CARDS ***
Chessnok: folds
Uncalled bet ($2) returned to VRN_CATI_PRO
VRN_CATI_PRO collected $2 from pot
VRN_CATI_PRO: doesn't show hand
*** SUMMARY ***
Total pot $2 | Rake $0
Seat 6: VRN_CATI_PRO (big blind) collected ($2)
Seat 7: Chessnok (button) (small blind) folded before Flop


PokerStars Hand #158905164022:  Hold'em Limit ($3/$6 USD) - 2016/09/21 13:18:32 ET
Table 'Menelaus II' 10-max Seat #6 is the button
Seat 6: VRN_CATI_PRO ($124.44 in chips)
Seat 7: Chessnok ($64.63 in chips)
VRN_CATI_PRO: posts small blind $1
Chessnok: posts big blind $3
*** HOLE CARDS ***
VRN_CATI_PRO: raises $3 to $6
Chessnok: calls $3
*** FLOP *** [3d 2h Jd]
Chessnok: bets $3
VRN_CATI_PRO: folds
Uncalled bet ($3) returned to Chessnok
Chessnok collected $11.76 from pot
Chessnok: doesn't show hand
*** SUMMARY ***
Total pot $12 | Rake $0.24
Board [3d 2h Jd]
Seat 6: VRN_CATI_PRO (button) (small blind) folded on the Flop
Seat 7: Chessnok (big blind) collected ($11.76)


PokerStars Hand #158905173042:  Hold'em Limit ($3/$6 USD) - 2016/09/21 13:18:44 ET
Table 'Menelaus II' 10-max Seat #7 is the button
Seat 6: VRN_CATI_PRO ($118.44 in chips)
Seat 7: Chessnok ($70.39 in chips)
Chessnok: posts small blind $1
VRN_CATI_PRO: posts big blind $3
*** HOLE CARDS ***
Chessnok: raises $3 to $6
VRN_CATI_PRO: calls $3
*** FLOP *** [3h 3s Qh]
VRN_CATI_PRO: checks
Chessnok: bets $3
VRN_CATI_PRO: folds
Uncalled bet ($3) returned to Chessnok
Chessnok collected $11.76 from pot
Chessnok: doesn't show hand
*** SUMMARY ***
Total pot $12 | Rake $0.24
Board [3h 3s Qh]
Seat 6: VRN_CATI_PRO (big blind) folded on the Flop
Seat 7: Chessnok (button) (small blind) collected ($11.76)


PokerStars Hand #158905182061:  Hold'em Limit ($3/$6 USD) - 2016/09/21 13:18:56 ET
Table 'Menelaus II' 10-max Seat #6 is the button
Seat 6: VRN_CATI_PRO ($112.44 in chips)
Seat 7: Chessnok ($76.15 in chips)
VRN_CATI_PRO: posts small blind $1
Chessnok: posts big blind $3
*** HOLE CARDS ***
VRN_CATI_PRO: raises $3 to $6
Chessnok: raises $3 to $9
VRN_CATI_PRO: calls $3
*** FLOP *** [Td 7s Jc]
Chessnok: bets $3
VRN_CATI_PRO: calls $3
*** TURN *** [Td 7s Jc] [Qc]
Chessnok: bets $6
Ag3r0n joins the table at seat #8
VRN_CATI_PRO: calls $6
*** RIVER *** [Td 7s Jc Qc] [Jh]
Chessnok: checks
VRN_CATI_PRO: bets $6
Chessnok: folds
Uncalled bet ($6) returned to VRN_CATI_PRO
VRN_CATI_PRO collected $35.50 from pot
VRN_CATI_PRO: doesn't show hand
*** SUMMARY ***
Total pot $36 | Rake $0.50
Board [Td 7s Jc Qc Jh]
Seat 6: VRN_CATI_PRO (button) (small blind) collected ($35.50)
Seat 7: Chessnok (big blind) folded on the River


