PokerStars Hand #152602715153:  Hold'em Limit ($3/$6 USD) - 2016/04/29 7:08:37 ET
Table 'Menelaus II' 6-max Seat #2 is the button
Seat 2: GO99APE ($30 in chips)
Seat 4: Agrotait ($72 in chips)
GO99APE: posts small blind $1
Agrotait: posts big blind $3
*** HOLE CARDS ***
GO99APE: folds
Uncalled bet ($2) returned to Agrotait
Agrotait collected $2 from pot
Agrotait: doesn't show hand
*** SUMMARY ***
Total pot $2 | Rake $0
Seat 2: GO99APE (button) (small blind) folded before Flop
Seat 4: Agrotait (big blind) collected ($2)


PokerStars Hand #152602726537:  Hold'em Limit ($3/$6 USD) - 2016/04/29 7:09:02 ET
Table 'Menelaus II' 6-max Seat #4 is the button
Seat 2: GO99APE ($29 in chips)
Seat 4: Agrotait ($73 in chips)
Agrotait: posts small blind $1
GO99APE: posts big blind $3
*** HOLE CARDS ***
Agrotait: raises $3 to $6
GO99APE: raises $3 to $9
Agrotait: calls $3
*** FLOP *** [3d 7c 6d]
GO99APE: bets $3
Agrotait: calls $3
*** TURN *** [3d 7c 6d] [9s]
GO99APE: bets $6
Agrotait: raises $6 to $12
GO99APE: raises $5 to $17 and is all-in
Agrotait: calls $5
*** RIVER *** [3d 7c 6d 9s] [8s]
*** SHOW DOWN ***
GO99APE: shows [Ah Jh] (high card Ace)
Agrotait: shows [Td 8c] (a straight, Six to Ten)
Agrotait collected $57.50 from pot
*** SUMMARY ***
Total pot $58 | Rake $0.50
Board [3d 7c 6d 9s 8s]
Seat 2: GO99APE (big blind) showed [Ah Jh] and lost with high card Ace
Seat 4: Agrotait (button) (small blind) showed [Td 8c] and won ($57.50) with a straight, Six to Ten


PokerStars Hand #152602724111:  Hold'em Limit ($3/$6 USD) - 2016/04/29 7:08:56 ET
Table 'Menelaus II' 6-max Seat #2 is the button
Seat 2: GO99APE ($30 in chips)
Seat 4: Agrotait ($72 in chips)
GO99APE: posts small blind $1
Agrotait: posts big blind $3
*** HOLE CARDS ***
GO99APE: folds
Uncalled bet ($2) returned to Agrotait
Agrotait collected $2 from pot
Agrotait: doesn't show hand
*** SUMMARY ***
Total pot $2 | Rake $0
Seat 2: GO99APE (button) (small blind) folded before Flop
Seat 4: Agrotait (big blind) collected ($2)


PokerStars Hand #152602720055:  Hold'em Limit ($3/$6 USD) - 2016/04/29 7:08:47 ET
Table 'Menelaus II' 6-max Seat #4 is the button
Seat 2: GO99APE ($29 in chips)
Seat 4: Agrotait ($73 in chips)
Agrotait: posts small blind $1
GO99APE: posts big blind $3
*** HOLE CARDS ***
Agrotait: folds
Uncalled bet ($2) returned to GO99APE
GO99APE collected $2 from pot
GO99APE: doesn't show hand
*** SUMMARY ***
Total pot $2 | Rake $0
Seat 2: GO99APE (big blind) collected ($2)
Seat 4: Agrotait (button) (small blind) folded before Flop


PokerStars Hand #152602818298:  Hold'em Limit ($3/$6 USD) - 2016/04/29 7:12:22 ET
Table 'Menelaus II' 6-max Seat #3 is the button
Seat 3: Volondemort ($35 in chips)
Seat 4: Agrotait ($101.50 in chips)
Volondemort: posts small blind $1
Agrotait: posts big blind $3
*** HOLE CARDS ***
Volondemort: raises $3 to $6
Agrotait: calls $3
*** FLOP *** [Jh 9h Ad]
Agrotait: checks
Volondemort: bets $3
Ale4o joins the table at seat #5
Agrotait: folds
Uncalled bet ($3) returned to Volondemort
Volondemort collected $11.76 from pot
*** SUMMARY ***
Total pot $12 | Rake $0.24
Board [Jh 9h Ad]
Seat 3: Volondemort (button) (small blind) collected ($11.76)
Seat 4: Agrotait (big blind) folded on the Flop


PokerStars Hand #152604130108:  Hold'em Limit ($3/$6 USD) - 2016/04/29 7:57:39 ET
Table 'Menelaus II' 6-max Seat #6 is the button
Seat 2: syriapoker ($76.36 in chips)
Seat 6: Great_Kang ($187.42 in chips)
Sirocko will be allowed to play after the button
Great_Kang: posts small blind $1
SmellyToes4u: is sitting out
syriapoker: posts big blind $3
*** HOLE CARDS ***
SmellyToes4u leaves the table
Great_Kang: raises $3 to $6
syriapoker: folds
Uncalled bet ($3) returned to Great_Kang
Great_Kang collected $6 from pot
Great_Kang: doesn't show hand
*** SUMMARY ***
Total pot $6 | Rake $0
Seat 2: syriapoker (big blind) folded before Flop
Seat 6: Great_Kang (button) (small blind) collected ($6)


