PokerStars Hand #156963675585:  Hold'em Limit ($3/$6 USD) - 2016/08/07 1:15:08 ET
Table 'Menelaus' 6-max Seat #3 is the button
Seat 3: Tessman06 ($120 in chips)
Seat 4: Agrotait ($72 in chips)
Tessman06: posts small blind $1
Agrotait: posts big blind $3
*** HOLE CARDS ***
Tessman06: calls $2
Agrotait: raises $3 to $6
Tessman06: calls $3
*** FLOP *** [Jh 9c Jd]
Agrotait: bets $3
Tessman06: folds
Uncalled bet ($3) returned to Agrotait
Agrotait collected $11.76 from pot
Agrotait: doesn't show hand
*** SUMMARY ***
Total pot $12 | Rake $0.24
Board [Jh 9c Jd]
Seat 3: Tessman06 (button) (small blind) folded on the Flop
Seat 4: Agrotait (big blind) collected ($11.76)


PokerStars Hand #156963692503:  Hold'em Limit ($3/$6 USD) - 2016/08/07 1:16:19 ET
Table 'Menelaus' 6-max Seat #4 is the button
Seat 3: Tessman06 ($118.76 in chips)
Seat 4: Agrotait ($72.76 in chips)
Agrotait: posts small blind $1
Tessman06: posts big blind $3
*** HOLE CARDS ***
Agrotait: raises $3 to $6
Tessman06: calls $3
*** FLOP *** [Jc Ks 3h]
Tessman06: bets $3
Agrotait: folds
Uncalled bet ($3) returned to Tessman06
Tessman06 collected $11.76 from pot
Tessman06: doesn't show hand
*** SUMMARY ***
Total pot $12 | Rake $0.24
Board [Jc Ks 3h]
Seat 3: Tessman06 (big blind) collected ($11.76)
Seat 4: Agrotait (button) (small blind) folded on the Flop


PokerStars Hand #156963683883:  Hold'em Limit ($3/$6 USD) - 2016/08/07 1:15:43 ET
Table 'Menelaus' 6-max Seat #4 is the button
Seat 3: Tessman06 ($114 in chips)
Seat 4: Agrotait ($77.76 in chips)
Agrotait: posts small blind $1
Tessman06: posts big blind $3
*** HOLE CARDS ***
Agrotait: raises $3 to $6
Tessman06: calls $3
*** FLOP *** [3d Ah 2h]
Tessman06: bets $3
Agrotait: folds
Uncalled bet ($3) returned to Tessman06
Tessman06 collected $11.76 from pot
Tessman06: doesn't show hand
*** SUMMARY ***
Total pot $12 | Rake $0.24
Board [3d Ah 2h]
Seat 3: Tessman06 (big blind) collected ($11.76)
Seat 4: Agrotait (button) (small blind) folded on the Flop


PokerStars Hand #156963691112:  Hold'em Limit ($3/$6 USD) - 2016/08/07 1:16:13 ET
Table 'Menelaus' 6-max Seat #3 is the button
Seat 3: Tessman06 ($119.76 in chips)
Seat 4: Agrotait ($71.76 in chips)
Tessman06: posts small blind $1
Agrotait: posts big blind $3
*** HOLE CARDS ***
Tessman06: folds
Uncalled bet ($2) returned to Agrotait
Agrotait collected $2 from pot
Agrotait: doesn't show hand
*** SUMMARY ***
Total pot $2 | Rake $0
Seat 3: Tessman06 (button) (small blind) folded before Flop
Seat 4: Agrotait (big blind) collected ($2)


PokerStars Hand #156963697404:  Hold'em Limit ($3/$6 USD) - 2016/08/07 1:16:39 ET
Table 'Menelaus' 6-max Seat #3 is the button
Seat 3: Tessman06 ($124.52 in chips)
Seat 4: Agrotait ($66.76 in chips)
Tessman06: posts small blind $1
Agrotait: posts big blind $3
*** HOLE CARDS ***
Tessman06: calls $2
Agrotait: checks
*** FLOP *** [Qs 7c 2d]
Agrotait: bets $3
Tessman06: raises $3 to $6
Agrotait: calls $3
*** TURN *** [Qs 7c 2d] [Qd]
Agrotait: checks
Tessman06: bets $6
Agrotait: folds
Uncalled bet ($6) returned to Tessman06
Tessman06 collected $17.64 from pot
Tessman06: doesn't show hand
*** SUMMARY ***
Total pot $18 | Rake $0.36
Board [Qs 7c 2d Qd]
Seat 3: Tessman06 (button) (small blind) collected ($17.64)
Seat 4: Agrotait (big blind) folded on the Turn


PokerStars Hand #156963703443:  Hold'em Limit ($3/$6 USD) - 2016/08/07 1:17:03 ET
Table 'Menelaus' 6-max Seat #4 is the button
Seat 3: Tessman06 ($133.16 in chips)
Seat 4: Agrotait ($72 in chips)
Agrotait: posts small blind $1
Tessman06: posts big blind $3
*** HOLE CARDS ***
Agrotait: raises $3 to $6
Tessman06: calls $3
*** FLOP *** [5h Qs 4d]
Tessman06: bets $3
Agrotait: calls $3
*** TURN *** [5h Qs 4d] [Ks]
Tessman06: bets $6
Agrotait: folds
Uncalled bet ($6) returned to Tessman06
Tessman06 collected $17.64 from pot
Tessman06: doesn't show hand
*** SUMMARY ***
Total pot $18 | Rake $0.36
Board [5h Qs 4d Ks]
Seat 3: Tessman06 (big blind) collected ($17.64)
Seat 4: Agrotait (button) (small blind) folded on the Turn


PokerStars Hand #156963709029:  Hold'em Limit ($3/$6 USD) - 2016/08/07 1:17:26 ET
Table 'Menelaus' 6-max Seat #3 is the button
Seat 3: Tessman06 ($141.80 in chips)
Seat 4: Agrotait ($63 in chips)
Tessman06: posts small blind $1
Agrotait: posts big blind $3
*** HOLE CARDS ***
Tessman06: calls $2
Agrotait: raises $3 to $6
DFD1909 joins the table at seat #5
Tessman06: calls $3
*** FLOP *** [Kc 8c Td]
Agrotait: bets $3
Tessman06: folds
Uncalled bet ($3) returned to Agrotait
Agrotait collected $11.76 from pot
Agrotait: doesn't show hand
*** SUMMARY ***
Total pot $12 | Rake $0.24
Board [Kc 8c Td]
Seat 3: Tessman06 (button) (small blind) folded on the Flop
Seat 4: Agrotait (big blind) collected ($11.76)


