PokerStars Hand #144728182215:  Hold'em Limit ($3/$6 USD) - 2015/12/02 16:10:18 ET
Table 'Menelaus II' 6-max Seat #2 is the button
Seat 1: mdif ($141.47 in chips)
Seat 2: Datumboy ($123.30 in chips)
Datumboy: posts small blind $1
mdif: posts big blind $3
*** HOLE CARDS ***
Datumboy: folds
Uncalled bet ($2) returned to mdif
mdif collected $2 from pot
mdif: doesn't show hand
*** SUMMARY ***
Total pot $2 | Rake $0
Seat 1: mdif (big blind) collected ($2)
Seat 2: Datumboy (button) (small blind) folded before Flop


PokerStars Hand #144728188286:  Hold'em Limit ($3/$6 USD) - 2015/12/02 16:10:24 ET
Table 'Menelaus II' 6-max Seat #1 is the button
Seat 1: mdif ($142.47 in chips)
Seat 2: Datumboy ($122.30 in chips)
mdif: posts small blind $1
Datumboy: posts big blind $3
*** HOLE CARDS ***
mdif: raises $3 to $6
Datumboy: calls $3
*** FLOP *** [7s Kd 5s]
Datumboy: checks
mdif: bets $3
Datumboy: calls $3
*** TURN *** [7s Kd 5s] [8h]
Datumboy: checks
kolaz03 joins the table at seat #3
mdif: checks
*** RIVER *** [7s Kd 5s 8h] [3h]
Datumboy: bets $6
mdif: folds
Uncalled bet ($6) returned to Datumboy
Datumboy collected $17.64 from pot
Datumboy: doesn't show hand
*** SUMMARY ***
Total pot $18 | Rake $0.36
Board [7s Kd 5s 8h 3h]
Seat 1: mdif (button) (small blind) folded on the River
Seat 2: Datumboy (big blind) collected ($17.64)


PokerStars Hand #144730434067:  Hold'em Limit ($3/$6 USD) - 2015/12/02 16:49:06 ET
Table 'Menelaus II' 6-max Seat #3 is the button
Seat 2: Datumboy ($123.51 in chips)
Seat 3: TinaTurner72 ($89.19 in chips)
TinaTurner72: posts small blind $1
alexslep: is sitting out
Datumboy: posts big blind $3
*** HOLE CARDS ***
TinaTurner72: raises $3 to $6
Datumboy: folds
Uncalled bet ($3) returned to TinaTurner72
TinaTurner72 collected $6 from pot
TinaTurner72: doesn't show hand
*** SUMMARY ***
Total pot $6 | Rake $0
Seat 2: Datumboy (big blind) folded before Flop
Seat 3: TinaTurner72 (button) (small blind) collected ($6)


PokerStars Hand #144730448321:  Hold'em Limit ($3/$6 USD) - 2015/12/02 16:49:21 ET
Table 'Menelaus II' 6-max Seat #2 is the button
Seat 2: Datumboy ($120.51 in chips)
Seat 3: TinaTurner72 ($92.19 in chips)
Datumboy: posts small blind $1
TinaTurner72: posts big blind $3
*** HOLE CARDS ***
Datumboy: raises $3 to $6
TinaTurner72: calls $3
*** FLOP *** [6d Qh 4d]
TinaTurner72: checks
Datumboy: bets $3
TinaTurner72: raises $3 to $6
Datumboy: calls $3
*** TURN *** [6d Qh 4d] [8h]
tanja150 joins the table at seat #1
TinaTurner72: bets $6
Datumboy: folds
Uncalled bet ($6) returned to TinaTurner72
TinaTurner72 collected $23.52 from pot
TinaTurner72: doesn't show hand
*** SUMMARY ***
Total pot $24 | Rake $0.48
Board [6d Qh 4d 8h]
Seat 2: Datumboy (button) (small blind) folded on the Turn
Seat 3: TinaTurner72 (big blind) collected ($23.52)


PokerStars Hand #144732249497:  Hold'em Limit ($3/$6 USD) - 2015/12/02 17:23:04 ET
Table 'Menelaus II' 6-max Seat #4 is the button
Seat 2: Datumboy ($243.78 in chips)
Seat 4: LukaSteel ($120 in chips)
LukaSteel: posts small blind $1
alexslep: is sitting out
Datumboy: posts big blind $3
*** HOLE CARDS ***
LukaSteel: raises $3 to $6
alexslep leaves the table
Datumboy: calls $3
*** FLOP *** [Jh 5h 4c]
Datumboy: checks
LukaSteel: bets $3
Datumboy: calls $3
*** TURN *** [Jh 5h 4c] [3c]
Datumboy: checks
LukaSteel: bets $6
Datumboy: raises $6 to $12
LukaSteel: calls $6
*** RIVER *** [Jh 5h 4c 3c] [Ad]
TinaTurner72 leaves the table
Datumboy: bets $6
LukaSteel: raises $6 to $12
Datumboy: folds
Uncalled bet ($6) returned to LukaSteel
LukaSteel collected $53.50 from pot
LukaSteel: doesn't show hand
*** SUMMARY ***
Total pot $54 | Rake $0.50
Board [Jh 5h 4c 3c Ad]
Seat 2: Datumboy (big blind) folded on the River
Seat 4: LukaSteel (button) (small blind) collected ($53.50)


PokerStars Hand #144732286221:  Hold'em Limit ($3/$6 USD) - 2015/12/02 17:23:46 ET
Table 'Menelaus II' 6-max Seat #2 is the button
Seat 2: Datumboy ($216.78 in chips)
Seat 4: LukaSteel ($146.50 in chips)
Datumboy: posts small blind $1
LukaSteel: posts big blind $3
*** HOLE CARDS ***
Datumboy: calls $2
LukaSteel: raises $3 to $6
Datumboy: calls $3
*** FLOP *** [2h 5d 4d]
LukaSteel: bets $3
Datumboy: calls $3
*** TURN *** [2h 5d 4d] [Ts]
LukaSteel: checks
Datumboy: checks
*** RIVER *** [2h 5d 4d Ts] [9d]
LukaSteel: checks
Datumboy: checks
*** SHOW DOWN ***
LukaSteel: shows [Qh Jc] (high card Queen)
Datumboy: shows [Ah 7s] (high card Ace)
Datumboy collected $17.64 from pot
*** SUMMARY ***
Total pot $18 | Rake $0.36
Board [2h 5d 4d Ts 9d]
Seat 2: Datumboy (button) (small blind) showed [Ah 7s] and won ($17.64) with high card Ace
Seat 4: LukaSteel (big blind) showed [Qh Jc] and lost with high card Queen


PokerStars Hand #144732314182:  Hold'em Limit ($3/$6 USD) - 2015/12/02 17:24:18 ET
Table 'Menelaus II' 6-max Seat #4 is the button
Seat 2: Datumboy ($225.42 in chips)
Seat 4: LukaSteel ($137.50 in chips)
LukaSteel: posts small blind $1
Datumboy: posts big blind $3
*** HOLE CARDS ***
LukaSteel: raises $3 to $6
artiZzt joins the table at seat #3
Datumboy: calls $3
*** FLOP *** [8d 7s 5c]
Datumboy: bets $3
LukaSteel: raises $3 to $6
Datumboy: calls $3
*** TURN *** [8d 7s 5c] [8c]
Datumboy: checks
LukaSteel: bets $6
Datumboy: raises $6 to $12
LukaSteel: calls $6
*** RIVER *** [8d 7s 5c 8c] [Js]
Datumboy: bets $6
LukaSteel: raises $6 to $12
Datumboy: raises $6 to $18
LukaSteel: raises $6 to $24
Betting is capped
Datumboy: calls $6
*** SHOW DOWN ***
LukaSteel: shows [Jc 8s] (a full house, Eights full of Jacks)
Datumboy: mucks hand
LukaSteel collected $95.50 from pot
*** SUMMARY ***
Total pot $96 | Rake $0.50
Board [8d 7s 5c 8c Js]
Seat 2: Datumboy (big blind) mucked
Seat 4: LukaSteel (button) (small blind) showed [Jc 8s] and won ($95.50) with a full house, Eights full of Jacks


PokerStars Hand #144734043089:  Hold'em Limit ($3/$6 USD) - 2015/12/02 17:58:53 ET
Table 'Menelaus II' 6-max Seat #1 is the button
Seat 1: karambakilla ($155.26 in chips)
Seat 5: GlamDragon ($89.32 in chips)
karambakilla: posts small blind $1
artiZzt: is sitting out
LukaSteel: is sitting out
GlamDragon: posts big blind $3
*** HOLE CARDS ***
karambakilla: raises $3 to $6
artiZzt leaves the table
LukaSteel leaves the table
GlamDragon: calls $3
*** FLOP *** [5s 2s 2d]
GlamDragon: checks
karambakilla: checks
*** TURN *** [5s 2s 2d] [9c]
GlamDragon: checks
karambakilla: checks
*** RIVER *** [5s 2s 2d 9c] [Kh]
GlamDragon: checks
karambakilla: checks
*** SHOW DOWN ***
GlamDragon: shows [6c 4s] (a pair of Deuces)
karambakilla: shows [Jc Qc] (a pair of Deuces - King+Queen kicker)
karambakilla collected $11.76 from pot
*** SUMMARY ***
Total pot $12 | Rake $0.24
Board [5s 2s 2d 9c Kh]
Seat 1: karambakilla (button) (small blind) showed [Jc Qc] and won ($11.76) with a pair of Deuces
Seat 5: GlamDragon (big blind) showed [6c 4s] and lost with a pair of Deuces


