PokerStars Hand #149670304631:  Hold'em Limit ($3/$6 USD) - 2016/03/01 11:33:09 ET
Table 'Menelaus' 6-max Seat #3 is the button
Seat 2: xcgxcg2005 ($92 in chips)
Seat 3: JoeHeaton ($147.50 in chips)
JoeHeaton: posts small blind $1
xcgxcg2005: posts big blind $3
*** HOLE CARDS ***
JoeHeaton: folds
Uncalled bet ($2) returned to xcgxcg2005
xcgxcg2005 collected $2 from pot
xcgxcg2005: doesn't show hand
*** SUMMARY ***
Total pot $2 | Rake $0
Seat 2: xcgxcg2005 (big blind) collected ($2)
Seat 3: JoeHeaton (button) (small blind) folded before Flop


PokerStars Hand #149670308503:  Hold'em Limit ($3/$6 USD) - 2016/03/01 11:33:14 ET
Table 'Menelaus' 6-max Seat #2 is the button
Seat 2: xcgxcg2005 ($93 in chips)
Seat 3: JoeHeaton ($146.50 in chips)
xcgxcg2005: posts small blind $1
JoeHeaton: posts big blind $3
*** HOLE CARDS ***
xcgxcg2005: raises $3 to $6
JoeHeaton: calls $3
*** FLOP *** [Kd 3c 8s]
JoeHeaton: checks
xcgxcg2005: bets $3
JoeHeaton: calls $3
*** TURN *** [Kd 3c 8s] [Js]
JoeHeaton: checks
xcgxcg2005: bets $6
JoeHeaton: calls $6
*** RIVER *** [Kd 3c 8s Js] [9c]
JoeHeaton: checks
xcgxcg2005: bets $6
JoeHeaton: calls $6
*** SHOW DOWN ***
xcgxcg2005: shows [Th Kc] (a pair of Kings)
JoeHeaton: mucks hand
xcgxcg2005 collected $41.50 from pot
*** SUMMARY ***
Total pot $42 | Rake $0.50
Board [Kd 3c 8s Js 9c]
Seat 2: xcgxcg2005 (button) (small blind) showed [Th Kc] and won ($41.50) with a pair of Kings
Seat 3: JoeHeaton (big blind) mucked


PokerStars Hand #149670320388:  Hold'em Limit ($3/$6 USD) - 2016/03/01 11:33:29 ET
Table 'Menelaus' 6-max Seat #3 is the button
Seat 2: xcgxcg2005 ($113.50 in chips)
Seat 3: JoeHeaton ($125.50 in chips)
JoeHeaton: posts small blind $1
xcgxcg2005: posts big blind $3
*** HOLE CARDS ***
JoeHeaton: folds
Uncalled bet ($2) returned to xcgxcg2005
xcgxcg2005 collected $2 from pot
xcgxcg2005: doesn't show hand
*** SUMMARY ***
Total pot $2 | Rake $0
Seat 2: xcgxcg2005 (big blind) collected ($2)
Seat 3: JoeHeaton (button) (small blind) folded before Flop


PokerStars Hand #149670323989:  Hold'em Limit ($3/$6 USD) - 2016/03/01 11:33:33 ET
Table 'Menelaus' 6-max Seat #2 is the button
Seat 2: xcgxcg2005 ($114.50 in chips)
Seat 3: JoeHeaton ($124.50 in chips)
xcgxcg2005: posts small blind $1
JoeHeaton: posts big blind $3
*** HOLE CARDS ***
xcgxcg2005: raises $3 to $6
JoeHeaton: raises $3 to $9
xcgxcg2005: calls $3
*** FLOP *** [Ks Ad Jd]
JoeHeaton: bets $3
xcgxcg2005: calls $3
*** TURN *** [Ks Ad Jd] [7h]
JoeHeaton: bets $6
xcgxcg2005: calls $6
*** RIVER *** [Ks Ad Jd 7h] [6h]
JoeHeaton: bets $6
xcgxcg2005: raises $6 to $12
JoeHeaton: calls $6
*** SHOW DOWN ***
xcgxcg2005: shows [Kd 6c] (two pair, Kings and Sixes)
JoeHeaton: mucks hand
xcgxcg2005 collected $59.50 from pot
*** SUMMARY ***
Total pot $60 | Rake $0.50
Board [Ks Ad Jd 7h 6h]
Seat 2: xcgxcg2005 (button) (small blind) showed [Kd 6c] and won ($59.50) with two pair, Kings and Sixes
Seat 3: JoeHeaton (big blind) mucked


PokerStars Hand #149670300790:  Hold'em Limit ($3/$6 USD) - 2016/03/01 11:33:04 ET
Table 'Menelaus' 6-max Seat #2 is the button
Seat 2: xcgxcg2005 ($93 in chips)
Seat 3: JoeHeaton ($146.50 in chips)
xcgxcg2005: posts small blind $1
JoeHeaton: posts big blind $3
*** HOLE CARDS ***
xcgxcg2005: folds
Uncalled bet ($2) returned to JoeHeaton
JoeHeaton collected $2 from pot
JoeHeaton: doesn't show hand
*** SUMMARY ***
Total pot $2 | Rake $0
Seat 2: xcgxcg2005 (button) (small blind) folded before Flop
Seat 3: JoeHeaton (big blind) collected ($2)


PokerStars Hand #149670296875:  Hold'em Limit ($3/$6 USD) - 2016/03/01 11:33:00 ET
Table 'Menelaus' 6-max Seat #3 is the button
Seat 2: xcgxcg2005 ($92 in chips)
Seat 3: JoeHeaton ($147.50 in chips)
JoeHeaton: posts small blind $1
xcgxcg2005: posts big blind $3
*** HOLE CARDS ***
JoeHeaton: folds
Uncalled bet ($2) returned to xcgxcg2005
xcgxcg2005 collected $2 from pot
xcgxcg2005: doesn't show hand
*** SUMMARY ***
Total pot $2 | Rake $0
Seat 2: xcgxcg2005 (big blind) collected ($2)
Seat 3: JoeHeaton (button) (small blind) folded before Flop


PokerStars Hand #149670338088:  Hold'em Limit ($3/$6 USD) - 2016/03/01 11:33:51 ET
Table 'Menelaus' 6-max Seat #3 is the button
Seat 2: xcgxcg2005 ($144 in chips)
Seat 3: JoeHeaton ($94.50 in chips)
JoeHeaton: posts small blind $1
xcgxcg2005: posts big blind $3
*** HOLE CARDS ***
JoeHeaton: raises $3 to $6
xcgxcg2005: raises $3 to $9
JoeHeaton: calls $3
*** FLOP *** [7d Jh 9c]
xcgxcg2005: bets $3
JoeHeaton: calls $3
*** TURN *** [7d Jh 9c] [6d]
xcgxcg2005: checks
JoeHeaton: bets $6
xcgxcg2005: raises $6 to $12
JoeHeaton: calls $6
*** RIVER *** [7d Jh 9c 6d] [5h]
xcgxcg2005: checks
JoeHeaton: checks
*** SHOW DOWN ***
xcgxcg2005: shows [Qc Jc] (a pair of Jacks)
JoeHeaton: shows [7h 5c] (two pair, Sevens and Fives)
JoeHeaton collected $47.50 from pot
*** SUMMARY ***
Total pot $48 | Rake $0.50
Board [7d Jh 9c 6d 5h]
Seat 2: xcgxcg2005 (big blind) showed [Qc Jc] and lost with a pair of Jacks
Seat 3: JoeHeaton (button) (small blind) showed [7h 5c] and won ($47.50) with two pair, Sevens and Fives


PokerStars Hand #149670357264:  Hold'em Limit ($3/$6 USD) - 2016/03/01 11:34:14 ET
Table 'Menelaus' 6-max Seat #3 is the button
Seat 2: xcgxcg2005 ($123 in chips)
Seat 3: JoeHeaton ($115 in chips)
JoeHeaton: posts small blind $1
xcgxcg2005: posts big blind $3
*** HOLE CARDS ***
JoeHeaton: folds
Uncalled bet ($2) returned to xcgxcg2005
xcgxcg2005 collected $2 from pot
xcgxcg2005: doesn't show hand
*** SUMMARY ***
Total pot $2 | Rake $0
Seat 2: xcgxcg2005 (big blind) collected ($2)
Seat 3: JoeHeaton (button) (small blind) folded before Flop


PokerStars Hand #149670352484:  Hold'em Limit ($3/$6 USD) - 2016/03/01 11:34:09 ET
Table 'Menelaus' 6-max Seat #2 is the button
Seat 2: xcgxcg2005 ($120 in chips)
Seat 3: JoeHeaton ($118 in chips)
xcgxcg2005: posts small blind $1
JoeHeaton: posts big blind $3
*** HOLE CARDS ***
xcgxcg2005: raises $3 to $6
JoeHeaton: folds
Uncalled bet ($3) returned to xcgxcg2005
xcgxcg2005 collected $6 from pot
xcgxcg2005: doesn't show hand
*** SUMMARY ***
Total pot $6 | Rake $0
Seat 2: xcgxcg2005 (button) (small blind) collected ($6)
Seat 3: JoeHeaton (big blind) folded before Flop


PokerStars Hand #149675512320:  Hold'em Limit ($3/$6 USD) - 2016/03/01 13:13:01 ET
Table 'Menelaus' 6-max Seat #6 is the button
Seat 4: feilinho ($113.20 in chips)
Seat 6: krytalex ($124.26 in chips)
krytalex: posts small blind $1
feilinho: posts big blind $3
*** HOLE CARDS ***
krytalex: raises $3 to $6
feilinho: calls $3
*** FLOP *** [Jd 7h 8c]
feilinho: checks
krytalex: bets $3
feilinho: calls $3
*** TURN *** [Jd 7h 8c] [Jh]
feilinho: checks
krytalex: bets $6
feilinho: raises $6 to $12
krytalex: folds
Uncalled bet ($6) returned to feilinho
feilinho collected $29.50 from pot
feilinho: doesn't show hand
*** SUMMARY ***
Total pot $30 | Rake $0.50
Board [Jd 7h 8c Jh]
Seat 4: feilinho (big blind) collected ($29.50)
Seat 6: krytalex (button) (small blind) folded on the Turn


PokerStars Hand #149675604436:  Hold'em Limit ($3/$6 USD) - 2016/03/01 13:14:37 ET
Table 'Menelaus' 6-max Seat #6 is the button
Seat 4: feilinho ($121.46 in chips)
Seat 6: krytalex ($114.90 in chips)
krytalex: posts small blind $1
feilinho: posts big blind $3
*** HOLE CARDS ***
krytalex: folds
Uncalled bet ($2) returned to feilinho
feilinho collected $2 from pot
feilinho: doesn't show hand
*** SUMMARY ***
Total pot $2 | Rake $0
Seat 4: feilinho (big blind) collected ($2)
Seat 6: krytalex (button) (small blind) folded before Flop


PokerStars Hand #149675571571:  Hold'em Limit ($3/$6 USD) - 2016/03/01 13:14:03 ET
Table 'Menelaus' 6-max Seat #4 is the button
Seat 4: feilinho ($130.46 in chips)
Seat 6: krytalex ($106.26 in chips)
feilinho: posts small blind $1
krytalex: posts big blind $3
*** HOLE CARDS ***
feilinho: raises $3 to $6
krytalex: calls $3
*** FLOP *** [Qh Td Ac]
krytalex: checks
feilinho: bets $3
krytalex: raises $3 to $6
feilinho: folds
Uncalled bet ($3) returned to krytalex
krytalex collected $17.64 from pot
*** SUMMARY ***
Total pot $18 | Rake $0.36
Board [Qh Td Ac]
Seat 4: feilinho (button) (small blind) folded on the Flop
Seat 6: krytalex (big blind) collected ($17.64)


PokerStars Hand #149675565123:  Hold'em Limit ($3/$6 USD) - 2016/03/01 13:13:56 ET
Table 'Menelaus' 6-max Seat #6 is the button
Seat 4: feilinho ($133.46 in chips)
Seat 6: krytalex ($103.26 in chips)
krytalex: posts small blind $1
feilinho: posts big blind $3
*** HOLE CARDS ***
krytalex: raises $3 to $6
feilinho: folds
Uncalled bet ($3) returned to krytalex
krytalex collected $6 from pot
*** SUMMARY ***
Total pot $6 | Rake $0
Seat 4: feilinho (big blind) folded before Flop
Seat 6: krytalex (button) (small blind) collected ($6)


PokerStars Hand #149675546065:  Hold'em Limit ($3/$6 USD) - 2016/03/01 13:13:36 ET
Table 'Menelaus' 6-max Seat #4 is the button
Seat 4: feilinho ($127.70 in chips)
Seat 6: krytalex ($109.26 in chips)
feilinho: posts small blind $1
krytalex: posts big blind $3
*** HOLE CARDS ***
feilinho: raises $3 to $6
krytalex: calls $3
*** FLOP *** [Ah Ts 3c]
krytalex: checks
feilinho: bets $3
krytalex: folds
Uncalled bet ($3) returned to feilinho
feilinho collected $11.76 from pot
feilinho: doesn't show hand
*** SUMMARY ***
Total pot $12 | Rake $0.24
Board [Ah Ts 3c]
Seat 4: feilinho (button) (small blind) collected ($11.76)
Seat 6: krytalex (big blind) folded on the Flop


PokerStars Hand #149675609391:  Hold'em Limit ($3/$6 USD) - 2016/03/01 13:14:43 ET
Table 'Menelaus' 6-max Seat #4 is the button
Seat 4: feilinho ($122.46 in chips)
Seat 6: krytalex ($113.90 in chips)
feilinho: posts small blind $1
krytalex: posts big blind $3
*** HOLE CARDS ***
feilinho: raises $3 to $6
krytalex: calls $3
*** FLOP *** [4s 8h 9d]
krytalex: checks
feilinho: bets $3
krytalex: raises $3 to $6
feilinho: calls $3
*** TURN *** [4s 8h 9d] [3d]
krytalex: bets $6
feilinho: calls $6
*** RIVER *** [4s 8h 9d 3d] [Kd]
krytalex: bets $6
feilinho: folds
Uncalled bet ($6) returned to krytalex
krytalex collected $35.50 from pot
*** SUMMARY ***
Total pot $36 | Rake $0.50
Board [4s 8h 9d 3d Kd]
Seat 4: feilinho (button) (small blind) folded on the River
Seat 6: krytalex (big blind) collected ($35.50)


