PokerStars Hand #149698815783:  Hold'em Limit ($3/$6 USD) - 2016/03/01 20:41:43 ET
Table 'Menelaus' 6-max Seat #1 is the button
Seat 1: BuzovaPro ($75 in chips)
Seat 6: AzureCaper ($117.64 in chips)
BuzovaPro: posts small blind $1
AzureCaper: posts big blind $3
*** HOLE CARDS ***
VolkovDmitri leaves the table
BuzovaPro: raises $3 to $6
AzureCaper: calls $3
*** FLOP *** [3c Kc 2s]
AzureCaper: checks
BuzovaPro: checks
*** TURN *** [3c Kc 2s] [2c]
AzureCaper: bets $6
BuzovaPro: calls $6
*** RIVER *** [3c Kc 2s 2c] [Qh]
AzureCaper: bets $6
BuzovaPro: raises $6 to $12
AzureCaper: calls $6
*** SHOW DOWN ***
BuzovaPro: shows [7d 8h] (a pair of Deuces)
AzureCaper: shows [Kh 9h] (two pair, Kings and Deuces)
AzureCaper collected $47.50 from pot
*** SUMMARY ***
Total pot $48 | Rake $0.50
Board [3c Kc 2s 2c Qh]
Seat 1: BuzovaPro (button) (small blind) showed [7d 8h] and lost with a pair of Deuces
Seat 6: AzureCaper (big blind) showed [Kh 9h] and won ($47.50) with two pair, Kings and Deuces


PokerStars Hand #149700426476:  Hold'em Limit ($3/$6 USD) - 2016/03/01 21:42:05 ET
Table 'Menelaus' 6-max Seat #2 is the button
Seat 2: Sagar_7 ($159.31 in chips)
Seat 6: Jefrey-AA ($125.44 in chips)
7moneymaster leaves the table
Sagar_7: posts small blind $1
Jefrey-AA: posts big blind $3
*** HOLE CARDS ***
Sagar_7: raises $3 to $6
Jefrey-AA: folds
Uncalled bet ($3) returned to Sagar_7
Jefrey-AA leaves the table
Sagar_7 collected $6 from pot
Sagar_7: doesn't show hand
*** SUMMARY ***
Total pot $6 | Rake $0
Seat 2: Sagar_7 (button) (small blind) collected ($6)
Seat 6: Jefrey-AA (big blind) folded before Flop


PokerStars Hand #149708101263:  Hold'em Limit ($3/$6 USD) - 2016/03/02 4:35:04 ET
Table 'Menelaus' 6-max Seat #1 is the button
Seat 1: Sagar_7 ($151.65 in chips)
Seat 6: Chefred ($449.59 in chips)
Sagar_7: posts small blind $1
JSDM8682: is sitting out
Chefred: posts big blind $3
*** HOLE CARDS ***
akima34 joins the table at seat #2
Sagar_7: raises $3 to $6
Chefred: calls $3
*** FLOP *** [Qs 9s Ac]
Chefred: checks
Sagar_7: checks
*** TURN *** [Qs 9s Ac] [3h]
Chefred: checks
Sagar_7: checks
*** RIVER *** [Qs 9s Ac 3h] [5s]
Chefred: bets $6
Sagar_7: folds
Uncalled bet ($6) returned to Chefred
Chefred collected $11.76 from pot
Chefred: doesn't show hand
*** SUMMARY ***
Total pot $12 | Rake $0.24
Board [Qs 9s Ac 3h 5s]
Seat 1: Sagar_7 (button) (small blind) folded on the River
Seat 6: Chefred (big blind) collected ($11.76)


PokerStars Hand #149708108746:  Hold'em Limit ($3/$6 USD) - 2016/03/02 4:35:23 ET
Table 'Menelaus' 6-max Seat #6 is the button
Seat 1: Sagar_7 ($145.65 in chips)
Seat 6: Chefred ($455.35 in chips)
Chefred: posts small blind $1
Sagar_7: posts big blind $3
*** HOLE CARDS ***
Chefred: folds
Uncalled bet ($2) returned to Sagar_7
Sagar_7 collected $2 from pot
*** SUMMARY ***
Total pot $2 | Rake $0
Seat 1: Sagar_7 (big blind) collected ($2)
Seat 6: Chefred (button) (small blind) folded before Flop


PokerStars Hand #149708171629:  Hold'em Limit ($3/$6 USD) - 2016/03/02 4:38:00 ET
Table 'Menelaus' 6-max Seat #2 is the button
Seat 1: Sagar_7 ($123.20 in chips)
Seat 2: akima34 ($243.02 in chips)
akima34: posts small blind $1
Sagar_7: posts big blind $3
*** HOLE CARDS ***
akima34: calls $2
JSDM8682 leaves the table
Sagar_7: raises $3 to $6
akima34: calls $3
*** FLOP *** [2d 7s 8h]
Sagar_7: bets $3
akima34: calls $3
*** TURN *** [2d 7s 8h] [Qc]
Sagar_7: bets $6
akima34: calls $6
*** RIVER *** [2d 7s 8h Qc] [Td]
Sagar_7: bets $6
kr.poker8029 joins the table at seat #6
akima34: raises $6 to $12
Sagar_7: calls $6
*** SHOW DOWN ***
akima34: shows [9c Jd] (a straight, Eight to Queen)
Sagar_7: mucks hand
akima34 collected $53.50 from pot
*** SUMMARY ***
Total pot $54 | Rake $0.50
Board [2d 7s 8h Qc Td]
Seat 1: Sagar_7 (big blind) mucked
Seat 2: akima34 (button) (small blind) showed [9c Jd] and won ($53.50) with a straight, Eight to Queen


PokerStars Hand #149708182036:  Hold'em Limit ($3/$6 USD) - 2016/03/02 4:38:26 ET
Table 'Menelaus' 6-max Seat #1 is the button
Seat 1: Sagar_7 ($96.20 in chips)
Seat 6: kr.poker8029 ($167.22 in chips)
Sagar_7: posts small blind $1
kr.poker8029: posts big blind $3
*** HOLE CARDS ***
Sagar_7: raises $3 to $6
kr.poker8029: calls $3
*** FLOP *** [9d Ah 5s]
kr.poker8029: checks
Sagar_7: bets $3
kr.poker8029: calls $3
*** TURN *** [9d Ah 5s] [Js]
kr.poker8029: checks
Sagar_7: bets $6
kr.poker8029: calls $6
*** RIVER *** [9d Ah 5s Js] [2h]
kr.poker8029: checks
Sagar_7: bets $6
kr.poker8029: calls $6
*** SHOW DOWN ***
Sagar_7: shows [Jd Th] (a pair of Jacks)
kr.poker8029: mucks hand
Sagar_7 collected $41.50 from pot
*** SUMMARY ***
Total pot $42 | Rake $0.50
Board [9d Ah 5s Js 2h]
Seat 1: Sagar_7 (button) (small blind) showed [Jd Th] and won ($41.50) with a pair of Jacks
Seat 6: kr.poker8029 (big blind) mucked


PokerStars Hand #149708189960:  Hold'em Limit ($3/$6 USD) - 2016/03/02 4:38:45 ET
Table 'Menelaus' 6-max Seat #6 is the button
Seat 1: Sagar_7 ($116.70 in chips)
Seat 6: kr.poker8029 ($146.22 in chips)
kr.poker8029: posts small blind $1
Sagar_7: posts big blind $3
*** HOLE CARDS ***
kr.poker8029: raises $3 to $6
Sagar_7: raises $3 to $9
kr.poker8029: calls $3
*** FLOP *** [8d 7d Qs]
Sagar_7: bets $3
kr.poker8029: calls $3
*** TURN *** [8d 7d Qs] [4h]
Sagar_7: bets $6
kr.poker8029: folds
Uncalled bet ($6) returned to Sagar_7
Sagar_7 collected $23.52 from pot
Sagar_7: doesn't show hand
*** SUMMARY ***
Total pot $24 | Rake $0.48
Board [8d 7d Qs 4h]
Seat 1: Sagar_7 (big blind) collected ($23.52)
Seat 6: kr.poker8029 (button) (small blind) folded on the Turn


