PokerStars Hand #155820272941:  Hold'em Limit ($3/$6 USD) - 2016/07/10 21:46:20 ET
Table 'Menippe' 6-max Seat #1 is the button
Seat 1: LifeisagameX ($84 in chips)
Seat 3: vitamin168 ($84.46 in chips)
LifeisagameX: posts small blind $1
vitamin168: posts big blind $3
*** HOLE CARDS ***
LifeisagameX: raises $3 to $6
vitamin168: folds
Uncalled bet ($3) returned to LifeisagameX
LifeisagameX collected $6 from pot
LifeisagameX: doesn't show hand
*** SUMMARY ***
Total pot $6 | Rake $0
Seat 1: LifeisagameX (button) (small blind) collected ($6)
Seat 3: vitamin168 (big blind) folded before Flop


PokerStars Hand #155820279307:  Hold'em Limit ($3/$6 USD) - 2016/07/10 21:46:38 ET
Table 'Menippe' 6-max Seat #3 is the button
Seat 1: LifeisagameX ($87 in chips)
Seat 3: vitamin168 ($81.46 in chips)
vitamin168: posts small blind $1
LifeisagameX: posts big blind $3
*** HOLE CARDS ***
vitamin168: raises $3 to $6
LifeisagameX: calls $3
*** FLOP *** [Ks Qs Ad]
LifeisagameX: checks
vitamin168: bets $3
LifeisagameX: calls $3
*** TURN *** [Ks Qs Ad] [Kd]
LifeisagameX: checks
vitamin168: bets $6
LifeisagameX: folds
Uncalled bet ($6) returned to vitamin168
vitamin168 collected $17.64 from pot
vitamin168: doesn't show hand
*** SUMMARY ***
Total pot $18 | Rake $0.36
Board [Ks Qs Ad Kd]
Seat 1: LifeisagameX (big blind) folded on the Turn
Seat 3: vitamin168 (button) (small blind) collected ($17.64)


PokerStars Hand #155820284843:  Hold'em Limit ($3/$6 USD) - 2016/07/10 21:46:54 ET
Table 'Menippe' 6-max Seat #1 is the button
Seat 1: LifeisagameX ($84 in chips)
Seat 3: vitamin168 ($90.10 in chips)
LifeisagameX: posts small blind $1
vitamin168: posts big blind $3
*** HOLE CARDS ***
LifeisagameX: raises $3 to $6
vitamin168: calls $3
*** FLOP *** [6d Jh Tc]
vitamin168: checks
LifeisagameX: checks
*** TURN *** [6d Jh Tc] [Kc]
vitamin168: bets $6
LifeisagameX: calls $6
*** RIVER *** [6d Jh Tc Kc] [4c]
vitamin168: bets $6
LifeisagameX: calls $6
*** SHOW DOWN ***
vitamin168: shows [Jd Ts] (two pair, Jacks and Tens)
LifeisagameX: mucks hand
vitamin168 collected $35.50 from pot
*** SUMMARY ***
Total pot $36 | Rake $0.50
Board [6d Jh Tc Kc 4c]
Seat 1: LifeisagameX (button) (small blind) mucked
Seat 3: vitamin168 (big blind) showed [Jd Ts] and won ($35.50) with two pair, Jacks and Tens


PokerStars Hand #155820337191:  Hold'em Limit ($3/$6 USD) - 2016/07/10 21:49:24 ET
Table 'Menippe' 6-max Seat #1 is the button
Seat 1: LifeisagameX ($107.50 in chips)
Seat 3: vitamin168 ($83.60 in chips)
LifeisagameX: posts small blind $1
vitamin168: posts big blind $3
*** HOLE CARDS ***
LifeisagameX: raises $3 to $6
vitamin168: calls $3
*** FLOP *** [Tc 9d As]
vitamin168: checks
LifeisagameX: bets $3
vitamin168: folds
Uncalled bet ($3) returned to LifeisagameX
LifeisagameX collected $11.76 from pot
*** SUMMARY ***
Total pot $12 | Rake $0.24
Board [Tc 9d As]
Seat 1: LifeisagameX (button) (small blind) collected ($11.76)
Seat 3: vitamin168 (big blind) folded on the Flop


PokerStars Hand #155820314691:  Hold'em Limit ($3/$6 USD) - 2016/07/10 21:48:19 ET
Table 'Menippe' 6-max Seat #3 is the button
Seat 1: LifeisagameX ($84 in chips)
Seat 3: vitamin168 ($107.60 in chips)
vitamin168: posts small blind $1
LifeisagameX: posts big blind $3
*** HOLE CARDS ***
vitamin168: raises $3 to $6
LifeisagameX: calls $3
*** FLOP *** [2d 7c 4s]
LifeisagameX: checks
vitamin168: bets $3
LifeisagameX: raises $3 to $6
vitamin168: calls $3
*** TURN *** [2d 7c 4s] [6c]
LifeisagameX: bets $6
vitamin168: calls $6
*** RIVER *** [2d 7c 4s 6c] [5s]
LifeisagameX: bets $6
vitamin168: calls $6
*** SHOW DOWN ***
LifeisagameX: shows [3d 7d] (a straight, Three to Seven)
vitamin168: mucks hand
LifeisagameX collected $47.50 from pot
*** SUMMARY ***
Total pot $48 | Rake $0.50
Board [2d 7c 4s 6c 5s]
Seat 1: LifeisagameX (big blind) showed [3d 7d] and won ($47.50) with a straight, Three to Seven
Seat 3: vitamin168 (button) (small blind) mucked


PokerStars Hand #155820342456:  Hold'em Limit ($3/$6 USD) - 2016/07/10 21:49:39 ET
Table 'Menippe' 6-max Seat #3 is the button
Seat 1: LifeisagameX ($113.26 in chips)
Seat 3: vitamin168 ($77.60 in chips)
vitamin168: posts small blind $1
LifeisagameX: posts big blind $3
*** HOLE CARDS ***
vitamin168: folds
Uncalled bet ($2) returned to LifeisagameX
LifeisagameX collected $2 from pot
*** SUMMARY ***
Total pot $2 | Rake $0
Seat 1: LifeisagameX (big blind) collected ($2)
Seat 3: vitamin168 (button) (small blind) folded before Flop


