PokerStars Hand #150800565191:  Hold'em Limit ($3/$6 USD) - 2016/03/23 9:07:56 ET
Table 'Menippe III' 6-max Seat #2 is the button
Seat 1: cornetc ($78.64 in chips)
Seat 2: TbIP-TbIP 88 ($72 in chips)
TbIP-TbIP 88: posts small blind $1
cornetc: posts big blind $3
*** HOLE CARDS ***
BuzovaPro joins the table at seat #4
TbIP-TbIP 88: raises $3 to $6
cornetc: folds
Uncalled bet ($3) returned to TbIP-TbIP 88
TbIP-TbIP 88 collected $6 from pot
TbIP-TbIP 88: doesn't show hand
*** SUMMARY ***
Total pot $6 | Rake $0
Seat 1: cornetc (big blind) folded before Flop
Seat 2: TbIP-TbIP 88 (button) (small blind) collected ($6)


PokerStars Hand #150800568428:  Hold'em Limit ($3/$6 USD) - 2016/03/23 9:08:02 ET
Table 'Menippe III' 6-max Seat #1 is the button
Seat 1: cornetc ($75.64 in chips)
Seat 2: TbIP-TbIP 88 ($75 in chips)
cornetc: posts small blind $1
TbIP-TbIP 88: posts big blind $3
*** HOLE CARDS ***
cornetc: folds
Uncalled bet ($2) returned to TbIP-TbIP 88
TbIP-TbIP 88 collected $2 from pot
TbIP-TbIP 88: doesn't show hand
*** SUMMARY ***
Total pot $2 | Rake $0
Seat 1: cornetc (button) (small blind) folded before Flop
Seat 2: TbIP-TbIP 88 (big blind) collected ($2)


PokerStars Hand #150802398262:  Hold'em Limit ($3/$6 USD) - 2016/03/23 9:57:43 ET
Table 'Menippe III' 6-max Seat #1 is the button
Seat 1: IkillU2012 ($57.14 in chips)
Seat 4: parnishka11 ($40.93 in chips)
B_loJkl will be allowed to play after the button
IkillU2012: posts small blind $1
SmellyToes4u: is sitting out
parnishka11: posts big blind $3
*** HOLE CARDS ***
IkillU2012: raises $3 to $6
parnishka11: calls $3
*** FLOP *** [8h Qd 6s]
parnishka11: checks
IkillU2012: bets $3
parnishka11: calls $3
*** TURN *** [8h Qd 6s] [2s]
parnishka11: checks
IkillU2012: bets $6
parnishka11: calls $6
*** RIVER *** [8h Qd 6s 2s] [Jh]
parnishka11: checks
IkillU2012: bets $6
parnishka11: calls $6
*** SHOW DOWN ***
IkillU2012: shows [Qh 6c] (two pair, Queens and Sixes)
parnishka11: mucks hand
IkillU2012 collected $41.50 from pot
*** SUMMARY ***
Total pot $42 | Rake $0.50
Board [8h Qd 6s 2s Jh]
Seat 1: IkillU2012 (button) (small blind) showed [Qh 6c] and won ($41.50) with two pair, Queens and Sixes
Seat 4: parnishka11 (big blind) mucked


PokerStars Hand #150803615963:  Hold'em Limit ($3/$6 USD) - 2016/03/23 10:56:54 ET
Table 'Menippe III' 6-max Seat #4 is the button
Seat 3: belik555 ($72 in chips)
Seat 4: harrydonkey ($92.42 in chips)
harrydonkey: posts small blind $1
B_loJkl: is sitting out
belik555: posts big blind $3
*** HOLE CARDS ***
harrydonkey: raises $3 to $6
B_loJkl leaves the table
belik555: calls $3
*** FLOP *** [Ah 9h 4d]
belik555: checks
harrydonkey: bets $3
belik555: calls $3
*** TURN *** [Ah 9h 4d] [Kc]
belik555: checks
harrydonkey: bets $6
belik555: folds
Uncalled bet ($6) returned to harrydonkey
harrydonkey collected $17.64 from pot
*** SUMMARY ***
Total pot $18 | Rake $0.36
Board [Ah 9h 4d Kc]
Seat 3: belik555 (big blind) folded on the Turn
Seat 4: harrydonkey (button) (small blind) collected ($17.64)


PokerStars Hand #150803621568:  Hold'em Limit ($3/$6 USD) - 2016/03/23 10:57:16 ET
Table 'Menippe III' 6-max Seat #3 is the button
Seat 3: belik555 ($72 in chips)
Seat 4: harrydonkey ($101.06 in chips)
belik555: posts small blind $1
harrydonkey: posts big blind $3
*** HOLE CARDS ***
belik555: raises $3 to $6
B_loJkl joins the table at seat #5
harrydonkey: calls $3
*** FLOP *** [3c 6c 3h]
harrydonkey: checks
belik555: bets $3
harrydonkey: calls $3
*** TURN *** [3c 6c 3h] [Th]
harrydonkey: checks
belik555: bets $6
harrydonkey: raises $6 to $12
belik555: calls $6
*** RIVER *** [3c 6c 3h Th] [2c]
harrydonkey: bets $6
belik555: calls $6
*** SHOW DOWN ***
harrydonkey: shows [Ah 4h] (a pair of Threes)
belik555: shows [Tc Ks] (two pair, Tens and Threes)
belik555 collected $53.50 from pot
*** SUMMARY ***
Total pot $54 | Rake $0.50
Board [3c 6c 3h Th 2c]
Seat 3: belik555 (button) (small blind) showed [Tc Ks] and won ($53.50) with two pair, Tens and Threes
Seat 4: harrydonkey (big blind) showed [Ah 4h] and lost with a pair of Threes


PokerStars Hand #150804575254:  Hold'em Limit ($3/$6 USD) - 2016/03/23 11:47:39 ET
Table 'Menippe III' 6-max Seat #1 is the button
Seat 1: bentinck113 ($113.53 in chips)
Seat 5: B_loJkl ($165.96 in chips)
bentinck113: posts small blind $1
BuzovaPro: is sitting out
B_loJkl: posts big blind $3
*** HOLE CARDS ***
bentinck113: raises $3 to $6
B_loJkl: folds
Uncalled bet ($3) returned to bentinck113
bentinck113 collected $6 from pot
bentinck113: doesn't show hand
*** SUMMARY ***
Total pot $6 | Rake $0
Seat 1: bentinck113 (button) (small blind) collected ($6)
Seat 5: B_loJkl (big blind) folded before Flop


