PokerStars Hand #145715172219:  Hold'em Limit ($3/$6 USD) - 2015/12/21 19:06:39 ET
Table 'Menippe II' 2-max Seat #2 is the button
Seat 1: ShovingRags ($11.42 in chips)
Seat 2: Pandakey ($187.97 in chips)
Pandakey: posts small blind $1
ShovingRags: posts big blind $3
*** HOLE CARDS ***
Pandakey: raises $3 to $6
ShovingRags: raises $3 to $9
Pandakey: calls $3
*** FLOP *** [3c Ah Jh]
ShovingRags: bets $2.42 and is all-in
Pandakey: calls $2.42
*** TURN *** [3c Ah Jh] [4h]
*** RIVER *** [3c Ah Jh 4h] [8s]
*** SHOW DOWN ***
ShovingRags: shows [Ad Jc] (two pair, Aces and Jacks)
Pandakey: shows [Td Qd] (high card Ace)
ShovingRags collected $22.38 from pot
*** SUMMARY ***
Total pot $22.84 | Rake $0.46
Board [3c Ah Jh 4h 8s]
Seat 1: ShovingRags (big blind) showed [Ad Jc] and won ($22.38) with two pair, Aces and Jacks
Seat 2: Pandakey (button) (small blind) showed [Td Qd] and lost with high card Ace


PokerStars Hand #145715147930:  Hold'em Limit ($3/$6 USD) - 2015/12/21 19:06:05 ET
Table 'Menippe II' 2-max Seat #1 is the button
Seat 1: ShovingRags ($38.42 in chips)
Seat 2: Pandakey ($161.47 in chips)
ShovingRags: posts small blind $1
Pandakey: posts big blind $3
*** HOLE CARDS ***
ShovingRags: raises $3 to $6
Pandakey: calls $3
*** FLOP *** [4h Kd 5h]
Pandakey: checks
ShovingRags: bets $3
Pandakey: calls $3
*** TURN *** [4h Kd 5h] [6h]
Pandakey: bets $6
ShovingRags: raises $6 to $12
Pandakey: calls $6
*** RIVER *** [4h Kd 5h 6h] [9h]
Pandakey: bets $6
ShovingRags: calls $6
*** SHOW DOWN ***
Pandakey: shows [8c Qh] (a flush, Queen high)
ShovingRags: mucks hand
Pandakey collected $53.50 from pot
*** SUMMARY ***
Total pot $54 | Rake $0.50
Board [4h Kd 5h 6h 9h]
Seat 1: ShovingRags (button) (small blind) mucked
Seat 2: Pandakey (big blind) showed [8c Qh] and won ($53.50) with a flush, Queen high


PokerStars Hand #145715128663:  Hold'em Limit ($3/$6 USD) - 2015/12/21 19:05:39 ET
Table 'Menippe II' 2-max Seat #2 is the button
Seat 1: ShovingRags ($68.42 in chips)
Seat 2: Pandakey ($131.97 in chips)
Pandakey: posts small blind $1
ShovingRags: posts big blind $3
*** HOLE CARDS ***
Pandakey: raises $3 to $6
ShovingRags: raises $3 to $9
Pandakey: calls $3
*** FLOP *** [8d 3s Js]
ShovingRags: bets $3
Pandakey: calls $3
*** TURN *** [8d 3s Js] [6c]
ShovingRags: bets $6
Pandakey: calls $6
*** RIVER *** [8d 3s Js 6c] [5s]
ShovingRags: bets $6
Pandakey: raises $6 to $12
ShovingRags: calls $6
*** SHOW DOWN ***
Pandakey: shows [Qs 6s] (a flush, Queen high)
ShovingRags: mucks hand
Pandakey collected $59.50 from pot
*** SUMMARY ***
Total pot $60 | Rake $0.50
Board [8d 3s Js 6c 5s]
Seat 1: ShovingRags (big blind) mucked
Seat 2: Pandakey (button) (small blind) showed [Qs 6s] and won ($59.50) with a flush, Queen high


PokerStars Hand #145715198832:  Hold'em Limit ($3/$6 USD) - 2015/12/21 19:07:16 ET
Table 'Menippe II' 2-max Seat #1 is the button
Seat 1: ShovingRags ($22.38 in chips)
Seat 2: Pandakey ($176.55 in chips)
ShovingRags: posts small blind $1
Pandakey: posts big blind $3
*** HOLE CARDS ***
ShovingRags: raises $3 to $6
Pandakey: raises $3 to $9
ShovingRags: calls $3
*** FLOP *** [Tc Td 2s]
Pandakey: bets $3
ShovingRags: raises $3 to $6
Pandakey: calls $3
*** TURN *** [Tc Td 2s] [Ts]
Pandakey: checks
ShovingRags: bets $6
Pandakey: calls $6
*** RIVER *** [Tc Td 2s Ts] [Ks]
Pandakey: checks
ShovingRags: bets $1.38 and is all-in
Pandakey: calls $1.38
*** SHOW DOWN ***
ShovingRags: shows [3s Qc] (three of a kind, Tens)
Pandakey: shows [Ad 7d] (three of a kind, Tens - Ace kicker)
Pandakey collected $44.26 from pot
*** SUMMARY ***
Total pot $44.76 | Rake $0.50
Board [Tc Td 2s Ts Ks]
Seat 1: ShovingRags (button) (small blind) showed [3s Qc] and lost with three of a kind, Tens
Seat 2: Pandakey (big blind) showed [Ad 7d] and won ($44.26) with three of a kind, Tens


PokerStars Hand #145715189169:  Hold'em Limit ($3/$6 USD) - 2015/12/21 19:07:02 ET
Table 'Menippe II' 2-max Seat #2 is the button
Seat 1: ShovingRags ($21.38 in chips)
Seat 2: Pandakey ($177.55 in chips)
Pandakey: posts small blind $1
ShovingRags: posts big blind $3
*** HOLE CARDS ***
Pandakey: folds
Uncalled bet ($2) returned to ShovingRags
ShovingRags collected $2 from pot
ShovingRags: doesn't show hand
*** SUMMARY ***
Total pot $2 | Rake $0
Seat 1: ShovingRags (big blind) collected ($2)
Seat 2: Pandakey (button) (small blind) folded before Flop


PokerStars Hand #145715183142:  Hold'em Limit ($3/$6 USD) - 2015/12/21 19:06:54 ET
Table 'Menippe II' 2-max Seat #1 is the button
Seat 1: ShovingRags ($22.38 in chips)
Seat 2: Pandakey ($176.55 in chips)
ShovingRags: posts small blind $1
Pandakey: posts big blind $3
*** HOLE CARDS ***
ShovingRags: folds
Uncalled bet ($2) returned to Pandakey
Pandakey collected $2 from pot
Pandakey: doesn't show hand
*** SUMMARY ***
Total pot $2 | Rake $0
Seat 1: ShovingRags (button) (small blind) folded before Flop
Seat 2: Pandakey (big blind) collected ($2)


PokerStars Hand #145723161972:  Hold'em Limit ($3/$6 USD) - 2015/12/21 23:57:59 ET
Table 'Menippe II' 2-max Seat #2 is the button
Seat 1: Hlozaslauch ($211.38 in chips)
Seat 2: Pandakey ($198.43 in chips)
Pandakey: posts small blind $1
Hlozaslauch: posts big blind $3
*** HOLE CARDS ***
Pandakey has timed out
Pandakey: folds
Uncalled bet ($2) returned to Hlozaslauch
Hlozaslauch collected $2 from pot
*** SUMMARY ***
Total pot $2 | Rake $0
Seat 1: Hlozaslauch (big blind) collected ($2)
Seat 2: Pandakey (button) (small blind) folded before Flop


