PokerStars Hand #161540940911:  Hold'em Limit ($3/$6 USD) - 2016/11/17 11:07:58 ET
Table 'Menippe II' 6-max Seat #2 is the button
Seat 2: Helseløs ($187.64 in chips)
Seat 3: Mordnilap ($77.76 in chips)
Helseløs: posts small blind $1
Mordnilap: posts big blind $3
*** HOLE CARDS ***
Helseløs: folds
Uncalled bet ($2) returned to Mordnilap
Mordnilap collected $2 from pot
Mordnilap: doesn't show hand
*** SUMMARY ***
Total pot $2 | Rake $0
Seat 2: Helseløs (button) (small blind) folded before Flop
Seat 3: Mordnilap (big blind) collected ($2)


PokerStars Hand #161540915947:  Hold'em Limit ($3/$6 USD) - 2016/11/17 11:07:24 ET
Table 'Menippe II' 6-max Seat #3 is the button
Seat 2: Helseløs ($193.64 in chips)
Seat 3: Mordnilap ($72 in chips)
Mordnilap: posts small blind $1
assitoni: is sitting out
Helseløs: posts big blind $3
*** HOLE CARDS ***
Mordnilap: raises $3 to $6
Helseløs: calls $3
*** FLOP *** [7c 2c 8c]
Helseløs: checks
Mordnilap: bets $3
Helseløs: folds
Uncalled bet ($3) returned to Mordnilap
Mordnilap collected $11.76 from pot
Mordnilap: doesn't show hand
*** SUMMARY ***
Total pot $12 | Rake $0.24
Board [7c 2c 8c]
Seat 2: Helseløs (big blind) folded on the Flop
Seat 3: Mordnilap (button) (small blind) collected ($11.76)


PokerStars Hand #161540960564:  Hold'em Limit ($3/$6 USD) - 2016/11/17 11:08:25 ET
Table 'Menippe II' 6-max Seat #2 is the button
Seat 2: Helseløs ($195.28 in chips)
Seat 3: Mordnilap ($72 in chips)
Helseløs: posts small blind $1
Mordnilap: posts big blind $3
*** HOLE CARDS ***
Helseløs: folds
Uncalled bet ($2) returned to Mordnilap
Mordnilap collected $2 from pot
Mordnilap: doesn't show hand
*** SUMMARY ***
Total pot $2 | Rake $0
Seat 2: Helseløs (button) (small blind) folded before Flop
Seat 3: Mordnilap (big blind) collected ($2)


PokerStars Hand #161540964183:  Hold'em Limit ($3/$6 USD) - 2016/11/17 11:08:30 ET
Table 'Menippe II' 6-max Seat #3 is the button
Seat 2: Helseløs ($194.28 in chips)
Seat 3: Mordnilap ($73 in chips)
Mordnilap: posts small blind $1
Helseløs: posts big blind $3
*** HOLE CARDS ***
Mordnilap: raises $3 to $6
Helseløs: calls $3
*** FLOP *** [8c 2c As]
Helseløs: checks
Mordnilap: bets $3
Helseløs: calls $3
*** TURN *** [8c 2c As] [Tc]
Helseløs: checks
Mordnilap: checks
*** RIVER *** [8c 2c As Tc] [Jd]
Helseløs: bets $6
Mordnilap: raises $6 to $12
Helseløs: calls $6
*** SHOW DOWN ***
Mordnilap: shows [Jh 5c] (a pair of Jacks)
Helseløs: mucks hand
Mordnilap collected $41.50 from pot
*** SUMMARY ***
Total pot $42 | Rake $0.50
Board [8c 2c As Tc Jd]
Seat 2: Helseløs (big blind) mucked
Seat 3: Mordnilap (button) (small blind) showed [Jh 5c] and won ($41.50) with a pair of Jacks


PokerStars Hand #161540976647:  Hold'em Limit ($3/$6 USD) - 2016/11/17 11:08:47 ET
Table 'Menippe II' 6-max Seat #2 is the button
Seat 2: Helseløs ($173.28 in chips)
Seat 3: Mordnilap ($93.50 in chips)
Helseløs: posts small blind $1
Mordnilap: posts big blind $3
*** HOLE CARDS ***
Helseløs: raises $3 to $6
Mordnilap: calls $3
*** FLOP *** [6s 5s Th]
Mordnilap: checks
Helseløs: bets $3
andrey0709 joins the table at seat #4
vestimokrec joins the table at seat #5
Mordnilap: folds
Uncalled bet ($3) returned to Helseløs
Helseløs collected $11.76 from pot
*** SUMMARY ***
Total pot $12 | Rake $0.24
Board [6s 5s Th]
Seat 2: Helseløs (button) (small blind) collected ($11.76)
Seat 3: Mordnilap (big blind) folded on the Flop


PokerStars Hand #161540944804:  Hold'em Limit ($3/$6 USD) - 2016/11/17 11:08:04 ET
Table 'Menippe II' 6-max Seat #3 is the button
Seat 2: Helseløs ($186.64 in chips)
Seat 3: Mordnilap ($78.76 in chips)
Mordnilap: posts small blind $1
Helseløs: posts big blind $3
*** HOLE CARDS ***
Mordnilap: raises $3 to $6
Helseløs: calls $3
*** FLOP *** [6s 3h Ah]
Helseløs: checks
Mordnilap: bets $3
Helseløs: calls $3
*** TURN *** [6s 3h Ah] [3c]
Helseløs: checks
Mordnilap: checks
*** RIVER *** [6s 3h Ah 3c] [8c]
Helseløs: bets $6
Mordnilap: folds
Uncalled bet ($6) returned to Helseløs
Helseløs collected $17.64 from pot
*** SUMMARY ***
Total pot $18 | Rake $0.36
Board [6s 3h Ah 3c 8c]
Seat 2: Helseløs (big blind) collected ($17.64)
Seat 3: Mordnilap (button) (small blind) folded on the River


