PokerStars Hand #161400976002:  Hold'em Limit ($3/$6 USD) - 2016/11/14 14:38:50 ET
Table 'Menippe II' 6-max Seat #2 is the button
Seat 1: Chessnok ($176.37 in chips)
Seat 2: parnishka11 ($59.17 in chips)
parnishka11: posts small blind $1
vestimokrec: is sitting out
ABATAPP: is sitting out
Chessnok: posts big blind $3
*** HOLE CARDS ***
parnishka11: calls $2
Chessnok: raises $3 to $6
parnishka11: calls $3
*** FLOP *** [3c Ac Ts]
Chessnok: bets $3
parnishka11: folds
Uncalled bet ($3) returned to Chessnok
Chessnok collected $11.76 from pot
Chessnok: doesn't show hand
*** SUMMARY ***
Total pot $12 | Rake $0.24
Board [3c Ac Ts]
Seat 1: Chessnok (big blind) collected ($11.76)
Seat 2: parnishka11 (button) (small blind) folded on the Flop


PokerStars Hand #161401021860:  Hold'em Limit ($3/$6 USD) - 2016/11/14 14:39:38 ET
Table 'Menippe II' 6-max Seat #3 is the button
Seat 1: Chessnok ($187.89 in chips)
Seat 3: Great_Kang ($120 in chips)
Great_Kang: posts small blind $1
Chessnok: posts big blind $3
*** HOLE CARDS ***
Great_Kang: raises $3 to $6
Chessnok: raises $3 to $9
Great_Kang: calls $3
*** FLOP *** [As 4c 8d]
Chessnok: bets $3
Great_Kang: folds
Uncalled bet ($3) returned to Chessnok
Chessnok collected $17.64 from pot
Chessnok: doesn't show hand
*** SUMMARY ***
Total pot $18 | Rake $0.36
Board [As 4c 8d]
Seat 1: Chessnok (big blind) collected ($17.64)
Seat 3: Great_Kang (button) (small blind) folded on the Flop


PokerStars Hand #161401003719:  Hold'em Limit ($3/$6 USD) - 2016/11/14 14:39:19 ET
Table 'Menippe II' 6-max Seat #1 is the button
Seat 1: Chessnok ($182.13 in chips)
Seat 3: Great_Kang ($120 in chips)
Chessnok: posts small blind $1
Great_Kang: posts big blind $3
*** HOLE CARDS ***
parnishka11 leaves the table
Chessnok: raises $3 to $6
Great_Kang: calls $3
*** FLOP *** [Ad 4s 3d]
ABATAPP leaves the table
Great_Kang: checks
Chessnok: bets $3
Great_Kang: folds
Uncalled bet ($3) returned to Chessnok
Chessnok collected $11.76 from pot
Chessnok: doesn't show hand
*** SUMMARY ***
Total pot $12 | Rake $0.24
Board [Ad 4s 3d]
Seat 1: Chessnok (button) (small blind) collected ($11.76)
Seat 3: Great_Kang (big blind) folded on the Flop


PokerStars Hand #161402106308:  Hold'em Limit ($3/$6 USD) - 2016/11/14 14:58:48 ET
Table 'Menippe II' 6-max Seat #4 is the button
Seat 3: pr0pl0s0 ($29 in chips)
Seat 4: MTails ($121 in chips)
MTails: posts small blind $1
pr0pl0s0: posts big blind $3
*** HOLE CARDS ***
MTails: raises $3 to $6
pr0pl0s0: raises $3 to $9
MTails: calls $3
*** FLOP *** [2c 4d Jh]
pr0pl0s0: bets $3
MTails: calls $3
*** TURN *** [2c 4d Jh] [3s]
pr0pl0s0: bets $6
MTails: folds
Uncalled bet ($6) returned to pr0pl0s0
pr0pl0s0 collected $23.52 from pot
pr0pl0s0: doesn't show hand
*** SUMMARY ***
Total pot $24 | Rake $0.48
Board [2c 4d Jh 3s]
Seat 3: pr0pl0s0 (big blind) collected ($23.52)
Seat 4: MTails (button) (small blind) folded on the Turn


PokerStars Hand #161402140534:  Hold'em Limit ($3/$6 USD) - 2016/11/14 14:59:30 ET
Table 'Menippe II' 6-max Seat #3 is the button
Seat 3: pr0pl0s0 ($16.52 in chips)
Seat 4: MTails ($132.50 in chips)
pr0pl0s0: posts small blind $1
MTails: posts big blind $3
*** HOLE CARDS ***
pr0pl0s0: raises $3 to $6
MTails: raises $3 to $9
pr0pl0s0: raises $3 to $12
Betting is capped
MTails: calls $3
*** FLOP *** [3d 7d Ks]
MTails: bets $3
pr0pl0s0: raises $1.52 to $4.52 and is all-in
MTails: calls $1.52
*** TURN *** [3d 7d Ks] [Kc]
*** RIVER *** [3d 7d Ks Kc] [9c]
*** SHOW DOWN ***
MTails: shows [Qc 8h] (a pair of Kings)
pr0pl0s0: shows [Kh 2s] (three of a kind, Kings)
pr0pl0s0 collected $32.54 from pot
*** SUMMARY ***
Total pot $33.04 | Rake $0.50
Board [3d 7d Ks Kc 9c]
Seat 3: pr0pl0s0 (button) (small blind) showed [Kh 2s] and won ($32.54) with three of a kind, Kings
Seat 4: MTails (big blind) showed [Qc 8h] and lost with a pair of Kings


PokerStars Hand #161402136330:  Hold'em Limit ($3/$6 USD) - 2016/11/14 14:59:25 ET
Table 'Menippe II' 6-max Seat #4 is the button
Seat 3: pr0pl0s0 ($19.52 in chips)
Seat 4: MTails ($129.50 in chips)
MTails: posts small blind $1
pr0pl0s0: posts big blind $3
*** HOLE CARDS ***
MTails: raises $3 to $6
pr0pl0s0: folds
Uncalled bet ($3) returned to MTails
MTails collected $6 from pot
*** SUMMARY ***
Total pot $6 | Rake $0
Seat 3: pr0pl0s0 (big blind) folded before Flop
Seat 4: MTails (button) (small blind) collected ($6)


PokerStars Hand #161402117279:  Hold'em Limit ($3/$6 USD) - 2016/11/14 14:59:01 ET
Table 'Menippe II' 6-max Seat #3 is the button
Seat 3: pr0pl0s0 ($40.52 in chips)
Seat 4: MTails ($109 in chips)
pr0pl0s0: posts small blind $1
MTails: posts big blind $3
*** HOLE CARDS ***
pr0pl0s0: raises $3 to $6
MTails: raises $3 to $9
pr0pl0s0: raises $3 to $12
Betting is capped
MTails: calls $3
*** FLOP *** [4h Ad 3c]
MTails: checks
pr0pl0s0: bets $3
MTails: calls $3
*** TURN *** [4h Ad 3c] [Jc]
MTails: checks
pr0pl0s0: bets $6
MTails: calls $6
*** RIVER *** [4h Ad 3c Jc] [6c]
MTails: checks
pr0pl0s0: checks
*** SHOW DOWN ***
MTails: shows [Tc Td] (a pair of Tens)
pr0pl0s0: mucks hand
MTails collected $41.50 from pot
*** SUMMARY ***
Total pot $42 | Rake $0.50
Board [4h Ad 3c Jc 6c]
Seat 3: pr0pl0s0 (button) (small blind) mucked
Seat 4: MTails (big blind) showed [Tc Td] and won ($41.50) with a pair of Tens


PokerStars Hand #161402179348:  Hold'em Limit ($3/$6 USD) - 2016/11/14 15:00:16 ET
Table 'Menippe II' 6-max Seat #3 is the button
Seat 3: pr0pl0s0 ($23.54 in chips)
Seat 4: MTails ($124.62 in chips)
pr0pl0s0: posts small blind $1
MTails: posts big blind $3
*** HOLE CARDS ***
pr0pl0s0: folds
Uncalled bet ($2) returned to MTails
MTails collected $2 from pot
*** SUMMARY ***
Total pot $2 | Rake $0
Seat 3: pr0pl0s0 (button) (small blind) folded before Flop
Seat 4: MTails (big blind) collected ($2)


PokerStars Hand #161402153702:  Hold'em Limit ($3/$6 USD) - 2016/11/14 14:59:46 ET
Table 'Menippe II' 6-max Seat #4 is the button
Seat 3: pr0pl0s0 ($32.54 in chips)
Seat 4: MTails ($115.98 in chips)
MTails: posts small blind $1
pr0pl0s0: posts big blind $3
*** HOLE CARDS ***
vestimokrec joins the table at seat #5
MTails: raises $3 to $6
pr0pl0s0: calls $3
*** FLOP *** [Qd 2s 6c]
pr0pl0s0: checks
MTails: bets $3
pr0pl0s0: calls $3
*** TURN *** [Qd 2s 6c] [7h]
pr0pl0s0: checks
MTails: bets $6
pr0pl0s0: folds
Uncalled bet ($6) returned to MTails
MTails collected $17.64 from pot
*** SUMMARY ***
Total pot $18 | Rake $0.36
Board [Qd 2s 6c 7h]
Seat 3: pr0pl0s0 (big blind) folded on the Turn
Seat 4: MTails (button) (small blind) collected ($17.64)


PokerStars Hand #161402241395:  Hold'em Limit ($3/$6 USD) - 2016/11/14 15:01:26 ET
Table 'Menippe II' 6-max Seat #3 is the button
Seat 3: pr0pl0s0 ($60.17 in chips)
Seat 5: vestimokrec ($81 in chips)
oregordog will be allowed to play after the button
jackRizzar will be allowed to play after the button
pr0pl0s0: posts small blind $1
MTails: is sitting out
vestimokrec: posts big blind $3
*** HOLE CARDS ***
pr0pl0s0: raises $3 to $6
vestimokrec: calls $3
*** FLOP *** [Th Kd 3s]
vestimokrec: checks
pr0pl0s0: bets $3
MTails leaves the table
vestimokrec: folds
Uncalled bet ($3) returned to pr0pl0s0
pr0pl0s0 collected $11.76 from pot
pr0pl0s0: doesn't show hand
*** SUMMARY ***
Total pot $12 | Rake $0.24
Board [Th Kd 3s]
Seat 3: pr0pl0s0 (button) (small blind) collected ($11.76)
Seat 5: vestimokrec (big blind) folded on the Flop


PokerStars Hand #161405406132:  Hold'em Limit ($3/$6 USD) - 2016/11/14 15:53:54 ET
Table 'Menippe II' 6-max Seat #1 is the button
Seat 1: Muntafu ($128.50 in chips)
Seat 4: MTails ($110.76 in chips)
Muntafu: posts small blind $1
MTails: posts big blind $3
*** HOLE CARDS ***
Muntafu: raises $3 to $6
MTails: raises $3 to $9
Muntafu: calls $3
*** FLOP *** [9s Ah 3c]
MTails: bets $3
Muntafu: raises $3 to $6
MTails: calls $3
*** TURN *** [9s Ah 3c] [Qd]
MTails: checks
Muntafu: bets $6
MTails: calls $6
*** RIVER *** [9s Ah 3c Qd] [Jh]
MTails: checks
Muntafu: checks
*** SHOW DOWN ***
MTails: shows [4h 3h] (a pair of Threes)
Muntafu: shows [Qs Tc] (a pair of Queens)
Muntafu collected $41.50 from pot
*** SUMMARY ***
Total pot $42 | Rake $0.50
Board [9s Ah 3c Qd Jh]
Seat 1: Muntafu (button) (small blind) showed [Qs Tc] and won ($41.50) with a pair of Queens
Seat 4: MTails (big blind) showed [4h 3h] and lost with a pair of Threes


PokerStars Hand #161405364499:  Hold'em Limit ($3/$6 USD) - 2016/11/14 15:53:12 ET
Table 'Menippe II' 6-max Seat #1 is the button
Seat 1: Muntafu ($120 in chips)
Seat 4: MTails ($120 in chips)
Muntafu: posts small blind $1
MTails: posts big blind $3
*** HOLE CARDS ***
Muntafu: raises $3 to $6
MTails: calls $3
*** FLOP *** [7d 4h 8c]
MTails: checks
Muntafu: bets $3
MTails: calls $3
*** TURN *** [7d 4h 8c] [8s]
MTails: checks
Muntafu: bets $6
MTails: calls $6
*** RIVER *** [7d 4h 8c 8s] [Td]
MTails: checks
Muntafu: checks
*** SHOW DOWN ***
MTails: shows [3d Kc] (a pair of Eights)
Muntafu: shows [Ks 9h] (a pair of Eights - King+Ten+Nine kicker)
Muntafu collected $29.50 from pot
*** SUMMARY ***
Total pot $30 | Rake $0.50
Board [7d 4h 8c 8s Td]
Seat 1: Muntafu (button) (small blind) showed [Ks 9h] and won ($29.50) with a pair of Eights
Seat 4: MTails (big blind) showed [3d Kc] and lost with a pair of Eights


PokerStars Hand #161405395714:  Hold'em Limit ($3/$6 USD) - 2016/11/14 15:53:44 ET
Table 'Menippe II' 6-max Seat #4 is the button
Seat 1: Muntafu ($134.50 in chips)
Seat 4: MTails ($105 in chips)
MTails: posts small blind $1
Muntafu: posts big blind $3
*** HOLE CARDS ***
MTails: raises $3 to $6
Muntafu: calls $3
*** FLOP *** [7d Ad Kd]
Muntafu: checks
MTails: bets $3
Muntafu: folds
Uncalled bet ($3) returned to MTails
MTails collected $11.76 from pot
*** SUMMARY ***
Total pot $12 | Rake $0.24
Board [7d Ad Kd]
Seat 1: Muntafu (big blind) folded on the Flop
Seat 4: MTails (button) (small blind) collected ($11.76)


PokerStars Hand #161405424032:  Hold'em Limit ($3/$6 USD) - 2016/11/14 15:54:12 ET
Table 'Menippe II' 6-max Seat #4 is the button
Seat 1: Muntafu ($149 in chips)
Seat 4: MTails ($89.76 in chips)
MTails: posts small blind $1
Muntafu: posts big blind $3
*** HOLE CARDS ***
MTails: raises $3 to $6
Muntafu: calls $3
*** FLOP *** [7h 4s Ts]
Muntafu: checks
MTails: bets $3
Muntafu: calls $3
*** TURN *** [7h 4s Ts] [9h]
Muntafu: checks
MTails: bets $6
Muntafu: folds
Uncalled bet ($6) returned to MTails
MTails collected $17.64 from pot
*** SUMMARY ***
Total pot $18 | Rake $0.36
Board [7h 4s Ts 9h]
Seat 1: Muntafu (big blind) folded on the Turn
Seat 4: MTails (button) (small blind) collected ($17.64)


PokerStars Hand #161405436232:  Hold'em Limit ($3/$6 USD) - 2016/11/14 15:54:24 ET
Table 'Menippe II' 6-max Seat #1 is the button
Seat 1: Muntafu ($140 in chips)
Seat 4: MTails ($98.40 in chips)
Muntafu: posts small blind $1
MTails: posts big blind $3
*** HOLE CARDS ***
Muntafu: raises $3 to $6
MTails: calls $3
*** FLOP *** [4d Js 2c]
MTails: checks
Muntafu: bets $3
MTails: raises $3 to $6
Muntafu: calls $3
*** TURN *** [4d Js 2c] [As]
MTails: checks
Muntafu: bets $6
MTails: calls $6
*** RIVER *** [4d Js 2c As] [8h]
MTails: checks
Muntafu: checks
*** SHOW DOWN ***
MTails: shows [3c 4c] (a pair of Fours)
Muntafu: mucks hand
MTails collected $35.50 from pot
*** SUMMARY ***
Total pot $36 | Rake $0.50
Board [4d Js 2c As 8h]
Seat 1: Muntafu (button) (small blind) mucked
Seat 4: MTails (big blind) showed [3c 4c] and won ($35.50) with a pair of Fours


PokerStars Hand #161405473523:  Hold'em Limit ($3/$6 USD) - 2016/11/14 15:55:02 ET
Table 'Menippe II' 6-max Seat #1 is the button
Seat 1: Muntafu ($98 in chips)
Seat 4: MTails ($139.40 in chips)
Muntafu: posts small blind $1
MTails: posts big blind $3
*** HOLE CARDS ***
Muntafu: folds
Uncalled bet ($2) returned to MTails
MTails collected $2 from pot
*** SUMMARY ***
Total pot $2 | Rake $0
Seat 1: Muntafu (button) (small blind) folded before Flop
Seat 4: MTails (big blind) collected ($2)


PokerStars Hand #161405455150:  Hold'em Limit ($3/$6 USD) - 2016/11/14 15:54:43 ET
Table 'Menippe II' 6-max Seat #4 is the button
Seat 1: Muntafu ($122 in chips)
Seat 4: MTails ($115.90 in chips)
MTails: posts small blind $1
Muntafu: posts big blind $3
*** HOLE CARDS ***
MTails: raises $3 to $6
Muntafu: calls $3
*** FLOP *** [9d 5d Kh]
Muntafu: checks
MTails: bets $3
Muntafu: raises $3 to $6
MTails: calls $3
*** TURN *** [9d 5d Kh] [8c]
Muntafu: bets $6
MTails: raises $6 to $12
Muntafu: calls $6
*** RIVER *** [9d 5d Kh 8c] [4c]
Muntafu: checks
MTails: bets $6
Muntafu: folds
Uncalled bet ($6) returned to MTails
MTails collected $47.50 from pot
*** SUMMARY ***
Total pot $48 | Rake $0.50
Board [9d 5d Kh 8c 4c]
Seat 1: Muntafu (big blind) folded on the River
Seat 4: MTails (button) (small blind) collected ($47.50)


PokerStars Hand #161405479368:  Hold'em Limit ($3/$6 USD) - 2016/11/14 15:55:08 ET
Table 'Menippe II' 6-max Seat #4 is the button
Seat 1: Muntafu ($113.12 in chips)
Seat 4: MTails ($140.40 in chips)
MTails: posts small blind $1
Muntafu: posts big blind $3
*** HOLE CARDS ***
MTails: raises $3 to $6
Muntafu: calls $3
*** FLOP *** [Ts Jd 9d]
Muntafu: checks
MTails: bets $3
Muntafu: calls $3
*** TURN *** [Ts Jd 9d] [Jc]
Muntafu: checks
MTails: bets $6
2GEDDY1 joins the table at seat #3
Muntafu: calls $6
*** RIVER *** [Ts Jd 9d Jc] [Kd]
Muntafu: checks
MTails: checks
*** SHOW DOWN ***
Muntafu: shows [7h 9h] (two pair, Jacks and Nines)
MTails: mucks hand
Muntafu collected $29.50 from pot
*** SUMMARY ***
Total pot $30 | Rake $0.50
Board [Ts Jd 9d Jc Kd]
Seat 1: Muntafu (big blind) showed [7h 9h] and won ($29.50) with two pair, Jacks and Nines
Seat 4: MTails (button) (small blind) mucked


PokerStars Hand #161414048765:  Hold'em Limit ($3/$6 USD) - 2016/11/14 18:42:10 ET
Table 'Menippe II' 6-max Seat #5 is the button
Seat 1: Glaucon ($118.58 in chips)
Seat 5: Chessnok ($98.40 in chips)
Chessnok: posts small blind $1
Glaucon: posts big blind $3
*** HOLE CARDS ***
Chessnok: raises $3 to $6
Glaucon: calls $3
*** FLOP *** [Ad 7d As]
Glaucon: bets $3
Chessnok: raises $3 to $6
Glaucon: calls $3
*** TURN *** [Ad 7d As] [9c]
Glaucon: bets $6
Chessnok: raises $6 to $12
Glaucon: calls $6
*** RIVER *** [Ad 7d As 9c] [5d]
Glaucon: checks
Chessnok: bets $6
Glaucon: calls $6
*** SHOW DOWN ***
Chessnok: shows [9h 5s] (two pair, Aces and Nines)
Mijat55 joins the table at seat #3
Glaucon: mucks hand
Chessnok collected $59.50 from pot
*** SUMMARY ***
Total pot $60 | Rake $0.50
Board [Ad 7d As 9c 5d]
Seat 1: Glaucon (big blind) mucked
Seat 5: Chessnok (button) (small blind) showed [9h 5s] and won ($59.50) with two pair, Aces and Nines


PokerStars Hand #161414039334:  Hold'em Limit ($3/$6 USD) - 2016/11/14 18:41:55 ET
Table 'Menippe II' 6-max Seat #5 is the button
Seat 1: Glaucon ($111.82 in chips)
Seat 5: Chessnok ($105.40 in chips)
Chessnok: posts small blind $1
Glaucon: posts big blind $3
*** HOLE CARDS ***
Chessnok: folds
Uncalled bet ($2) returned to Glaucon
Glaucon collected $2 from pot
Glaucon: doesn't show hand
*** SUMMARY ***
Total pot $2 | Rake $0
Seat 1: Glaucon (big blind) collected ($2)
Seat 5: Chessnok (button) (small blind) folded before Flop


PokerStars Hand #161414042333:  Hold'em Limit ($3/$6 USD) - 2016/11/14 18:42:00 ET
Table 'Menippe II' 6-max Seat #1 is the button
Seat 1: Glaucon ($112.82 in chips)
Seat 5: Chessnok ($104.40 in chips)
Glaucon: posts small blind $1
Chessnok: posts big blind $3
*** HOLE CARDS ***
Glaucon: raises $3 to $6
Chessnok: calls $3
*** FLOP *** [Kd Jh 7s]
Chessnok: checks
Glaucon: bets $3
Chessnok: folds
Uncalled bet ($3) returned to Glaucon
Glaucon collected $11.76 from pot
Glaucon: doesn't show hand
*** SUMMARY ***
Total pot $12 | Rake $0.24
Board [Kd Jh 7s]
Seat 1: Glaucon (button) (small blind) collected ($11.76)
Seat 5: Chessnok (big blind) folded on the Flop


PokerStars Hand #161414101342:  Hold'em Limit ($3/$6 USD) - 2016/11/14 18:43:30 ET
Table 'Menippe II' 6-max Seat #1 is the button
Seat 1: Glaucon ($52.64 in chips)
Seat 5: Chessnok ($127.54 in chips)
Glaucon: posts small blind $1
Chessnok: posts big blind $3
*** HOLE CARDS ***
Glaucon: calls $2
Chessnok: raises $3 to $6
Glaucon: calls $3
*** FLOP *** [Qs As 3c]
Chessnok: bets $3
Glaucon: folds
Uncalled bet ($3) returned to Chessnok
Chessnok collected $11.76 from pot
Chessnok: doesn't show hand
*** SUMMARY ***
Total pot $12 | Rake $0.24
Board [Qs As 3c]
Seat 1: Glaucon (button) (small blind) folded on the Flop
Seat 5: Chessnok (big blind) collected ($11.76)


PokerStars Hand #161414110350:  Hold'em Limit ($3/$6 USD) - 2016/11/14 18:43:43 ET
Table 'Menippe II' 6-max Seat #5 is the button
Seat 1: Glaucon ($46.64 in chips)
Seat 5: Chessnok ($133.30 in chips)
Chessnok: posts small blind $1
Glaucon: posts big blind $3
*** HOLE CARDS ***
Chessnok: raises $3 to $6
Glaucon: raises $3 to $9
Chessnok: calls $3
*** FLOP *** [3h 8c 7c]
Glaucon: bets $3
Chessnok: calls $3
*** TURN *** [3h 8c 7c] [4d]
Glaucon: bets $6
Chessnok: raises $6 to $12
Glaucon: raises $6 to $18
Chessnok: raises $6 to $24
Betting is capped
Glaucon: calls $6
*** RIVER *** [3h 8c 7c 4d] [Qh]
Glaucon: bets $6
Chessnok: raises $6 to $12
Glaucon: calls $4.64 and is all-in
Uncalled bet ($1.36) returned to Chessnok
*** SHOW DOWN ***
Chessnok: shows [5h 6d] (a straight, Four to Eight)
Glaucon: shows [Ac 6c] (high card Ace)
Chessnok collected $92.78 from pot
*** SUMMARY ***
Total pot $93.28 | Rake $0.50
Board [3h 8c 7c 4d Qh]
Seat 1: Glaucon (big blind) showed [Ac 6c] and lost with high card Ace
Seat 5: Chessnok (button) (small blind) showed [5h 6d] and won ($92.78) with a straight, Four to Eight


