PokerStars Hand #156920676384:  Hold'em Limit ($3/$6 USD) - 2016/08/05 22:50:00 ET
Table 'Menkib' 6-max Seat #4 is the button
Seat 3: pratmish ($76.05 in chips)
Seat 4: AzureCaper ($95.50 in chips)
AzureCaper: posts small blind $1
pratmish: posts big blind $3
*** HOLE CARDS ***
AzureCaper: raises $3 to $6
pratmish: calls $3
*** FLOP *** [3c Kh 7h]
pratmish: checks
AzureCaper: bets $3
pratmish: raises $3 to $6
AzureCaper: folds
Uncalled bet ($3) returned to pratmish
pratmish collected $17.64 from pot
pratmish: doesn't show hand
*** SUMMARY ***
Total pot $18 | Rake $0.36
Board [3c Kh 7h]
Seat 3: pratmish (big blind) collected ($17.64)
Seat 4: AzureCaper (button) (small blind) folded on the Flop


PokerStars Hand #156920670831:  Hold'em Limit ($3/$6 USD) - 2016/08/05 22:49:41 ET
Table 'Menkib' 6-max Seat #3 is the button
Seat 3: pratmish ($100.05 in chips)
Seat 4: AzureCaper ($72 in chips)
pratmish: posts small blind $1
AzureCaper: posts big blind $3
*** HOLE CARDS ***
pratmish: raises $3 to $6
AzureCaper: raises $3 to $9
pratmish: calls $3
*** FLOP *** [7d Js Td]
AzureCaper: bets $3
pratmish: calls $3
*** TURN *** [7d Js Td] [9s]
AzureCaper: bets $6
pratmish: calls $6
*** RIVER *** [7d Js Td 9s] [3h]
AzureCaper: bets $6
pratmish: calls $6
*** SHOW DOWN ***
AzureCaper: shows [Ts Tc] (three of a kind, Tens)
pratmish: mucks hand
AzureCaper collected $47.50 from pot
*** SUMMARY ***
Total pot $48 | Rake $0.50
Board [7d Js Td 9s 3h]
Seat 3: pratmish (button) (small blind) mucked
Seat 4: AzureCaper (big blind) showed [Ts Tc] and won ($47.50) with three of a kind, Tens


PokerStars Hand #156920684225:  Hold'em Limit ($3/$6 USD) - 2016/08/05 22:50:25 ET
Table 'Menkib' 6-max Seat #3 is the button
Seat 3: pratmish ($84.69 in chips)
Seat 4: AzureCaper ($86.50 in chips)
pratmish: posts small blind $1
AzureCaper: posts big blind $3
*** HOLE CARDS ***
pratmish: calls $2
AzureCaper: checks
*** FLOP *** [9d Kh 9h]
AzureCaper: checks
pratmish: bets $3
AzureCaper: folds
Uncalled bet ($3) returned to pratmish
pratmish collected $5.88 from pot
pratmish: doesn't show hand
*** SUMMARY ***
Total pot $6 | Rake $0.12
Board [9d Kh 9h]
Seat 3: pratmish (button) (small blind) collected ($5.88)
Seat 4: AzureCaper (big blind) folded on the Flop


PokerStars Hand #156920691091:  Hold'em Limit ($3/$6 USD) - 2016/08/05 22:50:48 ET
Table 'Menkib' 6-max Seat #3 is the button
Seat 3: pratmish ($88.57 in chips)
Seat 4: AzureCaper ($82.50 in chips)
pratmish: posts small blind $1
AzureCaper: posts big blind $3
*** HOLE CARDS ***
pratmish: calls $2
AzureCaper: raises $3 to $6
pratmish: calls $3
*** FLOP *** [7h 5d 8s]
AzureCaper: bets $3
pratmish: raises $3 to $6
AzureCaper: raises $3 to $9
pratmish: calls $3
*** TURN *** [7h 5d 8s] [Jh]
AzureCaper: bets $6
pratmish: calls $6
*** RIVER *** [7h 5d 8s Jh] [4h]
AzureCaper: checks
pratmish: bets $6
AzureCaper: calls $6
*** SHOW DOWN ***
pratmish: shows [3s 9s] (high card Jack)
AzureCaper: shows [7s As] (a pair of Sevens)
AzureCaper collected $53.50 from pot
*** SUMMARY ***
Total pot $54 | Rake $0.50
Board [7h 5d 8s Jh 4h]
Seat 3: pratmish (button) (small blind) showed [3s 9s] and lost with high card Jack
Seat 4: AzureCaper (big blind) showed [7s As] and won ($53.50) with a pair of Sevens


PokerStars Hand #156920697204:  Hold'em Limit ($3/$6 USD) - 2016/08/05 22:51:08 ET
Table 'Menkib' 6-max Seat #4 is the button
Seat 3: pratmish ($61.57 in chips)
Seat 4: AzureCaper ($109 in chips)
AzureCaper: posts small blind $1
pratmish: posts big blind $3
*** HOLE CARDS ***
AzureCaper: folds
Uncalled bet ($2) returned to pratmish
pratmish collected $2 from pot
pratmish: doesn't show hand
*** SUMMARY ***
Total pot $2 | Rake $0
Seat 3: pratmish (big blind) collected ($2)
Seat 4: AzureCaper (button) (small blind) folded before Flop


PokerStars Hand #156920699055:  Hold'em Limit ($3/$6 USD) - 2016/08/05 22:51:14 ET
Table 'Menkib' 6-max Seat #3 is the button
Seat 3: pratmish ($62.57 in chips)
Seat 4: AzureCaper ($108 in chips)
pratmish: posts small blind $1
AzureCaper: posts big blind $3
*** HOLE CARDS ***
pratmish: calls $2
AzureCaper: raises $3 to $6
pratmish: calls $3
*** FLOP *** [Jh 7c 7h]
AzureCaper: bets $3
pratmish: raises $3 to $6
AzureCaper: raises $3 to $9
pratmish: folds
Uncalled bet ($3) returned to AzureCaper
AzureCaper collected $23.52 from pot
AzureCaper: doesn't show hand
*** SUMMARY ***
Total pot $24 | Rake $0.48
Board [Jh 7c 7h]
Seat 3: pratmish (button) (small blind) folded on the Flop
Seat 4: AzureCaper (big blind) collected ($23.52)


PokerStars Hand #156920707405:  Hold'em Limit ($3/$6 USD) - 2016/08/05 22:51:41 ET
Table 'Menkib' 6-max Seat #3 is the button
Seat 3: pratmish ($35.57 in chips)
Seat 4: AzureCaper ($134.02 in chips)
pratmish: posts small blind $1
AzureCaper: posts big blind $3
*** HOLE CARDS ***
pratmish: folds
Uncalled bet ($2) returned to AzureCaper
AzureCaper collected $2 from pot
AzureCaper: doesn't show hand
*** SUMMARY ***
Total pot $2 | Rake $0
Seat 3: pratmish (button) (small blind) folded before Flop
Seat 4: AzureCaper (big blind) collected ($2)


PokerStars Hand #156920702966:  Hold'em Limit ($3/$6 USD) - 2016/08/05 22:51:27 ET
Table 'Menkib' 6-max Seat #4 is the button
Seat 3: pratmish ($50.57 in chips)
Seat 4: AzureCaper ($119.52 in chips)
AzureCaper: posts small blind $1
pratmish: posts big blind $3
*** HOLE CARDS ***
AzureCaper: raises $3 to $6
pratmish: calls $3
*** FLOP *** [4d 6d Ah]
pratmish: checks
AzureCaper: bets $3
pratmish: calls $3
*** TURN *** [4d 6d Ah] [2d]
pratmish: checks
AzureCaper: checks
*** RIVER *** [4d 6d Ah 2d] [2s]
pratmish: bets $6
AzureCaper: calls $6
*** SHOW DOWN ***
pratmish: shows [7d 8s] (a pair of Deuces)
AzureCaper: shows [8h 6c] (two pair, Sixes and Deuces)
AzureCaper collected $29.50 from pot
*** SUMMARY ***
Total pot $30 | Rake $0.50
Board [4d 6d Ah 2d 2s]
Seat 3: pratmish (big blind) showed [7d 8s] and lost with a pair of Deuces
Seat 4: AzureCaper (button) (small blind) showed [8h 6c] and won ($29.50) with two pair, Sixes and Deuces


PokerStars Hand #156920717871:  Hold'em Limit ($3/$6 USD) - 2016/08/05 22:52:15 ET
Table 'Menkib' 6-max Seat #4 is the button
Seat 3: pratmish ($34.21 in chips)
Seat 4: AzureCaper ($134.66 in chips)
AzureCaper: posts small blind $1
pratmish: posts big blind $3
*** HOLE CARDS ***
AzureCaper: raises $3 to $6
pratmish: raises $3 to $9
AzureCaper: raises $3 to $12
Betting is capped
pratmish: calls $3
*** FLOP *** [Ac Jc 8d]
pratmish: bets $3
AzureCaper: calls $3
*** TURN *** [Ac Jc 8d] [Ks]
pratmish: bets $6
AzureCaper: calls $6
*** RIVER *** [Ac Jc 8d Ks] [Qd]
pratmish: bets $6
AzureCaper: raises $6 to $12
pratmish: folds
Uncalled bet ($6) returned to AzureCaper
AzureCaper collected $53.50 from pot
AzureCaper: doesn't show hand
*** SUMMARY ***
Total pot $54 | Rake $0.50
Board [Ac Jc 8d Ks Qd]
Seat 3: pratmish (big blind) folded on the River
Seat 4: AzureCaper (button) (small blind) collected ($53.50)


PokerStars Hand #156920713121:  Hold'em Limit ($3/$6 USD) - 2016/08/05 22:51:59 ET
Table 'Menkib' 6-max Seat #3 is the button
Seat 3: pratmish ($25.57 in chips)
Seat 4: AzureCaper ($143.66 in chips)
pratmish: posts small blind $1
AzureCaper: posts big blind $3
*** HOLE CARDS ***
pratmish: raises $3 to $6
AzureCaper: calls $3
*** FLOP *** [6h Jh 9s]
AzureCaper: checks
pratmish: bets $3
AzureCaper: calls $3
*** TURN *** [6h Jh 9s] [Kd]
AzureCaper: checks
pratmish: bets $6
AzureCaper: folds
Uncalled bet ($6) returned to pratmish
pratmish collected $17.64 from pot
pratmish: doesn't show hand
*** SUMMARY ***
Total pot $18 | Rake $0.36
Board [6h Jh 9s Kd]
Seat 3: pratmish (button) (small blind) collected ($17.64)
Seat 4: AzureCaper (big blind) folded on the Turn


PokerStars Hand #156920708989:  Hold'em Limit ($3/$6 USD) - 2016/08/05 22:51:46 ET
Table 'Menkib' 6-max Seat #4 is the button
Seat 3: pratmish ($34.57 in chips)
Seat 4: AzureCaper ($135.02 in chips)
AzureCaper: posts small blind $1
pratmish: posts big blind $3
*** HOLE CARDS ***
AzureCaper: raises $3 to $6
pratmish: calls $3
*** FLOP *** [9s Kd Ad]
pratmish: checks
AzureCaper: bets $3
pratmish: calls $3
*** TURN *** [9s Kd Ad] [3d]
pratmish: checks
AzureCaper: bets $6
pratmish: folds
Uncalled bet ($6) returned to AzureCaper
AzureCaper collected $17.64 from pot
AzureCaper: doesn't show hand
*** SUMMARY ***
Total pot $18 | Rake $0.36
Board [9s Kd Ad 3d]
Seat 3: pratmish (big blind) folded on the Turn
Seat 4: AzureCaper (button) (small blind) collected ($17.64)


PokerStars Hand #156920726004:  Hold'em Limit ($3/$6 USD) - 2016/08/05 22:52:41 ET
Table 'Menkib' 6-max Seat #4 is the button
Seat 3: pratmish ($10.21 in chips)
Seat 4: AzureCaper ($158.16 in chips)
AzureCaper: posts small blind $1
pratmish: posts big blind $3
*** HOLE CARDS ***
AzureCaper: folds
Uncalled bet ($2) returned to pratmish
pratmish collected $2 from pot
pratmish: doesn't show hand
*** SUMMARY ***
Total pot $2 | Rake $0
Seat 3: pratmish (big blind) collected ($2)
Seat 4: AzureCaper (button) (small blind) folded before Flop


PokerStars Hand #156920724482:  Hold'em Limit ($3/$6 USD) - 2016/08/05 22:52:36 ET
Table 'Menkib' 6-max Seat #3 is the button
Seat 3: pratmish ($7.21 in chips)
Seat 4: AzureCaper ($161.16 in chips)
pratmish: posts small blind $1
AzureCaper: posts big blind $3
*** HOLE CARDS ***
pratmish: raises $3 to $6
AzureCaper: folds
Uncalled bet ($3) returned to pratmish
pratmish collected $6 from pot
pratmish: doesn't show hand
*** SUMMARY ***
Total pot $6 | Rake $0
Seat 3: pratmish (button) (small blind) collected ($6)
Seat 4: AzureCaper (big blind) folded before Flop


PokerStars Hand #156920727649:  Hold'em Limit ($3/$6 USD) - 2016/08/05 22:52:46 ET
Table 'Menkib' 6-max Seat #3 is the button
Seat 3: pratmish ($11.21 in chips)
Seat 4: AzureCaper ($157.16 in chips)
pratmish: posts small blind $1
AzureCaper: posts big blind $3
*** HOLE CARDS ***
pratmish: raises $3 to $6
AzureCaper: folds
Uncalled bet ($3) returned to pratmish
pratmish collected $6 from pot
pratmish: doesn't show hand
*** SUMMARY ***
Total pot $6 | Rake $0
Seat 3: pratmish (button) (small blind) collected ($6)
Seat 4: AzureCaper (big blind) folded before Flop


PokerStars Hand #156920729098:  Hold'em Limit ($3/$6 USD) - 2016/08/05 22:52:51 ET
Table 'Menkib' 6-max Seat #4 is the button
Seat 3: pratmish ($14.21 in chips)
Seat 4: AzureCaper ($154.16 in chips)
AzureCaper: posts small blind $1
pratmish: posts big blind $3
*** HOLE CARDS ***
AzureCaper: raises $3 to $6
pratmish: raises $3 to $9
AzureCaper: calls $3
*** FLOP *** [5s 7c 2h]
pratmish: bets $3
AzureCaper: raises $3 to $6
pratmish: calls $2.21 and is all-in
Uncalled bet ($0.79) returned to AzureCaper
*** TURN *** [5s 7c 2h] [Ts]
*** RIVER *** [5s 7c 2h Ts] [2d]
*** SHOW DOWN ***
pratmish: shows [Ac 8s] (a pair of Deuces)
AzureCaper: shows [Th 7h] (two pair, Tens and Sevens)
AzureCaper collected $27.92 from pot
pratmish leaves the table
*** SUMMARY ***
Total pot $28.42 | Rake $0.50
Board [5s 7c 2h Ts 2d]
Seat 3: pratmish (big blind) showed [Ac 8s] and lost with a pair of Deuces
Seat 4: AzureCaper (button) (small blind) showed [Th 7h] and won ($27.92) with two pair, Tens and Sevens


