PokerStars Hand #161826827555:  Hold'em Limit ($3/$6 USD) - 2016/11/23 3:22:27 ET
Table 'Menkalinan' 6-max Seat #2 is the button
Seat 1: ToDaFelt ($291.40 in chips)
Seat 2: Ale4o ($201.39 in chips)
Ale4o: posts small blind $1
ToDaFelt: posts big blind $3
*** HOLE CARDS ***
Ale4o: raises $3 to $6
ToDaFelt: folds
Uncalled bet ($3) returned to Ale4o
Ale4o collected $6 from pot
Ale4o: doesn't show hand
*** SUMMARY ***
Total pot $6 | Rake $0
Seat 1: ToDaFelt (big blind) folded before Flop
Seat 2: Ale4o (button) (small blind) collected ($6)


PokerStars Hand #161826817393:  Hold'em Limit ($3/$6 USD) - 2016/11/23 3:21:39 ET
Table 'Menkalinan' 6-max Seat #1 is the button
Seat 1: ToDaFelt ($285.64 in chips)
Seat 2: Ale4o ($207.39 in chips)
ToDaFelt: posts small blind $1
Ale4o: posts big blind $3
*** HOLE CARDS ***
ToDaFelt: raises $3 to $6
Ale4o: calls $3
*** FLOP *** [Kh 5h Qs]
Ale4o: checks
ToDaFelt is disconnected
ToDaFelt has timed out while disconnected
ToDaFelt: checks
*** TURN *** [Kh 5h Qs] [7d]
Ale4o: checks
ToDaFelt is connected
ToDaFelt: bets $6
Ale4o: folds
Uncalled bet ($6) returned to ToDaFelt
ToDaFelt collected $11.76 from pot
ToDaFelt: doesn't show hand
*** SUMMARY ***
Total pot $12 | Rake $0.24
Board [Kh 5h Qs 7d]
Seat 1: ToDaFelt (button) (small blind) collected ($11.76)
Seat 2: Ale4o (big blind) folded on the Turn


