PokerStars Hand #173341843939:  Hold'em Limit ($3/$6 USD) - 2017/07/21 21:23:38 ET
Table 'Menkib' 6-max Seat #1 is the button
Seat 1: Chessnok ($120 in chips)
Seat 3: cuchuka ($72 in chips)
Chessnok: posts small blind $1
cuchuka: posts big blind $3
*** HOLE CARDS ***
Chessnok: raises $3 to $6
cuchuka: calls $3
*** FLOP *** [Js 8s 3c]
cuchuka: checks
Chessnok: bets $3
cuchuka: calls $3
*** TURN *** [Js 8s 3c] [Qd]
cuchuka: checks
Chessnok: checks
*** RIVER *** [Js 8s 3c Qd] [9d]
cuchuka: bets $6
Chessnok: calls $6
*** SHOW DOWN ***
cuchuka: shows [5s Qc] (a pair of Queens)
Chessnok: mucks hand
cuchuka collected $29.50 from pot
*** SUMMARY ***
Total pot $30 | Rake $0.50
Board [Js 8s 3c Qd 9d]
Seat 1: Chessnok (button) (small blind) mucked
Seat 3: cuchuka (big blind) showed [5s Qc] and won ($29.50) with a pair of Queens


PokerStars Hand #173341853435:  Hold'em Limit ($3/$6 USD) - 2017/07/21 21:24:01 ET
Table 'Menkib' 6-max Seat #3 is the button
Seat 1: Chessnok ($105 in chips)
Seat 3: cuchuka ($86.50 in chips)
cuchuka: posts small blind $1
Chessnok: posts big blind $3
*** HOLE CARDS ***
cuchuka: raises $3 to $6
Chessnok: calls $3
*** FLOP *** [Kh 7d Th]
Chessnok: checks
cuchuka: checks
*** TURN *** [Kh 7d Th] [Ah]
Chessnok: checks
cuchuka: bets $6
Chessnok: folds
Uncalled bet ($6) returned to cuchuka
cuchuka collected $11.76 from pot
*** SUMMARY ***
Total pot $12 | Rake $0.24
Board [Kh 7d Th Ah]
Seat 1: Chessnok (big blind) folded on the Turn
Seat 3: cuchuka (button) (small blind) collected ($11.76)


PokerStars Hand #173341861460:  Hold'em Limit ($3/$6 USD) - 2017/07/21 21:24:21 ET
Table 'Menkib' 6-max Seat #1 is the button
Seat 1: Chessnok ($99 in chips)
Seat 3: cuchuka ($92.26 in chips)
Chessnok: posts small blind $1
cuchuka: posts big blind $3
*** HOLE CARDS ***
Chessnok: raises $3 to $6
cuchuka: calls $3
*** FLOP *** [2d 2h 4c]
cuchuka: checks
Chessnok: bets $3
cuchuka: calls $3
*** TURN *** [2d 2h 4c] [Qs]
cuchuka: bets $6
Chessnok: folds
Uncalled bet ($6) returned to cuchuka
cuchuka collected $17.64 from pot
*** SUMMARY ***
Total pot $18 | Rake $0.36
Board [2d 2h 4c Qs]
Seat 1: Chessnok (button) (small blind) folded on the Turn
Seat 3: cuchuka (big blind) collected ($17.64)


PokerStars Hand #173341871706:  Hold'em Limit ($3/$6 USD) - 2017/07/21 21:24:46 ET
Table 'Menkib' 6-max Seat #3 is the button
Seat 1: Chessnok ($90 in chips)
Seat 3: cuchuka ($100.90 in chips)
cuchuka: posts small blind $1
Chessnok: posts big blind $3
*** HOLE CARDS ***
cuchuka: folds
Uncalled bet ($2) returned to Chessnok
Chessnok collected $2 from pot
Chessnok: doesn't show hand
*** SUMMARY ***
Total pot $2 | Rake $0
Seat 1: Chessnok (big blind) collected ($2)
Seat 3: cuchuka (button) (small blind) folded before Flop


PokerStars Hand #173342554380:  Hold'em Limit ($3/$6 USD) - 2017/07/21 21:53:22 ET
Table 'Menkib' 6-max Seat #1 is the button
Seat 1: Chessnok ($91 in chips)
Seat 3: Offvader ($154.76 in chips)
Chessnok: posts small blind $1
Offvader: posts big blind $3
*** HOLE CARDS ***
Chessnok: raises $3 to $6
Offvader: raises $3 to $9
Chessnok: calls $3
*** FLOP *** [7h 6d 6h]
Offvader: bets $3
Chessnok: calls $3
*** TURN *** [7h 6d 6h] [7c]
Offvader: bets $6
Chessnok: calls $6
*** RIVER *** [7h 6d 6h 7c] [9s]
Offvader: bets $6
Chessnok: raises $6 to $12
Offvader: raises $6 to $18
Chessnok: calls $6
*** SHOW DOWN ***
Offvader: shows [6c Ts] (a full house, Sixes full of Sevens)
Chessnok: shows [6s Ad] (a full house, Sixes full of Sevens)
Offvader collected $35.75 from pot
Chessnok collected $35.75 from pot
*** SUMMARY ***
Total pot $72 | Rake $0.50
Board [7h 6d 6h 7c 9s]
Seat 1: Chessnok (button) (small blind) showed [6s Ad] and won ($35.75) with a full house, Sixes full of Sevens
Seat 3: Offvader (big blind) showed [6c Ts] and won ($35.75) with a full house, Sixes full of Sevens


PokerStars Hand #173342579005:  Hold'em Limit ($3/$6 USD) - 2017/07/21 21:54:27 ET
Table 'Menkib' 6-max Seat #3 is the button
Seat 1: Chessnok ($90.25 in chips)
Seat 3: Offvader ($154.01 in chips)
Offvader: posts small blind $1
Chessnok: posts big blind $3
*** HOLE CARDS ***
Offvader: raises $3 to $6
Chessnok: calls $3
*** FLOP *** [Ah 2d 3s]
Chessnok: checks
Offvader: bets $3
Chessnok: raises $3 to $6
Offvader: calls $3
*** TURN *** [Ah 2d 3s] [9s]
Chessnok: bets $6
Offvader: calls $6
*** RIVER *** [Ah 2d 3s 9s] [7s]
Chessnok: bets $6
Offvader: calls $6
*** SHOW DOWN ***
Chessnok: shows [Tc 3h] (a pair of Threes)
Offvader: shows [Ac Ts] (a pair of Aces)
Offvader collected $47.50 from pot
*** SUMMARY ***
Total pot $48 | Rake $0.50
Board [Ah 2d 3s 9s 7s]
Seat 1: Chessnok (big blind) showed [Tc 3h] and lost with a pair of Threes
Seat 3: Offvader (button) (small blind) showed [Ac Ts] and won ($47.50) with a pair of Aces


PokerStars Hand #173342585213:  Hold'em Limit ($3/$6 USD) - 2017/07/21 21:54:44 ET
Table 'Menkib' 6-max Seat #1 is the button
Seat 1: Chessnok ($66.25 in chips)
Seat 3: Offvader ($177.51 in chips)
Chessnok: posts small blind $1
Offvader: posts big blind $3
*** HOLE CARDS ***
Chessnok: raises $3 to $6
Offvader: calls $3
*** FLOP *** [Tc Qh 4s]
Offvader: checks
Chessnok: bets $3
Offvader: folds
Uncalled bet ($3) returned to Chessnok
Chessnok collected $11.76 from pot
Chessnok: doesn't show hand
*** SUMMARY ***
Total pot $12 | Rake $0.24
Board [Tc Qh 4s]
Seat 1: Chessnok (button) (small blind) collected ($11.76)
Seat 3: Offvader (big blind) folded on the Flop


PokerStars Hand #173342570201:  Hold'em Limit ($3/$6 USD) - 2017/07/21 21:54:04 ET
Table 'Menkib' 6-max Seat #1 is the button
Seat 1: Chessnok ($108.25 in chips)
Seat 3: Offvader ($136.51 in chips)
Chessnok: posts small blind $1
Offvader: posts big blind $3
*** HOLE CARDS ***
Chessnok: raises $3 to $6
Offvader: calls $3
*** FLOP *** [5h 3s Ah]
Offvader: bets $3
Chessnok: raises $3 to $6
Offvader: calls $3
*** TURN *** [5h 3s Ah] [9s]
Offvader: checks
Chessnok: bets $6
Offvader: calls $6
*** RIVER *** [5h 3s Ah 9s] [8s]
Offvader: checks
Chessnok: checks
*** SHOW DOWN ***
Offvader: shows [6c 7d] (a straight, Five to Nine)
Chessnok: mucks hand
Offvader collected $35.50 from pot
*** SUMMARY ***
Total pot $36 | Rake $0.50
Board [5h 3s Ah 9s 8s]
Seat 1: Chessnok (button) (small blind) mucked
Seat 3: Offvader (big blind) showed [6c 7d] and won ($35.50) with a straight, Five to Nine


PokerStars Hand #173342562670:  Hold'em Limit ($3/$6 USD) - 2017/07/21 21:53:44 ET
Table 'Menkib' 6-max Seat #3 is the button
Seat 1: Chessnok ($90.75 in chips)
Seat 3: Offvader ($154.51 in chips)
Offvader: posts small blind $1
Chessnok: posts big blind $3
*** HOLE CARDS ***
Offvader: raises $3 to $6
Chessnok: raises $3 to $9
Offvader: calls $3
*** FLOP *** [2d Qs Ts]
Chessnok: bets $3
Offvader: raises $3 to $6
Chessnok: raises $3 to $9
Offvader: calls $3
*** TURN *** [2d Qs Ts] [8d]
Chessnok: bets $6
Offvader: folds
Uncalled bet ($6) returned to Chessnok
Chessnok collected $35.50 from pot
Chessnok: doesn't show hand
*** SUMMARY ***
Total pot $36 | Rake $0.50
Board [2d Qs Ts 8d]
Seat 1: Chessnok (big blind) collected ($35.50)
Seat 3: Offvader (button) (small blind) folded on the Turn


PokerStars Hand #173342597115:  Hold'em Limit ($3/$6 USD) - 2017/07/21 21:55:19 ET
Table 'Menkib' 6-max Seat #1 is the button
Seat 1: Chessnok ($92.51 in chips)
Seat 3: Offvader ($150.51 in chips)
Chessnok: posts small blind $1
Offvader: posts big blind $3
*** HOLE CARDS ***
Chessnok: raises $3 to $6
Offvader: raises $3 to $9
Chessnok: calls $3
*** FLOP *** [Jc As Ad]
Offvader: bets $3
Chessnok: calls $3
*** TURN *** [Jc As Ad] [8c]
Offvader: bets $6
Chessnok: raises $6 to $12
Offvader: calls $6
*** RIVER *** [Jc As Ad 8c] [4s]
Offvader: checks
Chessnok: bets $6
Offvader: calls $6
*** SHOW DOWN ***
Chessnok: shows [Jh Js] (a full house, Jacks full of Aces)
Offvader: mucks hand
Chessnok collected $59.50 from pot
*** SUMMARY ***
Total pot $60 | Rake $0.50
Board [Jc As Ad 8c 4s]
Seat 1: Chessnok (button) (small blind) showed [Jh Js] and won ($59.50) with a full house, Jacks full of Aces
Seat 3: Offvader (big blind) mucked


PokerStars Hand #173342589280:  Hold'em Limit ($3/$6 USD) - 2017/07/21 21:54:55 ET
Table 'Menkib' 6-max Seat #3 is the button
Seat 1: Chessnok ($72.01 in chips)
Seat 3: Offvader ($171.51 in chips)
Offvader: posts small blind $1
Chessnok: posts big blind $3
*** HOLE CARDS ***
Offvader: calls $2
Chessnok: raises $3 to $6
Offvader: calls $3
*** FLOP *** [7d 5h Kc]
Chessnok: bets $3
Offvader: raises $3 to $6
Chessnok: raises $3 to $9
Offvader: calls $3
*** TURN *** [7d 5h Kc] [Th]
Chessnok: bets $6
Offvader: calls $6
*** RIVER *** [7d 5h Kc Th] [Qs]
Chessnok: bets $6
Offvader: folds
Uncalled bet ($6) returned to Chessnok
Chessnok collected $41.50 from pot
Chessnok: doesn't show hand
*** SUMMARY ***
Total pot $42 | Rake $0.50
Board [7d 5h Kc Th Qs]
Seat 1: Chessnok (big blind) collected ($41.50)
Seat 3: Offvader (button) (small blind) folded on the River


PokerStars Hand #173342603897:  Hold'em Limit ($3/$6 USD) - 2017/07/21 21:55:41 ET
Table 'Menkib' 6-max Seat #3 is the button
Seat 1: Chessnok ($122.01 in chips)
Seat 3: Offvader ($120.51 in chips)
Offvader: posts small blind $1
Chessnok: posts big blind $3
*** HOLE CARDS ***
Offvader: raises $3 to $6
Chessnok: calls $3
*** FLOP *** [As 7h 2h]
Chessnok: checks
Offvader: bets $3
Chessnok: folds
Uncalled bet ($3) returned to Offvader
Offvader collected $11.76 from pot
Offvader: doesn't show hand
*** SUMMARY ***
Total pot $12 | Rake $0.24
Board [As 7h 2h]
Seat 1: Chessnok (big blind) folded on the Flop
Seat 3: Offvader (button) (small blind) collected ($11.76)


PokerStars Hand #173342609014:  Hold'em Limit ($3/$6 USD) - 2017/07/21 21:55:57 ET
Table 'Menkib' 6-max Seat #1 is the button
Seat 1: Chessnok ($116.01 in chips)
Seat 3: Offvader ($126.27 in chips)
Chessnok: posts small blind $1
Offvader: posts big blind $3
*** HOLE CARDS ***
Chessnok: raises $3 to $6
Offvader: raises $3 to $9
Chessnok: calls $3
*** FLOP *** [Td 3c 6d]
Offvader: bets $3
Chessnok: raises $3 to $6
Offvader: raises $3 to $9
Chessnok: calls $3
*** TURN *** [Td 3c 6d] [3h]
Offvader: bets $6
Chessnok: calls $6
*** RIVER *** [Td 3c 6d 3h] [Kh]
Offvader: bets $6
Chessnok: calls $6
*** SHOW DOWN ***
Offvader: shows [Ad 4h] (a pair of Threes)
Chessnok: shows [6s 7d] (two pair, Sixes and Threes)
Chessnok collected $59.50 from pot
*** SUMMARY ***
Total pot $60 | Rake $0.50
Board [Td 3c 6d 3h Kh]
Seat 1: Chessnok (button) (small blind) showed [6s 7d] and won ($59.50) with two pair, Sixes and Threes
Seat 3: Offvader (big blind) showed [Ad 4h] and lost with a pair of Threes


PokerStars Hand #173342615324:  Hold'em Limit ($3/$6 USD) - 2017/07/21 21:56:17 ET
Table 'Menkib' 6-max Seat #3 is the button
Seat 1: Chessnok ($145.51 in chips)
Seat 3: Offvader ($96.27 in chips)
Offvader: posts small blind $1
Chessnok: posts big blind $3
*** HOLE CARDS ***
Offvader: raises $3 to $6
Chessnok: calls $3
*** FLOP *** [Th Jd Jc]
Chessnok: checks
Offvader: bets $3
Chessnok: folds
Uncalled bet ($3) returned to Offvader
Offvader collected $11.76 from pot
Offvader: doesn't show hand
*** SUMMARY ***
Total pot $12 | Rake $0.24
Board [Th Jd Jc]
Seat 1: Chessnok (big blind) folded on the Flop
Seat 3: Offvader (button) (small blind) collected ($11.76)


PokerStars Hand #173342619653:  Hold'em Limit ($3/$6 USD) - 2017/07/21 21:56:31 ET
Table 'Menkib' 6-max Seat #1 is the button
Seat 1: Chessnok ($139.51 in chips)
Seat 3: Offvader ($102.03 in chips)
Chessnok: posts small blind $1
Offvader: posts big blind $3
*** HOLE CARDS ***
Chessnok: raises $3 to $6
Offvader: raises $3 to $9
Chessnok: calls $3
*** FLOP *** [4c Td 6d]
Offvader: bets $3
Chessnok: raises $3 to $6
Offvader: raises $3 to $9
Chessnok: calls $3
*** TURN *** [4c Td 6d] [2h]
Offvader: bets $6
Chessnok: raises $6 to $12
Offvader: calls $6
*** RIVER *** [4c Td 6d 2h] [7s]
Offvader: checks
Chessnok: bets $6
Offvader: calls $6
*** SHOW DOWN ***
Chessnok: shows [Th 2s] (two pair, Tens and Deuces)
Offvader: mucks hand
Chessnok collected $71.50 from pot
*** SUMMARY ***
Total pot $72 | Rake $0.50
Board [4c Td 6d 2h 7s]
Seat 1: Chessnok (button) (small blind) showed [Th 2s] and won ($71.50) with two pair, Tens and Deuces
Seat 3: Offvader (big blind) mucked


PokerStars Hand #173342636553:  Hold'em Limit ($3/$6 USD) - 2017/07/21 21:57:25 ET
Table 'Menkib' 6-max Seat #1 is the button
Seat 1: Chessnok ($186.53 in chips)
Seat 3: Offvader ($54.03 in chips)
Chessnok: posts small blind $1
Offvader: posts big blind $3
*** HOLE CARDS ***
Chessnok: raises $3 to $6
Offvader: calls $3
*** FLOP *** [2c Jc 4s]
Offvader: checks
Chessnok: bets $3
Offvader: calls $3
*** TURN *** [2c Jc 4s] [8h]
Offvader: bets $6
Chessnok: calls $6
*** RIVER *** [2c Jc 4s 8h] [Td]
Offvader: bets $6
Chessnok: calls $6
*** SHOW DOWN ***
Offvader: shows [Js 7d] (a pair of Jacks)
Chessnok: mucks hand
Offvader collected $41.50 from pot
*** SUMMARY ***
Total pot $42 | Rake $0.50
Board [2c Jc 4s 8h Td]
Seat 1: Chessnok (button) (small blind) mucked
Seat 3: Offvader (big blind) showed [Js 7d] and won ($41.50) with a pair of Jacks


PokerStars Hand #173342627828:  Hold'em Limit ($3/$6 USD) - 2017/07/21 21:56:57 ET
Table 'Menkib' 6-max Seat #3 is the button
Seat 1: Chessnok ($175.01 in chips)
Seat 3: Offvader ($66.03 in chips)
Offvader: posts small blind $1
Chessnok: posts big blind $3
*** HOLE CARDS ***
Offvader: raises $3 to $6
Chessnok: calls $3
*** FLOP *** [7d Jh 2s]
Chessnok: checks
Offvader: bets $3
Chessnok: raises $3 to $6
Offvader: calls $3
*** TURN *** [7d Jh 2s] [5c]
Chessnok: bets $6
Offvader: folds
Uncalled bet ($6) returned to Chessnok
Chessnok collected $23.52 from pot
Chessnok: doesn't show hand
*** SUMMARY ***
Total pot $24 | Rake $0.48
Board [7d Jh 2s 5c]
Seat 1: Chessnok (big blind) collected ($23.52)
Seat 3: Offvader (button) (small blind) folded on the Turn


PokerStars Hand #173342664219:  Hold'em Limit ($3/$6 USD) - 2017/07/21 21:58:30 ET
Table 'Menkib' 6-max Seat #3 is the button
Seat 1: Chessnok ($174.03 in chips)
Seat 3: Offvader ($65.17 in chips)
Offvader: posts small blind $1
Chessnok: posts big blind $3
*** HOLE CARDS ***
Offvader: raises $3 to $6
Chessnok: calls $3
*** FLOP *** [2s 5h 6s]
Chessnok: checks
Offvader: bets $3
Chessnok: calls $3
*** TURN *** [2s 5h 6s] [5s]
Chessnok: checks
Offvader: bets $6
Chessnok: calls $6
*** RIVER *** [2s 5h 6s 5s] [Jc]
Chessnok: checks
Offvader: bets $6
Chessnok: raises $6 to $12
Offvader: folds
Uncalled bet ($6) returned to Chessnok
Chessnok collected $41.50 from pot
Chessnok: doesn't show hand
*** SUMMARY ***
Total pot $42 | Rake $0.50
Board [2s 5h 6s 5s Jc]
Seat 1: Chessnok (big blind) collected ($41.50)
Seat 3: Offvader (button) (small blind) folded on the River


PokerStars Hand #173342645242:  Hold'em Limit ($3/$6 USD) - 2017/07/21 21:57:53 ET
Table 'Menkib' 6-max Seat #3 is the button
Seat 1: Chessnok ($165.53 in chips)
Seat 3: Offvader ($74.53 in chips)
Offvader: posts small blind $1
Chessnok: posts big blind $3
*** HOLE CARDS ***
Offvader: raises $3 to $6
Chessnok: raises $3 to $9
Offvader: calls $3
*** FLOP *** [7s Tc 6c]
Chessnok: bets $3
Offvader: calls $3
*** TURN *** [7s Tc 6c] [Kh]
Chessnok: checks
Offvader: checks
*** RIVER *** [7s Tc 6c Kh] [Qh]
Chessnok: checks
Offvader: bets $6
Chessnok: calls $6
*** SHOW DOWN ***
Offvader: shows [Js 2s] (high card King)
Chessnok: shows [8d Ac] (high card Ace)
Chessnok collected $35.50 from pot
*** SUMMARY ***
Total pot $36 | Rake $0.50
Board [7s Tc 6c Kh Qh]
Seat 1: Chessnok (big blind) showed [8d Ac] and won ($35.50) with high card Ace
Seat 3: Offvader (button) (small blind) showed [Js 2s] and lost with high card King


PokerStars Hand #173342660331:  Hold'em Limit ($3/$6 USD) - 2017/07/21 21:58:17 ET
Table 'Menkib' 6-max Seat #1 is the button
Seat 1: Chessnok ($183.03 in chips)
Seat 3: Offvader ($56.53 in chips)
Chessnok: posts small blind $1
Offvader: posts big blind $3
*** HOLE CARDS ***
Chessnok: raises $3 to $6
Offvader: raises $3 to $9
Chessnok: calls $3
*** FLOP *** [7h 2c Kd]
Offvader: bets $3
Chessnok: folds
Uncalled bet ($3) returned to Offvader
Offvader collected $17.64 from pot
Offvader: doesn't show hand
*** SUMMARY ***
Total pot $18 | Rake $0.36
Board [7h 2c Kd]
Seat 1: Chessnok (button) (small blind) folded on the Flop
Seat 3: Offvader (big blind) collected ($17.64)


PokerStars Hand #173342671722:  Hold'em Limit ($3/$6 USD) - 2017/07/21 21:58:53 ET
Table 'Menkib' 6-max Seat #1 is the button
Seat 1: Chessnok ($194.53 in chips)
Seat 3: Offvader ($44.17 in chips)
Chessnok: posts small blind $1
Offvader: posts big blind $3
*** HOLE CARDS ***
Chessnok: raises $3 to $6
Offvader: raises $3 to $9
Chessnok: calls $3
*** FLOP *** [Ac 7d Tc]
Offvader: bets $3
Chessnok: calls $3
*** TURN *** [Ac 7d Tc] [9c]
Offvader: bets $6
Chessnok: calls $6
*** RIVER *** [Ac 7d Tc 9c] [7c]
Offvader: bets $6
Chessnok: calls $6
*** SHOW DOWN ***
Offvader: shows [Ks 5s] (a pair of Sevens)
Chessnok: shows [Th Kh] (two pair, Tens and Sevens)
Chessnok collected $47.50 from pot
*** SUMMARY ***
Total pot $48 | Rake $0.50
Board [Ac 7d Tc 9c 7c]
Seat 1: Chessnok (button) (small blind) showed [Th Kh] and won ($47.50) with two pair, Tens and Sevens
Seat 3: Offvader (big blind) showed [Ks 5s] and lost with a pair of Sevens


PokerStars Hand #173342682388:  Hold'em Limit ($3/$6 USD) - 2017/07/21 21:59:27 ET
Table 'Menkib' 6-max Seat #3 is the button
Seat 1: Chessnok ($218.03 in chips)
Seat 3: Offvader ($20.17 in chips)
Offvader: posts small blind $1
Chessnok: posts big blind $3
*** HOLE CARDS ***
Offvader: raises $3 to $6
Chessnok: calls $3
*** FLOP *** [4h 5d 2s]
Chessnok: checks
Offvader: bets $3
Chessnok: calls $3
*** TURN *** [4h 5d 2s] [6h]
Chessnok: checks
Offvader: bets $6
Chessnok: raises $6 to $12
Offvader: calls $5.17 and is all-in
Uncalled bet ($0.83) returned to Chessnok
*** RIVER *** [4h 5d 2s 6h] [Jh]
*** SHOW DOWN ***
Chessnok: shows [6c 9h] (a pair of Sixes)
Offvader: shows [Ad Tc] (high card Ace)
Chessnok collected $39.84 from pot
*** SUMMARY ***
Total pot $40.34 | Rake $0.50
Board [4h 5d 2s 6h Jh]
Seat 1: Chessnok (big blind) showed [6c 9h] and won ($39.84) with a pair of Sixes
Seat 3: Offvader (button) (small blind) showed [Ad Tc] and lost with high card Ace


PokerStars Hand #173343041429:  Hold'em Limit ($3/$6 USD) - 2017/07/21 22:15:51 ET
Table 'Menkib' 6-max Seat #1 is the button
Seat 1: Chessnok ($205.70 in chips)
Seat 2: Jabo0001 ($221.23 in chips)
Chessnok: posts small blind $1
Jabo0001: posts big blind $3
*** HOLE CARDS ***
Chessnok: raises $3 to $6
Jabo0001: calls $3
*** FLOP *** [Jd 4h 5s]
Jabo0001: checks
Chessnok: bets $3
Jabo0001: folds
Uncalled bet ($3) returned to Chessnok
Chessnok collected $11.76 from pot
Chessnok: doesn't show hand
*** SUMMARY ***
Total pot $12 | Rake $0.24
Board [Jd 4h 5s]
Seat 1: Chessnok (button) (small blind) collected ($11.76)
Seat 2: Jabo0001 (big blind) folded on the Flop


PokerStars Hand #173343039420:  Hold'em Limit ($3/$6 USD) - 2017/07/21 22:15:46 ET
Table 'Menkib' 6-max Seat #2 is the button
Seat 1: Chessnok ($204.70 in chips)
Seat 2: Jabo0001 ($222.23 in chips)
Jabo0001: posts small blind $1
Chessnok: posts big blind $3
*** HOLE CARDS ***
Jabo0001: folds
Uncalled bet ($2) returned to Chessnok
Chessnok collected $2 from pot
Chessnok: doesn't show hand
*** SUMMARY ***
Total pot $2 | Rake $0
Seat 1: Chessnok (big blind) collected ($2)
Seat 2: Jabo0001 (button) (small blind) folded before Flop


PokerStars Hand #173343028535:  Hold'em Limit ($3/$6 USD) - 2017/07/21 22:15:17 ET
Table 'Menkib' 6-max Seat #1 is the button
Seat 1: Chessnok ($237.70 in chips)
Seat 2: Jabo0001 ($189.73 in chips)
Chessnok: posts small blind $1
Jabo0001: posts big blind $3
*** HOLE CARDS ***
Chessnok: raises $3 to $6
Jabo0001: calls $3
*** FLOP *** [8d 5d Qd]
Jabo0001: checks
Chessnok: bets $3
Jabo0001: calls $3
*** TURN *** [8d 5d Qd] [8h]
Jabo0001: checks
Chessnok: bets $6
Jabo0001: raises $6 to $12
Chessnok: raises $6 to $18
Jabo0001: raises $6 to $24
Betting is capped
Chessnok: calls $6
*** RIVER *** [8d 5d Qd 8h] [Kh]
Jabo0001: bets $6
Chessnok: folds
Uncalled bet ($6) returned to Jabo0001
Jabo0001 collected $65.50 from pot
*** SUMMARY ***
Total pot $66 | Rake $0.50
Board [8d 5d Qd 8h Kh]
Seat 1: Chessnok (button) (small blind) folded on the River
Seat 2: Jabo0001 (big blind) collected ($65.50)


PokerStars Hand #173343065169:  Hold'em Limit ($3/$6 USD) - 2017/07/21 22:16:57 ET
Table 'Menkib' 6-max Seat #1 is the button
Seat 1: Chessnok ($231.96 in chips)
Seat 2: Jabo0001 ($194.23 in chips)
Chessnok: posts small blind $1
Jabo0001: posts big blind $3
*** HOLE CARDS ***
Chessnok: raises $3 to $6
Jabo0001: folds
Uncalled bet ($3) returned to Chessnok
Chessnok collected $6 from pot
Chessnok: doesn't show hand
*** SUMMARY ***
Total pot $6 | Rake $0
Seat 1: Chessnok (button) (small blind) collected ($6)
Seat 2: Jabo0001 (big blind) folded before Flop


PokerStars Hand #173343045149:  Hold'em Limit ($3/$6 USD) - 2017/07/21 22:16:01 ET
Table 'Menkib' 6-max Seat #2 is the button
Seat 1: Chessnok ($211.46 in chips)
Seat 2: Jabo0001 ($215.23 in chips)
Jabo0001: posts small blind $1
Chessnok: posts big blind $3
*** HOLE CARDS ***
Jabo0001: calls $2
Chessnok: raises $3 to $6
Jabo0001: calls $3
*** FLOP *** [Jc Ah Ts]
Chessnok: bets $3
Jabo0001: calls $3
*** TURN *** [Jc Ah Ts] [2c]
Chessnok: bets $6
Jabo0001 is disconnected
Jabo0001 is connected
Jabo0001: calls $6
*** RIVER *** [Jc Ah Ts 2c] [Qc]
Chessnok: bets $6
Jabo0001: calls $6
*** SHOW DOWN ***
Chessnok: shows [Qd As] (two pair, Aces and Queens)
Jabo0001: mucks hand
Chessnok collected $41.50 from pot
*** SUMMARY ***
Total pot $42 | Rake $0.50
Board [Jc Ah Ts 2c Qc]
Seat 1: Chessnok (big blind) showed [Qd As] and won ($41.50) with two pair, Aces and Queens
Seat 2: Jabo0001 (button) (small blind) mucked


PokerStars Hand #173343080537:  Hold'em Limit ($3/$6 USD) - 2017/07/21 22:17:38 ET
Table 'Menkib' 6-max Seat #2 is the button
Seat 1: Chessnok ($245.72 in chips)
Seat 2: Jabo0001 ($180.23 in chips)
Jabo0001: posts small blind $1
Chessnok: posts big blind $3
*** HOLE CARDS ***
Offvader leaves the table
Jabo0001: calls $2
Chessnok: raises $3 to $6
Jabo0001: calls $3
*** FLOP *** [3s 7h 4d]
Chessnok: bets $3
Jabo0001: calls $3
*** TURN *** [3s 7h 4d] [7c]
Chessnok: checks
Jabo0001: checks
*** RIVER *** [3s 7h 4d 7c] [9h]
Chessnok: checks
Jabo0001: bets $6
Chessnok: calls $6
*** SHOW DOWN ***
Jabo0001: shows [Qh Js] (a pair of Sevens)
Chessnok: shows [2s Kh] (a pair of Sevens - King kicker)
Chessnok collected $29.50 from pot
*** SUMMARY ***
Total pot $30 | Rake $0.50
Board [3s 7h 4d 7c 9h]
Seat 1: Chessnok (big blind) showed [2s Kh] and won ($29.50) with a pair of Sevens
Seat 2: Jabo0001 (button) (small blind) showed [Qh Js] and lost with a pair of Sevens


PokerStars Hand #173343077417:  Hold'em Limit ($3/$6 USD) - 2017/07/21 22:17:30 ET
Table 'Menkib' 6-max Seat #1 is the button
Seat 1: Chessnok ($242.72 in chips)
Seat 2: Jabo0001 ($183.23 in chips)
Chessnok: posts small blind $1
Jabo0001: posts big blind $3
*** HOLE CARDS ***
Chessnok: raises $3 to $6
Jabo0001: folds
Uncalled bet ($3) returned to Chessnok
Chessnok collected $6 from pot
Chessnok: doesn't show hand
*** SUMMARY ***
Total pot $6 | Rake $0
Seat 1: Chessnok (button) (small blind) collected ($6)
Seat 2: Jabo0001 (big blind) folded before Flop


PokerStars Hand #173343075621:  Hold'em Limit ($3/$6 USD) - 2017/07/21 22:17:25 ET
Table 'Menkib' 6-max Seat #2 is the button
Seat 1: Chessnok ($241.72 in chips)
Seat 2: Jabo0001 ($184.23 in chips)
Jabo0001: posts small blind $1
Chessnok: posts big blind $3
*** HOLE CARDS ***
Jabo0001: folds
Uncalled bet ($2) returned to Chessnok
Chessnok collected $2 from pot
Chessnok: doesn't show hand
*** SUMMARY ***
Total pot $2 | Rake $0
Seat 1: Chessnok (big blind) collected ($2)
Seat 2: Jabo0001 (button) (small blind) folded before Flop


PokerStars Hand #173343069647:  Hold'em Limit ($3/$6 USD) - 2017/07/21 22:17:09 ET
Table 'Menkib' 6-max Seat #1 is the button
Seat 1: Chessnok ($235.96 in chips)
Seat 2: Jabo0001 ($190.23 in chips)
Chessnok: posts small blind $1
Jabo0001: posts big blind $3
*** HOLE CARDS ***
Chessnok: raises $3 to $6
Jabo0001: calls $3
*** FLOP *** [8c 8s 5c]
Jabo0001: checks
Chessnok: bets $3
Jabo0001: folds
Uncalled bet ($3) returned to Chessnok
Chessnok collected $11.76 from pot
Chessnok: doesn't show hand
*** SUMMARY ***
Total pot $12 | Rake $0.24
Board [8c 8s 5c]
Seat 1: Chessnok (button) (small blind) collected ($11.76)
Seat 2: Jabo0001 (big blind) folded on the Flop


PokerStars Hand #173343068004:  Hold'em Limit ($3/$6 USD) - 2017/07/21 22:17:04 ET
Table 'Menkib' 6-max Seat #2 is the button
Seat 1: Chessnok ($234.96 in chips)
Seat 2: Jabo0001 ($191.23 in chips)
Jabo0001: posts small blind $1
Chessnok: posts big blind $3
*** HOLE CARDS ***
Jabo0001: folds
Uncalled bet ($2) returned to Chessnok
Chessnok collected $2 from pot
Chessnok: doesn't show hand
*** SUMMARY ***
Total pot $2 | Rake $0
Seat 1: Chessnok (big blind) collected ($2)
Seat 2: Jabo0001 (button) (small blind) folded before Flop


PokerStars Hand #173343100160:  Hold'em Limit ($3/$6 USD) - 2017/07/21 22:18:32 ET
Table 'Menkib' 6-max Seat #2 is the button
Seat 1: Chessnok ($271.98 in chips)
Seat 2: Jabo0001 ($153.23 in chips)
Jabo0001: posts small blind $1
Chessnok: posts big blind $3
*** HOLE CARDS ***
Jabo0001: calls $2
Chessnok: raises $3 to $6
Jabo0001: calls $3
*** FLOP *** [9h 8c Kd]
Chessnok: bets $3
Jabo0001: calls $3
*** TURN *** [9h 8c Kd] [Td]
Chessnok: checks
Jabo0001: checks
*** RIVER *** [9h 8c Kd Td] [Qh]
Chessnok: checks
Jabo0001: bets $6
Chessnok: calls $6
*** SHOW DOWN ***
Jabo0001: shows [7h Jh] (a straight, Nine to King)
Chessnok: mucks hand
Jabo0001 collected $29.50 from pot
*** SUMMARY ***
Total pot $30 | Rake $0.50
Board [9h 8c Kd Td Qh]
Seat 1: Chessnok (big blind) mucked
Seat 2: Jabo0001 (button) (small blind) showed [7h Jh] and won ($29.50) with a straight, Nine to King


PokerStars Hand #173343092764:  Hold'em Limit ($3/$6 USD) - 2017/07/21 22:18:12 ET
Table 'Menkib' 6-max Seat #1 is the button
Seat 1: Chessnok ($264.22 in chips)
Seat 2: Jabo0001 ($161.23 in chips)
Chessnok: posts small blind $1
Jabo0001: posts big blind $3
*** HOLE CARDS ***
Chessnok: raises $3 to $6
Jabo0001: folds
Uncalled bet ($3) returned to Chessnok
Chessnok collected $6 from pot
Chessnok: doesn't show hand
*** SUMMARY ***
Total pot $6 | Rake $0
Seat 1: Chessnok (button) (small blind) collected ($6)
Seat 2: Jabo0001 (big blind) folded before Flop


PokerStars Hand #173343090978:  Hold'em Limit ($3/$6 USD) - 2017/07/21 22:18:07 ET
Table 'Menkib' 6-max Seat #2 is the button
Seat 1: Chessnok ($263.22 in chips)
Seat 2: Jabo0001 ($162.23 in chips)
Jabo0001: posts small blind $1
Chessnok: posts big blind $3
*** HOLE CARDS ***
Jabo0001: folds
Uncalled bet ($2) returned to Chessnok
Chessnok collected $2 from pot
Chessnok: doesn't show hand
*** SUMMARY ***
Total pot $2 | Rake $0
Seat 1: Chessnok (big blind) collected ($2)
Seat 2: Jabo0001 (button) (small blind) folded before Flop


PokerStars Hand #173343087796:  Hold'em Limit ($3/$6 USD) - 2017/07/21 22:17:58 ET
Table 'Menkib' 6-max Seat #1 is the button
Seat 1: Chessnok ($260.22 in chips)
Seat 2: Jabo0001 ($165.23 in chips)
Chessnok: posts small blind $1
Jabo0001: posts big blind $3
*** HOLE CARDS ***
Chessnok: raises $3 to $6
Jabo0001: folds
Uncalled bet ($3) returned to Chessnok
Chessnok collected $6 from pot
Chessnok: doesn't show hand
*** SUMMARY ***
Total pot $6 | Rake $0
Seat 1: Chessnok (button) (small blind) collected ($6)
Seat 2: Jabo0001 (big blind) folded before Flop


PokerStars Hand #173343098641:  Hold'em Limit ($3/$6 USD) - 2017/07/21 22:18:28 ET
Table 'Menkib' 6-max Seat #1 is the button
Seat 1: Chessnok ($272.98 in chips)
Seat 2: Jabo0001 ($152.23 in chips)
Chessnok: posts small blind $1
Jabo0001: posts big blind $3
*** HOLE CARDS ***
Chessnok: folds
Uncalled bet ($2) returned to Jabo0001
Jabo0001 collected $2 from pot
Jabo0001: doesn't show hand
*** SUMMARY ***
Total pot $2 | Rake $0
Seat 1: Chessnok (button) (small blind) folded before Flop
Seat 2: Jabo0001 (big blind) collected ($2)


PokerStars Hand #173343094505:  Hold'em Limit ($3/$6 USD) - 2017/07/21 22:18:16 ET
Table 'Menkib' 6-max Seat #2 is the button
Seat 1: Chessnok ($267.22 in chips)
Seat 2: Jabo0001 ($158.23 in chips)
Jabo0001: posts small blind $1
Chessnok: posts big blind $3
*** HOLE CARDS ***
Jabo0001: calls $2
Chessnok: raises $3 to $6
Jabo0001: calls $3
*** FLOP *** [Tc Ks 5c]
Chessnok: bets $3
Jabo0001: folds
Uncalled bet ($3) returned to Chessnok
Chessnok collected $11.76 from pot
Chessnok: doesn't show hand
*** SUMMARY ***
Total pot $12 | Rake $0.24
Board [Tc Ks 5c]
Seat 1: Chessnok (big blind) collected ($11.76)
Seat 2: Jabo0001 (button) (small blind) folded on the Flop


PokerStars Hand #173343117859:  Hold'em Limit ($3/$6 USD) - 2017/07/21 22:19:20 ET
Table 'Menkib' 6-max Seat #2 is the button
Seat 1: Chessnok ($242.98 in chips)
Seat 2: Jabo0001 ($181.23 in chips)
Jabo0001: posts small blind $1
Chessnok: posts big blind $3
*** HOLE CARDS ***
Jabo0001: calls $2
Chessnok: checks
*** FLOP *** [6c 7h Ad]
Chessnok: checks
Jabo0001: checks
*** TURN *** [6c 7h Ad] [Ah]
Chessnok: bets $6
Jabo0001: raises $6 to $12
Chessnok: folds
Uncalled bet ($6) returned to Jabo0001
Jabo0001 collected $17.64 from pot
*** SUMMARY ***
Total pot $18 | Rake $0.36
Board [6c 7h Ad Ah]
Seat 1: Chessnok (big blind) folded on the Turn
Seat 2: Jabo0001 (button) (small blind) collected ($17.64)


PokerStars Hand #173343125876:  Hold'em Limit ($3/$6 USD) - 2017/07/21 22:19:42 ET
Table 'Menkib' 6-max Seat #1 is the button
Seat 1: Chessnok ($233.98 in chips)
Seat 2: Jabo0001 ($189.87 in chips)
Chessnok: posts small blind $1
Jabo0001: posts big blind $3
*** HOLE CARDS ***
Chessnok: raises $3 to $6
Jabo0001: raises $3 to $9
Chessnok: calls $3
*** FLOP *** [2d 8c Ts]
Jabo0001: checks
Chessnok: bets $3
Jabo0001: calls $3
*** TURN *** [2d 8c Ts] [3d]
Jabo0001: checks
Chessnok: bets $6
Jabo0001: calls $6
*** RIVER *** [2d 8c Ts 3d] [2c]
Jabo0001: checks
Chessnok: checks
*** SHOW DOWN ***
Jabo0001: shows [8s 8h] (a full house, Eights full of Deuces)
Chessnok: mucks hand
Jabo0001 collected $35.50 from pot
*** SUMMARY ***
Total pot $36 | Rake $0.50
Board [2d 8c Ts 3d 2c]
Seat 1: Chessnok (button) (small blind) mucked
Seat 2: Jabo0001 (big blind) showed [8s 8h] and won ($35.50) with a full house, Eights full of Deuces


PokerStars Hand #173343116155:  Hold'em Limit ($3/$6 USD) - 2017/07/21 22:19:15 ET
Table 'Menkib' 6-max Seat #1 is the button
Seat 1: Chessnok ($239.98 in chips)
Seat 2: Jabo0001 ($184.23 in chips)
Chessnok: posts small blind $1
Jabo0001: posts big blind $3
*** HOLE CARDS ***
Chessnok: raises $3 to $6
Jabo0001: folds
Uncalled bet ($3) returned to Chessnok
Chessnok collected $6 from pot
Chessnok: doesn't show hand
*** SUMMARY ***
Total pot $6 | Rake $0
Seat 1: Chessnok (button) (small blind) collected ($6)
Seat 2: Jabo0001 (big blind) folded before Flop


PokerStars Hand #173343114540:  Hold'em Limit ($3/$6 USD) - 2017/07/21 22:19:11 ET
Table 'Menkib' 6-max Seat #2 is the button
Seat 1: Chessnok ($238.98 in chips)
Seat 2: Jabo0001 ($185.23 in chips)
Jabo0001: posts small blind $1
Chessnok: posts big blind $3
*** HOLE CARDS ***
Jabo0001: folds
Uncalled bet ($2) returned to Chessnok
Chessnok collected $2 from pot
Chessnok: doesn't show hand
*** SUMMARY ***
Total pot $2 | Rake $0
Seat 1: Chessnok (big blind) collected ($2)
Seat 2: Jabo0001 (button) (small blind) folded before Flop


PokerStars Hand #173343106488:  Hold'em Limit ($3/$6 USD) - 2017/07/21 22:18:49 ET
Table 'Menkib' 6-max Seat #1 is the button
Seat 1: Chessnok ($256.98 in chips)
Seat 2: Jabo0001 ($167.73 in chips)
Chessnok: posts small blind $1
Jabo0001: posts big blind $3
*** HOLE CARDS ***
Chessnok: raises $3 to $6
Jabo0001: raises $3 to $9
Chessnok: calls $3
*** FLOP *** [5s 7c Kd]
Jabo0001: bets $3
Chessnok: calls $3
*** TURN *** [5s 7c Kd] [Tc]
Jabo0001: bets $6
Chessnok: calls $6
*** RIVER *** [5s 7c Kd Tc] [3c]
Jabo0001: bets $6
Chessnok: folds
Uncalled bet ($6) returned to Jabo0001
Jabo0001 collected $35.50 from pot
*** SUMMARY ***
Total pot $36 | Rake $0.50
Board [5s 7c Kd Tc 3c]
Seat 1: Chessnok (button) (small blind) folded on the River
Seat 2: Jabo0001 (big blind) collected ($35.50)


PokerStars Hand #173343146329:  Hold'em Limit ($3/$6 USD) - 2017/07/21 22:20:39 ET
Table 'Menkib' 6-max Seat #2 is the button
Seat 1: Chessnok ($209.62 in chips)
Seat 2: Jabo0001 ($212.87 in chips)
Jabo0001: posts small blind $1
Chessnok: posts big blind $3
*** HOLE CARDS ***
Jabo0001: raises $3 to $6
Chessnok: raises $3 to $9
Jabo0001: calls $3
*** FLOP *** [9d 2c 8c]
Chessnok: bets $3
Jabo0001: calls $3
*** TURN *** [9d 2c 8c] [8h]
Chessnok: checks
Jabo0001: checks
*** RIVER *** [9d 2c 8c 8h] [4c]
Chessnok: checks
Jabo0001: bets $6
Chessnok: calls $6
*** SHOW DOWN ***
Jabo0001: shows [Kc Kd] (two pair, Kings and Eights)
Chessnok: mucks hand
Jabo0001 collected $35.50 from pot
*** SUMMARY ***
Total pot $36 | Rake $0.50
Board [9d 2c 8c 8h 4c]
Seat 1: Chessnok (big blind) mucked
Seat 2: Jabo0001 (button) (small blind) showed [Kc Kd] and won ($35.50) with two pair, Kings and Eights


PokerStars Hand #173343132653:  Hold'em Limit ($3/$6 USD) - 2017/07/21 22:20:01 ET
Table 'Menkib' 6-max Seat #2 is the button
Seat 1: Chessnok ($215.98 in chips)
Seat 2: Jabo0001 ($207.37 in chips)
Jabo0001: posts small blind $1
Chessnok: posts big blind $3
*** HOLE CARDS ***
Jabo0001: raises $3 to $6
Chessnok: calls $3
*** FLOP *** [6h Ks 8c]
Chessnok: checks
Jabo0001: bets $3
Chessnok: calls $3
*** TURN *** [6h Ks 8c] [3c]
Chessnok: checks
Jabo0001: checks
*** RIVER *** [6h Ks 8c 3c] [8h]
Chessnok: bets $6
Jabo0001: raises $6 to $12
Chessnok: folds
Uncalled bet ($6) returned to Jabo0001
Jabo0001 collected $29.50 from pot
*** SUMMARY ***
Total pot $30 | Rake $0.50
Board [6h Ks 8c 3c 8h]
Seat 1: Chessnok (big blind) folded on the River
Seat 2: Jabo0001 (button) (small blind) collected ($29.50)


PokerStars Hand #173343141334:  Hold'em Limit ($3/$6 USD) - 2017/07/21 22:20:25 ET
Table 'Menkib' 6-max Seat #1 is the button
Seat 1: Chessnok ($200.98 in chips)
Seat 2: Jabo0001 ($221.87 in chips)
Chessnok: posts small blind $1
Jabo0001: posts big blind $3
*** HOLE CARDS ***
Chessnok: raises $3 to $6
Jabo0001: raises $3 to $9
Chessnok: calls $3
*** FLOP *** [3d Js Ac]
Jabo0001: checks
Chessnok: checks
*** TURN *** [3d Js Ac] [7h]
Jabo0001: checks
Chessnok: bets $6
Jabo0001: folds
Uncalled bet ($6) returned to Chessnok
Chessnok collected $17.64 from pot
Chessnok: doesn't show hand
*** SUMMARY ***
Total pot $18 | Rake $0.36
Board [3d Js Ac 7h]
Seat 1: Chessnok (button) (small blind) collected ($17.64)
Seat 2: Jabo0001 (big blind) folded on the Turn


PokerStars Hand #173343157306:  Hold'em Limit ($3/$6 USD) - 2017/07/21 22:21:10 ET
Table 'Menkib' 6-max Seat #2 is the button
Seat 1: Chessnok ($197.38 in chips)
Seat 2: Jabo0001 ($224.37 in chips)
Jabo0001: posts small blind $1
Chessnok: posts big blind $3
*** HOLE CARDS ***
Jabo0001: folds
Uncalled bet ($2) returned to Chessnok
Chessnok collected $2 from pot
Chessnok: doesn't show hand
*** SUMMARY ***
Total pot $2 | Rake $0
Seat 1: Chessnok (big blind) collected ($2)
Seat 2: Jabo0001 (button) (small blind) folded before Flop


PokerStars Hand #173343152264:  Hold'em Limit ($3/$6 USD) - 2017/07/21 22:20:56 ET
Table 'Menkib' 6-max Seat #1 is the button
Seat 1: Chessnok ($191.62 in chips)
Seat 2: Jabo0001 ($230.37 in chips)
Chessnok: posts small blind $1
Jabo0001: posts big blind $3
*** HOLE CARDS ***
Chessnok: raises $3 to $6
Jabo0001: calls $3
*** FLOP *** [7h Qs Jc]
Jabo0001: checks
Chessnok: bets $3
Jabo0001: folds
Uncalled bet ($3) returned to Chessnok
Chessnok collected $11.76 from pot
Chessnok: doesn't show hand
*** SUMMARY ***
Total pot $12 | Rake $0.24
Board [7h Qs Jc]
Seat 1: Chessnok (button) (small blind) collected ($11.76)
Seat 2: Jabo0001 (big blind) folded on the Flop


PokerStars Hand #173343168527:  Hold'em Limit ($3/$6 USD) - 2017/07/21 22:21:41 ET
Table 'Menkib' 6-max Seat #1 is the button
Seat 1: Chessnok ($219.88 in chips)
Seat 2: Jabo0001 ($201.37 in chips)
Chessnok: posts small blind $1
Jabo0001: posts big blind $3
*** HOLE CARDS ***
Chessnok: raises $3 to $6
Jabo0001: calls $3
*** FLOP *** [7s Kh 7d]
Jabo0001: checks
Chessnok: bets $3
Jabo0001: raises $3 to $6
Chessnok: calls $3
*** TURN *** [7s Kh 7d] [4s]
Jabo0001: checks
Chessnok: bets $6
Jabo0001: raises $6 to $12
Chessnok: raises $6 to $18
Jabo0001: raises $6 to $24
Betting is capped
Chessnok: calls $6
*** RIVER *** [7s Kh 7d 4s] [Qd]
Jabo0001: bets $6
Chessnok: calls $6
*** SHOW DOWN ***
Jabo0001: shows [3s Kd] (two pair, Kings and Sevens)
Chessnok: shows [7c 8h] (three of a kind, Sevens)
Chessnok collected $83.50 from pot
*** SUMMARY ***
Total pot $84 | Rake $0.50
Board [7s Kh 7d 4s Qd]
Seat 1: Chessnok (button) (small blind) showed [7c 8h] and won ($83.50) with three of a kind, Sevens
Seat 2: Jabo0001 (big blind) showed [3s Kd] and lost with two pair, Kings and Sevens


PokerStars Hand #173343166767:  Hold'em Limit ($3/$6 USD) - 2017/07/21 22:21:36 ET
Table 'Menkib' 6-max Seat #2 is the button
Seat 1: Chessnok ($218.88 in chips)
Seat 2: Jabo0001 ($202.37 in chips)
Jabo0001: posts small blind $1
Chessnok: posts big blind $3
*** HOLE CARDS ***
Jabo0001: folds
Uncalled bet ($2) returned to Chessnok
Chessnok collected $2 from pot
Chessnok: doesn't show hand
*** SUMMARY ***
Total pot $2 | Rake $0
Seat 1: Chessnok (big blind) collected ($2)
Seat 2: Jabo0001 (button) (small blind) folded before Flop


PokerStars Hand #173343159409:  Hold'em Limit ($3/$6 USD) - 2017/07/21 22:21:15 ET
Table 'Menkib' 6-max Seat #1 is the button
Seat 1: Chessnok ($198.38 in chips)
Seat 2: Jabo0001 ($223.37 in chips)
Chessnok: posts small blind $1
Jabo0001: posts big blind $3
*** HOLE CARDS ***
Chessnok: raises $3 to $6
Jabo0001: calls $3
*** FLOP *** [5c Jd Ac]
Jabo0001: checks
Chessnok: bets $3
Jabo0001: calls $3
*** TURN *** [5c Jd Ac] [8d]
Jabo0001: checks
Chessnok: bets $6
Jabo0001: calls $6
*** RIVER *** [5c Jd Ac 8d] [Kh]
Jabo0001: checks
Chessnok: bets $6
Jabo0001: calls $6
*** SHOW DOWN ***
Chessnok: shows [Ah 8c] (two pair, Aces and Eights)
Jabo0001: mucks hand
Chessnok collected $41.50 from pot
*** SUMMARY ***
Total pot $42 | Rake $0.50
Board [5c Jd Ac 8d Kh]
Seat 1: Chessnok (button) (small blind) showed [Ah 8c] and won ($41.50) with two pair, Aces and Eights
Seat 2: Jabo0001 (big blind) mucked


PokerStars Hand #173343175452:  Hold'em Limit ($3/$6 USD) - 2017/07/21 22:22:01 ET
Table 'Menkib' 6-max Seat #2 is the button
Seat 1: Chessnok ($261.38 in chips)
Seat 2: Jabo0001 ($159.37 in chips)
Jabo0001: posts small blind $1
Chessnok: posts big blind $3
*** HOLE CARDS ***
Jabo0001: raises $3 to $6
Chessnok: calls $3
*** FLOP *** [6c 5c Qh]
Chessnok: bets $3
Jabo0001: folds
Uncalled bet ($3) returned to Chessnok
Chessnok collected $11.76 from pot
Chessnok: doesn't show hand
*** SUMMARY ***
Total pot $12 | Rake $0.24
Board [6c 5c Qh]
Seat 1: Chessnok (big blind) collected ($11.76)
Seat 2: Jabo0001 (button) (small blind) folded on the Flop


PokerStars Hand #173343184912:  Hold'em Limit ($3/$6 USD) - 2017/07/21 22:22:27 ET
Table 'Menkib' 6-max Seat #2 is the button
Seat 1: Chessnok ($266.14 in chips)
Seat 2: Jabo0001 ($154.37 in chips)
Jabo0001: posts small blind $1
Chessnok: posts big blind $3
*** HOLE CARDS ***
Jabo0001: calls $2
Chessnok: checks
*** FLOP *** [2d Kd Jh]
Chessnok: checks
Jabo0001: bets $3
Chessnok: folds
Uncalled bet ($3) returned to Jabo0001
Jabo0001 collected $5.88 from pot
*** SUMMARY ***
Total pot $6 | Rake $0.12
Board [2d Kd Jh]
Seat 1: Chessnok (big blind) folded on the Flop
Seat 2: Jabo0001 (button) (small blind) collected ($5.88)


PokerStars Hand #173343183232:  Hold'em Limit ($3/$6 USD) - 2017/07/21 22:22:22 ET
Table 'Menkib' 6-max Seat #1 is the button
Seat 1: Chessnok ($267.14 in chips)
Seat 2: Jabo0001 ($153.37 in chips)
Chessnok: posts small blind $1
Jabo0001: posts big blind $3
*** HOLE CARDS ***
Chessnok: folds
Uncalled bet ($2) returned to Jabo0001
Jabo0001 collected $2 from pot
*** SUMMARY ***
Total pot $2 | Rake $0
Seat 1: Chessnok (button) (small blind) folded before Flop
Seat 2: Jabo0001 (big blind) collected ($2)


PokerStars Hand #173343192026:  Hold'em Limit ($3/$6 USD) - 2017/07/21 22:22:47 ET
Table 'Menkib' 6-max Seat #1 is the button
Seat 1: Chessnok ($263.14 in chips)
Seat 2: Jabo0001 ($157.25 in chips)
Chessnok: posts small blind $1
Jabo0001: posts big blind $3
*** HOLE CARDS ***
Chessnok: raises $3 to $6
Jabo0001: calls $3
*** FLOP *** [4d 7c 7s]
Jabo0001: checks
Chessnok: bets $3
Jabo0001: calls $3
*** TURN *** [4d 7c 7s] [Ks]
Jabo0001: checks
Chessnok: bets $6
Jabo0001: calls $6
*** RIVER *** [4d 7c 7s Ks] [2h]
Jabo0001: checks
Chessnok: checks
*** SHOW DOWN ***
Jabo0001: shows [8c 2c] (two pair, Sevens and Deuces)
Chessnok: mucks hand
Jabo0001 collected $29.50 from pot
*** SUMMARY ***
Total pot $30 | Rake $0.50
Board [4d 7c 7s Ks 2h]
Seat 1: Chessnok (button) (small blind) mucked
Seat 2: Jabo0001 (big blind) showed [8c 2c] and won ($29.50) with two pair, Sevens and Deuces


PokerStars Hand #173343203022:  Hold'em Limit ($3/$6 USD) - 2017/07/21 22:23:17 ET
Table 'Menkib' 6-max Seat #1 is the button
Seat 1: Chessnok ($259.66 in chips)
Seat 2: Jabo0001 ($159.75 in chips)
Chessnok: posts small blind $1
Jabo0001: posts big blind $3
*** HOLE CARDS ***
Chessnok: folds
Uncalled bet ($2) returned to Jabo0001
Jabo0001 collected $2 from pot
*** SUMMARY ***
Total pot $2 | Rake $0
Seat 1: Chessnok (button) (small blind) folded before Flop
Seat 2: Jabo0001 (big blind) collected ($2)


PokerStars Hand #173343198195:  Hold'em Limit ($3/$6 USD) - 2017/07/21 22:23:04 ET
Table 'Menkib' 6-max Seat #2 is the button
Seat 1: Chessnok ($248.14 in chips)
Seat 2: Jabo0001 ($171.75 in chips)
Jabo0001: posts small blind $1
Chessnok: posts big blind $3
*** HOLE CARDS ***
Jabo0001: calls $2
Chessnok: checks
*** FLOP *** [5s Jc 3d]
Chessnok: bets $3
Jabo0001: calls $3
*** TURN *** [5s Jc 3d] [6s]
Chessnok: bets $6
Jabo0001: calls $6
*** RIVER *** [5s Jc 3d 6s] [7h]
Chessnok: bets $6
Jabo0001: folds
Uncalled bet ($6) returned to Chessnok
Chessnok collected $23.52 from pot
Chessnok: doesn't show hand
*** SUMMARY ***
Total pot $24 | Rake $0.48
Board [5s Jc 3d 6s 7h]
Seat 1: Chessnok (big blind) collected ($23.52)
Seat 2: Jabo0001 (button) (small blind) folded on the River


PokerStars Hand #173343204767:  Hold'em Limit ($3/$6 USD) - 2017/07/21 22:23:22 ET
Table 'Menkib' 6-max Seat #2 is the button
Seat 1: Chessnok ($258.66 in chips)
Seat 2: Jabo0001 ($160.75 in chips)
Jabo0001: posts small blind $1
Chessnok: posts big blind $3
*** HOLE CARDS ***
Jabo0001: raises $3 to $6
Chessnok: folds
Uncalled bet ($3) returned to Jabo0001
Jabo0001 collected $6 from pot
*** SUMMARY ***
Total pot $6 | Rake $0
Seat 1: Chessnok (big blind) folded before Flop
Seat 2: Jabo0001 (button) (small blind) collected ($6)


PokerStars Hand #173343210656:  Hold'em Limit ($3/$6 USD) - 2017/07/21 22:23:39 ET
Table 'Menkib' 6-max Seat #2 is the button
Seat 1: Chessnok ($258.66 in chips)
Seat 2: Jabo0001 ($160.75 in chips)
Jabo0001: posts small blind $1
Chessnok: posts big blind $3
*** HOLE CARDS ***
Jabo0001: folds
Uncalled bet ($2) returned to Chessnok
Chessnok collected $2 from pot
Chessnok: doesn't show hand
*** SUMMARY ***
Total pot $2 | Rake $0
Seat 1: Chessnok (big blind) collected ($2)
Seat 2: Jabo0001 (button) (small blind) folded before Flop


PokerStars Hand #173343207858:  Hold'em Limit ($3/$6 USD) - 2017/07/21 22:23:31 ET
Table 'Menkib' 6-max Seat #1 is the button
Seat 1: Chessnok ($255.66 in chips)
Seat 2: Jabo0001 ($163.75 in chips)
Chessnok: posts small blind $1
Jabo0001: posts big blind $3
*** HOLE CARDS ***
Chessnok: raises $3 to $6
Jabo0001: folds
Uncalled bet ($3) returned to Chessnok
Chessnok collected $6 from pot
Chessnok: doesn't show hand
*** SUMMARY ***
Total pot $6 | Rake $0
Seat 1: Chessnok (button) (small blind) collected ($6)
Seat 2: Jabo0001 (big blind) folded before Flop


PokerStars Hand #173343212272:  Hold'em Limit ($3/$6 USD) - 2017/07/21 22:23:43 ET
Table 'Menkib' 6-max Seat #1 is the button
Seat 1: Chessnok ($259.66 in chips)
Seat 2: Jabo0001 ($159.75 in chips)
Chessnok: posts small blind $1
Jabo0001: posts big blind $3
*** HOLE CARDS ***
Chessnok: raises $3 to $6
Jabo0001: calls $3
*** FLOP *** [7s 2h Jh]
Jabo0001: checks
Chessnok: bets $3
Jabo0001: calls $3
*** TURN *** [7s 2h Jh] [Ac]
Jabo0001: bets $6
Chessnok: raises $6 to $12
Jabo0001: raises $6 to $18
Chessnok: calls $6
*** RIVER *** [7s 2h Jh Ac] [6h]
Jabo0001: bets $6
Chessnok: calls $6
*** SHOW DOWN ***
Jabo0001: shows [Jd 6s] (two pair, Jacks and Sixes)
Chessnok: mucks hand
Jabo0001 collected $65.50 from pot
*** SUMMARY ***
Total pot $66 | Rake $0.50
Board [7s 2h Jh Ac 6h]
Seat 1: Chessnok (button) (small blind) mucked
Seat 2: Jabo0001 (big blind) showed [Jd 6s] and won ($65.50) with two pair, Jacks and Sixes


PokerStars Hand #173343231289:  Hold'em Limit ($3/$6 USD) - 2017/07/21 22:24:36 ET
Table 'Menkib' 6-max Seat #1 is the button
Seat 1: Chessnok ($243.92 in chips)
Seat 2: Jabo0001 ($173.75 in chips)
Chessnok: posts small blind $1
Jabo0001: posts big blind $3
*** HOLE CARDS ***
Chessnok: raises $3 to $6
Jabo0001: raises $3 to $9
Chessnok: raises $3 to $12
Betting is capped
Jabo0001: calls $3
*** FLOP *** [6h 4d 9s]
Jabo0001: bets $3
Chessnok: raises $3 to $6
Jabo0001: calls $3
*** TURN *** [6h 4d 9s] [5s]
Jabo0001: checks
Chessnok: bets $6
Jabo0001: calls $6
*** RIVER *** [6h 4d 9s 5s] [4c]
Jabo0001: checks
Chessnok: bets $6
Jabo0001: folds
Uncalled bet ($6) returned to Chessnok
Chessnok collected $47.50 from pot
Chessnok: doesn't show hand
*** SUMMARY ***
Total pot $48 | Rake $0.50
Board [6h 4d 9s 5s 4c]
Seat 1: Chessnok (button) (small blind) collected ($47.50)
Seat 2: Jabo0001 (big blind) folded on the River


PokerStars Hand #173343245825:  Hold'em Limit ($3/$6 USD) - 2017/07/21 22:24:59 ET
Table 'Menkib' 6-max Seat #1 is the button
Seat 1: Chessnok ($268.42 in chips)
Seat 2: Jabo0001 ($148.75 in chips)
Chessnok: posts small blind $1
Jabo0001: posts big blind $3
*** HOLE CARDS ***
Chessnok: folds
Uncalled bet ($2) returned to Jabo0001
Jabo0001 collected $2 from pot
*** SUMMARY ***
Total pot $2 | Rake $0
Seat 1: Chessnok (button) (small blind) folded before Flop
Seat 2: Jabo0001 (big blind) collected ($2)


PokerStars Hand #173343244296:  Hold'em Limit ($3/$6 USD) - 2017/07/21 22:24:54 ET
Table 'Menkib' 6-max Seat #2 is the button
Seat 1: Chessnok ($267.42 in chips)
Seat 2: Jabo0001 ($149.75 in chips)
Jabo0001: posts small blind $1
Chessnok: posts big blind $3
*** HOLE CARDS ***
Jabo0001: folds
Uncalled bet ($2) returned to Chessnok
Chessnok collected $2 from pot
Chessnok: doesn't show hand
*** SUMMARY ***
Total pot $2 | Rake $0
Seat 1: Chessnok (big blind) collected ($2)
Seat 2: Jabo0001 (button) (small blind) folded before Flop


PokerStars Hand #173343223333:  Hold'em Limit ($3/$6 USD) - 2017/07/21 22:24:14 ET
Table 'Menkib' 6-max Seat #1 is the button
Seat 1: Chessnok ($202.66 in chips)
Seat 2: Jabo0001 ($215.75 in chips)
Chessnok: posts small blind $1
Jabo0001: posts big blind $3
*** HOLE CARDS ***
Chessnok: raises $3 to $6
Jabo0001: calls $3
*** FLOP *** [Kh 7d 8s]
Jabo0001: checks
Chessnok: bets $3
Jabo0001: folds
Uncalled bet ($3) returned to Chessnok
Chessnok collected $11.76 from pot
Chessnok: doesn't show hand
*** SUMMARY ***
Total pot $12 | Rake $0.24
Board [Kh 7d 8s]
Seat 1: Chessnok (button) (small blind) collected ($11.76)
Seat 2: Jabo0001 (big blind) folded on the Flop


PokerStars Hand #173343226279:  Hold'em Limit ($3/$6 USD) - 2017/07/21 22:24:22 ET
Table 'Menkib' 6-max Seat #2 is the button
Seat 1: Chessnok ($208.42 in chips)
Seat 2: Jabo0001 ($209.75 in chips)
Jabo0001: posts small blind $1
Chessnok: posts big blind $3
*** HOLE CARDS ***
Jabo0001: raises $3 to $6
Chessnok: raises $3 to $9
Jabo0001: calls $3
*** FLOP *** [Th Qd 2s]
Chessnok: bets $3
Jabo0001: calls $3
*** TURN *** [Th Qd 2s] [Ad]
Chessnok: bets $6
Jabo0001: calls $6
*** RIVER *** [Th Qd 2s Ad] [Qs]
Chessnok: bets $6
Jabo0001: raises $6 to $12
Chessnok: raises $6 to $18
Jabo0001: calls $6
*** SHOW DOWN ***
Chessnok: shows [Ts Qh] (a full house, Queens full of Tens)
Jabo0001: mucks hand
Chessnok collected $71.50 from pot
*** SUMMARY ***
Total pot $72 | Rake $0.50
Board [Th Qd 2s Ad Qs]
Seat 1: Chessnok (big blind) showed [Ts Qh] and won ($71.50) with a full house, Queens full of Tens
Seat 2: Jabo0001 (button) (small blind) mucked


PokerStars Hand #173343218451:  Hold'em Limit ($3/$6 USD) - 2017/07/21 22:24:00 ET
Table 'Menkib' 6-max Seat #2 is the button
Seat 1: Chessnok ($226.66 in chips)
Seat 2: Jabo0001 ($192.25 in chips)
Jabo0001: posts small blind $1
Chessnok: posts big blind $3
*** HOLE CARDS ***
Jabo0001: raises $3 to $6
Chessnok: raises $3 to $9
Jabo0001: calls $3
*** FLOP *** [3s 6d Kc]
Chessnok: bets $3
Jabo0001: calls $3
*** TURN *** [3s 6d Kc] [2c]
Chessnok: bets $6
Jabo0001: calls $6
*** RIVER *** [3s 6d Kc 2c] [Qh]
Chessnok: bets $6
Jabo0001: raises $6 to $12
Chessnok: folds
Uncalled bet ($6) returned to Jabo0001
Jabo0001 collected $47.50 from pot
*** SUMMARY ***
Total pot $48 | Rake $0.50
Board [3s 6d Kc 2c Qh]
Seat 1: Chessnok (big blind) folded on the River
Seat 2: Jabo0001 (button) (small blind) collected ($47.50)


PokerStars Hand #173343255760:  Hold'em Limit ($3/$6 USD) - 2017/07/21 22:25:26 ET
Table 'Menkib' 6-max Seat #2 is the button
Seat 1: Chessnok ($317.42 in chips)
Seat 2: Jabo0001 ($98.75 in chips)
Jabo0001: posts small blind $1
Chessnok: posts big blind $3
*** HOLE CARDS ***
Jabo0001: calls $2
Chessnok: checks
*** FLOP *** [7c 4d 2s]
Chessnok: checks
Jabo0001: checks
*** TURN *** [7c 4d 2s] [Qd]
Chessnok: checks
Jabo0001: checks
*** RIVER *** [7c 4d 2s Qd] [Th]
Chessnok: checks
Jabo0001: checks
*** SHOW DOWN ***
Chessnok: shows [3c 8c] (high card Queen)
Jabo0001: shows [6d 8d] (high card Queen - Ten+Eight+Seven+Six kicker)
Jabo0001 collected $5.88 from pot
*** SUMMARY ***
Total pot $6 | Rake $0.12
Board [7c 4d 2s Qd Th]
Seat 1: Chessnok (big blind) showed [3c 8c] and lost with high card Queen
Seat 2: Jabo0001 (button) (small blind) showed [6d 8d] and won ($5.88) with high card Queen


PokerStars Hand #173343251099:  Hold'em Limit ($3/$6 USD) - 2017/07/21 22:25:13 ET
Table 'Menkib' 6-max Seat #1 is the button
Seat 1: Chessnok ($293.92 in chips)
Seat 2: Jabo0001 ($122.75 in chips)
Chessnok: posts small blind $1
Jabo0001: posts big blind $3
*** HOLE CARDS ***
Chessnok: raises $3 to $6
Jabo0001: raises $3 to $9
Chessnok: calls $3
*** FLOP *** [4d 8s 3c]
Jabo0001: bets $3
Chessnok: calls $3
*** TURN *** [4d 8s 3c] [6h]
Jabo0001: bets $6
Chessnok: raises $6 to $12
Jabo0001: calls $6
*** RIVER *** [4d 8s 3c 6h] [3s]
Jabo0001: checks
Chessnok: bets $6
Jabo0001: folds
Uncalled bet ($6) returned to Chessnok
Chessnok collected $47.50 from pot
Chessnok: doesn't show hand
*** SUMMARY ***
Total pot $48 | Rake $0.50
Board [4d 8s 3c 6h 3s]
Seat 1: Chessnok (button) (small blind) collected ($47.50)
Seat 2: Jabo0001 (big blind) folded on the River


PokerStars Hand #173343247265:  Hold'em Limit ($3/$6 USD) - 2017/07/21 22:25:03 ET
Table 'Menkib' 6-max Seat #2 is the button
Seat 1: Chessnok ($267.42 in chips)
Seat 2: Jabo0001 ($149.75 in chips)
Jabo0001: posts small blind $1
Chessnok: posts big blind $3
*** HOLE CARDS ***
Jabo0001: calls $2
Chessnok: raises $3 to $6
Jabo0001: calls $3
*** FLOP *** [Jc 4c 9s]
Chessnok: bets $3
Jabo0001: calls $3
*** TURN *** [Jc 4c 9s] [Jh]
Chessnok: bets $6
Jabo0001: calls $6
*** RIVER *** [Jc 4c 9s Jh] [3c]
Chessnok: bets $6
Jabo0001: raises $6 to $12
Chessnok: calls $6
*** SHOW DOWN ***
Jabo0001: shows [Qd 6c] (a pair of Jacks)
Chessnok: shows [3s Ah] (two pair, Jacks and Threes)
Chessnok collected $53.50 from pot
*** SUMMARY ***
Total pot $54 | Rake $0.50
Board [Jc 4c 9s Jh 3c]
Seat 1: Chessnok (big blind) showed [3s Ah] and won ($53.50) with two pair, Jacks and Threes
Seat 2: Jabo0001 (button) (small blind) showed [Qd 6c] and lost with a pair of Jacks


PokerStars Hand #173343266074:  Hold'em Limit ($3/$6 USD) - 2017/07/21 22:25:55 ET
Table 'Menkib' 6-max Seat #2 is the button
Seat 1: Chessnok ($299.42 in chips)
Seat 2: Jabo0001 ($116.13 in chips)
Jabo0001: posts small blind $1
Chessnok: posts big blind $3
*** HOLE CARDS ***
Jabo0001: folds
Uncalled bet ($2) returned to Chessnok
Chessnok collected $2 from pot
Chessnok: doesn't show hand
*** SUMMARY ***
Total pot $2 | Rake $0
Seat 1: Chessnok (big blind) collected ($2)
Seat 2: Jabo0001 (button) (small blind) folded before Flop


PokerStars Hand #173343262165:  Hold'em Limit ($3/$6 USD) - 2017/07/21 22:25:44 ET
Table 'Menkib' 6-max Seat #1 is the button
Seat 1: Chessnok ($314.42 in chips)
Seat 2: Jabo0001 ($101.63 in chips)
Chessnok: posts small blind $1
Jabo0001: posts big blind $3
*** HOLE CARDS ***
Chessnok: raises $3 to $6
Jabo0001: calls $3
*** FLOP *** [2s 3c 9d]
Jabo0001: checks
Chessnok: bets $3
Jabo0001: calls $3
*** TURN *** [2s 3c 9d] [Qs]
Jabo0001: checks
Chessnok: bets $6
Jabo0001: calls $6
*** RIVER *** [2s 3c 9d Qs] [Jd]
Jabo0001: checks
Chessnok: checks
*** SHOW DOWN ***
Jabo0001: shows [Td Qh] (a pair of Queens)
Chessnok: mucks hand
Jabo0001 collected $29.50 from pot
*** SUMMARY ***
Total pot $30 | Rake $0.50
Board [2s 3c 9d Qs Jd]
Seat 1: Chessnok (button) (small blind) mucked
Seat 2: Jabo0001 (big blind) showed [Td Qh] and won ($29.50) with a pair of Queens


PokerStars Hand #173343267640:  Hold'em Limit ($3/$6 USD) - 2017/07/21 22:26:00 ET
Table 'Menkib' 6-max Seat #1 is the button
Seat 1: Chessnok ($300.42 in chips)
Seat 2: Jabo0001 ($115.13 in chips)
Chessnok: posts small blind $1
Jabo0001: posts big blind $3
*** HOLE CARDS ***
Chessnok: raises $3 to $6
Jabo0001: calls $3
*** FLOP *** [Js 6s 3s]
Jabo0001: checks
Chessnok: checks
*** TURN *** [Js 6s 3s] [8s]
Jabo0001: checks
Chessnok: checks
*** RIVER *** [Js 6s 3s 8s] [7d]
Jabo0001: bets $6
Chessnok: calls $6
*** SHOW DOWN ***
Jabo0001: shows [5s Qs] (a flush, Queen high)
Chessnok: mucks hand
Jabo0001 collected $23.52 from pot
*** SUMMARY ***
Total pot $24 | Rake $0.48
Board [Js 6s 3s 8s 7d]
Seat 1: Chessnok (button) (small blind) mucked
Seat 2: Jabo0001 (big blind) showed [5s Qs] and won ($23.52) with a flush, Queen high


PokerStars Hand #173343271647:  Hold'em Limit ($3/$6 USD) - 2017/07/21 22:26:11 ET
Table 'Menkib' 6-max Seat #2 is the button
Seat 1: Chessnok ($288.42 in chips)
Seat 2: Jabo0001 ($126.65 in chips)
Jabo0001: posts small blind $1
Chessnok: posts big blind $3
*** HOLE CARDS ***
Jabo0001: raises $3 to $6
Chessnok: calls $3
*** FLOP *** [3c 4s 6s]
Chessnok: checks
Jabo0001: checks
*** TURN *** [3c 4s 6s] [Qd]
Chessnok: bets $6
Jabo0001: raises $6 to $12
Chessnok: calls $6
*** RIVER *** [3c 4s 6s Qd] [6d]
Chessnok: checks
Jabo0001: bets $6
Chessnok: raises $6 to $12
Jabo0001: raises $6 to $18
Chessnok: raises $6 to $24
Betting is capped
Jabo0001: calls $6
*** SHOW DOWN ***
Chessnok: shows [Ah 6h] (three of a kind, Sixes)
Jabo0001: mucks hand
Chessnok collected $83.50 from pot
*** SUMMARY ***
Total pot $84 | Rake $0.50
Board [3c 4s 6s Qd 6d]
Seat 1: Chessnok (big blind) showed [Ah 6h] and won ($83.50) with three of a kind, Sixes
Seat 2: Jabo0001 (button) (small blind) mucked


PokerStars Hand #173343289279:  Hold'em Limit ($3/$6 USD) - 2017/07/21 22:27:00 ET
Table 'Menkib' 6-max Seat #2 is the button
Seat 1: Chessnok ($345.42 in chips)
Seat 2: Jabo0001 ($68.29 in chips)
Jabo0001: posts small blind $1
Chessnok: posts big blind $3
*** HOLE CARDS ***
Jabo0001: folds
Uncalled bet ($2) returned to Chessnok
Chessnok collected $2 from pot
Chessnok: doesn't show hand
*** SUMMARY ***
Total pot $2 | Rake $0
Seat 1: Chessnok (big blind) collected ($2)
Seat 2: Jabo0001 (button) (small blind) folded before Flop


PokerStars Hand #173343283706:  Hold'em Limit ($3/$6 USD) - 2017/07/21 22:26:45 ET
Table 'Menkib' 6-max Seat #1 is the button
Seat 1: Chessnok ($354.42 in chips)
Seat 2: Jabo0001 ($59.65 in chips)
Chessnok: posts small blind $1
Jabo0001: posts big blind $3
*** HOLE CARDS ***
Chessnok: raises $3 to $6
Jabo0001: raises $3 to $9
Chessnok: calls $3
*** FLOP *** [Jd 2h 7d]
Jabo0001: checks
Chessnok: checks
*** TURN *** [Jd 2h 7d] [Tc]
Jabo0001: bets $6
Chessnok: folds
Uncalled bet ($6) returned to Jabo0001
Jabo0001 collected $17.64 from pot
*** SUMMARY ***
Total pot $18 | Rake $0.36
Board [Jd 2h 7d Tc]
Seat 1: Chessnok (button) (small blind) folded on the Turn
Seat 2: Jabo0001 (big blind) collected ($17.64)


PokerStars Hand #173343282107:  Hold'em Limit ($3/$6 USD) - 2017/07/21 22:26:40 ET
Table 'Menkib' 6-max Seat #2 is the button
Seat 1: Chessnok ($353.42 in chips)
Seat 2: Jabo0001 ($60.65 in chips)
Jabo0001: posts small blind $1
Chessnok: posts big blind $3
*** HOLE CARDS ***
Jabo0001: folds
Uncalled bet ($2) returned to Chessnok
Chessnok collected $2 from pot
Chessnok: doesn't show hand
*** SUMMARY ***
Total pot $2 | Rake $0
Seat 1: Chessnok (big blind) collected ($2)
Seat 2: Jabo0001 (button) (small blind) folded before Flop


PokerStars Hand #173343277635:  Hold'em Limit ($3/$6 USD) - 2017/07/21 22:26:28 ET
Table 'Menkib' 6-max Seat #1 is the button
Seat 1: Chessnok ($329.92 in chips)
Seat 2: Jabo0001 ($84.65 in chips)
Chessnok: posts small blind $1
Jabo0001: posts big blind $3
*** HOLE CARDS ***
Chessnok: raises $3 to $6
Jabo0001: raises $3 to $9
Chessnok: calls $3
*** FLOP *** [5h 9s 7s]
Jabo0001: bets $3
Chessnok: calls $3
*** TURN *** [5h 9s 7s] [6c]
Jabo0001: bets $6
Chessnok: calls $6
*** RIVER *** [5h 9s 7s 6c] [Ks]
Jabo0001: bets $6
Chessnok: calls $6
*** SHOW DOWN ***
Jabo0001: shows [Ts Jd] (high card King)
Chessnok: shows [As 3h] (high card Ace)
Chessnok collected $47.50 from pot
*** SUMMARY ***
Total pot $48 | Rake $0.50
Board [5h 9s 7s 6c Ks]
Seat 1: Chessnok (button) (small blind) showed [As 3h] and won ($47.50) with high card Ace
Seat 2: Jabo0001 (big blind) showed [Ts Jd] and lost with high card King


PokerStars Hand #173343297769:  Hold'em Limit ($3/$6 USD) - 2017/07/21 22:27:24 ET
Table 'Menkib' 6-max Seat #1 is the button
Seat 1: Chessnok ($370.92 in chips)
Seat 2: Jabo0001 ($42.29 in chips)
Chessnok: posts small blind $1
Jabo0001: posts big blind $3
*** HOLE CARDS ***
Chessnok: raises $3 to $6
Jabo0001: raises $3 to $9
Chessnok: calls $3
*** FLOP *** [Th 4h Kh]
Jabo0001: bets $3
Chessnok: calls $3
*** TURN *** [Th 4h Kh] [Js]
Jabo0001: bets $6
Chessnok: raises $6 to $12
Jabo0001: raises $6 to $18
Chessnok: calls $6
*** RIVER *** [Th 4h Kh Js] [2h]
Jabo0001: bets $6
Chessnok: calls $6
*** SHOW DOWN ***
Jabo0001: shows [9h Ac] (a flush, King high)
Chessnok: mucks hand
Jabo0001 collected $71.50 from pot
*** SUMMARY ***
Total pot $72 | Rake $0.50
Board [Th 4h Kh Js 2h]
Seat 1: Chessnok (button) (small blind) mucked
Seat 2: Jabo0001 (big blind) showed [9h Ac] and won ($71.50) with a flush, King high


PokerStars Hand #173343296144:  Hold'em Limit ($3/$6 USD) - 2017/07/21 22:27:20 ET
Table 'Menkib' 6-max Seat #2 is the button
Seat 1: Chessnok ($369.92 in chips)
Seat 2: Jabo0001 ($43.29 in chips)
Jabo0001: posts small blind $1
Chessnok: posts big blind $3
*** HOLE CARDS ***
Jabo0001: folds
Uncalled bet ($2) returned to Chessnok
Chessnok collected $2 from pot
Chessnok: doesn't show hand
*** SUMMARY ***
Total pot $2 | Rake $0
Seat 1: Chessnok (big blind) collected ($2)
Seat 2: Jabo0001 (button) (small blind) folded before Flop


PokerStars Hand #173343291141:  Hold'em Limit ($3/$6 USD) - 2017/07/21 22:27:06 ET
Table 'Menkib' 6-max Seat #1 is the button
Seat 1: Chessnok ($346.42 in chips)
Seat 2: Jabo0001 ($67.29 in chips)
Chessnok: posts small blind $1
Jabo0001: posts big blind $3
*** HOLE CARDS ***
Chessnok: raises $3 to $6
Jabo0001: calls $3
*** FLOP *** [4d 6h Ts]
Jabo0001: checks
Chessnok: checks
*** TURN *** [4d 6h Ts] [3h]
Jabo0001: bets $6
Chessnok: calls $6
*** RIVER *** [4d 6h Ts 3h] [5c]
Jabo0001: bets $6
Chessnok: raises $6 to $12
Jabo0001: calls $6
*** SHOW DOWN ***
Chessnok: shows [7h Qd] (a straight, Three to Seven)
Jabo0001: mucks hand
Chessnok collected $47.50 from pot
*** SUMMARY ***
Total pot $48 | Rake $0.50
Board [4d 6h Ts 3h 5c]
Seat 1: Chessnok (button) (small blind) showed [7h Qd] and won ($47.50) with a straight, Three to Seven
Seat 2: Jabo0001 (big blind) mucked


PokerStars Hand #173343303553:  Hold'em Limit ($3/$6 USD) - 2017/07/21 22:27:41 ET
Table 'Menkib' 6-max Seat #2 is the button
Seat 1: Chessnok ($334.92 in chips)
Seat 2: Jabo0001 ($77.79 in chips)
Jabo0001: posts small blind $1
Chessnok: posts big blind $3
*** HOLE CARDS ***
Jabo0001: calls $2
Chessnok: checks
*** FLOP *** [Kh Td 2h]
Chessnok: checks
Jabo0001: bets $3
Chessnok: folds
Uncalled bet ($3) returned to Jabo0001
Jabo0001 collected $5.88 from pot
*** SUMMARY ***
Total pot $6 | Rake $0.12
Board [Kh Td 2h]
Seat 1: Chessnok (big blind) folded on the Flop
Seat 2: Jabo0001 (button) (small blind) collected ($5.88)


PokerStars Hand #173343324990:  Hold'em Limit ($3/$6 USD) - 2017/07/21 22:28:40 ET
Table 'Menkib' 6-max Seat #1 is the button
Seat 1: Chessnok ($331.92 in chips)
Seat 2: Jabo0001 ($80.67 in chips)
Chessnok: posts small blind $1
Jabo0001: posts big blind $3
*** HOLE CARDS ***
Chessnok: raises $3 to $6
Jabo0001: raises $3 to $9
Chessnok: calls $3
*** FLOP *** [6s Qh Js]
Jabo0001: bets $3
Chessnok: calls $3
*** TURN *** [6s Qh Js] [7c]
Jabo0001: bets $6
Chessnok: raises $6 to $12
Jabo0001: calls $6
*** RIVER *** [6s Qh Js 7c] [Ks]
Jabo0001: checks
Chessnok: bets $6
Jabo0001: raises $6 to $12
Chessnok: calls $6
*** SHOW DOWN ***
Jabo0001: shows [Ah 9s] (high card Ace)
Chessnok: shows [Ac Qd] (a pair of Queens)
Chessnok collected $71.50 from pot
*** SUMMARY ***
Total pot $72 | Rake $0.50
Board [6s Qh Js 7c Ks]
Seat 1: Chessnok (button) (small blind) showed [Ac Qd] and won ($71.50) with a pair of Queens
Seat 2: Jabo0001 (big blind) showed [Ah 9s] and lost with high card Ace


PokerStars Hand #173343336076:  Hold'em Limit ($3/$6 USD) - 2017/07/21 22:29:11 ET
Table 'Menkib' 6-max Seat #1 is the button
Seat 1: Chessnok ($368.42 in chips)
Seat 2: Jabo0001 ($43.67 in chips)
Chessnok: posts small blind $1
Jabo0001: posts big blind $3
*** HOLE CARDS ***
Chessnok: raises $3 to $6
Jabo0001: folds
Uncalled bet ($3) returned to Chessnok
Chessnok collected $6 from pot
Chessnok: doesn't show hand
*** SUMMARY ***
Total pot $6 | Rake $0
Seat 1: Chessnok (button) (small blind) collected ($6)
Seat 2: Jabo0001 (big blind) folded before Flop


PokerStars Hand #173343334460:  Hold'em Limit ($3/$6 USD) - 2017/07/21 22:29:06 ET
Table 'Menkib' 6-max Seat #2 is the button
Seat 1: Chessnok ($367.42 in chips)
Seat 2: Jabo0001 ($44.67 in chips)
Jabo0001: posts small blind $1
Chessnok: posts big blind $3
*** HOLE CARDS ***
Jabo0001: folds
Uncalled bet ($2) returned to Chessnok
Chessnok collected $2 from pot
Chessnok: doesn't show hand
*** SUMMARY ***
Total pot $2 | Rake $0
Seat 1: Chessnok (big blind) collected ($2)
Seat 2: Jabo0001 (button) (small blind) folded before Flop


PokerStars Hand #173343337779:  Hold'em Limit ($3/$6 USD) - 2017/07/21 22:29:16 ET
Table 'Menkib' 6-max Seat #2 is the button
Seat 1: Chessnok ($371.42 in chips)
Seat 2: Jabo0001 ($40.67 in chips)
Jabo0001: posts small blind $1
Chessnok: posts big blind $3
*** HOLE CARDS ***
Jabo0001: raises $3 to $6
Chessnok: raises $3 to $9
Jabo0001: raises $3 to $12
Betting is capped
Chessnok: calls $3
*** FLOP *** [Kd 9h As]
Chessnok: checks
Jabo0001: bets $3
Chessnok: raises $3 to $6
Jabo0001: raises $3 to $9
Chessnok: raises $3 to $12
Betting is capped
Jabo0001: calls $3
*** TURN *** [Kd 9h As] [6c]
Chessnok: bets $6
Jabo0001: raises $6 to $12
Chessnok: raises $6 to $18
Jabo0001: calls $4.67 and is all-in
Uncalled bet ($1.33) returned to Chessnok
*** RIVER *** [Kd 9h As 6c] [Kc]
*** SHOW DOWN ***
Chessnok: shows [Ad Qc] (two pair, Aces and Kings)
Jabo0001: shows [5c 9c] (two pair, Kings and Nines)
Chessnok collected $80.84 from pot
*** SUMMARY ***
Total pot $81.34 | Rake $0.50
Board [Kd 9h As 6c Kc]
Seat 1: Chessnok (big blind) showed [Ad Qc] and won ($80.84) with two pair, Aces and Kings
Seat 2: Jabo0001 (button) (small blind) showed [5c 9c] and lost with two pair, Kings and Nines


