PokerStars Hand #156214177444:  Hold'em Limit ($3/$6 USD) - 2016/07/20 10:52:10 ET
Table 'Menkib' 6-max Seat #2 is the button
Seat 1: _fayzulllo_ ($73.38 in chips)
Seat 2: Ale4o ($117.50 in chips)
Ale4o: posts small blind $1
_fayzulllo_: posts big blind $3
*** HOLE CARDS ***
Ale4o: raises $3 to $6
_fayzulllo_: raises $3 to $9
Ale4o: calls $3
*** FLOP *** [8s Ac 4c]
_fayzulllo_: bets $3
Ale4o: folds
Uncalled bet ($3) returned to _fayzulllo_
_fayzulllo_ collected $17.64 from pot
_fayzulllo_: doesn't show hand
*** SUMMARY ***
Total pot $18 | Rake $0.36
Board [8s Ac 4c]
Seat 1: _fayzulllo_ (big blind) collected ($17.64)
Seat 2: Ale4o (button) (small blind) folded on the Flop


PokerStars Hand #156214174356:  Hold'em Limit ($3/$6 USD) - 2016/07/20 10:52:04 ET
Table 'Menkib' 6-max Seat #1 is the button
Seat 1: _fayzulllo_ ($74.38 in chips)
Seat 2: Ale4o ($116.50 in chips)
_fayzulllo_: posts small blind $1
Ale4o: posts big blind $3
*** HOLE CARDS ***
_fayzulllo_: folds
Uncalled bet ($2) returned to Ale4o
Ale4o collected $2 from pot
Ale4o: doesn't show hand
*** SUMMARY ***
Total pot $2 | Rake $0
Seat 1: _fayzulllo_ (button) (small blind) folded before Flop
Seat 2: Ale4o (big blind) collected ($2)


PokerStars Hand #156214161100:  Hold'em Limit ($3/$6 USD) - 2016/07/20 10:51:41 ET
Table 'Menkib' 6-max Seat #2 is the button
Seat 1: _fayzulllo_ ($89.38 in chips)
Seat 2: Ale4o ($102 in chips)
Ale4o: posts small blind $1
_fayzulllo_: posts big blind $3
*** HOLE CARDS ***
Ale4o: raises $3 to $6
_fayzulllo_: calls $3
*** FLOP *** [2h 8h 5h]
_fayzulllo_: checks
Ale4o: bets $3
_fayzulllo_: calls $3
*** TURN *** [2h 8h 5h] [As]
_fayzulllo_: checks
Ale4o: checks
*** RIVER *** [2h 8h 5h As] [Kc]
_fayzulllo_: bets $6
Ale4o: calls $6
*** SHOW DOWN ***
_fayzulllo_: shows [6d 9s] (high card Ace)
Ale4o: shows [2d 3d] (a pair of Deuces)
Ale4o collected $29.50 from pot
*** SUMMARY ***
Total pot $30 | Rake $0.50
Board [2h 8h 5h As Kc]
Seat 1: _fayzulllo_ (big blind) showed [6d 9s] and lost with high card Ace
Seat 2: Ale4o (button) (small blind) showed [2d 3d] and won ($29.50) with a pair of Deuces


PokerStars Hand #156214154548:  Hold'em Limit ($3/$6 USD) - 2016/07/20 10:51:29 ET
Table 'Menkib' 6-max Seat #1 is the button
Seat 1: _fayzulllo_ ($86.50 in chips)
Seat 2: Ale4o ($105 in chips)
_fayzulllo_: posts small blind $1
Ale4o: posts big blind $3
*** HOLE CARDS ***
_fayzulllo_: calls $2
Ale4o: checks
*** FLOP *** [4c 9c Qs]
Ale4o: checks
_fayzulllo_: bets $3
Ale4o: folds
Uncalled bet ($3) returned to _fayzulllo_
_fayzulllo_ collected $5.88 from pot
_fayzulllo_: doesn't show hand
*** SUMMARY ***
Total pot $6 | Rake $0.12
Board [4c 9c Qs]
Seat 1: _fayzulllo_ (button) (small blind) collected ($5.88)
Seat 2: Ale4o (big blind) folded on the Flop


PokerStars Hand #156214134954:  Hold'em Limit ($3/$6 USD) - 2016/07/20 10:50:53 ET
Table 'Menkib' 6-max Seat #2 is the button
Seat 1: _fayzulllo_ ($72 in chips)
Seat 2: Ale4o ($120 in chips)
Ale4o: posts small blind $1
GoliafUa: is sitting out
_fayzulllo_: posts big blind $3
*** HOLE CARDS ***
Ale4o: raises $3 to $6
_fayzulllo_: calls $3
*** FLOP *** [Jc Qh 3d]
_fayzulllo_: checks
Ale4o: bets $3
_fayzulllo_: calls $3
*** TURN *** [Jc Qh 3d] [2c]
_fayzulllo_: checks
Ale4o: bets $6
_fayzulllo_: raises $6 to $12
Ale4o: folds
Uncalled bet ($6) returned to _fayzulllo_
_fayzulllo_ collected $29.50 from pot
_fayzulllo_: doesn't show hand
*** SUMMARY ***
Total pot $30 | Rake $0.50
Board [Jc Qh 3d 2c]
Seat 1: _fayzulllo_ (big blind) collected ($29.50)
Seat 2: Ale4o (button) (small blind) folded on the Turn


PokerStars Hand #156214196960:  Hold'em Limit ($3/$6 USD) - 2016/07/20 10:52:45 ET
Table 'Menkib' 6-max Seat #1 is the button
Seat 1: _fayzulllo_ ($67.02 in chips)
Seat 2: Ale4o ($122.90 in chips)
_fayzulllo_: posts small blind $1
Ale4o: posts big blind $3
*** HOLE CARDS ***
_fayzulllo_: calls $2
Ale4o: checks
*** FLOP *** [Ad Qs 9s]
Ale4o: checks
_fayzulllo_: checks
*** TURN *** [Ad Qs 9s] [5s]
Ale4o: bets $6
_fayzulllo_: raises $6 to $12
Ale4o: calls $6
*** RIVER *** [Ad Qs 9s 5s] [8c]
Ale4o: checks
_fayzulllo_: bets $6
Ale4o: folds
Uncalled bet ($6) returned to _fayzulllo_
_fayzulllo_ collected $29.50 from pot
_fayzulllo_: doesn't show hand
*** SUMMARY ***
Total pot $30 | Rake $0.50
Board [Ad Qs 9s 5s 8c]
Seat 1: _fayzulllo_ (button) (small blind) collected ($29.50)
Seat 2: Ale4o (big blind) folded on the River


PokerStars Hand #156214191242:  Hold'em Limit ($3/$6 USD) - 2016/07/20 10:52:35 ET
Table 'Menkib' 6-max Seat #2 is the button
Seat 1: _fayzulllo_ ($73.02 in chips)
Seat 2: Ale4o ($117.14 in chips)
Ale4o: posts small blind $1
_fayzulllo_: posts big blind $3
*** HOLE CARDS ***
Ale4o: raises $3 to $6
_fayzulllo_: calls $3
*** FLOP *** [5c 9c 7s]
_fayzulllo_: checks
Ale4o: bets $3
_fayzulllo_: folds
Uncalled bet ($3) returned to Ale4o
Ale4o collected $11.76 from pot
Ale4o: doesn't show hand
*** SUMMARY ***
Total pot $12 | Rake $0.24
Board [5c 9c 7s]
Seat 1: _fayzulllo_ (big blind) folded on the Flop
Seat 2: Ale4o (button) (small blind) collected ($11.76)


PokerStars Hand #156214183048:  Hold'em Limit ($3/$6 USD) - 2016/07/20 10:52:20 ET
Table 'Menkib' 6-max Seat #1 is the button
Seat 1: _fayzulllo_ ($82.02 in chips)
Seat 2: Ale4o ($108.50 in chips)
_fayzulllo_: posts small blind $1
Ale4o: posts big blind $3
*** HOLE CARDS ***
_fayzulllo_: calls $2
Ale4o: raises $3 to $6
_fayzulllo_: calls $3
*** FLOP *** [9c 4s Ah]
Ale4o: bets $3
_fayzulllo_: calls $3
*** TURN *** [9c 4s Ah] [6c]
Ale4o: bets $6
_fayzulllo_: folds
Uncalled bet ($6) returned to Ale4o
Ale4o collected $17.64 from pot
Ale4o: doesn't show hand
*** SUMMARY ***
Total pot $18 | Rake $0.36
Board [9c 4s Ah 6c]
Seat 1: _fayzulllo_ (button) (small blind) folded on the Turn
Seat 2: Ale4o (big blind) collected ($17.64)


PokerStars Hand #156214209037:  Hold'em Limit ($3/$6 USD) - 2016/07/20 10:53:08 ET
Table 'Menkib' 6-max Seat #2 is the button
Seat 1: _fayzulllo_ ($81.52 in chips)
Seat 2: Ale4o ($107.90 in chips)
Ale4o: posts small blind $1
_fayzulllo_: posts big blind $3
*** HOLE CARDS ***
Ale4o: raises $3 to $6
_fayzulllo_: calls $3
*** FLOP *** [Jd Ks Tc]
_fayzulllo_: checks
Ale4o: checks
*** TURN *** [Jd Ks Tc] [9d]
_fayzulllo_: checks
Ale4o: checks
*** RIVER *** [Jd Ks Tc 9d] [Qh]
_fayzulllo_: bets $6
Ale4o: calls $6
*** SHOW DOWN ***
_fayzulllo_: shows [4s Ac] (a straight, Ten to Ace)
Ale4o: mucks hand
_fayzulllo_ collected $23.52 from pot
*** SUMMARY ***
Total pot $24 | Rake $0.48
Board [Jd Ks Tc 9d Qh]
Seat 1: _fayzulllo_ (big blind) showed [4s Ac] and won ($23.52) with a straight, Ten to Ace
Seat 2: Ale4o (button) (small blind) mucked


PokerStars Hand #156214221520:  Hold'em Limit ($3/$6 USD) - 2016/07/20 10:53:31 ET
Table 'Menkib' 6-max Seat #1 is the button
Seat 1: _fayzulllo_ ($93.04 in chips)
Seat 2: Ale4o ($95.90 in chips)
_fayzulllo_: posts small blind $1
Ale4o: posts big blind $3
*** HOLE CARDS ***
_fayzulllo_: calls $2
Ale4o: raises $3 to $6
_fayzulllo_: calls $3
*** FLOP *** [3h 2d 4c]
Ale4o: bets $3
_fayzulllo_: calls $3
*** TURN *** [3h 2d 4c] [5s]
Ale4o: bets $6
_fayzulllo_: calls $6
*** RIVER *** [3h 2d 4c 5s] [6h]
Ale4o: checks
_fayzulllo_: bets $6
Ale4o: calls $6
*** SHOW DOWN ***
_fayzulllo_: shows [7c 8d] (a straight, Four to Eight)
Ale4o: mucks hand
_fayzulllo_ collected $41.50 from pot
*** SUMMARY ***
Total pot $42 | Rake $0.50
Board [3h 2d 4c 5s 6h]
Seat 1: _fayzulllo_ (button) (small blind) showed [7c 8d] and won ($41.50) with a straight, Four to Eight
Seat 2: Ale4o (big blind) mucked


