PokerStars Hand #152702480516:  Hold'em Limit ($3/$6 USD) - 2016/05/01 9:58:15 ET
Table 'Menkab' 6-max Seat #3 is the button
Seat 3: wesdeluxe ($79.11 in chips)
Seat 4: kolaz03 ($72 in chips)
wesdeluxe: posts small blind $1
kolaz03: posts big blind $3
*** HOLE CARDS ***
wesdeluxe: raises $3 to $6
kolaz03: calls $3
*** FLOP *** [5c 8c 2h]
kolaz03: checks
wesdeluxe: bets $3
kolaz03: calls $3
*** TURN *** [5c 8c 2h] [4d]
kolaz03: checks
wesdeluxe: bets $6
kolaz03: calls $6
*** RIVER *** [5c 8c 2h 4d] [7d]
kolaz03: checks
wesdeluxe: bets $6
kolaz03: calls $6
*** SHOW DOWN ***
wesdeluxe: shows [Jh 8d] (a pair of Eights)
kolaz03: mucks hand
wesdeluxe collected $41.50 from pot
*** SUMMARY ***
Total pot $42 | Rake $0.50
Board [5c 8c 2h 4d 7d]
Seat 3: wesdeluxe (button) (small blind) showed [Jh 8d] and won ($41.50) with a pair of Eights
Seat 4: kolaz03 (big blind) mucked


PokerStars Hand #152702494672:  Hold'em Limit ($3/$6 USD) - 2016/05/01 9:58:44 ET
Table 'Menkab' 6-max Seat #4 is the button
Seat 3: wesdeluxe ($99.61 in chips)
Seat 4: kolaz03 ($72 in chips)
kolaz03: posts small blind $1
wesdeluxe: posts big blind $3
*** HOLE CARDS ***
kolaz03: raises $3 to $6
wesdeluxe: calls $3
*** FLOP *** [7c Kc 2h]
wesdeluxe: checks
kolaz03: bets $3
wesdeluxe: folds
Uncalled bet ($3) returned to kolaz03
kolaz03 collected $11.76 from pot
kolaz03: doesn't show hand
*** SUMMARY ***
Total pot $12 | Rake $0.24
Board [7c Kc 2h]
Seat 3: wesdeluxe (big blind) folded on the Flop
Seat 4: kolaz03 (button) (small blind) collected ($11.76)


PokerStars Hand #152702526718:  Hold'em Limit ($3/$6 USD) - 2016/05/01 9:59:49 ET
Table 'Menkab' 6-max Seat #4 is the button
Seat 3: wesdeluxe ($108.11 in chips)
Seat 4: kolaz03 ($72 in chips)
kolaz03: posts small blind $1
wesdeluxe: posts big blind $3
*** HOLE CARDS ***
kolaz03: raises $3 to $6
wesdeluxe: calls $3
*** FLOP *** [5h Jc 5s]
wesdeluxe: checks
kolaz03: bets $3
wesdeluxe: calls $3
*** TURN *** [5h Jc 5s] [Jd]
wesdeluxe: checks
kolaz03: bets $6
wesdeluxe: folds
Uncalled bet ($6) returned to kolaz03
kolaz03 collected $17.64 from pot
kolaz03: doesn't show hand
*** SUMMARY ***
Total pot $18 | Rake $0.36
Board [5h Jc 5s Jd]
Seat 3: wesdeluxe (big blind) folded on the Turn
Seat 4: kolaz03 (button) (small blind) collected ($17.64)


PokerStars Hand #152702504330:  Hold'em Limit ($3/$6 USD) - 2016/05/01 9:59:04 ET
Table 'Menkab' 6-max Seat #3 is the button
Seat 3: wesdeluxe ($93.61 in chips)
Seat 4: kolaz03 ($77.76 in chips)
wesdeluxe: posts small blind $1
kolaz03: posts big blind $3
*** HOLE CARDS ***
wesdeluxe: raises $3 to $6
kolaz03: calls $3
*** FLOP *** [Tc Jd Ad]
kolaz03: checks
wesdeluxe: bets $3
kolaz03: calls $3
*** TURN *** [Tc Jd Ad] [6h]
kolaz03: checks
wesdeluxe: bets $6
kolaz03: calls $6
*** RIVER *** [Tc Jd Ad 6h] [7d]
kolaz03: checks
wesdeluxe: bets $6
kolaz03: folds
Uncalled bet ($6) returned to wesdeluxe
wesdeluxe collected $29.50 from pot
wesdeluxe: doesn't show hand
*** SUMMARY ***
Total pot $30 | Rake $0.50
Board [Tc Jd Ad 6h 7d]
Seat 3: wesdeluxe (button) (small blind) collected ($29.50)
Seat 4: kolaz03 (big blind) folded on the River


PokerStars Hand #152702539022:  Hold'em Limit ($3/$6 USD) - 2016/05/01 10:00:13 ET
Table 'Menkab' 6-max Seat #3 is the button
Seat 3: wesdeluxe ($99.11 in chips)
Seat 4: kolaz03 ($80.64 in chips)
wesdeluxe: posts small blind $1
kolaz03: posts big blind $3
*** HOLE CARDS ***
wesdeluxe: raises $3 to $6
kolaz03: folds
Uncalled bet ($3) returned to wesdeluxe
wesdeluxe collected $6 from pot
wesdeluxe: doesn't show hand
*** SUMMARY ***
Total pot $6 | Rake $0
Seat 3: wesdeluxe (button) (small blind) collected ($6)
Seat 4: kolaz03 (big blind) folded before Flop


PokerStars Hand #152702553705:  Hold'em Limit ($3/$6 USD) - 2016/05/01 10:00:42 ET
Table 'Menkab' 6-max Seat #3 is the button
Seat 3: wesdeluxe ($119.61 in chips)
Seat 4: kolaz03 ($72 in chips)
wesdeluxe: posts small blind $1
kolaz03: posts big blind $3
*** HOLE CARDS ***
wesdeluxe: raises $3 to $6
kolaz03: calls $3
*** FLOP *** [7h Tc Th]
kolaz03: checks
wesdeluxe: bets $3
kolaz03: calls $3
*** TURN *** [7h Tc Th] [Kh]
kolaz03: checks
wesdeluxe: bets $6
kolaz03: calls $6
*** RIVER *** [7h Tc Th Kh] [9s]
kolaz03: checks
wesdeluxe: bets $6
kolaz03: calls $6
*** SHOW DOWN ***
wesdeluxe: shows [2h Ks] (two pair, Kings and Tens)
kolaz03: mucks hand
wesdeluxe collected $41.50 from pot
*** SUMMARY ***
Total pot $42 | Rake $0.50
Board [7h Tc Th Kh 9s]
Seat 3: wesdeluxe (button) (small blind) showed [2h Ks] and won ($41.50) with two pair, Kings and Tens
Seat 4: kolaz03 (big blind) mucked


PokerStars Hand #152702543098:  Hold'em Limit ($3/$6 USD) - 2016/05/01 10:00:21 ET
Table 'Menkab' 6-max Seat #4 is the button
Seat 3: wesdeluxe ($102.11 in chips)
Seat 4: kolaz03 ($77.64 in chips)
kolaz03: posts small blind $1
wesdeluxe: posts big blind $3
*** HOLE CARDS ***
kolaz03: raises $3 to $6
wesdeluxe: raises $3 to $9
kolaz03: calls $3
*** FLOP *** [7c Td 3d]
wesdeluxe: bets $3
kolaz03: calls $3
*** TURN *** [7c Td 3d] [6s]
wesdeluxe: bets $6
kolaz03: calls $6
*** RIVER *** [7c Td 3d 6s] [9s]
wesdeluxe: bets $6
kolaz03: folds
Uncalled bet ($6) returned to wesdeluxe
wesdeluxe collected $35.50 from pot
wesdeluxe: doesn't show hand
*** SUMMARY ***
Total pot $36 | Rake $0.50
Board [7c Td 3d 6s 9s]
Seat 3: wesdeluxe (big blind) collected ($35.50)
Seat 4: kolaz03 (button) (small blind) folded on the River


PokerStars Hand #152702599639:  Hold'em Limit ($3/$6 USD) - 2016/05/01 10:02:02 ET
Table 'Menkab' 6-max Seat #4 is the button
Seat 3: wesdeluxe ($139.87 in chips)
Seat 4: kolaz03 ($72 in chips)
kolaz03: posts small blind $1
wesdeluxe: posts big blind $3
*** HOLE CARDS ***
kolaz03: raises $3 to $6
wesdeluxe: folds
Uncalled bet ($3) returned to kolaz03
kolaz03 collected $6 from pot
kolaz03: doesn't show hand
*** SUMMARY ***
Total pot $6 | Rake $0
Seat 3: wesdeluxe (big blind) folded before Flop
Seat 4: kolaz03 (button) (small blind) collected ($6)


PokerStars Hand #152702591514:  Hold'em Limit ($3/$6 USD) - 2016/05/01 10:01:48 ET
Table 'Menkab' 6-max Seat #3 is the button
Seat 3: wesdeluxe ($134.11 in chips)
Seat 4: kolaz03 ($77.76 in chips)
wesdeluxe: posts small blind $1
kolaz03: posts big blind $3
*** HOLE CARDS ***
wesdeluxe: raises $3 to $6
kolaz03: calls $3
*** FLOP *** [Ts 7c Td]
kolaz03: checks
wesdeluxe: bets $3
kolaz03: folds
Uncalled bet ($3) returned to wesdeluxe
wesdeluxe collected $11.76 from pot
wesdeluxe: doesn't show hand
*** SUMMARY ***
Total pot $12 | Rake $0.24
Board [Ts 7c Td]
Seat 3: wesdeluxe (button) (small blind) collected ($11.76)
Seat 4: kolaz03 (big blind) folded on the Flop


PokerStars Hand #152702581393:  Hold'em Limit ($3/$6 USD) - 2016/05/01 10:01:31 ET
Table 'Menkab' 6-max Seat #3 is the button
Seat 3: wesdeluxe ($134.11 in chips)
Seat 4: kolaz03 ($77.76 in chips)
wesdeluxe: posts small blind $1
kolaz03: posts big blind $3
*** HOLE CARDS ***
wesdeluxe: folds
Uncalled bet ($2) returned to kolaz03
kolaz03 collected $2 from pot
kolaz03: doesn't show hand
*** SUMMARY ***
Total pot $2 | Rake $0
Seat 3: wesdeluxe (button) (small blind) folded before Flop
Seat 4: kolaz03 (big blind) collected ($2)


PokerStars Hand #152702575412:  Hold'em Limit ($3/$6 USD) - 2016/05/01 10:01:20 ET
Table 'Menkab' 6-max Seat #4 is the button
Seat 3: wesdeluxe ($140.11 in chips)
Seat 4: kolaz03 ($72 in chips)
kolaz03: posts small blind $1
wesdeluxe: posts big blind $3
*** HOLE CARDS ***
kolaz03: raises $3 to $6
wesdeluxe: calls $3
*** FLOP *** [Js 7s Qh]
wesdeluxe: folds
kolaz03 collected $11.76 from pot
kolaz03: doesn't show hand
*** SUMMARY ***
Total pot $12 | Rake $0.24
Board [Js 7s Qh]
Seat 3: wesdeluxe (big blind) folded on the Flop
Seat 4: kolaz03 (button) (small blind) collected ($11.76)


PokerStars Hand #152702583935:  Hold'em Limit ($3/$6 USD) - 2016/05/01 10:01:35 ET
Table 'Menkab' 6-max Seat #4 is the button
Seat 3: wesdeluxe ($133.11 in chips)
Seat 4: kolaz03 ($78.76 in chips)
kolaz03: posts small blind $1
wesdeluxe: posts big blind $3
*** HOLE CARDS ***
kolaz03: folds
Uncalled bet ($2) returned to wesdeluxe
wesdeluxe collected $2 from pot
wesdeluxe: doesn't show hand
*** SUMMARY ***
Total pot $2 | Rake $0
Seat 3: wesdeluxe (big blind) collected ($2)
Seat 4: kolaz03 (button) (small blind) folded before Flop


PokerStars Hand #152702640566:  Hold'em Limit ($3/$6 USD) - 2016/05/01 10:03:09 ET
Table 'Menkab' 6-max Seat #4 is the button
Seat 3: wesdeluxe ($139.13 in chips)
Seat 4: kolaz03 ($72 in chips)
kolaz03: posts small blind $1
wesdeluxe: posts big blind $3
*** HOLE CARDS ***
kolaz03: raises $3 to $6
wesdeluxe: folds
Uncalled bet ($3) returned to kolaz03
kolaz03 collected $6 from pot
kolaz03: doesn't show hand
*** SUMMARY ***
Total pot $6 | Rake $0
Seat 3: wesdeluxe (big blind) folded before Flop
Seat 4: kolaz03 (button) (small blind) collected ($6)


PokerStars Hand #152702602298:  Hold'em Limit ($3/$6 USD) - 2016/05/01 10:02:07 ET
Table 'Menkab' 6-max Seat #3 is the button
Seat 3: wesdeluxe ($136.87 in chips)
Seat 4: kolaz03 ($75 in chips)
wesdeluxe: posts small blind $1
kolaz03: posts big blind $3
*** HOLE CARDS ***
wesdeluxe: raises $3 to $6
kolaz03: calls $3
*** FLOP *** [8d Ac 3c]
kolaz03: checks
wesdeluxe: bets $3
kolaz03: raises $3 to $6
wesdeluxe: calls $3
*** TURN *** [8d Ac 3c] [9h]
kolaz03: bets $6
wesdeluxe: calls $6
*** RIVER *** [8d Ac 3c 9h] [6h]
kolaz03: bets $6
wesdeluxe: calls $6
*** SHOW DOWN ***
kolaz03: shows [6d As] (two pair, Aces and Sixes)
wesdeluxe: mucks hand
kolaz03 collected $47.50 from pot
*** SUMMARY ***
Total pot $48 | Rake $0.50
Board [8d Ac 3c 9h 6h]
Seat 3: wesdeluxe (button) (small blind) mucked
Seat 4: kolaz03 (big blind) showed [6d As] and won ($47.50) with two pair, Aces and Sixes


PokerStars Hand #152702617114:  Hold'em Limit ($3/$6 USD) - 2016/05/01 10:02:31 ET
Table 'Menkab' 6-max Seat #4 is the button
Seat 3: wesdeluxe ($112.87 in chips)
Seat 4: kolaz03 ($98.50 in chips)
kolaz03: posts small blind $1
wesdeluxe: posts big blind $3
*** HOLE CARDS ***
kolaz03: raises $3 to $6
wesdeluxe: calls $3
*** FLOP *** [Js Jc As]
wesdeluxe: checks
kolaz03: bets $3
wesdeluxe: calls $3
*** TURN *** [Js Jc As] [4c]
wesdeluxe: checks
kolaz03: bets $6
wesdeluxe: calls $6
*** RIVER *** [Js Jc As 4c] [6d]
wesdeluxe: checks
kolaz03: bets $6
wesdeluxe: calls $6
*** SHOW DOWN ***
kolaz03: shows [Ad 4s] (two pair, Aces and Jacks)
wesdeluxe: shows [Ac Td] (two pair, Aces and Jacks - Ten kicker)
wesdeluxe collected $41.50 from pot
*** SUMMARY ***
Total pot $42 | Rake $0.50
Board [Js Jc As 4c 6d]
Seat 3: wesdeluxe (big blind) showed [Ac Td] and won ($41.50) with two pair, Aces and Jacks
Seat 4: kolaz03 (button) (small blind) showed [Ad 4s] and lost with two pair, Aces and Jacks


PokerStars Hand #152702631399:  Hold'em Limit ($3/$6 USD) - 2016/05/01 10:02:54 ET
Table 'Menkab' 6-max Seat #3 is the button
Seat 3: wesdeluxe ($133.37 in chips)
Seat 4: kolaz03 ($77.50 in chips)
wesdeluxe: posts small blind $1
kolaz03: posts big blind $3
*** HOLE CARDS ***
wesdeluxe: raises $3 to $6
kolaz03: calls $3
*** FLOP *** [2c 3d Jc]
kolaz03: checks
wesdeluxe: bets $3
kolaz03: folds
Uncalled bet ($3) returned to wesdeluxe
wesdeluxe collected $11.76 from pot
wesdeluxe: doesn't show hand
*** SUMMARY ***
Total pot $12 | Rake $0.24
Board [2c 3d Jc]
Seat 3: wesdeluxe (button) (small blind) collected ($11.76)
Seat 4: kolaz03 (big blind) folded on the Flop


PokerStars Hand #152702646252:  Hold'em Limit ($3/$6 USD) - 2016/05/01 10:03:17 ET
Table 'Menkab' 6-max Seat #3 is the button
Seat 3: wesdeluxe ($136.13 in chips)
Seat 4: kolaz03 ($75 in chips)
wesdeluxe: posts small blind $1
kolaz03: posts big blind $3
*** HOLE CARDS ***
wesdeluxe: raises $3 to $6
kolaz03: calls $3
*** FLOP *** [5c 4h Kc]
kolaz03: checks
wesdeluxe: bets $3
kolaz03: calls $3
*** TURN *** [5c 4h Kc] [7h]
kolaz03: checks
wesdeluxe: bets $6
kolaz03: calls $6
*** RIVER *** [5c 4h Kc 7h] [3d]
kolaz03: checks
wesdeluxe: bets $6
kolaz03: calls $6
*** SHOW DOWN ***
wesdeluxe: shows [Ts Kh] (a pair of Kings)
kolaz03: mucks hand
wesdeluxe collected $41.50 from pot
*** SUMMARY ***
Total pot $42 | Rake $0.50
Board [5c 4h Kc 7h 3d]
Seat 3: wesdeluxe (button) (small blind) showed [Ts Kh] and won ($41.50) with a pair of Kings
Seat 4: kolaz03 (big blind) mucked


PokerStars Hand #152702660199:  Hold'em Limit ($3/$6 USD) - 2016/05/01 10:03:40 ET
Table 'Menkab' 6-max Seat #4 is the button
Seat 3: wesdeluxe ($156.63 in chips)
Seat 4: kolaz03 ($72 in chips)
kolaz03: posts small blind $1
wesdeluxe: posts big blind $3
*** HOLE CARDS ***
kolaz03: raises $3 to $6
wesdeluxe: calls $3
*** FLOP *** [Ts 2h Td]
wesdeluxe: checks
kolaz03: bets $3
wesdeluxe: calls $3
*** TURN *** [Ts 2h Td] [Jd]
wesdeluxe: checks
kolaz03: checks
*** RIVER *** [Ts 2h Td Jd] [Ah]
wesdeluxe: bets $6
kolaz03: calls $6
*** SHOW DOWN ***
wesdeluxe: shows [7c As] (two pair, Aces and Tens)
kolaz03: mucks hand
wesdeluxe collected $29.50 from pot
*** SUMMARY ***
Total pot $30 | Rake $0.50
Board [Ts 2h Td Jd Ah]
Seat 3: wesdeluxe (big blind) showed [7c As] and won ($29.50) with two pair, Aces and Tens
Seat 4: kolaz03 (button) (small blind) mucked


PokerStars Hand #152702673944:  Hold'em Limit ($3/$6 USD) - 2016/05/01 10:04:02 ET
Table 'Menkab' 6-max Seat #3 is the button
Seat 3: wesdeluxe ($171.13 in chips)
Seat 4: kolaz03 ($72 in chips)
wesdeluxe: posts small blind $1
kolaz03: posts big blind $3
*** HOLE CARDS ***
wesdeluxe: raises $3 to $6
kolaz03: raises $3 to $9
wesdeluxe: calls $3
*** FLOP *** [As Jd Jh]
kolaz03: bets $3
wesdeluxe: folds
Uncalled bet ($3) returned to kolaz03
kolaz03 collected $17.64 from pot
kolaz03: doesn't show hand
*** SUMMARY ***
Total pot $18 | Rake $0.36
Board [As Jd Jh]
Seat 3: wesdeluxe (button) (small blind) folded on the Flop
Seat 4: kolaz03 (big blind) collected ($17.64)


PokerStars Hand #152702682576:  Hold'em Limit ($3/$6 USD) - 2016/05/01 10:04:16 ET
Table 'Menkab' 6-max Seat #4 is the button
Seat 3: wesdeluxe ($162.13 in chips)
Seat 4: kolaz03 ($80.64 in chips)
kolaz03: posts small blind $1
wesdeluxe: posts big blind $3
*** HOLE CARDS ***
kolaz03: folds
Uncalled bet ($2) returned to wesdeluxe
wesdeluxe collected $2 from pot
wesdeluxe: doesn't show hand
*** SUMMARY ***
Total pot $2 | Rake $0
Seat 3: wesdeluxe (big blind) collected ($2)
Seat 4: kolaz03 (button) (small blind) folded before Flop


PokerStars Hand #152702686692:  Hold'em Limit ($3/$6 USD) - 2016/05/01 10:04:23 ET
Table 'Menkab' 6-max Seat #3 is the button
Seat 3: wesdeluxe ($163.13 in chips)
Seat 4: kolaz03 ($79.64 in chips)
wesdeluxe: posts small blind $1
kolaz03: posts big blind $3
*** HOLE CARDS ***
wesdeluxe: raises $3 to $6
kolaz03: raises $3 to $9
wesdeluxe: calls $3
*** FLOP *** [3h Qc 5s]
kolaz03: bets $3
wesdeluxe: calls $3
*** TURN *** [3h Qc 5s] [2s]
kolaz03: checks
wesdeluxe: bets $6
kolaz03: calls $6
*** RIVER *** [3h Qc 5s 2s] [Kh]
kolaz03: checks
wesdeluxe: bets $6
kolaz03: raises $6 to $12
wesdeluxe: folds
Uncalled bet ($6) returned to kolaz03
kolaz03 collected $47.50 from pot
kolaz03: doesn't show hand
*** SUMMARY ***
Total pot $48 | Rake $0.50
Board [3h Qc 5s 2s Kh]
Seat 3: wesdeluxe (button) (small blind) folded on the River
Seat 4: kolaz03 (big blind) collected ($47.50)


PokerStars Hand #152702697557:  Hold'em Limit ($3/$6 USD) - 2016/05/01 10:04:40 ET
Table 'Menkab' 6-max Seat #4 is the button
Seat 3: wesdeluxe ($139.13 in chips)
Seat 4: kolaz03 ($103.14 in chips)
kolaz03: posts small blind $1
wesdeluxe: posts big blind $3
*** HOLE CARDS ***
kolaz03: raises $3 to $6
wesdeluxe: folds
Uncalled bet ($3) returned to kolaz03
kolaz03 collected $6 from pot
kolaz03: doesn't show hand
*** SUMMARY ***
Total pot $6 | Rake $0
Seat 3: wesdeluxe (big blind) folded before Flop
Seat 4: kolaz03 (button) (small blind) collected ($6)


