PokerStars Hand #147935181901:  Hold'em Limit ($3/$6 USD) - 2016/01/30 10:45:55 ET
Table 'Menkab II' 2-max Seat #1 is the button
Seat 1: favete lin ($73 in chips)
Seat 2: EZB2002 ($119 in chips)
favete lin: posts small blind $1
EZB2002: posts big blind $3
*** HOLE CARDS ***
favete lin has timed out
favete lin: folds
Uncalled bet ($2) returned to EZB2002
EZB2002 collected $2 from pot
EZB2002: doesn't show hand
*** SUMMARY ***
Total pot $2 | Rake $0
Seat 1: favete lin (button) (small blind) folded before Flop
Seat 2: EZB2002 (big blind) collected ($2)


PokerStars Hand #147936166494:  Hold'em Limit ($3/$6 USD) - 2016/01/30 11:04:48 ET
Table 'Menkab II' 6-max Seat #3 is the button
Seat 3: Puzanchik 11 ($30.48 in chips)
Seat 4: AzureCaper ($89.50 in chips)
Puzanchik 11: posts small blind $1
AzureCaper: posts big blind $3
*** HOLE CARDS ***
Puzanchik 11: raises $3 to $6
cashmuzi joins the table at seat #2
AzureCaper: calls $3
*** FLOP *** [8s 3h Qd]
AzureCaper: checks
BelSv joins the table at seat #5
Puzanchik 11: bets $3
AzureCaper: raises $3 to $6
Puzanchik 11: calls $3
*** TURN *** [8s 3h Qd] [6d]
AzureCaper: bets $6
Puzanchik 11: raises $6 to $12
AzureCaper: folds
Uncalled bet ($6) returned to Puzanchik 11
Puzanchik 11 collected $35.50 from pot
Philly0813 joins the table at seat #1
*** SUMMARY ***
Total pot $36 | Rake $0.50
Board [8s 3h Qd 6d]
Seat 3: Puzanchik 11 (button) (small blind) collected ($35.50)
Seat 4: AzureCaper (big blind) folded on the Turn


PokerStars Hand #147938388645:  Hold'em Limit ($3/$6 USD) - 2016/01/30 11:43:29 ET
Table 'Menkab II' 6-max Seat #6 is the button
Seat 1: aless284 ($290.17 in chips)
Seat 6: igmade ($144.37 in chips)
igmade: posts small blind $1
aless284: posts big blind $3
*** HOLE CARDS ***
igmade: raises $3 to $6
aless284: folds
Uncalled bet ($3) returned to igmade
igmade collected $6 from pot
igmade: doesn't show hand
*** SUMMARY ***
Total pot $6 | Rake $0
Seat 1: aless284 (big blind) folded before Flop
Seat 6: igmade (button) (small blind) collected ($6)


PokerStars Hand #147938371603:  Hold'em Limit ($3/$6 USD) - 2016/01/30 11:43:11 ET
Table 'Menkab II' 6-max Seat #1 is the button
Seat 1: aless284 ($266.67 in chips)
Seat 6: igmade ($168.37 in chips)
aless284: posts small blind $1
igmade: posts big blind $3
*** HOLE CARDS ***
aless284: raises $3 to $6
igmade: raises $3 to $9
aless284: calls $3
*** FLOP *** [8c 6c Kc]
igmade: bets $3
aless284: calls $3
*** TURN *** [8c 6c Kc] [Th]
igmade: bets $6
aless284: raises $6 to $12
igmade: calls $6
*** RIVER *** [8c 6c Kc Th] [5c]
igmade: checks
aless284: checks
*** SHOW DOWN ***
igmade: shows [8s Qh] (a pair of Eights)
aless284: shows [Ks 9c] (a flush, King high)
aless284 collected $47.50 from pot
*** SUMMARY ***
Total pot $48 | Rake $0.50
Board [8c 6c Kc Th 5c]
Seat 1: aless284 (button) (small blind) showed [Ks 9c] and won ($47.50) with a flush, King high
Seat 6: igmade (big blind) showed [8s Qh] and lost with a pair of Eights


PokerStars Hand #147938362515:  Hold'em Limit ($3/$6 USD) - 2016/01/30 11:43:01 ET
Table 'Menkab II' 6-max Seat #6 is the button
Seat 1: aless284 ($272.67 in chips)
Seat 6: igmade ($162.61 in chips)
igmade: posts small blind $1
aless284: posts big blind $3
*** HOLE CARDS ***
igmade: raises $3 to $6
aless284: calls $3
*** FLOP *** [5d 5s 3s]
aless284: checks
igmade: bets $3
aless284: folds
Uncalled bet ($3) returned to igmade
igmade collected $11.76 from pot
igmade: doesn't show hand
*** SUMMARY ***
Total pot $12 | Rake $0.24
Board [5d 5s 3s]
Seat 1: aless284 (big blind) folded on the Flop
Seat 6: igmade (button) (small blind) collected ($11.76)


PokerStars Hand #147938349088:  Hold'em Limit ($3/$6 USD) - 2016/01/30 11:42:47 ET
Table 'Menkab II' 6-max Seat #1 is the button
Seat 1: aless284 ($281.67 in chips)
Seat 6: igmade ($153.97 in chips)
aless284: posts small blind $1
Chessnok: is sitting out
igmade: posts big blind $3
*** HOLE CARDS ***
aless284: raises $3 to $6
igmade: raises $3 to $9
aless284: calls $3
*** FLOP *** [Jh Kc 8h]
igmade: bets $3
aless284: folds
Uncalled bet ($3) returned to igmade
igmade collected $17.64 from pot
igmade: doesn't show hand
*** SUMMARY ***
Total pot $18 | Rake $0.36
Board [Jh Kc 8h]
Seat 1: aless284 (button) (small blind) folded on the Flop
Seat 6: igmade (big blind) collected ($17.64)


PokerStars Hand #147938447649:  Hold'em Limit ($3/$6 USD) - 2016/01/30 11:44:32 ET
Table 'Menkab II' 6-max Seat #6 is the button
Seat 1: aless284 ($309.42 in chips)
Seat 6: igmade ($124.12 in chips)
igmade: posts small blind $1
aless284: posts big blind $3
*** HOLE CARDS ***
igmade: folds
Uncalled bet ($2) returned to aless284
aless284 collected $2 from pot
aless284: doesn't show hand
*** SUMMARY ***
Total pot $2 | Rake $0
Seat 1: aless284 (big blind) collected ($2)
Seat 6: igmade (button) (small blind) folded before Flop


PokerStars Hand #147938439988:  Hold'em Limit ($3/$6 USD) - 2016/01/30 11:44:24 ET
Table 'Menkab II' 6-max Seat #1 is the button
Seat 1: aless284 ($310.42 in chips)
Seat 6: igmade ($123.12 in chips)
aless284: posts small blind $1
igmade: posts big blind $3
*** HOLE CARDS ***
aless284: folds
Uncalled bet ($2) returned to igmade
igmade collected $2 from pot
igmade: doesn't show hand
*** SUMMARY ***
Total pot $2 | Rake $0
Seat 1: aless284 (button) (small blind) folded before Flop
Seat 6: igmade (big blind) collected ($2)


PokerStars Hand #147938417543:  Hold'em Limit ($3/$6 USD) - 2016/01/30 11:44:00 ET
Table 'Menkab II' 6-max Seat #6 is the button
Seat 1: aless284 ($286.92 in chips)
Seat 6: igmade ($147.12 in chips)
igmade: posts small blind $1
aless284: posts big blind $3
*** HOLE CARDS ***
igmade: raises $3 to $6
aless284: calls $3
*** FLOP *** [4h 2c 6c]
aless284: checks
igmade: bets $3
aless284: raises $3 to $6
igmade: calls $3
*** TURN *** [4h 2c 6c] [6h]
aless284: bets $6
igmade: calls $6
*** RIVER *** [4h 2c 6c 6h] [9s]
aless284: bets $6
igmade: calls $6
*** SHOW DOWN ***
aless284: shows [6d Ah] (three of a kind, Sixes)
igmade: mucks hand
aless284 collected $47.50 from pot
*** SUMMARY ***
Total pot $48 | Rake $0.50
Board [4h 2c 6c 6h 9s]
Seat 1: aless284 (big blind) showed [6d Ah] and won ($47.50) with three of a kind, Sixes
Seat 6: igmade (button) (small blind) mucked


PokerStars Hand #147938395750:  Hold'em Limit ($3/$6 USD) - 2016/01/30 11:43:36 ET
Table 'Menkab II' 6-max Seat #1 is the button
Seat 1: aless284 ($287.17 in chips)
Seat 6: igmade ($147.37 in chips)
aless284: posts small blind $1
igmade: posts big blind $3
*** HOLE CARDS ***
aless284: raises $3 to $6
igmade: calls $3
*** FLOP *** [Kc 7h 5d]
igmade: checks
aless284: bets $3
igmade: raises $3 to $6
aless284: raises $3 to $9
igmade: raises $3 to $12
Betting is capped
aless284: calls $3
*** TURN *** [Kc 7h 5d] [2h]
igmade: bets $6
aless284: calls $6
*** RIVER *** [Kc 7h 5d 2h] [6d]
igmade: bets $6
aless284: calls $6
*** SHOW DOWN ***
igmade: shows [8c 6h] (a pair of Sixes)
aless284: shows [8h 6c] (a pair of Sixes)
igmade collected $29.75 from pot
aless284 collected $29.75 from pot
*** SUMMARY ***
Total pot $60 | Rake $0.50
Board [Kc 7h 5d 2h 6d]
Seat 1: aless284 (button) (small blind) showed [8h 6c] and won ($29.75) with a pair of Sixes
Seat 6: igmade (big blind) showed [8c 6h] and won ($29.75) with a pair of Sixes


PokerStars Hand #147938475389:  Hold'em Limit ($3/$6 USD) - 2016/01/30 11:45:01 ET
Table 'Menkab II' 6-max Seat #6 is the button
Seat 1: aless284 ($295.42 in chips)
Seat 6: igmade ($137.62 in chips)
igmade: posts small blind $1
aless284: posts big blind $3
*** HOLE CARDS ***
igmade: calls $2
aless284: raises $3 to $6
igmade: calls $3
*** FLOP *** [2h 4s Ac]
aless284: bets $3
igmade: folds
Uncalled bet ($3) returned to aless284
aless284 collected $11.76 from pot
aless284: doesn't show hand
*** SUMMARY ***
Total pot $12 | Rake $0.24
Board [2h 4s Ac]
Seat 1: aless284 (big blind) collected ($11.76)
Seat 6: igmade (button) (small blind) folded on the Flop


PokerStars Hand #147938451806:  Hold'em Limit ($3/$6 USD) - 2016/01/30 11:44:36 ET
Table 'Menkab II' 6-max Seat #1 is the button
Seat 1: aless284 ($310.42 in chips)
Seat 6: igmade ($123.12 in chips)
aless284: posts small blind $1
igmade: posts big blind $3
*** HOLE CARDS ***
aless284: raises $3 to $6
igmade: calls $3
*** FLOP *** [Qc 4h Ac]
igmade: checks
aless284: bets $3
igmade: calls $3
*** TURN *** [Qc 4h Ac] [4s]
igmade: checks
aless284: bets $6
igmade: calls $6
*** RIVER *** [Qc 4h Ac 4s] [Ad]
igmade: checks
aless284: checks
*** SHOW DOWN ***
igmade: shows [Ah 9c] (a full house, Aces full of Fours)
aless284: mucks hand
igmade collected $29.50 from pot
*** SUMMARY ***
Total pot $30 | Rake $0.50
Board [Qc 4h Ac 4s Ad]
Seat 1: aless284 (button) (small blind) mucked
Seat 6: igmade (big blind) showed [Ah 9c] and won ($29.50) with a full house, Aces full of Fours


PokerStars Hand #147938520957:  Hold'em Limit ($3/$6 USD) - 2016/01/30 11:45:50 ET
Table 'Menkab II' 6-max Seat #6 is the button
Seat 3: Chessnok ($224.61 in chips)
Seat 6: igmade ($117.62 in chips)
igmade: posts small blind $1
Chessnok: posts big blind $3
*** HOLE CARDS ***
igmade: raises $3 to $6
Chessnok: raises $3 to $9
igmade: calls $3
*** FLOP *** [Jc Kd 2s]
Chessnok: bets $3
igmade: calls $3
*** TURN *** [Jc Kd 2s] [Th]
Chessnok: bets $6
igmade: raises $6 to $12
Chessnok: calls $6
*** RIVER *** [Jc Kd 2s Th] [2h]
Chessnok: checks
igmade: bets $6
Chessnok: calls $6
*** SHOW DOWN ***
igmade: shows [Qs 9s] (a straight, Nine to King)
Chessnok: mucks hand
igmade collected $59.50 from pot
*** SUMMARY ***
Total pot $60 | Rake $0.50
Board [Jc Kd 2s Th 2h]
Seat 3: Chessnok (big blind) mucked
Seat 6: igmade (button) (small blind) showed [Qs 9s] and won ($59.50) with a straight, Nine to King


PokerStars Hand #147938549132:  Hold'em Limit ($3/$6 USD) - 2016/01/30 11:46:20 ET
Table 'Menkab II' 6-max Seat #3 is the button
Seat 3: Chessnok ($194.61 in chips)
Seat 6: igmade ($147.12 in chips)
Chessnok: posts small blind $1
igmade: posts big blind $3
*** HOLE CARDS ***
Chessnok: raises $3 to $6
igmade: raises $3 to $9
Chessnok: calls $3
*** FLOP *** [5d 8d 2d]
igmade: bets $3
Chessnok: folds
Uncalled bet ($3) returned to igmade
igmade collected $17.64 from pot
igmade: doesn't show hand
*** SUMMARY ***
Total pot $18 | Rake $0.36
Board [5d 8d 2d]
Seat 3: Chessnok (button) (small blind) folded on the Flop
Seat 6: igmade (big blind) collected ($17.64)


PokerStars Hand #147938558907:  Hold'em Limit ($3/$6 USD) - 2016/01/30 11:46:30 ET
Table 'Menkab II' 6-max Seat #6 is the button
Seat 3: Chessnok ($185.61 in chips)
Seat 6: igmade ($155.76 in chips)
igmade: posts small blind $1
Chessnok: posts big blind $3
*** HOLE CARDS ***
igmade: raises $3 to $6
Chessnok: raises $3 to $9
igmade: raises $3 to $12
Betting is capped
Chessnok: calls $3
*** FLOP *** [5s 3h Js]
Chessnok: checks
igmade: bets $3
Chessnok: calls $3
*** TURN *** [5s 3h Js] [As]
Chessnok: checks
igmade: bets $6
Chessnok: folds
Uncalled bet ($6) returned to igmade
igmade collected $29.50 from pot
igmade: doesn't show hand
*** SUMMARY ***
Total pot $30 | Rake $0.50
Board [5s 3h Js As]
Seat 3: Chessnok (big blind) folded on the Turn
Seat 6: igmade (button) (small blind) collected ($29.50)


PokerStars Hand #147938575915:  Hold'em Limit ($3/$6 USD) - 2016/01/30 11:46:48 ET
Table 'Menkab II' 6-max Seat #3 is the button
Seat 3: Chessnok ($170.61 in chips)
Seat 6: igmade ($170.26 in chips)
Chessnok: posts small blind $1
igmade: posts big blind $3
*** HOLE CARDS ***
Chessnok: raises $3 to $6
igmade: calls $3
*** FLOP *** [9c 4c Th]
igmade: bets $3
Chessnok: raises $3 to $6
igmade: calls $3
*** TURN *** [9c 4c Th] [4d]
igmade: checks
Chessnok: checks
*** RIVER *** [9c 4c Th 4d] [Kd]
igmade: checks
Chessnok: checks
*** SHOW DOWN ***
igmade: shows [2c Qs] (a pair of Fours)
Chessnok: shows [Qh 8c] (a pair of Fours)
igmade collected $11.76 from pot
Chessnok collected $11.76 from pot
*** SUMMARY ***
Total pot $24 | Rake $0.48
Board [9c 4c Th 4d Kd]
Seat 3: Chessnok (button) (small blind) showed [Qh 8c] and won ($11.76) with a pair of Fours
Seat 6: igmade (big blind) showed [2c Qs] and won ($11.76) with a pair of Fours


PokerStars Hand #147938610402:  Hold'em Limit ($3/$6 USD) - 2016/01/30 11:47:24 ET
Table 'Menkab II' 6-max Seat #6 is the button
Seat 3: Chessnok ($170.37 in chips)
Seat 6: igmade ($170.02 in chips)
igmade: posts small blind $1
Chessnok: posts big blind $3
*** HOLE CARDS ***
igmade: raises $3 to $6
Chessnok: calls $3
*** FLOP *** [Jc 8c 4h]
Chessnok: checks
igmade: bets $3
Chessnok: calls $3
*** TURN *** [Jc 8c 4h] [7c]
Chessnok: checks
igmade: checks
*** RIVER *** [Jc 8c 4h 7c] [Ah]
Chessnok: bets $6
igmade: calls $6
*** SHOW DOWN ***
Chessnok: shows [6h 5s] (a straight, Four to Eight)
igmade: mucks hand
Chessnok collected $29.50 from pot
*** SUMMARY ***
Total pot $30 | Rake $0.50
Board [Jc 8c 4h 7c Ah]
Seat 3: Chessnok (big blind) showed [6h 5s] and won ($29.50) with a straight, Four to Eight
Seat 6: igmade (button) (small blind) mucked


PokerStars Hand #147938632755:  Hold'em Limit ($3/$6 USD) - 2016/01/30 11:47:48 ET
Table 'Menkab II' 6-max Seat #3 is the button
Seat 3: Chessnok ($184.87 in chips)
Seat 6: igmade ($155.02 in chips)
Chessnok: posts small blind $1
igmade: posts big blind $3
*** HOLE CARDS ***
Chessnok: folds
Uncalled bet ($2) returned to igmade
igmade collected $2 from pot
igmade: doesn't show hand
*** SUMMARY ***
Total pot $2 | Rake $0
Seat 3: Chessnok (button) (small blind) folded before Flop
Seat 6: igmade (big blind) collected ($2)


PokerStars Hand #147938637608:  Hold'em Limit ($3/$6 USD) - 2016/01/30 11:47:53 ET
Table 'Menkab II' 6-max Seat #6 is the button
Seat 3: Chessnok ($183.87 in chips)
Seat 6: igmade ($156.02 in chips)
igmade: posts small blind $1
Chessnok: posts big blind $3
*** HOLE CARDS ***
igmade: folds
Uncalled bet ($2) returned to Chessnok
Chessnok collected $2 from pot
Chessnok: doesn't show hand
*** SUMMARY ***
Total pot $2 | Rake $0
Seat 3: Chessnok (big blind) collected ($2)
Seat 6: igmade (button) (small blind) folded before Flop


PokerStars Hand #147938675126:  Hold'em Limit ($3/$6 USD) - 2016/01/30 11:48:33 ET
Table 'Menkab II' 6-max Seat #3 is the button
Seat 3: Chessnok ($184.87 in chips)
Seat 6: igmade ($155.02 in chips)
Chessnok: posts small blind $1
igmade: posts big blind $3
*** HOLE CARDS ***
Chessnok: raises $3 to $6
igmade: calls $3
*** FLOP *** [6d Qh Jd]
igmade: checks
Chessnok: bets $3
igmade: folds
Uncalled bet ($3) returned to Chessnok
Chessnok collected $11.76 from pot
Chessnok: doesn't show hand
*** SUMMARY ***
Total pot $12 | Rake $0.24
Board [6d Qh Jd]
Seat 3: Chessnok (button) (small blind) collected ($11.76)
Seat 6: igmade (big blind) folded on the Flop


PokerStars Hand #147938719088:  Hold'em Limit ($3/$6 USD) - 2016/01/30 11:49:21 ET
Table 'Menkab II' 6-max Seat #6 is the button
Seat 3: Chessnok ($207.91 in chips)
Seat 6: igmade ($192.43 in chips)
igmade: posts small blind $1
Chessnok: posts big blind $3
*** HOLE CARDS ***
igmade: raises $3 to $6
Chessnok: raises $3 to $9
igmade: raises $3 to $12
Betting is capped
Chessnok: calls $3
*** FLOP *** [6d Jc 9d]
Chessnok: checks
igmade: bets $3
Chessnok: calls $3
*** TURN *** [6d Jc 9d] [4d]
Chessnok: checks
igmade: checks
*** RIVER *** [6d Jc 9d 4d] [Ac]
Chessnok: checks
igmade: bets $6
Chessnok: calls $6
*** SHOW DOWN ***
igmade: shows [As Qc] (a pair of Aces)
Chessnok: mucks hand
igmade collected $41.50 from pot
*** SUMMARY ***
Total pot $42 | Rake $0.50
Board [6d Jc 9d 4d Ac]
Seat 3: Chessnok (big blind) mucked
Seat 6: igmade (button) (small blind) showed [As Qc] and won ($41.50) with a pair of Aces


PokerStars Hand #147938739043:  Hold'em Limit ($3/$6 USD) - 2016/01/30 11:49:43 ET
Table 'Menkab II' 6-max Seat #3 is the button
Seat 3: Chessnok ($186.91 in chips)
Seat 6: igmade ($212.93 in chips)
Chessnok: posts small blind $1
igmade: posts big blind $3
*** HOLE CARDS ***
Chessnok: raises $3 to $6
igmade: raises $3 to $9
Chessnok: calls $3
*** FLOP *** [As 4h 9h]
igmade: bets $3
Chessnok: folds
Uncalled bet ($3) returned to igmade
igmade collected $17.64 from pot
igmade: doesn't show hand
*** SUMMARY ***
Total pot $18 | Rake $0.36
Board [As 4h 9h]
Seat 3: Chessnok (button) (small blind) folded on the Flop
Seat 6: igmade (big blind) collected ($17.64)


PokerStars Hand #147938687879:  Hold'em Limit ($3/$6 USD) - 2016/01/30 11:48:47 ET
Table 'Menkab II' 6-max Seat #6 is the button
Seat 3: Chessnok ($190.63 in chips)
Seat 6: igmade ($149.02 in chips)
igmade: posts small blind $1
Chessnok: posts big blind $3
*** HOLE CARDS ***
igmade: raises $3 to $6
Chessnok: raises $3 to $9
igmade: calls $3
*** FLOP *** [2c 5s 8d]
Chessnok: bets $3
igmade: calls $3
*** TURN *** [2c 5s 8d] [4d]
Chessnok: bets $6
igmade: folds
Uncalled bet ($6) returned to Chessnok
Chessnok collected $23.52 from pot
Chessnok: doesn't show hand
*** SUMMARY ***
Total pot $24 | Rake $0.48
Board [2c 5s 8d 4d]
Seat 3: Chessnok (big blind) collected ($23.52)
Seat 6: igmade (button) (small blind) folded on the Turn


PokerStars Hand #147938702796:  Hold'em Limit ($3/$6 USD) - 2016/01/30 11:49:03 ET
Table 'Menkab II' 6-max Seat #3 is the button
Seat 3: Chessnok ($202.15 in chips)
Seat 6: igmade ($137.02 in chips)
Chessnok: posts small blind $1
igmade: posts big blind $3
*** HOLE CARDS ***
Chessnok: raises $3 to $6
igmade: calls $3
*** FLOP *** [9c 9h Ad]
igmade: checks
Chessnok: bets $3
igmade: folds
Uncalled bet ($3) returned to Chessnok
Chessnok collected $11.76 from pot
Chessnok: doesn't show hand
*** SUMMARY ***
Total pot $12 | Rake $0.24
Board [9c 9h Ad]
Seat 3: Chessnok (button) (small blind) collected ($11.76)
Seat 6: igmade (big blind) folded on the Flop


PokerStars Hand #147938764697:  Hold'em Limit ($3/$6 USD) - 2016/01/30 11:50:10 ET
Table 'Menkab II' 6-max Seat #3 is the button
Seat 3: Chessnok ($147.91 in chips)
Seat 6: igmade ($251.07 in chips)
Chessnok: posts small blind $1
igmade: posts big blind $3
*** HOLE CARDS ***
Chessnok: raises $3 to $6
igmade: raises $3 to $9
Chessnok: calls $3
*** FLOP *** [Qh 7d 2c]
igmade: bets $3
Chessnok: folds
Uncalled bet ($3) returned to igmade
igmade collected $17.64 from pot
igmade: doesn't show hand
*** SUMMARY ***
Total pot $18 | Rake $0.36
Board [Qh 7d 2c]
Seat 3: Chessnok (button) (small blind) folded on the Flop
Seat 6: igmade (big blind) collected ($17.64)


PokerStars Hand #147938790781:  Hold'em Limit ($3/$6 USD) - 2016/01/30 11:50:38 ET
Table 'Menkab II' 6-max Seat #3 is the button
Seat 3: Chessnok ($114.91 in chips)
Seat 6: igmade ($283.21 in chips)
Chessnok: posts small blind $1
igmade: posts big blind $3
*** HOLE CARDS ***
Chessnok: folds
Uncalled bet ($2) returned to igmade
igmade collected $2 from pot
igmade: doesn't show hand
*** SUMMARY ***
Total pot $2 | Rake $0
Seat 3: Chessnok (button) (small blind) folded before Flop
Seat 6: igmade (big blind) collected ($2)


PokerStars Hand #147938774500:  Hold'em Limit ($3/$6 USD) - 2016/01/30 11:50:21 ET
Table 'Menkab II' 6-max Seat #6 is the button
Seat 3: Chessnok ($138.91 in chips)
Seat 6: igmade ($259.71 in chips)
igmade: posts small blind $1
Chessnok: posts big blind $3
*** HOLE CARDS ***
igmade: raises $3 to $6
Chessnok: raises $3 to $9
igmade: calls $3
*** FLOP *** [3h Jh Ac]
Chessnok: bets $3
igmade: calls $3
*** TURN *** [3h Jh Ac] [5c]
Chessnok: bets $6
igmade: calls $6
*** RIVER *** [3h Jh Ac 5c] [Ks]
Chessnok: checks
igmade: bets $6
Chessnok: calls $6
*** SHOW DOWN ***
igmade: shows [8c Jc] (a pair of Jacks)
Chessnok: mucks hand
igmade collected $47.50 from pot
*** SUMMARY ***
Total pot $48 | Rake $0.50
Board [3h Jh Ac 5c Ks]
Seat 3: Chessnok (big blind) mucked
Seat 6: igmade (button) (small blind) showed [8c Jc] and won ($47.50) with a pair of Jacks


PokerStars Hand #147938748098:  Hold'em Limit ($3/$6 USD) - 2016/01/30 11:49:52 ET
Table 'Menkab II' 6-max Seat #6 is the button
Seat 3: Chessnok ($177.91 in chips)
Seat 6: igmade ($221.57 in chips)
igmade: posts small blind $1
Chessnok: posts big blind $3
*** HOLE CARDS ***
igmade: raises $3 to $6
Chessnok: calls $3
*** FLOP *** [Ks 2h 7h]
Chessnok: checks
igmade: bets $3
Chessnok: raises $3 to $6
igmade: raises $3 to $9
Chessnok: raises $3 to $12
Betting is capped
igmade: calls $3
*** TURN *** [Ks 2h 7h] [6d]
Chessnok: bets $6
igmade: calls $6
*** RIVER *** [Ks 2h 7h 6d] [8d]
Chessnok: bets $6
igmade: calls $6
*** SHOW DOWN ***
Chessnok: shows [Jh 3h] (high card King)
igmade: shows [Ad 2s] (a pair of Deuces)
igmade collected $59.50 from pot
*** SUMMARY ***
Total pot $60 | Rake $0.50
Board [Ks 2h 7h 6d 8d]
Seat 3: Chessnok (big blind) showed [Jh 3h] and lost with high card King
Seat 6: igmade (button) (small blind) showed [Ad 2s] and won ($59.50) with a pair of Deuces


PokerStars Hand #147938795376:  Hold'em Limit ($3/$6 USD) - 2016/01/30 11:50:43 ET
Table 'Menkab II' 6-max Seat #6 is the button
Seat 3: Chessnok ($113.91 in chips)
Seat 6: igmade ($284.21 in chips)
igmade: posts small blind $1
Chessnok: posts big blind $3
*** HOLE CARDS ***
igmade has timed out
igmade: folds
Uncalled bet ($2) returned to Chessnok
Chessnok collected $2 from pot
Chessnok: doesn't show hand
*** SUMMARY ***
Total pot $2 | Rake $0
Seat 3: Chessnok (big blind) collected ($2)
Seat 6: igmade (button) (small blind) folded before Flop


