PokerStars Hand #176284361906:  Hold'em Limit ($3/$6 USD) - 2017/09/29 17:34:56 ET
Table 'Menkent II' 6-max Seat #4 is the button
Seat 3: libaikang ($119 in chips)
Seat 4: Ag3r0n ($73 in chips)
Ag3r0n: posts small blind $1
libaikang: posts big blind $3
*** HOLE CARDS ***
Ag3r0n: raises $3 to $6
libaikang: folds
Uncalled bet ($3) returned to Ag3r0n
Ag3r0n collected $6 from pot
Ag3r0n: doesn't show hand
*** SUMMARY ***
Total pot $6 | Rake $0
Seat 3: libaikang (big blind) folded before Flop
Seat 4: Ag3r0n (button) (small blind) collected ($6)


PokerStars Hand #176284356235:  Hold'em Limit ($3/$6 USD) - 2017/09/29 17:34:48 ET
Table 'Menkent II' 6-max Seat #3 is the button
Seat 3: libaikang ($120 in chips)
Seat 4: Ag3r0n ($72 in chips)
libaikang: posts small blind $1
Ag3r0n: posts big blind $3
*** HOLE CARDS ***
libaikang: folds
Uncalled bet ($2) returned to Ag3r0n
Ag3r0n collected $2 from pot
Ag3r0n: doesn't show hand
*** SUMMARY ***
Total pot $2 | Rake $0
Seat 3: libaikang (button) (small blind) folded before Flop
Seat 4: Ag3r0n (big blind) collected ($2)


PokerStars Hand #176284366579:  Hold'em Limit ($3/$6 USD) - 2017/09/29 17:35:02 ET
Table 'Menkent II' 6-max Seat #3 is the button
Seat 3: libaikang ($116 in chips)
Seat 4: Ag3r0n ($76 in chips)
libaikang: posts small blind $1
Ag3r0n: posts big blind $3
*** HOLE CARDS ***
libaikang: raises $3 to $6
Ag3r0n: calls $3
*** FLOP *** [8c Tc Kh]
Ag3r0n: checks
libaikang: checks
*** TURN *** [8c Tc Kh] [8s]
Ag3r0n: checks
libaikang: checks
*** RIVER *** [8c Tc Kh 8s] [3h]
Ag3r0n: checks
libaikang: bets $6
Ag3r0n: folds
Uncalled bet ($6) returned to libaikang
libaikang collected $11.76 from pot
libaikang: doesn't show hand
*** SUMMARY ***
Total pot $12 | Rake $0.24
Board [8c Tc Kh 8s 3h]
Seat 3: libaikang (button) (small blind) collected ($11.76)
Seat 4: Ag3r0n (big blind) folded on the River


PokerStars Hand #176284380150:  Hold'em Limit ($3/$6 USD) - 2017/09/29 17:35:20 ET
Table 'Menkent II' 6-max Seat #4 is the button
Seat 3: libaikang ($121.76 in chips)
Seat 4: Ag3r0n ($72 in chips)
Ag3r0n: posts small blind $1
libaikang: posts big blind $3
*** HOLE CARDS ***
Ag3r0n: raises $3 to $6
libaikang: calls $3
*** FLOP *** [7c 8d 3d]
libaikang: checks
Ag3r0n: checks
*** TURN *** [7c 8d 3d] [2s]
libaikang: checks
Ag3r0n: checks
*** RIVER *** [7c 8d 3d 2s] [Qs]
libaikang: checks
Ag3r0n: checks
*** SHOW DOWN ***
libaikang: shows [9s 4c] (high card Queen)
Ag3r0n: shows [Jc 6h] (high card Queen - Jack kicker)
Ag3r0n collected $11.76 from pot
*** SUMMARY ***
Total pot $12 | Rake $0.24
Board [7c 8d 3d 2s Qs]
Seat 3: libaikang (big blind) showed [9s 4c] and lost with high card Queen
Seat 4: Ag3r0n (button) (small blind) showed [Jc 6h] and won ($11.76) with high card Queen


PokerStars Hand #176284419949:  Hold'em Limit ($3/$6 USD) - 2017/09/29 17:36:15 ET
Table 'Menkent II' 6-max Seat #3 is the button
Seat 3: libaikang ($76.76 in chips)
Seat 4: Ag3r0n ($115.76 in chips)
libaikang: posts small blind $1
Ag3r0n: posts big blind $3
*** HOLE CARDS ***
libaikang: folds
Uncalled bet ($2) returned to Ag3r0n
Ag3r0n collected $2 from pot
Ag3r0n: doesn't show hand
*** SUMMARY ***
Total pot $2 | Rake $0
Seat 3: libaikang (button) (small blind) folded before Flop
Seat 4: Ag3r0n (big blind) collected ($2)


PokerStars Hand #176284404922:  Hold'em Limit ($3/$6 USD) - 2017/09/29 17:35:54 ET
Table 'Menkent II' 6-max Seat #4 is the button
Seat 3: libaikang ($91.76 in chips)
Seat 4: Ag3r0n ($101.26 in chips)
Ag3r0n: posts small blind $1
libaikang: posts big blind $3
*** HOLE CARDS ***
Ag3r0n: raises $3 to $6
libaikang: raises $3 to $9
Ag3r0n: raises $3 to $12
Betting is capped
libaikang: calls $3
*** FLOP *** [6c 6h 7d]
libaikang: bets $3
Ag3r0n: calls $3
*** TURN *** [6c 6h 7d] [Qh]
libaikang: checks
Ag3r0n: checks
*** RIVER *** [6c 6h 7d Qh] [Qd]
libaikang: checks
Ag3r0n: checks
*** SHOW DOWN ***
libaikang: shows [8h Td] (two pair, Queens and Sixes)
Ag3r0n: shows [Ac Jc] (two pair, Queens and Sixes - Ace kicker)
Ag3r0n collected $29.50 from pot
*** SUMMARY ***
Total pot $30 | Rake $0.50
Board [6c 6h 7d Qh Qd]
Seat 3: libaikang (big blind) showed [8h Td] and lost with two pair, Queens and Sixes
Seat 4: Ag3r0n (button) (small blind) showed [Ac Jc] and won ($29.50) with two pair, Queens and Sixes


PokerStars Hand #176284424300:  Hold'em Limit ($3/$6 USD) - 2017/09/29 17:36:21 ET
Table 'Menkent II' 6-max Seat #4 is the button
Seat 3: libaikang ($75.76 in chips)
Seat 4: Ag3r0n ($116.76 in chips)
Ag3r0n: posts small blind $1
libaikang: posts big blind $3
*** HOLE CARDS ***
Ag3r0n: raises $3 to $6
libaikang: raises $3 to $9
Ag3r0n: calls $3
*** FLOP *** [Jh Ks Ts]
libaikang: bets $3
Ag3r0n: calls $3
*** TURN *** [Jh Ks Ts] [6d]
libaikang: bets $6
Ag3r0n: calls $6
*** RIVER *** [Jh Ks Ts 6d] [4c]
libaikang: bets $6
Ag3r0n: folds
Uncalled bet ($6) returned to libaikang
libaikang collected $35.50 from pot
libaikang: doesn't show hand
*** SUMMARY ***
Total pot $36 | Rake $0.50
Board [Jh Ks Ts 6d 4c]
Seat 3: libaikang (big blind) collected ($35.50)
Seat 4: Ag3r0n (button) (small blind) folded on the River


PokerStars Hand #176284392035:  Hold'em Limit ($3/$6 USD) - 2017/09/29 17:35:37 ET
Table 'Menkent II' 6-max Seat #3 is the button
Seat 3: libaikang ($115.76 in chips)
Seat 4: Ag3r0n ($77.76 in chips)
libaikang: posts small blind $1
Ag3r0n: posts big blind $3
*** HOLE CARDS ***
libaikang: raises $3 to $6
Ag3r0n: raises $3 to $9
libaikang: calls $3
*** FLOP *** [5d Jh 9h]
Ag3r0n: bets $3
libaikang: calls $3
*** TURN *** [5d Jh 9h] [9d]
Ag3r0n: bets $6
libaikang: calls $6
*** RIVER *** [5d Jh 9h 9d] [6h]
Ag3r0n: bets $6
libaikang: calls $6
*** SHOW DOWN ***
Ag3r0n: shows [Qd Js] (two pair, Jacks and Nines)
libaikang: mucks hand
Ag3r0n collected $47.50 from pot
*** SUMMARY ***
Total pot $48 | Rake $0.50
Board [5d Jh 9h 9d 6h]
Seat 3: libaikang (button) (small blind) mucked
Seat 4: Ag3r0n (big blind) showed [Qd Js] and won ($47.50) with two pair, Jacks and Nines


PokerStars Hand #176284451412:  Hold'em Limit ($3/$6 USD) - 2017/09/29 17:36:58 ET
Table 'Menkent II' 6-max Seat #4 is the button
Seat 3: libaikang ($57.26 in chips)
Seat 4: Ag3r0n ($134.26 in chips)
Ag3r0n: posts small blind $1
libaikang: posts big blind $3
*** HOLE CARDS ***
Ag3r0n: folds
Uncalled bet ($2) returned to libaikang
libaikang collected $2 from pot
libaikang: doesn't show hand
*** SUMMARY ***
Total pot $2 | Rake $0
Seat 3: libaikang (big blind) collected ($2)
Seat 4: Ag3r0n (button) (small blind) folded before Flop


PokerStars Hand #176284436018:  Hold'em Limit ($3/$6 USD) - 2017/09/29 17:36:37 ET
Table 'Menkent II' 6-max Seat #3 is the button
Seat 3: libaikang ($93.26 in chips)
Seat 4: Ag3r0n ($98.76 in chips)
libaikang: posts small blind $1
Ag3r0n: posts big blind $3
*** HOLE CARDS ***
libaikang: raises $3 to $6
Ag3r0n: raises $3 to $9
libaikang: calls $3
*** FLOP *** [Ks Qs 8s]
Ag3r0n: bets $3
libaikang: calls $3
*** TURN *** [Ks Qs 8s] [8h]
Ag3r0n: bets $6
libaikang: calls $6
*** RIVER *** [Ks Qs 8s 8h] [As]
Ag3r0n: bets $6
libaikang: raises $6 to $12
Ag3r0n: raises $6 to $18
libaikang: calls $6
*** SHOW DOWN ***
Ag3r0n: shows [Qc Qd] (a full house, Queens full of Eights)
libaikang: mucks hand
Ag3r0n collected $71.50 from pot
*** SUMMARY ***
Total pot $72 | Rake $0.50
Board [Ks Qs 8s 8h As]
Seat 3: libaikang (button) (small blind) mucked
Seat 4: Ag3r0n (big blind) showed [Qc Qd] and won ($71.50) with a full house, Queens full of Eights


PokerStars Hand #176284455140:  Hold'em Limit ($3/$6 USD) - 2017/09/29 17:37:03 ET
Table 'Menkent II' 6-max Seat #3 is the button
Seat 3: libaikang ($58.26 in chips)
Seat 4: Ag3r0n ($133.26 in chips)
libaikang: posts small blind $1
Ag3r0n: posts big blind $3
*** HOLE CARDS ***
libaikang: calls $2
Ag3r0n: checks
*** FLOP *** [4c Jh 3c]
Ag3r0n: bets $3
libaikang: folds
Uncalled bet ($3) returned to Ag3r0n
Ag3r0n collected $5.88 from pot
Ag3r0n: doesn't show hand
*** SUMMARY ***
Total pot $6 | Rake $0.12
Board [4c Jh 3c]
Seat 3: libaikang (button) (small blind) folded on the Flop
Seat 4: Ag3r0n (big blind) collected ($5.88)


