PokerStars Hand #150574754898:  Hold'em Limit ($3/$6 USD) - 2016/03/19 0:32:50 ET
Table 'Menkib' 6-max Seat #3 is the button
Seat 3: livenuncut ($120 in chips)
Seat 4: VolkovDmitri ($120 in chips)
livenuncut: posts small blind $1
VolkovDmitri: posts big blind $3
*** HOLE CARDS ***
livenuncut: folds
Uncalled bet ($2) returned to VolkovDmitri
VolkovDmitri collected $2 from pot
VolkovDmitri: doesn't show hand
*** SUMMARY ***
Total pot $2 | Rake $0
Seat 3: livenuncut (button) (small blind) folded before Flop
Seat 4: VolkovDmitri (big blind) collected ($2)


PokerStars Hand #150574757219:  Hold'em Limit ($3/$6 USD) - 2016/03/19 0:32:58 ET
Table 'Menkib' 6-max Seat #4 is the button
Seat 3: livenuncut ($119 in chips)
Seat 4: VolkovDmitri ($121 in chips)
VolkovDmitri: posts small blind $1
livenuncut: posts big blind $3
*** HOLE CARDS ***
VolkovDmitri: raises $3 to $6
livenuncut: calls $3
*** FLOP *** [Kc 7s 8s]
livenuncut: checks
VolkovDmitri: bets $3
livenuncut: folds
Uncalled bet ($3) returned to VolkovDmitri
VolkovDmitri collected $11.76 from pot
VolkovDmitri: doesn't show hand
*** SUMMARY ***
Total pot $12 | Rake $0.24
Board [Kc 7s 8s]
Seat 3: livenuncut (big blind) folded on the Flop
Seat 4: VolkovDmitri (button) (small blind) collected ($11.76)


PokerStars Hand #150574763627:  Hold'em Limit ($3/$6 USD) - 2016/03/19 0:33:19 ET
Table 'Menkib' 6-max Seat #3 is the button
Seat 3: livenuncut ($113 in chips)
Seat 4: VolkovDmitri ($126.76 in chips)
livenuncut: posts small blind $1
VolkovDmitri: posts big blind $3
*** HOLE CARDS ***
livenuncut: raises $3 to $6
VolkovDmitri: raises $3 to $9
livenuncut: calls $3
*** FLOP *** [9d Jh 8c]
VolkovDmitri: bets $3
nmpro32 joins the table at seat #5
livenuncut: calls $3
*** TURN *** [9d Jh 8c] [2d]
VolkovDmitri: checks
livenuncut: bets $6
VolkovDmitri: calls $6
*** RIVER *** [9d Jh 8c 2d] [7s]
VolkovDmitri: checks
livenuncut: checks
*** SHOW DOWN ***
VolkovDmitri: shows [7h As] (a pair of Sevens)
livenuncut: shows [Ah Jd] (a pair of Jacks)
livenuncut collected $35.50 from pot
*** SUMMARY ***
Total pot $36 | Rake $0.50
Board [9d Jh 8c 2d 7s]
Seat 3: livenuncut (button) (small blind) showed [Ah Jd] and won ($35.50) with a pair of Jacks
Seat 4: VolkovDmitri (big blind) showed [7h As] and lost with a pair of Sevens


PokerStars Hand #150576277611:  Hold'em Limit ($3/$6 USD) - 2016/03/19 1:59:52 ET
Table 'Menkib' 6-max Seat #6 is the button
Seat 5: nmpro32 ($102.38 in chips)
Seat 6: HAL9QQQ ($286.43 in chips)
HAL9QQQ: posts small blind $1
tranduc: is sitting out
AzureCaper: is sitting out
nmpro32: posts big blind $3
*** HOLE CARDS ***
AzureCaper leaves the table
tranduc leaves the table
HAL9QQQ: folds
Uncalled bet ($2) returned to nmpro32
nmpro32 collected $2 from pot
nmpro32: doesn't show hand
*** SUMMARY ***
Total pot $2 | Rake $0
Seat 5: nmpro32 (big blind) collected ($2)
Seat 6: HAL9QQQ (button) (small blind) folded before Flop


