PokerStars Hand #149856661754:  Hold'em Limit ($3/$6 USD) - 2016/03/04 22:59:18 ET
Table 'Menkib' 6-max Seat #4 is the button
Seat 3: ovidius2009 ($17.70 in chips)
Seat 4: AzureCaper ($72 in chips)
AzureCaper: posts small blind $1
ovidius2009: posts big blind $3
*** HOLE CARDS ***
AzureCaper: folds
Uncalled bet ($2) returned to ovidius2009
ovidius2009 collected $2 from pot
ovidius2009: doesn't show hand
*** SUMMARY ***
Total pot $2 | Rake $0
Seat 3: ovidius2009 (big blind) collected ($2)
Seat 4: AzureCaper (button) (small blind) folded before Flop


PokerStars Hand #149856656020:  Hold'em Limit ($3/$6 USD) - 2016/03/04 22:59:00 ET
Table 'Menkib' 6-max Seat #3 is the button
Seat 3: ovidius2009 ($14.82 in chips)
Seat 4: AzureCaper ($72 in chips)
ovidius2009: posts small blind $1
AzureCaper: posts big blind $3
*** HOLE CARDS ***
LifeisagameX leaves the table
ovidius2009: calls $2
AzureCaper: checks
*** FLOP *** [Qc 9h 8h]
AzureCaper: checks
ovidius2009: bets $3
AzureCaper: folds
Uncalled bet ($3) returned to ovidius2009
ovidius2009 collected $5.88 from pot
ovidius2009: doesn't show hand
*** SUMMARY ***
Total pot $6 | Rake $0.12
Board [Qc 9h 8h]
Seat 3: ovidius2009 (button) (small blind) collected ($5.88)
Seat 4: AzureCaper (big blind) folded on the Flop


PokerStars Hand #149856663996:  Hold'em Limit ($3/$6 USD) - 2016/03/04 22:59:25 ET
Table 'Menkib' 6-max Seat #3 is the button
Seat 3: ovidius2009 ($18.70 in chips)
Seat 4: AzureCaper ($72 in chips)
ovidius2009: posts small blind $1
AzureCaper: posts big blind $3
*** HOLE CARDS ***
ovidius2009: calls $2
AzureCaper: raises $3 to $6
ovidius2009: calls $3
*** FLOP *** [Th 8h 5s]
AzureCaper: bets $3
ovidius2009: calls $3
*** TURN *** [Th 8h 5s] [Qd]
AzureCaper: bets $6
ovidius2009: calls $6
*** RIVER *** [Th 8h 5s Qd] [8s]
AzureCaper: bets $6
ovidius2009: calls $3.70 and is all-in
Uncalled bet ($2.30) returned to AzureCaper
*** SHOW DOWN ***
AzureCaper: shows [Jd 9d] (a straight, Eight to Queen)
ovidius2009: shows [5d 4d] (two pair, Eights and Fives)
AzureCaper collected $36.90 from pot
*** SUMMARY ***
Total pot $37.40 | Rake $0.50
Board [Th 8h 5s Qd 8s]
Seat 3: ovidius2009 (button) (small blind) showed [5d 4d] and lost with two pair, Eights and Fives
Seat 4: AzureCaper (big blind) showed [Jd 9d] and won ($36.90) with a straight, Eight to Queen


