PokerStars Hand #151844802924:  Hold'em Limit ($3/$6 USD) - 2016/04/13 3:03:11 ET
Table 'Menkalinan' 6-max Seat #4 is the button
Seat 3: Mind90 ($339.44 in chips)
Seat 4: VolkovDmitri ($120 in chips)
VolkovDmitri: posts small blind $1
Mind90: posts big blind $3
*** HOLE CARDS ***
VolkovDmitri: raises $3 to $6
Mind90: folds
Uncalled bet ($3) returned to VolkovDmitri
VolkovDmitri collected $6 from pot
VolkovDmitri: doesn't show hand
*** SUMMARY ***
Total pot $6 | Rake $0
Seat 3: Mind90 (big blind) folded before Flop
Seat 4: VolkovDmitri (button) (small blind) collected ($6)


PokerStars Hand #151844793957:  Hold'em Limit ($3/$6 USD) - 2016/04/13 3:02:37 ET
Table 'Menkalinan' 6-max Seat #3 is the button
Seat 3: Mind90 ($321.94 in chips)
Seat 4: VolkovDmitri ($120 in chips)
Mind90: posts small blind $1
VolkovDmitri: posts big blind $3
*** HOLE CARDS ***
Mind90: raises $3 to $6
VolkovDmitri: calls $3
*** FLOP *** [Jh 9h 8d]
VolkovDmitri: checks
Mind90: bets $3
VolkovDmitri: raises $3 to $6
Mind90: calls $3
*** TURN *** [Jh 9h 8d] [7s]
VolkovDmitri: bets $6
Mind90: calls $6
*** RIVER *** [Jh 9h 8d 7s] [6d]
VolkovDmitri: checks
Mind90: checks
*** SHOW DOWN ***
VolkovDmitri: shows [2h 3h] (high card Jack)
Mind90: shows [Ad Qs] (high card Ace)
Mind90 collected $35.50 from pot
*** SUMMARY ***
Total pot $36 | Rake $0.50
Board [Jh 9h 8d 7s 6d]
Seat 3: Mind90 (button) (small blind) showed [Ad Qs] and won ($35.50) with high card Ace
Seat 4: VolkovDmitri (big blind) showed [2h 3h] and lost with high card Jack


PokerStars Hand #151844804616:  Hold'em Limit ($3/$6 USD) - 2016/04/13 3:03:17 ET
Table 'Menkalinan' 6-max Seat #3 is the button
Seat 3: Mind90 ($336.44 in chips)
Seat 4: VolkovDmitri ($123 in chips)
Mind90: posts small blind $1
VolkovDmitri: posts big blind $3
*** HOLE CARDS ***
Mind90: raises $3 to $6
VolkovDmitri: calls $3
*** FLOP *** [Kh Qh 2c]
VolkovDmitri: checks
Mind90: bets $3
VolkovDmitri: calls $3
*** TURN *** [Kh Qh 2c] [5d]
VolkovDmitri: checks
Mind90: bets $6
VolkovDmitri: raises $6 to $12
Mind90: calls $6
*** RIVER *** [Kh Qh 2c 5d] [7d]
VolkovDmitri: bets $6
Mind90: calls $6
*** SHOW DOWN ***
VolkovDmitri: shows [5h Qs] (two pair, Queens and Fives)
Mind90: mucks hand
VolkovDmitri collected $53.50 from pot
*** SUMMARY ***
Total pot $54 | Rake $0.50
Board [Kh Qh 2c 5d 7d]
Seat 3: Mind90 (button) (small blind) mucked
Seat 4: VolkovDmitri (big blind) showed [5h Qs] and won ($53.50) with two pair, Queens and Fives


PokerStars Hand #151844811564:  Hold'em Limit ($3/$6 USD) - 2016/04/13 3:03:42 ET
Table 'Menkalinan' 6-max Seat #4 is the button
Seat 3: Mind90 ($309.44 in chips)
Seat 4: VolkovDmitri ($149.50 in chips)
VolkovDmitri: posts small blind $1
Mind90: posts big blind $3
*** HOLE CARDS ***
VolkovDmitri: raises $3 to $6
Mind90: calls $3
*** FLOP *** [3h 6h 3s]
Mind90: bets $3
VolkovDmitri: calls $3
*** TURN *** [3h 6h 3s] [4h]
Mind90: bets $6
VolkovDmitri: calls $6
*** RIVER *** [3h 6h 3s 4h] [5d]
Mind90: bets $6
VolkovDmitri: calls $6
*** SHOW DOWN ***
Mind90: shows [8c 6c] (two pair, Sixes and Threes)
VolkovDmitri: mucks hand
Mind90 collected $41.50 from pot
*** SUMMARY ***
Total pot $42 | Rake $0.50
Board [3h 6h 3s 4h 5d]
Seat 3: Mind90 (big blind) showed [8c 6c] and won ($41.50) with two pair, Sixes and Threes
Seat 4: VolkovDmitri (button) (small blind) mucked


PokerStars Hand #151844817942:  Hold'em Limit ($3/$6 USD) - 2016/04/13 3:04:05 ET
Table 'Menkalinan' 6-max Seat #3 is the button
Seat 3: Mind90 ($329.94 in chips)
Seat 4: VolkovDmitri ($128.50 in chips)
Mind90: posts small blind $1
VolkovDmitri: posts big blind $3
*** HOLE CARDS ***
Mind90: folds
Uncalled bet ($2) returned to VolkovDmitri
VolkovDmitri collected $2 from pot
VolkovDmitri: doesn't show hand
*** SUMMARY ***
Total pot $2 | Rake $0
Seat 3: Mind90 (button) (small blind) folded before Flop
Seat 4: VolkovDmitri (big blind) collected ($2)


PokerStars Hand #151844826262:  Hold'em Limit ($3/$6 USD) - 2016/04/13 3:04:36 ET
Table 'Menkalinan' 6-max Seat #3 is the button
Seat 3: Mind90 ($313.94 in chips)
Seat 4: VolkovDmitri ($144 in chips)
Mind90: posts small blind $1
VolkovDmitri: posts big blind $3
*** HOLE CARDS ***
Mind90: folds
Uncalled bet ($2) returned to VolkovDmitri
VolkovDmitri collected $2 from pot
VolkovDmitri: doesn't show hand
*** SUMMARY ***
Total pot $2 | Rake $0
Seat 3: Mind90 (button) (small blind) folded before Flop
Seat 4: VolkovDmitri (big blind) collected ($2)


PokerStars Hand #151844819588:  Hold'em Limit ($3/$6 USD) - 2016/04/13 3:04:11 ET
Table 'Menkalinan' 6-max Seat #4 is the button
Seat 3: Mind90 ($328.94 in chips)
Seat 4: VolkovDmitri ($129.50 in chips)
VolkovDmitri: posts small blind $1
Mind90: posts big blind $3
*** HOLE CARDS ***
VolkovDmitri: raises $3 to $6
Mind90: calls $3
*** FLOP *** [9s Kc 4c]
Mind90: checks
VolkovDmitri: bets $3
Mind90: calls $3
*** TURN *** [9s Kc 4c] [7h]
Mind90: checks
VolkovDmitri: checks
*** RIVER *** [9s Kc 4c 7h] [4d]
Mind90: bets $6
VolkovDmitri: calls $6
*** SHOW DOWN ***
Mind90: shows [Js Th] (a pair of Fours)
VolkovDmitri: shows [5h Ac] (a pair of Fours - Ace kicker)
VolkovDmitri collected $29.50 from pot
*** SUMMARY ***
Total pot $30 | Rake $0.50
Board [9s Kc 4c 7h 4d]
Seat 3: Mind90 (big blind) showed [Js Th] and lost with a pair of Fours
Seat 4: VolkovDmitri (button) (small blind) showed [5h Ac] and won ($29.50) with a pair of Fours


PokerStars Hand #151844842092:  Hold'em Limit ($3/$6 USD) - 2016/04/13 3:05:33 ET
Table 'Menkalinan' 6-max Seat #3 is the button
Seat 3: Mind90 ($324.46 in chips)
Seat 4: VolkovDmitri ($133 in chips)
Mind90: posts small blind $1
VolkovDmitri: posts big blind $3
*** HOLE CARDS ***
Mind90: folds
Uncalled bet ($2) returned to VolkovDmitri
VolkovDmitri collected $2 from pot
VolkovDmitri: doesn't show hand
*** SUMMARY ***
Total pot $2 | Rake $0
Seat 3: Mind90 (button) (small blind) folded before Flop
Seat 4: VolkovDmitri (big blind) collected ($2)


PokerStars Hand #151844827753:  Hold'em Limit ($3/$6 USD) - 2016/04/13 3:04:41 ET
Table 'Menkalinan' 6-max Seat #4 is the button
Seat 3: Mind90 ($312.94 in chips)
Seat 4: VolkovDmitri ($145 in chips)
VolkovDmitri: posts small blind $1
Mind90: posts big blind $3
*** HOLE CARDS ***
VolkovDmitri: raises $3 to $6
Mind90: calls $3
*** FLOP *** [Td Ah As]
Mind90: checks
VolkovDmitri: bets $3
Mind90: raises $3 to $6
VolkovDmitri: calls $3
*** TURN *** [Td Ah As] [Jc]
Mind90: bets $6
VolkovDmitri: folds
Uncalled bet ($6) returned to Mind90
Mind90 collected $23.52 from pot
Mind90: doesn't show hand
*** SUMMARY ***
Total pot $24 | Rake $0.48
Board [Td Ah As Jc]
Seat 3: Mind90 (big blind) collected ($23.52)
Seat 4: VolkovDmitri (button) (small blind) folded on the Turn


PokerStars Hand #151844844977:  Hold'em Limit ($3/$6 USD) - 2016/04/13 3:05:44 ET
Table 'Menkalinan' 6-max Seat #3 is the button
Seat 3: Mind90 ($324.46 in chips)
Seat 4: VolkovDmitri ($133 in chips)
Mind90: posts small blind $1
VolkovDmitri: posts big blind $3
*** HOLE CARDS ***
Mind90: folds
Uncalled bet ($2) returned to VolkovDmitri
VolkovDmitri collected $2 from pot
VolkovDmitri: doesn't show hand
*** SUMMARY ***
Total pot $2 | Rake $0
Seat 3: Mind90 (button) (small blind) folded before Flop
Seat 4: VolkovDmitri (big blind) collected ($2)


PokerStars Hand #151844843439:  Hold'em Limit ($3/$6 USD) - 2016/04/13 3:05:38 ET
Table 'Menkalinan' 6-max Seat #4 is the button
Seat 3: Mind90 ($323.46 in chips)
Seat 4: VolkovDmitri ($134 in chips)
VolkovDmitri: posts small blind $1
Mind90: posts big blind $3
*** HOLE CARDS ***
VolkovDmitri: folds
Uncalled bet ($2) returned to Mind90
Mind90 collected $2 from pot
Mind90: doesn't show hand
*** SUMMARY ***
Total pot $2 | Rake $0
Seat 3: Mind90 (big blind) collected ($2)
Seat 4: VolkovDmitri (button) (small blind) folded before Flop


PokerStars Hand #151844846288:  Hold'em Limit ($3/$6 USD) - 2016/04/13 3:05:49 ET
Table 'Menkalinan' 6-max Seat #4 is the button
Seat 3: Mind90 ($323.46 in chips)
Seat 4: VolkovDmitri ($134 in chips)
VolkovDmitri: posts small blind $1
Mind90: posts big blind $3
*** HOLE CARDS ***
VolkovDmitri: folds
Uncalled bet ($2) returned to Mind90
Mind90 collected $2 from pot
Mind90: doesn't show hand
*** SUMMARY ***
Total pot $2 | Rake $0
Seat 3: Mind90 (big blind) collected ($2)
Seat 4: VolkovDmitri (button) (small blind) folded before Flop


PokerStars Hand #151844847881:  Hold'em Limit ($3/$6 USD) - 2016/04/13 3:05:55 ET
Table 'Menkalinan' 6-max Seat #3 is the button
Seat 3: Mind90 ($324.46 in chips)
Seat 4: VolkovDmitri ($133 in chips)
Mind90: posts small blind $1
VolkovDmitri: posts big blind $3
*** HOLE CARDS ***
Mind90: folds
Uncalled bet ($2) returned to VolkovDmitri
VolkovDmitri collected $2 from pot
VolkovDmitri: doesn't show hand
*** SUMMARY ***
Total pot $2 | Rake $0
Seat 3: Mind90 (button) (small blind) folded before Flop
Seat 4: VolkovDmitri (big blind) collected ($2)


PokerStars Hand #151844849373:  Hold'em Limit ($3/$6 USD) - 2016/04/13 3:06:00 ET
Table 'Menkalinan' 6-max Seat #4 is the button
Seat 3: Mind90 ($323.46 in chips)
Seat 4: VolkovDmitri ($134 in chips)
VolkovDmitri: posts small blind $1
Mind90: posts big blind $3
*** HOLE CARDS ***
VolkovDmitri: raises $3 to $6
Mind90: calls $3
*** FLOP *** [7c Js 4d]
Mind90: checks
VolkovDmitri: bets $3
Mind90: folds
Uncalled bet ($3) returned to VolkovDmitri
VolkovDmitri collected $11.76 from pot
VolkovDmitri: doesn't show hand
*** SUMMARY ***
Total pot $12 | Rake $0.24
Board [7c Js 4d]
Seat 3: Mind90 (big blind) folded on the Flop
Seat 4: VolkovDmitri (button) (small blind) collected ($11.76)


PokerStars Hand #151844852974:  Hold'em Limit ($3/$6 USD) - 2016/04/13 3:06:13 ET
Table 'Menkalinan' 6-max Seat #3 is the button
Seat 3: Mind90 ($317.46 in chips)
Seat 4: VolkovDmitri ($139.76 in chips)
Mind90: posts small blind $1
VolkovDmitri: posts big blind $3
*** HOLE CARDS ***
Mind90: raises $3 to $6
VolkovDmitri: calls $3
*** FLOP *** [7h Ah 7d]
VolkovDmitri: checks
Mind90: bets $3
VolkovDmitri: calls $3
*** TURN *** [7h Ah 7d] [5s]
VolkovDmitri: checks
Mind90: bets $6
VolkovDmitri: calls $6
*** RIVER *** [7h Ah 7d 5s] [Ad]
VolkovDmitri: checks
Mind90: checks
*** SHOW DOWN ***
VolkovDmitri: shows [9c Ks] (two pair, Aces and Sevens)
Mind90: mucks hand
VolkovDmitri collected $29.50 from pot
*** SUMMARY ***
Total pot $30 | Rake $0.50
Board [7h Ah 7d 5s Ad]
Seat 3: Mind90 (button) (small blind) mucked
Seat 4: VolkovDmitri (big blind) showed [9c Ks] and won ($29.50) with two pair, Aces and Sevens


PokerStars Hand #151844860370:  Hold'em Limit ($3/$6 USD) - 2016/04/13 3:06:40 ET
Table 'Menkalinan' 6-max Seat #4 is the button
Seat 3: Mind90 ($302.46 in chips)
Seat 4: VolkovDmitri ($154.26 in chips)
VolkovDmitri: posts small blind $1
Mind90: posts big blind $3
*** HOLE CARDS ***
VolkovDmitri: raises $3 to $6
Mind90: raises $3 to $9
VolkovDmitri: calls $3
*** FLOP *** [2h 7s Kd]
Mind90: bets $3
VolkovDmitri: folds
Uncalled bet ($3) returned to Mind90
Mind90 collected $17.64 from pot
Mind90: doesn't show hand
*** SUMMARY ***
Total pot $18 | Rake $0.36
Board [2h 7s Kd]
Seat 3: Mind90 (big blind) collected ($17.64)
Seat 4: VolkovDmitri (button) (small blind) folded on the Flop


PokerStars Hand #151844865524:  Hold'em Limit ($3/$6 USD) - 2016/04/13 3:06:58 ET
Table 'Menkalinan' 6-max Seat #3 is the button
Seat 3: Mind90 ($311.10 in chips)
Seat 4: VolkovDmitri ($145.26 in chips)
Mind90: posts small blind $1
VolkovDmitri: posts big blind $3
*** HOLE CARDS ***
Mind90: folds
Uncalled bet ($2) returned to VolkovDmitri
VolkovDmitri collected $2 from pot
VolkovDmitri: doesn't show hand
*** SUMMARY ***
Total pot $2 | Rake $0
Seat 3: Mind90 (button) (small blind) folded before Flop
Seat 4: VolkovDmitri (big blind) collected ($2)


PokerStars Hand #151844874341:  Hold'em Limit ($3/$6 USD) - 2016/04/13 3:07:30 ET
Table 'Menkalinan' 6-max Seat #3 is the button
Seat 3: Mind90 ($333.60 in chips)
Seat 4: VolkovDmitri ($122.26 in chips)
Mind90: posts small blind $1
VolkovDmitri: posts big blind $3
*** HOLE CARDS ***
Mind90: folds
Uncalled bet ($2) returned to VolkovDmitri
VolkovDmitri collected $2 from pot
VolkovDmitri: doesn't show hand
*** SUMMARY ***
Total pot $2 | Rake $0
Seat 3: Mind90 (button) (small blind) folded before Flop
Seat 4: VolkovDmitri (big blind) collected ($2)


PokerStars Hand #151844867060:  Hold'em Limit ($3/$6 USD) - 2016/04/13 3:07:04 ET
Table 'Menkalinan' 6-max Seat #4 is the button
Seat 3: Mind90 ($310.10 in chips)
Seat 4: VolkovDmitri ($146.26 in chips)
VolkovDmitri: posts small blind $1
Mind90: posts big blind $3
*** HOLE CARDS ***
VolkovDmitri: raises $3 to $6
Mind90: raises $3 to $9
VolkovDmitri: calls $3
*** FLOP *** [Ad Qh Ks]
Mind90: bets $3
VolkovDmitri: calls $3
*** TURN *** [Ad Qh Ks] [Ac]
Mind90: bets $6
VolkovDmitri: calls $6
*** RIVER *** [Ad Qh Ks Ac] [4d]
Mind90: bets $6
VolkovDmitri: calls $6
*** SHOW DOWN ***
Mind90: shows [8h Ah] (three of a kind, Aces)
VolkovDmitri: mucks hand
Mind90 collected $47.50 from pot
*** SUMMARY ***
Total pot $48 | Rake $0.50
Board [Ad Qh Ks Ac 4d]
Seat 3: Mind90 (big blind) showed [8h Ah] and won ($47.50) with three of a kind, Aces
Seat 4: VolkovDmitri (button) (small blind) mucked


PokerStars Hand #151844876094:  Hold'em Limit ($3/$6 USD) - 2016/04/13 3:07:37 ET
Table 'Menkalinan' 6-max Seat #4 is the button
Seat 3: Mind90 ($332.60 in chips)
Seat 4: VolkovDmitri ($123.26 in chips)
VolkovDmitri: posts small blind $1
Mind90: posts big blind $3
*** HOLE CARDS ***
VolkovDmitri: raises $3 to $6
Mind90: calls $3
*** FLOP *** [6c 8d 7c]
Mind90: bets $3
VolkovDmitri: folds
Uncalled bet ($3) returned to Mind90
Mind90 collected $11.76 from pot
Mind90: doesn't show hand
*** SUMMARY ***
Total pot $12 | Rake $0.24
Board [6c 8d 7c]
Seat 3: Mind90 (big blind) collected ($11.76)
Seat 4: VolkovDmitri (button) (small blind) folded on the Flop


PokerStars Hand #151844879802:  Hold'em Limit ($3/$6 USD) - 2016/04/13 3:07:50 ET
Table 'Menkalinan' 6-max Seat #3 is the button
Seat 3: Mind90 ($338.36 in chips)
Seat 4: VolkovDmitri ($120 in chips)
Mind90: posts small blind $1
VolkovDmitri: posts big blind $3
*** HOLE CARDS ***
Mind90: raises $3 to $6
VolkovDmitri: calls $3
*** FLOP *** [5s As 2d]
VolkovDmitri: checks
Mind90: bets $3
VolkovDmitri: calls $3
*** TURN *** [5s As 2d] [7c]
VolkovDmitri: checks
Mind90: bets $6
VolkovDmitri: calls $6
*** RIVER *** [5s As 2d 7c] [Kc]
VolkovDmitri: checks
Mind90: bets $6
VolkovDmitri: calls $6
*** SHOW DOWN ***
Mind90: shows [3s Ac] (a pair of Aces)
VolkovDmitri: mucks hand
Mind90 collected $41.50 from pot
*** SUMMARY ***
Total pot $42 | Rake $0.50
Board [5s As 2d 7c Kc]
Seat 3: Mind90 (button) (small blind) showed [3s Ac] and won ($41.50) with a pair of Aces
Seat 4: VolkovDmitri (big blind) mucked


