PokerStars Hand #157999149804:  Hold'em Limit ($3/$6 USD) - 2016/08/31 20:11:04 ET
Table 'Menkib' 10-max Seat #6 is the button
Seat 5: simper11 ($120 in chips)
Seat 6: Wurst2000 ($84.06 in chips)
Wurst2000: posts small blind $1
simper11: posts big blind $3
*** HOLE CARDS ***
Wurst2000: folds
Uncalled bet ($2) returned to simper11
simper11 collected $2 from pot
simper11: doesn't show hand
*** SUMMARY ***
Total pot $2 | Rake $0
Seat 5: simper11 (big blind) collected ($2)
Seat 6: Wurst2000 (button) (small blind) folded before Flop


PokerStars Hand #157999163240:  Hold'em Limit ($3/$6 USD) - 2016/08/31 20:11:33 ET
Table 'Menkib' 10-max Seat #5 is the button
Seat 5: simper11 ($160.50 in chips)
Seat 6: Wurst2000 ($43.06 in chips)
simper11: posts small blind $1
Wurst2000: posts big blind $3
*** HOLE CARDS ***
simper11: raises $3 to $6
Wurst2000: folds
Uncalled bet ($3) returned to simper11
simper11 collected $6 from pot
simper11: doesn't show hand
*** SUMMARY ***
Total pot $6 | Rake $0
Seat 5: simper11 (button) (small blind) collected ($6)
Seat 6: Wurst2000 (big blind) folded before Flop


PokerStars Hand #157999161218:  Hold'em Limit ($3/$6 USD) - 2016/08/31 20:11:29 ET
Table 'Menkib' 10-max Seat #6 is the button
Seat 5: simper11 ($159.50 in chips)
Seat 6: Wurst2000 ($44.06 in chips)
Wurst2000: posts small blind $1
simper11: posts big blind $3
*** HOLE CARDS ***
Wurst2000: folds
Uncalled bet ($2) returned to simper11
simper11 collected $2 from pot
simper11: doesn't show hand
*** SUMMARY ***
Total pot $2 | Rake $0
Seat 5: simper11 (big blind) collected ($2)
Seat 6: Wurst2000 (button) (small blind) folded before Flop


PokerStars Hand #157999172781:  Hold'em Limit ($3/$6 USD) - 2016/08/31 20:11:54 ET
Table 'Menkib' 10-max Seat #5 is the button
Seat 5: simper11 ($154.50 in chips)
Seat 6: Wurst2000 ($48.70 in chips)
simper11: posts small blind $1
Wurst2000: posts big blind $3
*** HOLE CARDS ***
simper11: raises $3 to $6
Wurst2000: folds
Uncalled bet ($3) returned to simper11
simper11 collected $6 from pot
simper11: doesn't show hand
*** SUMMARY ***
Total pot $6 | Rake $0
Seat 5: simper11 (button) (small blind) collected ($6)
Seat 6: Wurst2000 (big blind) folded before Flop


PokerStars Hand #157999165769:  Hold'em Limit ($3/$6 USD) - 2016/08/31 20:11:39 ET
Table 'Menkib' 10-max Seat #6 is the button
Seat 5: simper11 ($163.50 in chips)
Seat 6: Wurst2000 ($40.06 in chips)
Wurst2000: posts small blind $1
simper11: posts big blind $3
*** HOLE CARDS ***
Wurst2000: raises $3 to $6
simper11: calls $3
*** FLOP *** [3c Qc Js]
simper11: checks
Wurst2000: bets $3
simper11: calls $3
*** TURN *** [3c Qc Js] [Kh]
simper11: checks
Wurst2000: bets $6
simper11: folds
Uncalled bet ($6) returned to Wurst2000
Wurst2000 collected $17.64 from pot
Wurst2000: doesn't show hand
*** SUMMARY ***
Total pot $18 | Rake $0.36
Board [3c Qc Js Kh]
Seat 5: simper11 (big blind) folded on the Turn
Seat 6: Wurst2000 (button) (small blind) collected ($17.64)


PokerStars Hand #157999179177:  Hold'em Limit ($3/$6 USD) - 2016/08/31 20:12:08 ET
Table 'Menkib' 10-max Seat #5 is the button
Seat 5: simper11 ($154.50 in chips)
Seat 6: Wurst2000 ($48.70 in chips)
simper11: posts small blind $1
Wurst2000: posts big blind $3
*** HOLE CARDS ***
simper11: raises $3 to $6
Wurst2000: folds
Uncalled bet ($3) returned to simper11
simper11 collected $6 from pot
simper11: doesn't show hand
*** SUMMARY ***
Total pot $6 | Rake $0
Seat 5: simper11 (button) (small blind) collected ($6)
Seat 6: Wurst2000 (big blind) folded before Flop


PokerStars Hand #157999175763:  Hold'em Limit ($3/$6 USD) - 2016/08/31 20:12:00 ET
Table 'Menkib' 10-max Seat #6 is the button
Seat 5: simper11 ($157.50 in chips)
Seat 6: Wurst2000 ($45.70 in chips)
Wurst2000: posts small blind $1
simper11: posts big blind $3
*** HOLE CARDS ***
Wurst2000: raises $3 to $6
simper11: folds
Uncalled bet ($3) returned to Wurst2000
Wurst2000 collected $6 from pot
Wurst2000: doesn't show hand
*** SUMMARY ***
Total pot $6 | Rake $0
Seat 5: simper11 (big blind) folded before Flop
Seat 6: Wurst2000 (button) (small blind) collected ($6)


PokerStars Hand #157999181692:  Hold'em Limit ($3/$6 USD) - 2016/08/31 20:12:13 ET
Table 'Menkib' 10-max Seat #6 is the button
Seat 5: simper11 ($157.50 in chips)
Seat 6: Wurst2000 ($45.70 in chips)
Wurst2000: posts small blind $1
simper11: posts big blind $3
*** HOLE CARDS ***
Wurst2000: raises $3 to $6
simper11: raises $3 to $9
Wurst2000: calls $3
*** FLOP *** [3s As 8d]
simper11: bets $3
Wurst2000: calls $3
*** TURN *** [3s As 8d] [Qd]
simper11: bets $6
Wurst2000: raises $6 to $12
simper11: calls $6
*** RIVER *** [3s As 8d Qd] [2c]
simper11: checks
Wurst2000: bets $6
simper11: calls $6
*** SHOW DOWN ***
Wurst2000: shows [Qc 8h] (two pair, Queens and Eights)
simper11: mucks hand
Wurst2000 collected $59.50 from pot
*** SUMMARY ***
Total pot $60 | Rake $0.50
Board [3s As 8d Qd 2c]
Seat 5: simper11 (big blind) mucked
Seat 6: Wurst2000 (button) (small blind) showed [Qc 8h] and won ($59.50) with two pair, Queens and Eights


PokerStars Hand #157999188028:  Hold'em Limit ($3/$6 USD) - 2016/08/31 20:12:27 ET
Table 'Menkib' 10-max Seat #5 is the button
Seat 5: simper11 ($127.50 in chips)
Seat 6: Wurst2000 ($75.20 in chips)
simper11: posts small blind $1
Wurst2000: posts big blind $3
*** HOLE CARDS ***
simper11: raises $3 to $6
Wurst2000: calls $3
*** FLOP *** [3s Td 5h]
Wurst2000: checks
simper11: bets $3
Wurst2000: calls $3
*** TURN *** [3s Td 5h] [6d]
Wurst2000: checks
simper11: checks
*** RIVER *** [3s Td 5h 6d] [7d]
Wurst2000: bets $6
simper11: calls $6
*** SHOW DOWN ***
Wurst2000: shows [4c Ad] (a straight, Three to Seven)
simper11: mucks hand
Wurst2000 collected $29.50 from pot
*** SUMMARY ***
Total pot $30 | Rake $0.50
Board [3s Td 5h 6d 7d]
Seat 5: simper11 (button) (small blind) mucked
Seat 6: Wurst2000 (big blind) showed [4c Ad] and won ($29.50) with a straight, Three to Seven


PokerStars Hand #157999216004:  Hold'em Limit ($3/$6 USD) - 2016/08/31 20:13:27 ET
Table 'Menkib' 10-max Seat #5 is the button
Seat 5: simper11 ($159.50 in chips)
Seat 6: Wurst2000 ($49.46 in chips)
simper11: posts small blind $1
Wurst2000: posts big blind $3
*** HOLE CARDS ***
simper11: raises $3 to $6
Wurst2000: folds
Uncalled bet ($3) returned to simper11
simper11 collected $6 from pot
simper11: doesn't show hand
*** SUMMARY ***
Total pot $6 | Rake $0
Seat 5: simper11 (button) (small blind) collected ($6)
Seat 6: Wurst2000 (big blind) folded before Flop


PokerStars Hand #157999211754:  Hold'em Limit ($3/$6 USD) - 2016/08/31 20:13:18 ET
Table 'Menkib' 10-max Seat #6 is the button
Seat 5: simper11 ($165.50 in chips)
Seat 6: Wurst2000 ($43.70 in chips)
Wurst2000: posts small blind $1
simper11: posts big blind $3
*** HOLE CARDS ***
Wurst2000: raises $3 to $6
simper11: calls $3
*** FLOP *** [Kd Ad 3s]
simper11: checks
Wurst2000: bets $3
simper11: folds
Uncalled bet ($3) returned to Wurst2000
Wurst2000 collected $11.76 from pot
Wurst2000: doesn't show hand
*** SUMMARY ***
Total pot $12 | Rake $0.24
Board [Kd Ad 3s]
Seat 5: simper11 (big blind) folded on the Flop
Seat 6: Wurst2000 (button) (small blind) collected ($11.76)


PokerStars Hand #157999209297:  Hold'em Limit ($3/$6 USD) - 2016/08/31 20:13:12 ET
Table 'Menkib' 10-max Seat #5 is the button
Seat 5: simper11 ($162.50 in chips)
Seat 6: Wurst2000 ($46.70 in chips)
simper11: posts small blind $1
Wurst2000: posts big blind $3
*** HOLE CARDS ***
simper11: raises $3 to $6
Wurst2000: folds
Uncalled bet ($3) returned to simper11
simper11 collected $6 from pot
simper11: doesn't show hand
*** SUMMARY ***
Total pot $6 | Rake $0
Seat 5: simper11 (button) (small blind) collected ($6)
Seat 6: Wurst2000 (big blind) folded before Flop


PokerStars Hand #157999220253:  Hold'em Limit ($3/$6 USD) - 2016/08/31 20:13:36 ET
Table 'Menkib' 10-max Seat #5 is the button
Seat 5: simper11 ($163.50 in chips)
Seat 6: Wurst2000 ($45.46 in chips)
simper11: posts small blind $1
Wurst2000: posts big blind $3
*** HOLE CARDS ***
simper11: raises $3 to $6
Wurst2000: folds
Uncalled bet ($3) returned to simper11
simper11 collected $6 from pot
simper11: doesn't show hand
*** SUMMARY ***
Total pot $6 | Rake $0
Seat 5: simper11 (button) (small blind) collected ($6)
Seat 6: Wurst2000 (big blind) folded before Flop


PokerStars Hand #157999218215:  Hold'em Limit ($3/$6 USD) - 2016/08/31 20:13:32 ET
Table 'Menkib' 10-max Seat #6 is the button
Seat 5: simper11 ($162.50 in chips)
Seat 6: Wurst2000 ($46.46 in chips)
Wurst2000: posts small blind $1
simper11: posts big blind $3
*** HOLE CARDS ***
Wurst2000: folds
Uncalled bet ($2) returned to simper11
simper11 collected $2 from pot
simper11: doesn't show hand
*** SUMMARY ***
Total pot $2 | Rake $0
Seat 5: simper11 (big blind) collected ($2)
Seat 6: Wurst2000 (button) (small blind) folded before Flop


PokerStars Hand #157999207247:  Hold'em Limit ($3/$6 USD) - 2016/08/31 20:13:08 ET
Table 'Menkib' 10-max Seat #6 is the button
Seat 5: simper11 ($161.50 in chips)
Seat 6: Wurst2000 ($47.70 in chips)
Wurst2000: posts small blind $1
simper11: posts big blind $3
*** HOLE CARDS ***
Wurst2000: folds
Uncalled bet ($2) returned to simper11
simper11 collected $2 from pot
simper11: doesn't show hand
*** SUMMARY ***
Total pot $2 | Rake $0
Seat 5: simper11 (big blind) collected ($2)
Seat 6: Wurst2000 (button) (small blind) folded before Flop


PokerStars Hand #157999205109:  Hold'em Limit ($3/$6 USD) - 2016/08/31 20:13:03 ET
Table 'Menkib' 10-max Seat #5 is the button
Seat 5: simper11 ($158.50 in chips)
Seat 6: Wurst2000 ($50.70 in chips)
simper11: posts small blind $1
Wurst2000: posts big blind $3
*** HOLE CARDS ***
simper11: raises $3 to $6
Wurst2000: folds
Uncalled bet ($3) returned to simper11
simper11 collected $6 from pot
simper11: doesn't show hand
*** SUMMARY ***
Total pot $6 | Rake $0
Seat 5: simper11 (button) (small blind) collected ($6)
Seat 6: Wurst2000 (big blind) folded before Flop


PokerStars Hand #157999194128:  Hold'em Limit ($3/$6 USD) - 2016/08/31 20:12:40 ET
Table 'Menkib' 10-max Seat #6 is the button
Seat 5: simper11 ($120 in chips)
Seat 6: Wurst2000 ($89.70 in chips)
Wurst2000: posts small blind $1
simper11: posts big blind $3
*** HOLE CARDS ***
Wurst2000: raises $3 to $6
simper11: calls $3
*** FLOP *** [2s Js 4d]
simper11: checks
Wurst2000: bets $3
simper11: calls $3
*** TURN *** [2s Js 4d] [2d]
simper11: checks
Wurst2000: bets $6
simper11: raises $6 to $12
Wurst2000: calls $6
*** RIVER *** [2s Js 4d 2d] [Kd]
simper11: bets $6
Wurst2000: raises $6 to $12
simper11: raises $6 to $18
Wurst2000: calls $6
*** SHOW DOWN ***
simper11: shows [2h Kc] (a full house, Deuces full of Kings)
Wurst2000: mucks hand
simper11 collected $77.50 from pot
*** SUMMARY ***
Total pot $78 | Rake $0.50
Board [2s Js 4d 2d Kd]
Seat 5: simper11 (big blind) showed [2h Kc] and won ($77.50) with a full house, Deuces full of Kings
Seat 6: Wurst2000 (button) (small blind) mucked


PokerStars Hand #157999241285:  Hold'em Limit ($3/$6 USD) - 2016/08/31 20:14:22 ET
Table 'Menkib' 10-max Seat #5 is the button
Seat 5: simper11 ($145 in chips)
Seat 6: Wurst2000 ($62.72 in chips)
simper11: posts small blind $1
Wurst2000: posts big blind $3
*** HOLE CARDS ***
simper11: raises $3 to $6
Wurst2000: calls $3
*** FLOP *** [6h 4d Ts]
Wurst2000: checks
simper11: bets $3
Wurst2000: calls $3
*** TURN *** [6h 4d Ts] [Kc]
Wurst2000: checks
simper11: bets $6
Wurst2000: raises $6 to $12
simper11: calls $6
*** RIVER *** [6h 4d Ts Kc] [9d]
Wurst2000: bets $6
simper11: calls $6
*** SHOW DOWN ***
Wurst2000: shows [4h Kh] (two pair, Kings and Fours)
simper11: mucks hand
Wurst2000 collected $53.50 from pot
*** SUMMARY ***
Total pot $54 | Rake $0.50
Board [6h 4d Ts Kc 9d]
Seat 5: simper11 (button) (small blind) mucked
Seat 6: Wurst2000 (big blind) showed [4h Kh] and won ($53.50) with two pair, Kings and Fours


PokerStars Hand #157999227010:  Hold'em Limit ($3/$6 USD) - 2016/08/31 20:13:51 ET
Table 'Menkib' 10-max Seat #5 is the button
Seat 5: simper11 ($160.50 in chips)
Seat 6: Wurst2000 ($48.22 in chips)
simper11: posts small blind $1
Wurst2000: posts big blind $3
*** HOLE CARDS ***
simper11: raises $3 to $6
Wurst2000: calls $3
*** FLOP *** [Tc Qc 7c]
Wurst2000: checks
simper11: bets $3
Wurst2000: calls $3
*** TURN *** [Tc Qc 7c] [6d]
Wurst2000: checks
simper11: bets $6
Wurst2000: calls $6
*** RIVER *** [Tc Qc 7c 6d] [8d]
Wurst2000: checks
simper11: bets $6
Wurst2000: folds
Uncalled bet ($6) returned to simper11
simper11 collected $29.50 from pot
simper11: doesn't show hand
*** SUMMARY ***
Total pot $30 | Rake $0.50
Board [Tc Qc 7c 6d 8d]
Seat 5: simper11 (button) (small blind) collected ($29.50)
Seat 6: Wurst2000 (big blind) folded on the River


PokerStars Hand #157999234111:  Hold'em Limit ($3/$6 USD) - 2016/08/31 20:14:06 ET
Table 'Menkib' 10-max Seat #6 is the button
Seat 5: simper11 ($175 in chips)
Seat 6: Wurst2000 ($33.22 in chips)
Wurst2000: posts small blind $1
simper11: posts big blind $3
*** HOLE CARDS ***
Wurst2000: raises $3 to $6
simper11: calls $3
*** FLOP *** [7c 6d 7h]
simper11: checks
Wurst2000: bets $3
simper11: raises $3 to $6
Wurst2000: calls $3
*** TURN *** [7c 6d 7h] [8d]
simper11: bets $6
Wurst2000: raises $6 to $12
simper11: calls $6
*** RIVER *** [7c 6d 7h 8d] [Jh]
simper11: checks
Wurst2000: bets $6
simper11: calls $6
*** SHOW DOWN ***
Wurst2000: shows [Th 8c] (two pair, Eights and Sevens)
simper11: mucks hand
Wurst2000 collected $59.50 from pot
*** SUMMARY ***
Total pot $60 | Rake $0.50
Board [7c 6d 7h 8d Jh]
Seat 5: simper11 (big blind) mucked
Seat 6: Wurst2000 (button) (small blind) showed [Th 8c] and won ($59.50) with two pair, Eights and Sevens


PokerStars Hand #157999222427:  Hold'em Limit ($3/$6 USD) - 2016/08/31 20:13:41 ET
Table 'Menkib' 10-max Seat #6 is the button
Seat 5: simper11 ($166.50 in chips)
Seat 6: Wurst2000 ($42.46 in chips)
Wurst2000: posts small blind $1
simper11: posts big blind $3
*** HOLE CARDS ***
Wurst2000: raises $3 to $6
simper11: calls $3
*** FLOP *** [9c 5c 6c]
simper11: checks
Wurst2000: bets $3
simper11: folds
Uncalled bet ($3) returned to Wurst2000
Wurst2000 collected $11.76 from pot
Wurst2000: doesn't show hand
*** SUMMARY ***
Total pot $12 | Rake $0.24
Board [9c 5c 6c]
Seat 5: simper11 (big blind) folded on the Flop
Seat 6: Wurst2000 (button) (small blind) collected ($11.76)


PokerStars Hand #157999270177:  Hold'em Limit ($3/$6 USD) - 2016/08/31 20:15:24 ET
Table 'Menkib' 10-max Seat #6 is the button
Seat 5: simper11 ($120 in chips)
Seat 6: Wurst2000 ($96.74 in chips)
Wurst2000: posts small blind $1
simper11: posts big blind $3
*** HOLE CARDS ***
Wurst2000: folds
Uncalled bet ($2) returned to simper11
simper11 collected $2 from pot
simper11: doesn't show hand
*** SUMMARY ***
Total pot $2 | Rake $0
Seat 5: simper11 (big blind) collected ($2)
Seat 6: Wurst2000 (button) (small blind) folded before Flop


PokerStars Hand #157999268145:  Hold'em Limit ($3/$6 USD) - 2016/08/31 20:15:20 ET
Table 'Menkib' 10-max Seat #5 is the button
Seat 5: simper11 ($120 in chips)
Seat 6: Wurst2000 ($95.74 in chips)
simper11: posts small blind $1
Wurst2000: posts big blind $3
*** HOLE CARDS ***
simper11: folds
Uncalled bet ($2) returned to Wurst2000
Wurst2000 collected $2 from pot
Wurst2000: doesn't show hand
*** SUMMARY ***
Total pot $2 | Rake $0
Seat 5: simper11 (button) (small blind) folded before Flop
Seat 6: Wurst2000 (big blind) collected ($2)


PokerStars Hand #157999249197:  Hold'em Limit ($3/$6 USD) - 2016/08/31 20:14:39 ET
Table 'Menkib' 10-max Seat #6 is the button
Seat 5: simper11 ($120 in chips)
Seat 6: Wurst2000 ($89.22 in chips)
Wurst2000: posts small blind $1
simper11: posts big blind $3
*** HOLE CARDS ***
Wurst2000: folds
Uncalled bet ($2) returned to simper11
simper11 collected $2 from pot
simper11: doesn't show hand
*** SUMMARY ***
Total pot $2 | Rake $0
Seat 5: simper11 (big blind) collected ($2)
Seat 6: Wurst2000 (button) (small blind) folded before Flop


PokerStars Hand #157999264701:  Hold'em Limit ($3/$6 USD) - 2016/08/31 20:15:13 ET
Table 'Menkib' 10-max Seat #6 is the button
Seat 5: simper11 ($120 in chips)
Seat 6: Wurst2000 ($92.74 in chips)
Wurst2000: posts small blind $1
simper11: posts big blind $3
*** HOLE CARDS ***
Wurst2000: raises $3 to $6
simper11: folds
Uncalled bet ($3) returned to Wurst2000
Wurst2000 collected $6 from pot
Wurst2000: doesn't show hand
*** SUMMARY ***
Total pot $6 | Rake $0
Seat 5: simper11 (big blind) folded before Flop
Seat 6: Wurst2000 (button) (small blind) collected ($6)


PokerStars Hand #157999257802:  Hold'em Limit ($3/$6 USD) - 2016/08/31 20:14:58 ET
Table 'Menkib' 10-max Seat #5 is the button
Seat 5: simper11 ($127.76 in chips)
Seat 6: Wurst2000 ($81.22 in chips)
simper11: posts small blind $1
Wurst2000: posts big blind $3
*** HOLE CARDS ***
simper11: raises $3 to $6
Wurst2000: calls $3
*** FLOP *** [4d 7h 9d]
Wurst2000: checks
simper11: checks
*** TURN *** [4d 7h 9d] [9h]
Wurst2000: bets $6
simper11: calls $6
*** RIVER *** [4d 7h 9d 9h] [2h]
Wurst2000: checks
simper11: checks
*** SHOW DOWN ***
Wurst2000: shows [8d Ad] (a pair of Nines)
simper11: mucks hand
Wurst2000 collected $23.52 from pot
*** SUMMARY ***
Total pot $24 | Rake $0.48
Board [4d 7h 9d 9h 2h]
Seat 5: simper11 (button) (small blind) mucked
Seat 6: Wurst2000 (big blind) showed [8d Ad] and won ($23.52) with a pair of Nines


PokerStars Hand #157999255727:  Hold'em Limit ($3/$6 USD) - 2016/08/31 20:14:53 ET
Table 'Menkib' 10-max Seat #6 is the button
Seat 5: simper11 ($126.76 in chips)
Seat 6: Wurst2000 ($82.22 in chips)
Wurst2000: posts small blind $1
simper11: posts big blind $3
*** HOLE CARDS ***
Wurst2000: folds
Uncalled bet ($2) returned to simper11
simper11 collected $2 from pot
simper11: doesn't show hand
*** SUMMARY ***
Total pot $2 | Rake $0
Seat 5: simper11 (big blind) collected ($2)
Seat 6: Wurst2000 (button) (small blind) folded before Flop


PokerStars Hand #157999251238:  Hold'em Limit ($3/$6 USD) - 2016/08/31 20:14:44 ET
Table 'Menkib' 10-max Seat #5 is the button
Seat 5: simper11 ($121 in chips)
Seat 6: Wurst2000 ($88.22 in chips)
simper11: posts small blind $1
Wurst2000: posts big blind $3
*** HOLE CARDS ***
simper11: raises $3 to $6
Wurst2000: calls $3
*** FLOP *** [9h 2c Qd]
Wurst2000: checks
simper11: bets $3
Wurst2000: folds
Uncalled bet ($3) returned to simper11
simper11 collected $11.76 from pot
simper11: doesn't show hand
*** SUMMARY ***
Total pot $12 | Rake $0.24
Board [9h 2c Qd]
Seat 5: simper11 (button) (small blind) collected ($11.76)
Seat 6: Wurst2000 (big blind) folded on the Flop


PokerStars Hand #157999286746:  Hold'em Limit ($3/$6 USD) - 2016/08/31 20:16:01 ET
Table 'Menkib' 10-max Seat #5 is the button
Seat 5: simper11 ($120.50 in chips)
Seat 6: Wurst2000 ($95.24 in chips)
simper11: posts small blind $1
Wurst2000: posts big blind $3
*** HOLE CARDS ***
simper11: raises $3 to $6
Wurst2000: calls $3
*** FLOP *** [Ts 8c 4h]
Wurst2000: bets $3
simper11: calls $3
*** TURN *** [Ts 8c 4h] [3d]
Wurst2000: bets $6
simper11: calls $6
*** RIVER *** [Ts 8c 4h 3d] [Ad]
Wurst2000: checks
simper11: bets $6
Wurst2000: calls $6
*** SHOW DOWN ***
simper11: shows [As 6c] (a pair of Aces)
Wurst2000: mucks hand
simper11 collected $41.50 from pot
*** SUMMARY ***
Total pot $42 | Rake $0.50
Board [Ts 8c 4h 3d Ad]
Seat 5: simper11 (button) (small blind) showed [As 6c] and won ($41.50) with a pair of Aces
Seat 6: Wurst2000 (big blind) mucked


PokerStars Hand #157999301751:  Hold'em Limit ($3/$6 USD) - 2016/08/31 20:16:33 ET
Table 'Menkib' 10-max Seat #6 is the button
Seat 5: simper11 ($131 in chips)
Seat 6: Wurst2000 ($83.88 in chips)
Wurst2000: posts small blind $1
simper11: posts big blind $3
*** HOLE CARDS ***
Wurst2000: folds
Uncalled bet ($2) returned to simper11
simper11 collected $2 from pot
simper11: doesn't show hand
*** SUMMARY ***
Total pot $2 | Rake $0
Seat 5: simper11 (big blind) collected ($2)
Seat 6: Wurst2000 (button) (small blind) folded before Flop


PokerStars Hand #157999299653:  Hold'em Limit ($3/$6 USD) - 2016/08/31 20:16:29 ET
Table 'Menkib' 10-max Seat #5 is the button
Seat 5: simper11 ($132 in chips)
Seat 6: Wurst2000 ($82.88 in chips)
simper11: posts small blind $1
Wurst2000: posts big blind $3
*** HOLE CARDS ***
simper11: folds
Uncalled bet ($2) returned to Wurst2000
Wurst2000 collected $2 from pot
Wurst2000: doesn't show hand
*** SUMMARY ***
Total pot $2 | Rake $0
Seat 5: simper11 (button) (small blind) folded before Flop
Seat 6: Wurst2000 (big blind) collected ($2)


PokerStars Hand #157999279979:  Hold'em Limit ($3/$6 USD) - 2016/08/31 20:15:46 ET
Table 'Menkib' 10-max Seat #6 is the button
Seat 5: simper11 ($141.50 in chips)
Seat 6: Wurst2000 ($74.74 in chips)
Wurst2000: posts small blind $1
simper11: posts big blind $3
*** HOLE CARDS ***
Wurst2000: raises $3 to $6
simper11: calls $3
*** FLOP *** [Ah 3s 4c]
simper11: checks
Wurst2000: bets $3
simper11: calls $3
*** TURN *** [Ah 3s 4c] [4d]
simper11: checks
Wurst2000: bets $6
simper11: calls $6
*** RIVER *** [Ah 3s 4c 4d] [Jd]
simper11: checks
Wurst2000: bets $6
simper11: calls $6
*** SHOW DOWN ***
Wurst2000: shows [Ks Ac] (two pair, Aces and Fours)
simper11: mucks hand
Wurst2000 collected $41.50 from pot
*** SUMMARY ***
Total pot $42 | Rake $0.50
Board [Ah 3s 4c 4d Jd]
Seat 5: simper11 (big blind) mucked
Seat 6: Wurst2000 (button) (small blind) showed [Ks Ac] and won ($41.50) with two pair, Aces and Fours


PokerStars Hand #157999272228:  Hold'em Limit ($3/$6 USD) - 2016/08/31 20:15:29 ET
Table 'Menkib' 10-max Seat #5 is the button
Seat 5: simper11 ($121 in chips)
Seat 6: Wurst2000 ($95.74 in chips)
simper11: posts small blind $1
Wurst2000: posts big blind $3
*** HOLE CARDS ***
simper11: raises $3 to $6
Wurst2000: calls $3
*** FLOP *** [Qd 2d Qh]
Wurst2000: checks
simper11: bets $3
Wurst2000: calls $3
*** TURN *** [Qd 2d Qh] [7c]
Wurst2000: checks
simper11: bets $6
Wurst2000: calls $6
*** RIVER *** [Qd 2d Qh 7c] [Ts]
Wurst2000: checks
simper11: bets $6
Wurst2000: calls $6
*** SHOW DOWN ***
simper11: shows [8d Qc] (three of a kind, Queens)
Wurst2000: mucks hand
simper11 collected $41.50 from pot
*** SUMMARY ***
Total pot $42 | Rake $0.50
Board [Qd 2d Qh 7c Ts]
Seat 5: simper11 (button) (small blind) showed [8d Qc] and won ($41.50) with three of a kind, Queens
Seat 6: Wurst2000 (big blind) mucked


PokerStars Hand #157999314779:  Hold'em Limit ($3/$6 USD) - 2016/08/31 20:17:02 ET
Table 'Menkib' 10-max Seat #5 is the button
Seat 5: simper11 ($121 in chips)
Seat 6: Wurst2000 ($114.38 in chips)
simper11: posts small blind $1
Wurst2000: posts big blind $3
*** HOLE CARDS ***
simper11: raises $3 to $6
Wurst2000: calls $3
*** FLOP *** [5d 4h 2s]
Wurst2000: checks
simper11: bets $3
Wurst2000: calls $3
*** TURN *** [5d 4h 2s] [5s]
Wurst2000: checks
simper11: checks
*** RIVER *** [5d 4h 2s 5s] [Th]
Wurst2000: checks
simper11: checks
*** SHOW DOWN ***
Wurst2000: shows [9h Ac] (a pair of Fives)
simper11: mucks hand
Wurst2000 collected $17.64 from pot
*** SUMMARY ***
Total pot $18 | Rake $0.36
Board [5d 4h 2s 5s Th]
Seat 5: simper11 (button) (small blind) mucked
Seat 6: Wurst2000 (big blind) showed [9h Ac] and won ($17.64) with a pair of Fives


PokerStars Hand #157999328048:  Hold'em Limit ($3/$6 USD) - 2016/08/31 20:17:30 ET
Table 'Menkib' 10-max Seat #5 is the button
Seat 5: simper11 ($121 in chips)
Seat 6: Wurst2000 ($122.02 in chips)
simper11: posts small blind $1
Wurst2000: posts big blind $3
*** HOLE CARDS ***
simper11: raises $3 to $6
Wurst2000: calls $3
*** FLOP *** [3s Tc Qc]
Wurst2000: checks
simper11: bets $3
Wurst2000: folds
Uncalled bet ($3) returned to simper11
simper11 collected $11.76 from pot
simper11: doesn't show hand
*** SUMMARY ***
Total pot $12 | Rake $0.24
Board [3s Tc Qc]
Seat 5: simper11 (button) (small blind) collected ($11.76)
Seat 6: Wurst2000 (big blind) folded on the Flop


PokerStars Hand #157999321413:  Hold'em Limit ($3/$6 USD) - 2016/08/31 20:17:16 ET
Table 'Menkib' 10-max Seat #6 is the button
Seat 5: simper11 ($120 in chips)
Seat 6: Wurst2000 ($123.02 in chips)
Wurst2000: posts small blind $1
simper11: posts big blind $3
*** HOLE CARDS ***
Wurst2000: folds
Uncalled bet ($2) returned to simper11
simper11 collected $2 from pot
simper11: doesn't show hand
*** SUMMARY ***
Total pot $2 | Rake $0
Seat 5: simper11 (big blind) collected ($2)
Seat 6: Wurst2000 (button) (small blind) folded before Flop


PokerStars Hand #157999312810:  Hold'em Limit ($3/$6 USD) - 2016/08/31 20:16:57 ET
Table 'Menkib' 10-max Seat #6 is the button
Seat 5: simper11 ($120 in chips)
Seat 6: Wurst2000 ($115.38 in chips)
Wurst2000: posts small blind $1
simper11: posts big blind $3
*** HOLE CARDS ***
Wurst2000: folds
Uncalled bet ($2) returned to simper11
simper11 collected $2 from pot
simper11: doesn't show hand
*** SUMMARY ***
Total pot $2 | Rake $0
Seat 5: simper11 (big blind) collected ($2)
Seat 6: Wurst2000 (button) (small blind) folded before Flop


PokerStars Hand #157999304094:  Hold'em Limit ($3/$6 USD) - 2016/08/31 20:16:38 ET
Table 'Menkib' 10-max Seat #5 is the button
Seat 5: simper11 ($132 in chips)
Seat 6: Wurst2000 ($82.88 in chips)
simper11: posts small blind $1
Wurst2000: posts big blind $3
*** HOLE CARDS ***
simper11: raises $3 to $6
Wurst2000: calls $3
*** FLOP *** [Jd 8h Ts]
Wurst2000: checks
simper11: bets $3
Wurst2000: raises $3 to $6
simper11: raises $3 to $9
Wurst2000: calls $3
*** TURN *** [Jd 8h Ts] [4h]
Wurst2000: checks
simper11: bets $6
Wurst2000: calls $6
*** RIVER *** [Jd 8h Ts 4h] [8s]
Wurst2000: checks
simper11: bets $6
Wurst2000: raises $6 to $12
simper11: calls $6
*** SHOW DOWN ***
Wurst2000: shows [9c 8c] (three of a kind, Eights)
simper11: mucks hand
Wurst2000 collected $65.50 from pot
*** SUMMARY ***
Total pot $66 | Rake $0.50
Board [Jd 8h Ts 4h 8s]
Seat 5: simper11 (button) (small blind) mucked
Seat 6: Wurst2000 (big blind) showed [9c 8c] and won ($65.50) with three of a kind, Eights


PokerStars Hand #157999333419:  Hold'em Limit ($3/$6 USD) - 2016/08/31 20:17:42 ET
Table 'Menkib' 10-max Seat #6 is the button
Seat 5: simper11 ($126.76 in chips)
Seat 6: Wurst2000 ($116.02 in chips)
Wurst2000: posts small blind $1
simper11: posts big blind $3
*** HOLE CARDS ***
Wurst2000: folds
Uncalled bet ($2) returned to simper11
simper11 collected $2 from pot
simper11: doesn't show hand
*** SUMMARY ***
Total pot $2 | Rake $0
Seat 5: simper11 (big blind) collected ($2)
Seat 6: Wurst2000 (button) (small blind) folded before Flop


PokerStars Hand #157999344557:  Hold'em Limit ($3/$6 USD) - 2016/08/31 20:18:06 ET
Table 'Menkib' 10-max Seat #6 is the button
Seat 5: simper11 ($120 in chips)
Seat 6: Wurst2000 ($129.52 in chips)
xcgxcg2005 joins the table at seat #4
Wurst2000: posts small blind $1
simper11: posts big blind $3
*** HOLE CARDS ***
Wurst2000: folds
Uncalled bet ($2) returned to simper11
simper11 collected $2 from pot
simper11: doesn't show hand
*** SUMMARY ***
Total pot $2 | Rake $0
Seat 5: simper11 (big blind) collected ($2)
Seat 6: Wurst2000 (button) (small blind) folded before Flop


PokerStars Hand #157999335518:  Hold'em Limit ($3/$6 USD) - 2016/08/31 20:17:46 ET
Table 'Menkib' 10-max Seat #5 is the button
Seat 5: simper11 ($127.76 in chips)
Seat 6: Wurst2000 ($115.02 in chips)
simper11: posts small blind $1
Wurst2000: posts big blind $3
*** HOLE CARDS ***
simper11: raises $3 to $6
Wurst2000: calls $3
*** FLOP *** [2d 9d 2h]
Wurst2000: checks
simper11: bets $3
Wurst2000: calls $3
*** TURN *** [2d 9d 2h] [Kh]
Wurst2000: checks
simper11: bets $6
Wurst2000: raises $6 to $12
simper11: folds
Uncalled bet ($6) returned to Wurst2000
Wurst2000 collected $29.50 from pot
Wurst2000: doesn't show hand
*** SUMMARY ***
Total pot $30 | Rake $0.50
Board [2d 9d 2h Kh]
Seat 5: simper11 (button) (small blind) folded on the Turn
Seat 6: Wurst2000 (big blind) collected ($29.50)


PokerStars Hand #157999346866:  Hold'em Limit ($3/$6 USD) - 2016/08/31 20:18:11 ET
Table 'Menkib' 10-max Seat #5 is the button
Seat 5: simper11 ($121 in chips)
Seat 6: Wurst2000 ($128.52 in chips)
simper11: posts small blind $1
Wurst2000: posts big blind $3
*** HOLE CARDS ***
simper11: raises $3 to $6
Wurst2000: folds
Uncalled bet ($3) returned to simper11
simper11 collected $6 from pot
simper11: doesn't show hand
*** SUMMARY ***
Total pot $6 | Rake $0
Seat 5: simper11 (button) (small blind) collected ($6)
Seat 6: Wurst2000 (big blind) folded before Flop


PokerStars Hand #157999368112:  Hold'em Limit ($3/$6 USD) - 2016/08/31 20:18:57 ET
Table 'Menkib' 10-max Seat #5 is the button
Seat 5: simper11 ($120 in chips)
Seat 6: Wurst2000 ($138.74 in chips)
simper11: posts small blind $1
Wurst2000: posts big blind $3
*** HOLE CARDS ***
simper11: raises $3 to $6
Wurst2000: raises $3 to $9
simper11: calls $3
*** FLOP *** [Qc Th 6d]
Wurst2000: bets $3
simper11: calls $3
*** TURN *** [Qc Th 6d] [3h]
Wurst2000: bets $6
simper11: raises $6 to $12
Wurst2000: calls $6
*** RIVER *** [Qc Th 6d 3h] [3c]
Wurst2000: checks
simper11: checks
*** SHOW DOWN ***
Wurst2000: shows [Jh Jd] (two pair, Jacks and Threes)
simper11: mucks hand
Wurst2000 collected $47.50 from pot
*** SUMMARY ***
Total pot $48 | Rake $0.50
Board [Qc Th 6d 3h 3c]
Seat 5: simper11 (button) (small blind) mucked
Seat 6: Wurst2000 (big blind) showed [Jh Jd] and won ($47.50) with two pair, Jacks and Threes


PokerStars Hand #157999363680:  Hold'em Limit ($3/$6 USD) - 2016/08/31 20:18:47 ET
Table 'Menkib' 10-max Seat #6 is the button
Seat 5: simper11 ($120 in chips)
Seat 6: Wurst2000 ($132.98 in chips)
Wurst2000: posts small blind $1
simper11: posts big blind $3
*** HOLE CARDS ***
Wurst2000: raises $3 to $6
simper11: calls $3
*** FLOP *** [As Ah 3c]
simper11: checks
Wurst2000: bets $3
simper11: folds
Uncalled bet ($3) returned to Wurst2000
Wurst2000 collected $11.76 from pot
Wurst2000: doesn't show hand
*** SUMMARY ***
Total pot $12 | Rake $0.24
Board [As Ah 3c]
Seat 5: simper11 (big blind) folded on the Flop
Seat 6: Wurst2000 (button) (small blind) collected ($11.76)


PokerStars Hand #157999382862:  Hold'em Limit ($3/$6 USD) - 2016/08/31 20:19:29 ET
Table 'Menkib' 10-max Seat #6 is the button
Seat 5: simper11 ($131.64 in chips)
Seat 6: Wurst2000 ($150.24 in chips)
Wurst2000: posts small blind $1
simper11: posts big blind $3
*** HOLE CARDS ***
Wurst2000: raises $3 to $6
simper11: calls $3
*** FLOP *** [Qs 8c Kd]
simper11: checks
Wurst2000: bets $3
simper11: folds
Uncalled bet ($3) returned to Wurst2000
Wurst2000 collected $11.76 from pot
Wurst2000: doesn't show hand
*** SUMMARY ***
Total pot $12 | Rake $0.24
Board [Qs 8c Kd]
Seat 5: simper11 (big blind) folded on the Flop
Seat 6: Wurst2000 (button) (small blind) collected ($11.76)


PokerStars Hand #157999380636:  Hold'em Limit ($3/$6 USD) - 2016/08/31 20:19:24 ET
Table 'Menkib' 10-max Seat #5 is the button
Seat 5: simper11 ($128.64 in chips)
Seat 6: Wurst2000 ($153.24 in chips)
simper11: posts small blind $1
Wurst2000: posts big blind $3
*** HOLE CARDS ***
simper11: raises $3 to $6
Wurst2000: folds
Uncalled bet ($3) returned to simper11
simper11 collected $6 from pot
simper11: doesn't show hand
*** SUMMARY ***
Total pot $6 | Rake $0
Seat 5: simper11 (button) (small blind) collected ($6)
Seat 6: Wurst2000 (big blind) folded before Flop


PokerStars Hand #157999374568:  Hold'em Limit ($3/$6 USD) - 2016/08/31 20:19:11 ET
Table 'Menkib' 10-max Seat #6 is the button
Seat 5: simper11 ($120 in chips)
Seat 6: Wurst2000 ($162.24 in chips)
Wurst2000: posts small blind $1
simper11: posts big blind $3
*** HOLE CARDS ***
Wurst2000: raises $3 to $6
simper11: calls $3
*** FLOP *** [9s 6d 2s]
simper11: checks
Wurst2000: bets $3
simper11: calls $3
*** TURN *** [9s 6d 2s] [6c]
simper11: checks
Wurst2000: checks
*** RIVER *** [9s 6d 2s 6c] [7h]
simper11: bets $6
Wurst2000: folds
Uncalled bet ($6) returned to simper11
simper11 collected $17.64 from pot
simper11: doesn't show hand
*** SUMMARY ***
Total pot $18 | Rake $0.36
Board [9s 6d 2s 6c 7h]
Seat 5: simper11 (big blind) collected ($17.64)
Seat 6: Wurst2000 (button) (small blind) folded on the River


PokerStars Hand #157999402033:  Hold'em Limit ($3/$6 USD) - 2016/08/31 20:20:12 ET
Table 'Menkib' 10-max Seat #6 is the button
Seat 5: simper11 ($120 in chips)
Seat 6: Wurst2000 ($172.50 in chips)
Wurst2000: posts small blind $1
simper11: posts big blind $3
*** HOLE CARDS ***
Wurst2000: folds
Uncalled bet ($2) returned to simper11
simper11 collected $2 from pot
simper11: doesn't show hand
*** SUMMARY ***
Total pot $2 | Rake $0
Seat 5: simper11 (big blind) collected ($2)
Seat 6: Wurst2000 (button) (small blind) folded before Flop


PokerStars Hand #157999395091:  Hold'em Limit ($3/$6 USD) - 2016/08/31 20:19:56 ET
Table 'Menkib' 10-max Seat #5 is the button
Seat 5: simper11 ($144.14 in chips)
Seat 6: Wurst2000 ($137 in chips)
simper11: posts small blind $1
Wurst2000: posts big blind $3
*** HOLE CARDS ***
simper11: raises $3 to $6
Wurst2000: raises $3 to $9
simper11: calls $3
*** FLOP *** [8d Kd 5s]
Wurst2000: bets $3
simper11: calls $3
*** TURN *** [8d Kd 5s] [2d]
Wurst2000: bets $6
simper11: raises $6 to $12
Wurst2000: raises $6 to $18
simper11: calls $6
*** RIVER *** [8d Kd 5s 2d] [9d]
Wurst2000: bets $6
simper11: calls $6
*** SHOW DOWN ***
Wurst2000: shows [Ks Kc] (three of a kind, Kings)
simper11: mucks hand
Wurst2000 collected $71.50 from pot
*** SUMMARY ***
Total pot $72 | Rake $0.50
Board [8d Kd 5s 2d 9d]
Seat 5: simper11 (button) (small blind) mucked
Seat 6: Wurst2000 (big blind) showed [Ks Kc] and won ($71.50) with three of a kind, Kings


PokerStars Hand #157999404665:  Hold'em Limit ($3/$6 USD) - 2016/08/31 20:20:18 ET
Table 'Menkib' 10-max Seat #5 is the button
Seat 5: simper11 ($121 in chips)
Seat 6: Wurst2000 ($171.50 in chips)
simper11: posts small blind $1
Wurst2000: posts big blind $3
*** HOLE CARDS ***
simper11: raises $3 to $6
Wurst2000: calls $3
*** FLOP *** [5d Jc 3d]
Wurst2000: checks
simper11: bets $3
Wurst2000: calls $3
*** TURN *** [5d Jc 3d] [5h]
Wurst2000: checks
simper11: bets $6
Wurst2000: calls $6
*** RIVER *** [5d Jc 3d 5h] [9s]
Wurst2000: checks
simper11: checks
*** SHOW DOWN ***
Wurst2000: shows [7s Ac] (a pair of Fives)
simper11: mucks hand
Wurst2000 collected $29.50 from pot
*** SUMMARY ***
Total pot $30 | Rake $0.50
Board [5d Jc 3d 5h 9s]
Seat 5: simper11 (button) (small blind) mucked
Seat 6: Wurst2000 (big blind) showed [7s Ac] and won ($29.50) with a pair of Fives


PokerStars Hand #157999392422:  Hold'em Limit ($3/$6 USD) - 2016/08/31 20:19:50 ET
Table 'Menkib' 10-max Seat #6 is the button
Seat 5: simper11 ($143.14 in chips)
Seat 6: Wurst2000 ($138 in chips)
Wurst2000: posts small blind $1
simper11: posts big blind $3
*** HOLE CARDS ***
Wurst2000: folds
Uncalled bet ($2) returned to simper11
simper11 collected $2 from pot
simper11: doesn't show hand
*** SUMMARY ***
Total pot $2 | Rake $0
Seat 5: simper11 (big blind) collected ($2)
Seat 6: Wurst2000 (button) (small blind) folded before Flop


PokerStars Hand #157999386792:  Hold'em Limit ($3/$6 USD) - 2016/08/31 20:19:38 ET
Table 'Menkib' 10-max Seat #5 is the button
Seat 5: simper11 ($125.64 in chips)
Seat 6: Wurst2000 ($156 in chips)
simper11: posts small blind $1
Wurst2000: posts big blind $3
*** HOLE CARDS ***
simper11: raises $3 to $6
Wurst2000: raises $3 to $9
simper11: calls $3
*** FLOP *** [7c 7h 8d]
Wurst2000: bets $3
simper11: calls $3
*** TURN *** [7c 7h 8d] [4d]
Wurst2000: bets $6
simper11: raises $6 to $12
Wurst2000: folds
Uncalled bet ($6) returned to simper11
simper11 collected $35.50 from pot
simper11: doesn't show hand
*** SUMMARY ***
Total pot $36 | Rake $0.50
Board [7c 7h 8d 4d]
Seat 5: simper11 (button) (small blind) collected ($35.50)
Seat 6: Wurst2000 (big blind) folded on the Turn


PokerStars Hand #157999424282:  Hold'em Limit ($3/$6 USD) - 2016/08/31 20:21:01 ET
Table 'Menkib' 10-max Seat #5 is the button
Seat 5: simper11 ($120 in chips)
Seat 6: Wurst2000 ($203.26 in chips)
simper11: posts small blind $1
Wurst2000: posts big blind $3
*** HOLE CARDS ***
simper11: folds
Uncalled bet ($2) returned to Wurst2000
Wurst2000 collected $2 from pot
Wurst2000: doesn't show hand
*** SUMMARY ***
Total pot $2 | Rake $0
Seat 5: simper11 (button) (small blind) folded before Flop
Seat 6: Wurst2000 (big blind) collected ($2)


PokerStars Hand #157999433960:  Hold'em Limit ($3/$6 USD) - 2016/08/31 20:21:23 ET
Table 'Menkib' 10-max Seat #6 is the button
Seat 5: simper11 ($131.64 in chips)
Seat 6: Wurst2000 ($192.26 in chips)
Wurst2000: posts small blind $1
simper11: posts big blind $3
*** HOLE CARDS ***
Wurst2000: folds
Uncalled bet ($2) returned to simper11
simper11 collected $2 from pot
simper11: doesn't show hand
*** SUMMARY ***
Total pot $2 | Rake $0
Seat 5: simper11 (big blind) collected ($2)
Seat 6: Wurst2000 (button) (small blind) folded before Flop


PokerStars Hand #157999410540:  Hold'em Limit ($3/$6 USD) - 2016/08/31 20:20:31 ET
Table 'Menkib' 10-max Seat #6 is the button
Seat 5: simper11 ($120 in chips)
Seat 6: Wurst2000 ($186 in chips)
Wurst2000: posts small blind $1
simper11: posts big blind $3
*** HOLE CARDS ***
Wurst2000: raises $3 to $6
simper11: calls $3
*** FLOP *** [Tc Ts Qd]
simper11: checks
Wurst2000: bets $3
simper11: calls $3
*** TURN *** [Tc Ts Qd] [Qs]
simper11: checks
Wurst2000: bets $6
simper11: calls $6
*** RIVER *** [Tc Ts Qd Qs] [7h]
simper11: checks
Wurst2000: checks
*** SHOW DOWN ***
simper11: shows [4c Kc] (two pair, Queens and Tens)
Wurst2000: shows [9h Ac] (two pair, Queens and Tens - Ace kicker)
Wurst2000 collected $29.50 from pot
*** SUMMARY ***
Total pot $30 | Rake $0.50
Board [Tc Ts Qd Qs 7h]
Seat 5: simper11 (big blind) showed [4c Kc] and lost with two pair, Queens and Tens
Seat 6: Wurst2000 (button) (small blind) showed [9h Ac] and won ($29.50) with two pair, Queens and Tens


PokerStars Hand #157999419843:  Hold'em Limit ($3/$6 USD) - 2016/08/31 20:20:51 ET
Table 'Menkib' 10-max Seat #6 is the button
Seat 5: simper11 ($123 in chips)
Seat 6: Wurst2000 ($197.50 in chips)
Wurst2000: posts small blind $1
simper11: posts big blind $3
*** HOLE CARDS ***
Wurst2000: raises $3 to $6
simper11: calls $3
*** FLOP *** [Ad 6h 7s]
simper11: checks
Wurst2000: bets $3
simper11: folds
Uncalled bet ($3) returned to Wurst2000
Wurst2000 collected $11.76 from pot
Wurst2000: doesn't show hand
*** SUMMARY ***
Total pot $12 | Rake $0.24
Board [Ad 6h 7s]
Seat 5: simper11 (big blind) folded on the Flop
Seat 6: Wurst2000 (button) (small blind) collected ($11.76)


PokerStars Hand #157999431486:  Hold'em Limit ($3/$6 USD) - 2016/08/31 20:21:17 ET
Table 'Menkib' 10-max Seat #5 is the button
Seat 5: simper11 ($128.64 in chips)
Seat 6: Wurst2000 ($195.26 in chips)
simper11: posts small blind $1
Wurst2000: posts big blind $3
*** HOLE CARDS ***
simper11: raises $3 to $6
Wurst2000: folds
Uncalled bet ($3) returned to simper11
simper11 collected $6 from pot
simper11: doesn't show hand
*** SUMMARY ***
Total pot $6 | Rake $0
Seat 5: simper11 (button) (small blind) collected ($6)
Seat 6: Wurst2000 (big blind) folded before Flop


PokerStars Hand #157999443711:  Hold'em Limit ($3/$6 USD) - 2016/08/31 20:21:44 ET
Table 'Menkib' 10-max Seat #6 is the button
Seat 5: simper11 ($120 in chips)
Seat 6: Wurst2000 ($205.76 in chips)
Wurst2000: posts small blind $1
simper11: posts big blind $3
*** HOLE CARDS ***
Wurst2000: folds
Uncalled bet ($2) returned to simper11
simper11 collected $2 from pot
simper11: doesn't show hand
*** SUMMARY ***
Total pot $2 | Rake $0
Seat 5: simper11 (big blind) collected ($2)
Seat 6: Wurst2000 (button) (small blind) folded before Flop


PokerStars Hand #157999436330:  Hold'em Limit ($3/$6 USD) - 2016/08/31 20:21:28 ET
Table 'Menkib' 10-max Seat #5 is the button
Seat 5: simper11 ($132.64 in chips)
Seat 6: Wurst2000 ($191.26 in chips)
simper11: posts small blind $1
Wurst2000: posts big blind $3
*** HOLE CARDS ***
simper11: raises $3 to $6
Wurst2000: calls $3
*** FLOP *** [4d Js Ad]
Wurst2000: checks
simper11: bets $3
Wurst2000: calls $3
*** TURN *** [4d Js Ad] [Ah]
Wurst2000: checks
simper11: bets $6
Wurst2000: calls $6
*** RIVER *** [4d Js Ad Ah] [7c]
Wurst2000: checks
simper11: checks
*** SHOW DOWN ***
Wurst2000: shows [6h Jh] (two pair, Aces and Jacks)
simper11: mucks hand
Wurst2000 collected $29.50 from pot
*** SUMMARY ***
Total pot $30 | Rake $0.50
Board [4d Js Ad Ah 7c]
Seat 5: simper11 (button) (small blind) mucked
Seat 6: Wurst2000 (big blind) showed [6h Jh] and won ($29.50) with two pair, Aces and Jacks


PokerStars Hand #157999459160:  Hold'em Limit ($3/$6 USD) - 2016/08/31 20:22:17 ET
Table 'Menkib' 10-max Seat #6 is the button
Seat 5: simper11 ($120 in chips)
Seat 6: Wurst2000 ($235.78 in chips)
Wurst2000: posts small blind $1
simper11: posts big blind $3
*** HOLE CARDS ***
Wurst2000: folds
Uncalled bet ($2) returned to simper11
simper11 collected $2 from pot
simper11: doesn't show hand
*** SUMMARY ***
Total pot $2 | Rake $0
Seat 5: simper11 (big blind) collected ($2)
Seat 6: Wurst2000 (button) (small blind) folded before Flop


PokerStars Hand #157999452850:  Hold'em Limit ($3/$6 USD) - 2016/08/31 20:22:03 ET
Table 'Menkib' 10-max Seat #5 is the button
Seat 5: simper11 ($121 in chips)
Seat 6: Wurst2000 ($215.28 in chips)
simper11: posts small blind $1
Wurst2000: posts big blind $3
*** HOLE CARDS ***
simper11: raises $3 to $6
Wurst2000: calls $3
*** FLOP *** [6d 9s Qd]
Wurst2000: checks
simper11: bets $3
Wurst2000: calls $3
*** TURN *** [6d 9s Qd] [Ks]
Wurst2000: checks
simper11: bets $6
Wurst2000: calls $6
*** RIVER *** [6d 9s Qd Ks] [Th]
Wurst2000: bets $6
simper11: calls $6
*** SHOW DOWN ***
Wurst2000: shows [Td 6s] (two pair, Tens and Sixes)
simper11: mucks hand
Wurst2000 collected $41.50 from pot
*** SUMMARY ***
Total pot $42 | Rake $0.50
Board [6d 9s Qd Ks Th]
Seat 5: simper11 (button) (small blind) mucked
Seat 6: Wurst2000 (big blind) showed [Td 6s] and won ($41.50) with two pair, Tens and Sixes


PokerStars Hand #157999465112:  Hold'em Limit ($3/$6 USD) - 2016/08/31 20:22:30 ET
Table 'Menkib' 10-max Seat #6 is the button
Seat 5: simper11 ($124 in chips)
Seat 6: Wurst2000 ($231.78 in chips)
Wurst2000: posts small blind $1
simper11: posts big blind $3
*** HOLE CARDS ***
Wurst2000: folds
Uncalled bet ($2) returned to simper11
simper11 collected $2 from pot
simper11: doesn't show hand
*** SUMMARY ***
Total pot $2 | Rake $0
Seat 5: simper11 (big blind) collected ($2)
Seat 6: Wurst2000 (button) (small blind) folded before Flop


PokerStars Hand #157999450811:  Hold'em Limit ($3/$6 USD) - 2016/08/31 20:21:59 ET
Table 'Menkib' 10-max Seat #6 is the button
Seat 5: simper11 ($120 in chips)
Seat 6: Wurst2000 ($216.28 in chips)
Wurst2000: posts small blind $1
simper11: posts big blind $3
*** HOLE CARDS ***
Wurst2000: folds
Uncalled bet ($2) returned to simper11
simper11 collected $2 from pot
simper11: doesn't show hand
*** SUMMARY ***
Total pot $2 | Rake $0
Seat 5: simper11 (big blind) collected ($2)
Seat 6: Wurst2000 (button) (small blind) folded before Flop


PokerStars Hand #157999445632:  Hold'em Limit ($3/$6 USD) - 2016/08/31 20:21:49 ET
Table 'Menkib' 10-max Seat #5 is the button
Seat 5: simper11 ($121 in chips)
Seat 6: Wurst2000 ($204.76 in chips)
simper11: posts small blind $1
Wurst2000: posts big blind $3
*** HOLE CARDS ***
simper11: raises $3 to $6
Wurst2000: calls $3
*** FLOP *** [2c 7d 9c]
Wurst2000: checks
simper11: bets $3
Wurst2000: raises $3 to $6
simper11: calls $3
*** TURN *** [2c 7d 9c] [6h]
Wurst2000: bets $6
simper11: folds
Uncalled bet ($6) returned to Wurst2000
Wurst2000 collected $23.52 from pot
Wurst2000: doesn't show hand
*** SUMMARY ***
Total pot $24 | Rake $0.48
Board [2c 7d 9c 6h]
Seat 5: simper11 (button) (small blind) folded on the Turn
Seat 6: Wurst2000 (big blind) collected ($23.52)


PokerStars Hand #157999480685:  Hold'em Limit ($3/$6 USD) - 2016/08/31 20:23:05 ET
Table 'Menkib' 10-max Seat #6 is the button
Seat 5: simper11 ($134.76 in chips)
Seat 6: Wurst2000 ($220.78 in chips)
Wurst2000: posts small blind $1
simper11: posts big blind $3
*** HOLE CARDS ***
Wurst2000: folds
Uncalled bet ($2) returned to simper11
simper11 collected $2 from pot
simper11: doesn't show hand
*** SUMMARY ***
Total pot $2 | Rake $0
Seat 5: simper11 (big blind) collected ($2)
Seat 6: Wurst2000 (button) (small blind) folded before Flop


PokerStars Hand #157999478173:  Hold'em Limit ($3/$6 USD) - 2016/08/31 20:23:00 ET
Table 'Menkib' 10-max Seat #5 is the button
Seat 5: simper11 ($131.76 in chips)
Seat 6: Wurst2000 ($223.78 in chips)
simper11: posts small blind $1
Wurst2000: posts big blind $3
*** HOLE CARDS ***
simper11: raises $3 to $6
Wurst2000: folds
Uncalled bet ($3) returned to simper11
simper11 collected $6 from pot
simper11: doesn't show hand
*** SUMMARY ***
Total pot $6 | Rake $0
Seat 5: simper11 (button) (small blind) collected ($6)
Seat 6: Wurst2000 (big blind) folded before Flop


PokerStars Hand #157999491498:  Hold'em Limit ($3/$6 USD) - 2016/08/31 20:23:29 ET
Table 'Menkib' 10-max Seat #5 is the button
Seat 5: simper11 ($166.26 in chips)
Seat 6: Wurst2000 ($188.78 in chips)
simper11: posts small blind $1
Wurst2000: posts big blind $3
*** HOLE CARDS ***
simper11: raises $3 to $6
Wurst2000: calls $3
*** FLOP *** [Jc 6h Qc]
Wurst2000: checks
simper11: bets $3
Wurst2000: calls $3
*** TURN *** [Jc 6h Qc] [3h]
Wurst2000: checks
simper11: bets $6
Wurst2000: calls $6
*** RIVER *** [Jc 6h Qc 3h] [6s]
Wurst2000: checks
simper11: checks
*** SHOW DOWN ***
Wurst2000: shows [Js 8d] (two pair, Jacks and Sixes)
simper11: mucks hand
Wurst2000 collected $29.50 from pot
*** SUMMARY ***
Total pot $30 | Rake $0.50
Board [Jc 6h Qc 3h 6s]
Seat 5: simper11 (button) (small blind) mucked
Seat 6: Wurst2000 (big blind) showed [Js 8d] and won ($29.50) with two pair, Jacks and Sixes


PokerStars Hand #157999472250:  Hold'em Limit ($3/$6 USD) - 2016/08/31 20:22:46 ET
Table 'Menkib' 10-max Seat #5 is the button
Seat 5: simper11 ($129 in chips)
Seat 6: Wurst2000 ($226.78 in chips)
simper11: posts small blind $1
Wurst2000: posts big blind $3
*** HOLE CARDS ***
simper11: raises $3 to $6
Wurst2000: calls $3
*** FLOP *** [Ts Kd Qc]
Wurst2000: checks
simper11: bets $3
Wurst2000: folds
Uncalled bet ($3) returned to simper11
simper11 collected $11.76 from pot
simper11: doesn't show hand
*** SUMMARY ***
Total pot $12 | Rake $0.24
Board [Ts Kd Qc]
Seat 5: simper11 (button) (small blind) collected ($11.76)
Seat 6: Wurst2000 (big blind) folded on the Flop


PokerStars Hand #157999470003:  Hold'em Limit ($3/$6 USD) - 2016/08/31 20:22:41 ET
Table 'Menkib' 10-max Seat #6 is the button
Seat 5: simper11 ($128 in chips)
Seat 6: Wurst2000 ($227.78 in chips)
Wurst2000: posts small blind $1
simper11: posts big blind $3
*** HOLE CARDS ***
Wurst2000: folds
Uncalled bet ($2) returned to simper11
simper11 collected $2 from pot
simper11: doesn't show hand
*** SUMMARY ***
Total pot $2 | Rake $0
Seat 5: simper11 (big blind) collected ($2)
Seat 6: Wurst2000 (button) (small blind) folded before Flop


PokerStars Hand #157999475565:  Hold'em Limit ($3/$6 USD) - 2016/08/31 20:22:54 ET
Table 'Menkib' 10-max Seat #6 is the button
Seat 5: simper11 ($134.76 in chips)
Seat 6: Wurst2000 ($220.78 in chips)
Wurst2000: posts small blind $1
simper11: posts big blind $3
*** HOLE CARDS ***
Wurst2000: raises $3 to $6
simper11: folds
Uncalled bet ($3) returned to Wurst2000
Wurst2000 collected $6 from pot
Wurst2000: doesn't show hand
*** SUMMARY ***
Total pot $6 | Rake $0
Seat 5: simper11 (big blind) folded before Flop
Seat 6: Wurst2000 (button) (small blind) collected ($6)


PokerStars Hand #157999489574:  Hold'em Limit ($3/$6 USD) - 2016/08/31 20:23:25 ET
Table 'Menkib' 10-max Seat #6 is the button
Seat 5: simper11 ($165.26 in chips)
Seat 6: Wurst2000 ($189.78 in chips)
Wurst2000: posts small blind $1
simper11: posts big blind $3
*** HOLE CARDS ***
Wurst2000: folds
Uncalled bet ($2) returned to simper11
simper11 collected $2 from pot
simper11: doesn't show hand
*** SUMMARY ***
Total pot $2 | Rake $0
Seat 5: simper11 (big blind) collected ($2)
Seat 6: Wurst2000 (button) (small blind) folded before Flop


PokerStars Hand #157999482739:  Hold'em Limit ($3/$6 USD) - 2016/08/31 20:23:09 ET
Table 'Menkib' 10-max Seat #5 is the button
Seat 5: simper11 ($135.76 in chips)
Seat 6: Wurst2000 ($219.78 in chips)
simper11: posts small blind $1
Wurst2000: posts big blind $3
*** HOLE CARDS ***
simper11: raises $3 to $6
Wurst2000: calls $3
*** FLOP *** [Js 6d 8s]
Wurst2000: checks
simper11: bets $3
Wurst2000: raises $3 to $6
simper11: calls $3
*** TURN *** [Js 6d 8s] [7c]
Wurst2000: bets $6
simper11: calls $6
*** RIVER *** [Js 6d 8s 7c] [As]
Wurst2000: bets $6
simper11: raises $6 to $12
Wurst2000: calls $6
*** SHOW DOWN ***
simper11: shows [9s Ah] (a pair of Aces)
Wurst2000: mucks hand
simper11 collected $59.50 from pot
*** SUMMARY ***
Total pot $60 | Rake $0.50
Board [Js 6d 8s 7c As]
Seat 5: simper11 (button) (small blind) showed [9s Ah] and won ($59.50) with a pair of Aces
Seat 6: Wurst2000 (big blind) mucked


PokerStars Hand #157999507055:  Hold'em Limit ($3/$6 USD) - 2016/08/31 20:23:47 ET
Table 'Menkib' 10-max Seat #5 is the button
Seat 5: simper11 ($152.26 in chips)
Seat 6: Wurst2000 ($202.28 in chips)
simper11: posts small blind $1
Wurst2000: posts big blind $3
*** HOLE CARDS ***
simper11: raises $3 to $6
Wurst2000: raises $3 to $9
simper11: calls $3
*** FLOP *** [2h 3c Ac]
Wurst2000: bets $3
simper11: calls $3
*** TURN *** [2h 3c Ac] [4c]
Wurst2000: checks
simper11: bets $6
Wurst2000: calls $6
*** RIVER *** [2h 3c Ac 4c] [Kh]
Wurst2000: checks
simper11: bets $6
Wurst2000: calls $6
*** SHOW DOWN ***
simper11: shows [Qd 5d] (a straight, Ace to Five)
Wurst2000: mucks hand
simper11 collected $47.50 from pot
*** SUMMARY ***
Total pot $48 | Rake $0.50
Board [2h 3c Ac 4c Kh]
Seat 5: simper11 (button) (small blind) showed [Qd 5d] and won ($47.50) with a straight, Ace to Five
Seat 6: Wurst2000 (big blind) mucked


PokerStars Hand #157999504938:  Hold'em Limit ($3/$6 USD) - 2016/08/31 20:23:42 ET
Table 'Menkib' 10-max Seat #6 is the button
Seat 5: simper11 ($151.26 in chips)
Seat 6: Wurst2000 ($203.28 in chips)
Wurst2000: posts small blind $1
simper11: posts big blind $3
*** HOLE CARDS ***
Wurst2000: folds
Uncalled bet ($2) returned to simper11
simper11 collected $2 from pot
simper11: doesn't show hand
*** SUMMARY ***
Total pot $2 | Rake $0
Seat 5: simper11 (big blind) collected ($2)
Seat 6: Wurst2000 (button) (small blind) folded before Flop


PokerStars Hand #157999521546:  Hold'em Limit ($3/$6 USD) - 2016/08/31 20:24:19 ET
Table 'Menkib' 10-max Seat #6 is the button
Seat 5: simper11 ($147.76 in chips)
Seat 6: Wurst2000 ($205.78 in chips)
Wurst2000: posts small blind $1
simper11: posts big blind $3
*** HOLE CARDS ***
Wurst2000: folds
Uncalled bet ($2) returned to simper11
galaxy029 joins the table at seat #9
simper11 collected $2 from pot
simper11: doesn't show hand
*** SUMMARY ***
Total pot $2 | Rake $0
Seat 5: simper11 (big blind) collected ($2)
Seat 6: Wurst2000 (button) (small blind) folded before Flop


PokerStars Hand #157999519521:  Hold'em Limit ($3/$6 USD) - 2016/08/31 20:24:14 ET
Table 'Menkib' 10-max Seat #5 is the button
Seat 5: simper11 ($148.76 in chips)
Seat 6: Wurst2000 ($204.78 in chips)
simper11: posts small blind $1
Wurst2000: posts big blind $3
*** HOLE CARDS ***
simper11: folds
Uncalled bet ($2) returned to Wurst2000
Wurst2000 collected $2 from pot
Wurst2000: doesn't show hand
*** SUMMARY ***
Total pot $2 | Rake $0
Seat 5: simper11 (button) (small blind) folded before Flop
Seat 6: Wurst2000 (big blind) collected ($2)


PokerStars Hand #157999513391:  Hold'em Limit ($3/$6 USD) - 2016/08/31 20:24:01 ET
Table 'Menkib' 10-max Seat #6 is the button
Seat 5: simper11 ($175.76 in chips)
Seat 6: Wurst2000 ($178.28 in chips)
Wurst2000: posts small blind $1
simper11: posts big blind $3
*** HOLE CARDS ***
Wurst2000: raises $3 to $6
simper11: calls $3
*** FLOP *** [3h 4s Th]
simper11: checks
Wurst2000: bets $3
simper11: calls $3
*** TURN *** [3h 4s Th] [Ah]
simper11: checks
Wurst2000: bets $6
simper11: raises $6 to $12
Wurst2000: calls $6
*** RIVER *** [3h 4s Th Ah] [Ks]
simper11: bets $6
Wurst2000: calls $6
*** SHOW DOWN ***
simper11: shows [8h 5c] (high card Ace)
Wurst2000: shows [8c Td] (a pair of Tens)
Wurst2000 collected $53.50 from pot
*** SUMMARY ***
Total pot $54 | Rake $0.50
Board [3h 4s Th Ah Ks]
Seat 5: simper11 (big blind) showed [8h 5c] and lost with high card Ace
Seat 6: Wurst2000 (button) (small blind) showed [8c Td] and won ($53.50) with a pair of Tens


PokerStars Hand #157999523910:  Hold'em Limit ($3/$6 USD) - 2016/08/31 20:24:24 ET
Table 'Menkib' 10-max Seat #5 is the button
Seat 5: simper11 ($148.76 in chips)
Seat 6: Wurst2000 ($204.78 in chips)
simper11: posts small blind $1
Wurst2000: posts big blind $3
*** HOLE CARDS ***
simper11: folds
Uncalled bet ($2) returned to Wurst2000
Wurst2000 collected $2 from pot
Wurst2000: doesn't show hand
*** SUMMARY ***
Total pot $2 | Rake $0
Seat 5: simper11 (button) (small blind) folded before Flop
Seat 6: Wurst2000 (big blind) collected ($2)


PokerStars Hand #157999935420:  Hold'em Limit ($3/$6 USD) - 2016/08/31 20:40:06 ET
Table 'Menkib' 10-max Seat #5 is the button
Seat 5: simper11 ($201.86 in chips)
Seat 9: galaxy029 ($17.10 in chips)
simper11: posts small blind $1
$polu4atel*$: is sitting out
galaxy029: posts big blind $3
*** HOLE CARDS ***
simper11: raises $3 to $6
galaxy029: calls $3
*** FLOP *** [6c Td Ad]
galaxy029: checks
simper11: checks
*** TURN *** [6c Td Ad] [Th]
galaxy029: bets $6
simper11: calls $6
*** RIVER *** [6c Td Ad Th] [4d]
galaxy029: bets $5.10 and is all-in
simper11: calls $5.10
*** SHOW DOWN ***
galaxy029: shows [Jh 9s] (a pair of Tens)
simper11: shows [6h 3h] (two pair, Tens and Sixes)
simper11 collected $33.70 from pot
*** SUMMARY ***
Total pot $34.20 | Rake $0.50
Board [6c Td Ad Th 4d]
Seat 5: simper11 (button) (small blind) showed [6h 3h] and won ($33.70) with two pair, Tens and Sixes
Seat 9: galaxy029 (big blind) showed [Jh 9s] and lost with a pair of Tens


