PokerStars Hand #155152254968:  Hold'em Limit ($3/$6 USD) - 2016/06/24 16:29:53 ET
Table 'Menkalinan' 6-max Seat #4 is the button
Seat 2: ZinZar ($240.61 in chips)
Seat 4: Chessnok ($79.47 in chips)
Chessnok: posts small blind $1
AA_ILI: is sitting out
ZinZar: posts big blind $3
*** HOLE CARDS ***
Chessnok: raises $3 to $6
AA_ILI leaves the table
moffen84 leaves the table
ZinZar: calls $3
*** FLOP *** [8c Th 9c]
ZinZar: checks
Chessnok: bets $3
ZinZar: raises $3 to $6
Chessnok: calls $3
*** TURN *** [8c Th 9c] [7s]
ZinZar: bets $6
Chessnok: folds
Uncalled bet ($6) returned to ZinZar
ZinZar collected $23.52 from pot
ZinZar: doesn't show hand
*** SUMMARY ***
Total pot $24 | Rake $0.48
Board [8c Th 9c 7s]
Seat 2: ZinZar (big blind) collected ($23.52)
Seat 4: Chessnok (button) (small blind) folded on the Turn


PokerStars Hand #155152303664:  Hold'em Limit ($3/$6 USD) - 2016/06/24 16:30:59 ET
Table 'Menkalinan' 6-max Seat #2 is the button
Seat 2: ZinZar ($260.63 in chips)
Seat 5: debox21 ($110.76 in chips)
ZinZar: posts small blind $1
debox21: posts big blind $3
*** HOLE CARDS ***
ZinZar: raises $3 to $6
debox21: calls $3
*** FLOP *** [9s 4d 8h]
debox21: checks
ZinZar: bets $3
debox21: calls $3
*** TURN *** [9s 4d 8h] [2d]
debox21: checks
ZinZar: bets $6
debox21: calls $6
*** RIVER *** [9s 4d 8h 2d] [Kh]
debox21: checks
ZinZar: bets $6
debox21: raises $6 to $12
ZinZar: calls $6
*** SHOW DOWN ***
debox21: shows [Th Ks] (a pair of Kings)
ZinZar: shows [Qs Kd] (a pair of Kings - Queen kicker)
ZinZar collected $53.50 from pot
*** SUMMARY ***
Total pot $54 | Rake $0.50
Board [9s 4d 8h 2d Kh]
Seat 2: ZinZar (button) (small blind) showed [Qs Kd] and won ($53.50) with a pair of Kings
Seat 5: debox21 (big blind) showed [Th Ks] and lost with a pair of Kings


PokerStars Hand #155152295160:  Hold'em Limit ($3/$6 USD) - 2016/06/24 16:30:48 ET
Table 'Menkalinan' 6-max Seat #5 is the button
Seat 2: ZinZar ($266.63 in chips)
Seat 5: debox21 ($105 in chips)
debox21: posts small blind $1
ZinZar: posts big blind $3
*** HOLE CARDS ***
debox21: raises $3 to $6
ZinZar: calls $3
*** FLOP *** [5h 9d 9h]
ZinZar: checks
debox21: bets $3
ZinZar: folds
Uncalled bet ($3) returned to debox21
debox21 collected $11.76 from pot
*** SUMMARY ***
Total pot $12 | Rake $0.24
Board [5h 9d 9h]
Seat 2: ZinZar (big blind) folded on the Flop
Seat 5: debox21 (button) (small blind) collected ($11.76)


PokerStars Hand #155152362528:  Hold'em Limit ($3/$6 USD) - 2016/06/24 16:32:20 ET
Table 'Menkalinan' 6-max Seat #5 is the button
Seat 2: ZinZar ($330.79 in chips)
Seat 5: debox21 ($116.75 in chips)
debox21: posts small blind $1
ZinZar: posts big blind $3
*** HOLE CARDS ***
debox21: raises $3 to $6
ZinZar: calls $3
*** FLOP *** [7c 4c Td]
ZinZar: checks
debox21: bets $3
ZinZar: folds
Uncalled bet ($3) returned to debox21
debox21 collected $11.76 from pot
debox21: doesn't show hand
*** SUMMARY ***
Total pot $12 | Rake $0.24
Board [7c 4c Td]
Seat 2: ZinZar (big blind) folded on the Flop
Seat 5: debox21 (button) (small blind) collected ($11.76)


PokerStars Hand #155152347191:  Hold'em Limit ($3/$6 USD) - 2016/06/24 16:31:59 ET
Table 'Menkalinan' 6-max Seat #5 is the button
Seat 2: ZinZar ($319.27 in chips)
Seat 5: debox21 ($128.75 in chips)
debox21: posts small blind $1
ZinZar: posts big blind $3
*** HOLE CARDS ***
debox21: raises $3 to $6
ZinZar: calls $3
*** FLOP *** [2d 3c 3s]
ZinZar: checks
debox21: checks
*** TURN *** [2d 3c 3s] [Ks]
ZinZar: bets $6
debox21: folds
Uncalled bet ($6) returned to ZinZar
ZinZar collected $11.76 from pot
ZinZar: doesn't show hand
*** SUMMARY ***
Total pot $12 | Rake $0.24
Board [2d 3c 3s Ks]
Seat 2: ZinZar (big blind) collected ($11.76)
Seat 5: debox21 (button) (small blind) folded on the Turn


PokerStars Hand #155152356435:  Hold'em Limit ($3/$6 USD) - 2016/06/24 16:32:11 ET
Table 'Menkalinan' 6-max Seat #2 is the button
Seat 2: ZinZar ($325.03 in chips)
Seat 5: debox21 ($122.75 in chips)
ZinZar: posts small blind $1
debox21: posts big blind $3
*** HOLE CARDS ***
ZinZar: raises $3 to $6
debox21: calls $3
*** FLOP *** [6c 4c 9s]
debox21: checks
ZinZar: bets $3
debox21: folds
Uncalled bet ($3) returned to ZinZar
ZinZar collected $11.76 from pot
ZinZar: doesn't show hand
*** SUMMARY ***
Total pot $12 | Rake $0.24
Board [6c 4c 9s]
Seat 2: ZinZar (button) (small blind) collected ($11.76)
Seat 5: debox21 (big blind) folded on the Flop


PokerStars Hand #155152321399:  Hold'em Limit ($3/$6 USD) - 2016/06/24 16:31:23 ET
Table 'Menkalinan' 6-max Seat #5 is the button
Seat 2: ZinZar ($287.13 in chips)
Seat 5: debox21 ($83.76 in chips)
debox21: posts small blind $1
ZinZar: posts big blind $3
*** HOLE CARDS ***
debox21: raises $3 to $6
ZinZar: calls $3
*** FLOP *** [Ah Jh Th]
ZinZar: checks
debox21: bets $3
ZinZar: calls $3
*** TURN *** [Ah Jh Th] [9d]
ZinZar: checks
debox21: checks
*** RIVER *** [Ah Jh Th 9d] [5c]
ZinZar: bets $6
debox21: folds
Uncalled bet ($6) returned to ZinZar
ZinZar collected $17.64 from pot
ZinZar: doesn't show hand
*** SUMMARY ***
Total pot $18 | Rake $0.36
Board [Ah Jh Th 9d 5c]
Seat 2: ZinZar (big blind) collected ($17.64)
Seat 5: debox21 (button) (small blind) folded on the River


PokerStars Hand #155152379458:  Hold'em Limit ($3/$6 USD) - 2016/06/24 16:32:43 ET
Table 'Menkalinan' 6-max Seat #5 is the button
Seat 2: ZinZar ($330.55 in chips)
Seat 5: debox21 ($116.51 in chips)
debox21: posts small blind $1
ZinZar: posts big blind $3
*** HOLE CARDS ***
GRAILKO joins the table at seat #6
debox21: raises $3 to $6
ZinZar: calls $3
*** FLOP *** [3h Td 3s]
ZinZar: checks
debox21: checks
*** TURN *** [3h Td 3s] [Th]
ZinZar: checks
debox21: checks
*** RIVER *** [3h Td 3s Th] [8c]
Coldhandnik joins the table at seat #3
ZinZar: checks
debox21: checks
*** SHOW DOWN ***
ZinZar: shows [5s Kh] (two pair, Tens and Threes)
debox21: mucks hand
ZinZar collected $11.76 from pot
*** SUMMARY ***
Total pot $12 | Rake $0.24
Board [3h Td 3s Th 8c]
Seat 2: ZinZar (big blind) showed [5s Kh] and won ($11.76) with two pair, Tens and Threes
Seat 5: debox21 (button) (small blind) mucked


PokerStars Hand #155152370268:  Hold'em Limit ($3/$6 USD) - 2016/06/24 16:32:30 ET
Table 'Menkalinan' 6-max Seat #2 is the button
Seat 2: ZinZar ($324.79 in chips)
Seat 5: debox21 ($122.51 in chips)
ZinZar: posts small blind $1
debox21: posts big blind $3
*** HOLE CARDS ***
ZinZar: raises $3 to $6
debox21: calls $3
*** FLOP *** [6d Td Kh]
debox21: checks
ZinZar: bets $3
debox21: folds
Uncalled bet ($3) returned to ZinZar
ZinZar collected $11.76 from pot
ZinZar: doesn't show hand
*** SUMMARY ***
Total pot $12 | Rake $0.24
Board [6d Td Kh]
Seat 2: ZinZar (button) (small blind) collected ($11.76)
Seat 5: debox21 (big blind) folded on the Flop


