PokerStars Hand #164167469624:  Hold'em Limit ($3/$6 USD) - 2017/01/07 1:37:56 ET
Table 'Menkar' 6-max Seat #3 is the button
Seat 2: sim5sim5 ($72 in chips)
Seat 3: hairy1961 ($63.76 in chips)
hairy1961: posts small blind $1
sim5sim5: posts big blind $3
*** HOLE CARDS ***
hairy1961: folds
Uncalled bet ($2) returned to sim5sim5
sim5sim5 collected $2 from pot
sim5sim5: doesn't show hand
*** SUMMARY ***
Total pot $2 | Rake $0
Seat 2: sim5sim5 (big blind) collected ($2)
Seat 3: hairy1961 (button) (small blind) folded before Flop


PokerStars Hand #164167467522:  Hold'em Limit ($3/$6 USD) - 2017/01/07 1:37:48 ET
Table 'Menkar' 6-max Seat #2 is the button
Seat 2: sim5sim5 ($72 in chips)
Seat 3: hairy1961 ($62.76 in chips)
sim5sim5: posts small blind $1
hairy1961: posts big blind $3
*** HOLE CARDS ***
sim5sim5: folds
Uncalled bet ($2) returned to hairy1961
hairy1961 collected $2 from pot
*** SUMMARY ***
Total pot $2 | Rake $0
Seat 2: sim5sim5 (button) (small blind) folded before Flop
Seat 3: hairy1961 (big blind) collected ($2)


PokerStars Hand #164167463446:  Hold'em Limit ($3/$6 USD) - 2017/01/07 1:37:34 ET
Table 'Menkar' 6-max Seat #3 is the button
Seat 2: sim5sim5 ($75 in chips)
Seat 3: hairy1961 ($57 in chips)
hairy1961: posts small blind $1
sim5sim5: posts big blind $3
*** HOLE CARDS ***
hairy1961: raises $3 to $6
sim5sim5: calls $3
*** FLOP *** [6c Kc 4d]
sim5sim5: checks
hairy1961: bets $3
sim5sim5: folds
Uncalled bet ($3) returned to hairy1961
hairy1961 collected $11.76 from pot
hairy1961: doesn't show hand
*** SUMMARY ***
Total pot $12 | Rake $0.24
Board [6c Kc 4d]
Seat 2: sim5sim5 (big blind) folded on the Flop
Seat 3: hairy1961 (button) (small blind) collected ($11.76)


PokerStars Hand #164167459856:  Hold'em Limit ($3/$6 USD) - 2017/01/07 1:37:21 ET
Table 'Menkar' 6-max Seat #2 is the button
Seat 2: sim5sim5 ($76 in chips)
Seat 3: hairy1961 ($56 in chips)
sim5sim5: posts small blind $1
hairy1961: posts big blind $3
*** HOLE CARDS ***
sim5sim5: folds
Uncalled bet ($2) returned to hairy1961
hairy1961 collected $2 from pot
*** SUMMARY ***
Total pot $2 | Rake $0
Seat 2: sim5sim5 (button) (small blind) folded before Flop
Seat 3: hairy1961 (big blind) collected ($2)


PokerStars Hand #164167458156:  Hold'em Limit ($3/$6 USD) - 2017/01/07 1:37:15 ET
Table 'Menkar' 6-max Seat #3 is the button
Seat 2: sim5sim5 ($75 in chips)
Seat 3: hairy1961 ($57 in chips)
hairy1961: posts small blind $1
sim5sim5: posts big blind $3
*** HOLE CARDS ***
hairy1961: folds
Uncalled bet ($2) returned to sim5sim5
sim5sim5 collected $2 from pot
sim5sim5: doesn't show hand
*** SUMMARY ***
Total pot $2 | Rake $0
Seat 2: sim5sim5 (big blind) collected ($2)
Seat 3: hairy1961 (button) (small blind) folded before Flop


PokerStars Hand #164167455848:  Hold'em Limit ($3/$6 USD) - 2017/01/07 1:37:07 ET
Table 'Menkar' 6-max Seat #2 is the button
Seat 2: sim5sim5 ($72 in chips)
Seat 3: hairy1961 ($60 in chips)
sim5sim5: posts small blind $1
hairy1961: posts big blind $3
*** HOLE CARDS ***
sim5sim5: raises $3 to $6
hairy1961: folds
Uncalled bet ($3) returned to sim5sim5
sim5sim5 collected $6 from pot
sim5sim5: doesn't show hand
*** SUMMARY ***
Total pot $6 | Rake $0
Seat 2: sim5sim5 (button) (small blind) collected ($6)
Seat 3: hairy1961 (big blind) folded before Flop


PokerStars Hand #164167481361:  Hold'em Limit ($3/$6 USD) - 2017/01/07 1:38:36 ET
Table 'Menkar' 6-max Seat #3 is the button
Seat 2: sim5sim5 ($72 in chips)
Seat 3: hairy1961 ($80.26 in chips)
hairy1961: posts small blind $1
sim5sim5: posts big blind $3
*** HOLE CARDS ***
hairy1961: folds
Uncalled bet ($2) returned to sim5sim5
sim5sim5 collected $2 from pot
sim5sim5: doesn't show hand
*** SUMMARY ***
Total pot $2 | Rake $0
Seat 2: sim5sim5 (big blind) collected ($2)
Seat 3: hairy1961 (button) (small blind) folded before Flop


PokerStars Hand #164167471647:  Hold'em Limit ($3/$6 USD) - 2017/01/07 1:38:02 ET
Table 'Menkar' 6-max Seat #2 is the button
Seat 2: sim5sim5 ($73 in chips)
Seat 3: hairy1961 ($62.76 in chips)
sim5sim5: posts small blind $1
hairy1961: posts big blind $3
*** HOLE CARDS ***
sim5sim5: raises $3 to $6
hairy1961: calls $3
*** FLOP *** [Tc 8c Jh]
hairy1961: checks
sim5sim5: checks
*** TURN *** [Tc 8c Jh] [4d]
hairy1961: checks
sim5sim5: bets $6
hairy1961: raises $6 to $12
sim5sim5: calls $6
*** RIVER *** [Tc 8c Jh 4d] [Ad]
hairy1961: bets $6
sim5sim5: folds
Uncalled bet ($6) returned to hairy1961
hairy1961 collected $35.50 from pot
hairy1961: doesn't show hand
*** SUMMARY ***
Total pot $36 | Rake $0.50
Board [Tc 8c Jh 4d Ad]
Seat 2: sim5sim5 (button) (small blind) folded on the River
Seat 3: hairy1961 (big blind) collected ($35.50)


PokerStars Hand #164167584342:  Hold'em Limit ($3/$6 USD) - 2017/01/07 1:44:11 ET
Table 'Menkar' 6-max Seat #2 is the button
Seat 2: sim5sim5 ($72 in chips)
Seat 3: jacobkimm ($123.14 in chips)
sim5sim5: posts small blind $1
jacobkimm: posts big blind $3
*** HOLE CARDS ***
sim5sim5: folds
Uncalled bet ($2) returned to jacobkimm
jacobkimm collected $2 from pot
*** SUMMARY ***
Total pot $2 | Rake $0
Seat 2: sim5sim5 (button) (small blind) folded before Flop
Seat 3: jacobkimm (big blind) collected ($2)


PokerStars Hand #164167586481:  Hold'em Limit ($3/$6 USD) - 2017/01/07 1:44:18 ET
Table 'Menkar' 6-max Seat #3 is the button
Seat 2: sim5sim5 ($72 in chips)
Seat 3: jacobkimm ($124.14 in chips)
jacobkimm: posts small blind $1
sim5sim5: posts big blind $3
*** HOLE CARDS ***
jacobkimm: raises $3 to $6
sim5sim5: raises $3 to $9
jacobkimm: calls $3
*** FLOP *** [Ts 6h 9c]
sim5sim5: bets $3
jacobkimm: calls $3
*** TURN *** [Ts 6h 9c] [7c]
sim5sim5: checks
jacobkimm: bets $6
sim5sim5: calls $6
*** RIVER *** [Ts 6h 9c 7c] [4c]
sim5sim5: checks
jacobkimm: bets $6
sim5sim5: raises $6 to $12
jacobkimm: calls $6
*** SHOW DOWN ***
sim5sim5: shows [Ac Kc] (a flush, Ace high)
jacobkimm: mucks hand
sim5sim5 collected $59.50 from pot
*** SUMMARY ***
Total pot $60 | Rake $0.50
Board [Ts 6h 9c 7c 4c]
Seat 2: sim5sim5 (big blind) showed [Ac Kc] and won ($59.50) with a flush, Ace high
Seat 3: jacobkimm (button) (small blind) mucked


PokerStars Hand #164167602706:  Hold'em Limit ($3/$6 USD) - 2017/01/07 1:45:15 ET
Table 'Menkar' 6-max Seat #3 is the button
Seat 2: sim5sim5 ($100.50 in chips)
Seat 3: jacobkimm ($95.14 in chips)
jacobkimm: posts small blind $1
sim5sim5: posts big blind $3
*** HOLE CARDS ***
jacobkimm: folds
Uncalled bet ($2) returned to sim5sim5
sim5sim5 collected $2 from pot
sim5sim5: doesn't show hand
*** SUMMARY ***
Total pot $2 | Rake $0
Seat 2: sim5sim5 (big blind) collected ($2)
Seat 3: jacobkimm (button) (small blind) folded before Flop


PokerStars Hand #164167600615:  Hold'em Limit ($3/$6 USD) - 2017/01/07 1:45:08 ET
Table 'Menkar' 6-max Seat #2 is the button
Seat 2: sim5sim5 ($101.50 in chips)
Seat 3: jacobkimm ($94.14 in chips)
sim5sim5: posts small blind $1
jacobkimm: posts big blind $3
*** HOLE CARDS ***
sim5sim5: folds
Uncalled bet ($2) returned to jacobkimm
jacobkimm collected $2 from pot
*** SUMMARY ***
Total pot $2 | Rake $0
Seat 2: sim5sim5 (button) (small blind) folded before Flop
Seat 3: jacobkimm (big blind) collected ($2)


PokerStars Hand #164167604683:  Hold'em Limit ($3/$6 USD) - 2017/01/07 1:45:22 ET
Table 'Menkar' 6-max Seat #2 is the button
Seat 2: sim5sim5 ($101.50 in chips)
Seat 3: jacobkimm ($94.14 in chips)
sim5sim5: posts small blind $1
jacobkimm: posts big blind $3
*** HOLE CARDS ***
sim5sim5: raises $3 to $6
TheCRIdol joins the table at seat #4
jacobkimm: calls $3
*** FLOP *** [3c 3h 6c]
jacobkimm: checks
sim5sim5: bets $3
jacobkimm: calls $3
*** TURN *** [3c 3h 6c] [9c]
jacobkimm: checks
sim5sim5: bets $6
jacobkimm: calls $6
*** RIVER *** [3c 3h 6c 9c] [Ah]
jacobkimm: checks
sim5sim5: bets $6
jacobkimm: calls $6
*** SHOW DOWN ***
sim5sim5: shows [5s Jc] (a pair of Threes)
jacobkimm: shows [9s Ks] (two pair, Nines and Threes)
jacobkimm collected $41.50 from pot
Bratishchev joins the table at seat #6
*** SUMMARY ***
Total pot $42 | Rake $0.50
Board [3c 3h 6c 9c Ah]
Seat 2: sim5sim5 (button) (small blind) showed [5s Jc] and lost with a pair of Threes
Seat 3: jacobkimm (big blind) showed [9s Ks] and won ($41.50) with two pair, Nines and Threes


PokerStars Hand #164171796289:  Hold'em Limit ($3/$6 USD) - 2017/01/07 5:11:47 ET
Table 'Menkar' 6-max Seat #5 is the button
Seat 1: Tibioto ($254.71 in chips)
Seat 5: zepsweden ($133.05 in chips)
zepsweden: posts small blind $1
Tibioto: posts big blind $3
*** HOLE CARDS ***
TbIP-TbIP 88 joins the table at seat #6
zepsweden: folds
Uncalled bet ($2) returned to Tibioto
Tibioto collected $2 from pot
Tibioto: doesn't show hand
*** SUMMARY ***
Total pot $2 | Rake $0
Seat 1: Tibioto (big blind) collected ($2)
Seat 5: zepsweden (button) (small blind) folded before Flop


PokerStars Hand #164171815165:  Hold'em Limit ($3/$6 USD) - 2017/01/07 5:12:28 ET
Table 'Menkar' 6-max Seat #1 is the button
Seat 1: Tibioto ($255.71 in chips)
Seat 5: zepsweden ($132.05 in chips)
Tibioto: posts small blind $1
zepsweden: posts big blind $3
*** HOLE CARDS ***
Tibioto: raises $3 to $6
zizonmusang joins the table at seat #4
zepsweden: folds
Uncalled bet ($3) returned to Tibioto
Tibioto collected $6 from pot
Tibioto: doesn't show hand
*** SUMMARY ***
Total pot $6 | Rake $0
Seat 1: Tibioto (button) (small blind) collected ($6)
Seat 5: zepsweden (big blind) folded before Flop


PokerStars Hand #164173099246:  Hold'em Limit ($3/$6 USD) - 2017/01/07 5:57:41 ET
Table 'Menkar' 6-max Seat #1 is the button
Seat 1: Tibioto ($187.13 in chips)
Seat 4: MIBondiola ($120 in chips)
Tibioto: posts small blind $1
beng_51 leaves the table
MIBondiola: posts big blind $3
*** HOLE CARDS ***
Tibioto: folds
Uncalled bet ($2) returned to MIBondiola
MIBondiola collected $2 from pot
*** SUMMARY ***
Total pot $2 | Rake $0
Seat 1: Tibioto (button) (small blind) folded before Flop
Seat 4: MIBondiola (big blind) collected ($2)


PokerStars Hand #164173081007:  Hold'em Limit ($3/$6 USD) - 2017/01/07 5:57:00 ET
Table 'Menkar' 6-max Seat #2 is the button
Seat 1: Tibioto ($196.13 in chips)
Seat 2: beng_51 ($99.51 in chips)
beng_51: posts small blind $1
Pelurile: is sitting out
zizonmusang: is sitting out
Tibioto: posts big blind $3
*** HOLE CARDS ***
zizonmusang leaves the table
beng_51: raises $3 to $6
Tibioto: calls $3
*** FLOP *** [8h 6s 7h]
Tibioto: checks
beng_51: bets $3
Tibioto: calls $3
*** TURN *** [8h 6s 7h] [4c]
Tibioto: checks
beng_51: bets $6
Tibioto: folds
Uncalled bet ($6) returned to beng_51
MIBondiola joins the table at seat #4
beng_51 collected $17.64 from pot
*** SUMMARY ***
Total pot $18 | Rake $0.36
Board [8h 6s 7h 4c]
Seat 1: Tibioto (big blind) folded on the Turn
Seat 2: beng_51 (button) (small blind) collected ($17.64)


PokerStars Hand #164173113834:  Hold'em Limit ($3/$6 USD) - 2017/01/07 5:58:14 ET
Table 'Menkar' 6-max Seat #1 is the button
Seat 1: Tibioto ($200.63 in chips)
Seat 4: MIBondiola ($106 in chips)
Tibioto: posts small blind $1
MIBondiola: posts big blind $3
*** HOLE CARDS ***
Tibioto: raises $3 to $6
MIBondiola: calls $3
*** FLOP *** [4d 7c 6c]
MIBondiola: checks
Tibioto: bets $3
MIBondiola: calls $3
*** TURN *** [4d 7c 6c] [5h]
MIBondiola: checks
Tibioto: bets $6
MIBondiola: calls $6
*** RIVER *** [4d 7c 6c 5h] [Qh]
MIBondiola: checks
Tibioto: bets $6
MIBondiola: calls $6
*** SHOW DOWN ***
Tibioto: shows [8c 7s] (a straight, Four to Eight)
MIBondiola: mucks hand
Tibioto collected $41.50 from pot
*** SUMMARY ***
Total pot $42 | Rake $0.50
Board [4d 7c 6c 5h Qh]
Seat 1: Tibioto (button) (small blind) showed [8c 7s] and won ($41.50) with a straight, Four to Eight
Seat 4: MIBondiola (big blind) mucked


PokerStars Hand #164173102636:  Hold'em Limit ($3/$6 USD) - 2017/01/07 5:57:49 ET
Table 'Menkar' 6-max Seat #4 is the button
Seat 1: Tibioto ($186.13 in chips)
Seat 4: MIBondiola ($121 in chips)
MIBondiola: posts small blind $1
Tibioto: posts big blind $3
*** HOLE CARDS ***
MIBondiola: raises $3 to $6
Tibioto: calls $3
*** FLOP *** [4s 8h Ah]
Tibioto: bets $3
MIBondiola: calls $3
*** TURN *** [4s 8h Ah] [Tc]
Tibioto: checks
MIBondiola: bets $6
Tibioto: raises $6 to $12
MIBondiola: folds
Uncalled bet ($6) returned to Tibioto
Tibioto collected $29.50 from pot
Tibioto: doesn't show hand
*** SUMMARY ***
Total pot $30 | Rake $0.50
Board [4s 8h Ah Tc]
Seat 1: Tibioto (big blind) collected ($29.50)
Seat 4: MIBondiola (button) (small blind) folded on the Turn


PokerStars Hand #164173285027:  Hold'em Limit ($3/$6 USD) - 2017/01/07 6:04:12 ET
Table 'Menkar' 6-max Seat #1 is the button
Seat 1: Tibioto ($189.49 in chips)
Seat 6: TbIP-TbIP 88 ($273.76 in chips)
Tibioto: posts small blind $1
MIBondiola: is sitting out
TbIP-TbIP 88: posts big blind $3
*** HOLE CARDS ***
Tibioto: raises $3 to $6
TbIP-TbIP 88: folds
Uncalled bet ($3) returned to Tibioto
Tibioto collected $6 from pot
Tibioto: doesn't show hand
*** SUMMARY ***
Total pot $6 | Rake $0
Seat 1: Tibioto (button) (small blind) collected ($6)
Seat 6: TbIP-TbIP 88 (big blind) folded before Flop


PokerStars Hand #164173288903:  Hold'em Limit ($3/$6 USD) - 2017/01/07 6:04:20 ET
Table 'Menkar' 6-max Seat #6 is the button
Seat 1: Tibioto ($192.49 in chips)
Seat 6: TbIP-TbIP 88 ($270.76 in chips)
TbIP-TbIP 88: posts small blind $1
Tibioto: posts big blind $3
*** HOLE CARDS ***
TbIP-TbIP 88: folds
Uncalled bet ($2) returned to Tibioto
Tibioto collected $2 from pot
Tibioto: doesn't show hand
*** SUMMARY ***
Total pot $2 | Rake $0
Seat 1: Tibioto (big blind) collected ($2)
Seat 6: TbIP-TbIP 88 (button) (small blind) folded before Flop


PokerStars Hand #164173666396:  Hold'em Limit ($3/$6 USD) - 2017/01/07 6:16:41 ET
Table 'Menkar' 6-max Seat #4 is the button
Seat 4: zepsweden ($253.19 in chips)
Seat 5: TbIP-TbIP 88 ($72 in chips)
zepsweden: posts small blind $1
TbIP-TbIP 88: posts big blind $3
*** HOLE CARDS ***
zepsweden: folds
Uncalled bet ($2) returned to TbIP-TbIP 88
TbIP-TbIP 88 collected $2 from pot
TbIP-TbIP 88: doesn't show hand
*** SUMMARY ***
Total pot $2 | Rake $0
Seat 4: zepsweden (button) (small blind) folded before Flop
Seat 5: TbIP-TbIP 88 (big blind) collected ($2)


PokerStars Hand #164173662976:  Hold'em Limit ($3/$6 USD) - 2017/01/07 6:16:35 ET
Table 'Menkar' 6-max Seat #5 is the button
Seat 4: zepsweden ($252.19 in chips)
Seat 5: TbIP-TbIP 88 ($73 in chips)
TbIP-TbIP 88: posts small blind $1
zepsweden: posts big blind $3
*** HOLE CARDS ***
TbIP-TbIP 88: folds
Uncalled bet ($2) returned to zepsweden
zepsweden collected $2 from pot
zepsweden: doesn't show hand
*** SUMMARY ***
Total pot $2 | Rake $0
Seat 4: zepsweden (big blind) collected ($2)
Seat 5: TbIP-TbIP 88 (button) (small blind) folded before Flop


PokerStars Hand #164173656247:  Hold'em Limit ($3/$6 USD) - 2017/01/07 6:16:21 ET
Table 'Menkar' 6-max Seat #4 is the button
Seat 4: zepsweden ($253.19 in chips)
Seat 5: TbIP-TbIP 88 ($72 in chips)
zepsweden: posts small blind $1
TbIP-TbIP 88: posts big blind $3
*** HOLE CARDS ***
zepsweden: folds
Uncalled bet ($2) returned to TbIP-TbIP 88
TbIP-TbIP 88 collected $2 from pot
TbIP-TbIP 88: doesn't show hand
*** SUMMARY ***
Total pot $2 | Rake $0
Seat 4: zepsweden (button) (small blind) folded before Flop
Seat 5: TbIP-TbIP 88 (big blind) collected ($2)


PokerStars Hand #164173651719:  Hold'em Limit ($3/$6 USD) - 2017/01/07 6:16:13 ET
Table 'Menkar' 6-max Seat #5 is the button
Seat 4: zepsweden ($252.19 in chips)
Seat 5: TbIP-TbIP 88 ($72 in chips)
TbIP-TbIP 88: posts small blind $1
zepsweden: posts big blind $3
*** HOLE CARDS ***
TbIP-TbIP 88: folds
Uncalled bet ($2) returned to zepsweden
zepsweden collected $2 from pot
zepsweden: doesn't show hand
*** SUMMARY ***
Total pot $2 | Rake $0
Seat 4: zepsweden (big blind) collected ($2)
Seat 5: TbIP-TbIP 88 (button) (small blind) folded before Flop


PokerStars Hand #164173675453:  Hold'em Limit ($3/$6 USD) - 2017/01/07 6:16:59 ET
Table 'Menkar' 6-max Seat #5 is the button
Seat 4: zepsweden ($252.19 in chips)
Seat 5: TbIP-TbIP 88 ($73 in chips)
TbIP-TbIP 88: posts small blind $1
zepsweden: posts big blind $3
*** HOLE CARDS ***
TbIP-TbIP 88: raises $3 to $6
zepsweden: calls $3
*** FLOP *** [8d 4d Kc]
zepsweden: checks
TbIP-TbIP 88: bets $3
zepsweden: folds
Uncalled bet ($3) returned to TbIP-TbIP 88
TbIP-TbIP 88 collected $11.76 from pot
TbIP-TbIP 88: doesn't show hand
*** SUMMARY ***
Total pot $12 | Rake $0.24
Board [8d 4d Kc]
Seat 4: zepsweden (big blind) folded on the Flop
Seat 5: TbIP-TbIP 88 (button) (small blind) collected ($11.76)


PokerStars Hand #164173704506:  Hold'em Limit ($3/$6 USD) - 2017/01/07 6:17:55 ET
Table 'Menkar' 6-max Seat #4 is the button
Seat 4: zepsweden ($246.19 in chips)
Seat 5: TbIP-TbIP 88 ($78.76 in chips)
zepsweden: posts small blind $1
TbIP-TbIP 88: posts big blind $3
*** HOLE CARDS ***
zepsweden: raises $3 to $6
TbIP-TbIP 88: raises $3 to $9
zepsweden: calls $3
*** FLOP *** [7c 7d 6c]
TbIP-TbIP 88: bets $3
zepsweden: raises $3 to $6
TbIP-TbIP 88: calls $3
*** TURN *** [7c 7d 6c] [9h]
TbIP-TbIP 88: checks
zepsweden: bets $6
TbIP-TbIP 88: calls $6
*** RIVER *** [7c 7d 6c 9h] [6s]
TbIP-TbIP 88: checks
zepsweden: bets $6
TbIP-TbIP 88: calls $6
*** SHOW DOWN ***
zepsweden: shows [Jc Tc] (two pair, Sevens and Sixes)
TbIP-TbIP 88: shows [Qc Ac] (two pair, Sevens and Sixes - Ace kicker)
TbIP-TbIP 88 collected $53.50 from pot
*** SUMMARY ***
Total pot $54 | Rake $0.50
Board [7c 7d 6c 9h 6s]
Seat 4: zepsweden (button) (small blind) showed [Jc Tc] and lost with two pair, Sevens and Sixes
Seat 5: TbIP-TbIP 88 (big blind) showed [Qc Ac] and won ($53.50) with two pair, Sevens and Sixes


PokerStars Hand #164175275682:  Hold'em Limit ($3/$6 USD) - 2017/01/07 7:06:44 ET
Table 'Menkar' 6-max Seat #5 is the button
Seat 1: Tibioto ($125.17 in chips)
Seat 5: Krazy90 ($120 in chips)
Krazy90: posts small blind $1
Tibioto: posts big blind $3
*** HOLE CARDS ***
Krazy90: raises $3 to $6
Tibioto: calls $3
*** FLOP *** [9s Kc 6s]
Tibioto: checks
Krazy90: bets $3
Tibioto: calls $3
*** TURN *** [9s Kc 6s] [Qh]
Tibioto: checks
Krazy90: bets $6
Tibioto: folds
Uncalled bet ($6) returned to Krazy90
Krazy90 collected $17.64 from pot
Krazy90: doesn't show hand
*** SUMMARY ***
Total pot $18 | Rake $0.36
Board [9s Kc 6s Qh]
Seat 1: Tibioto (big blind) folded on the Turn
Seat 5: Krazy90 (button) (small blind) collected ($17.64)


PokerStars Hand #164175284183:  Hold'em Limit ($3/$6 USD) - 2017/01/07 7:06:58 ET
Table 'Menkar' 6-max Seat #1 is the button
Seat 1: Tibioto ($116.17 in chips)
Seat 5: Krazy90 ($128.64 in chips)
Tibioto: posts small blind $1
Krazy90: posts big blind $3
*** HOLE CARDS ***
Tibioto: raises $3 to $6
Krazy90: calls $3
*** FLOP *** [Ah 2h 5d]
Krazy90: checks
Tibioto: bets $3
Krazy90: calls $3
*** TURN *** [Ah 2h 5d] [8c]
Krazy90: checks
Tibioto: bets $6
Krazy90: calls $6
*** RIVER *** [Ah 2h 5d 8c] [9d]
Krazy90: checks
Tibioto: bets $6
Krazy90: calls $6
*** SHOW DOWN ***
Tibioto: shows [6c 6h] (a pair of Sixes)
Krazy90: mucks hand
Tibioto collected $41.50 from pot
*** SUMMARY ***
Total pot $42 | Rake $0.50
Board [Ah 2h 5d 8c 9d]
Seat 1: Tibioto (button) (small blind) showed [6c 6h] and won ($41.50) with a pair of Sixes
Seat 5: Krazy90 (big blind) mucked


PokerStars Hand #164175259684:  Hold'em Limit ($3/$6 USD) - 2017/01/07 7:06:15 ET
Table 'Menkar' 6-max Seat #5 is the button
Seat 1: Tibioto ($125.41 in chips)
Seat 5: Krazy90 ($120 in chips)
Krazy90: posts small blind $1
Pelurile: is sitting out
Tibioto: posts big blind $3
*** HOLE CARDS ***
Krazy90: raises $3 to $6
Tibioto: calls $3
*** FLOP *** [Th 9d 3s]
Tibioto: checks
Krazy90: bets $3
Tibioto: folds
Uncalled bet ($3) returned to Krazy90
Krazy90 collected $11.76 from pot
Krazy90: doesn't show hand
*** SUMMARY ***
Total pot $12 | Rake $0.24
Board [Th 9d 3s]
Seat 1: Tibioto (big blind) folded on the Flop
Seat 5: Krazy90 (button) (small blind) collected ($11.76)


PokerStars Hand #164175269601:  Hold'em Limit ($3/$6 USD) - 2017/01/07 7:06:33 ET
Table 'Menkar' 6-max Seat #1 is the button
Seat 1: Tibioto ($119.41 in chips)
Seat 5: Krazy90 ($125.76 in chips)
Tibioto: posts small blind $1
MIBondiola was removed from the table for failing to post
Krazy90: posts big blind $3
*** HOLE CARDS ***
Tibioto: raises $3 to $6
Krazy90: calls $3
*** FLOP *** [Qs 8s 8h]
Krazy90: checks
Tibioto: bets $3
Krazy90: folds
Uncalled bet ($3) returned to Tibioto
Tibioto collected $11.76 from pot
Tibioto: doesn't show hand
*** SUMMARY ***
Total pot $12 | Rake $0.24
Board [Qs 8s 8h]
Seat 1: Tibioto (button) (small blind) collected ($11.76)
Seat 5: Krazy90 (big blind) folded on the Flop


PokerStars Hand #164175310766:  Hold'em Limit ($3/$6 USD) - 2017/01/07 7:07:45 ET
Table 'Menkar' 6-max Seat #1 is the button
Seat 1: Tibioto ($132.31 in chips)
Seat 5: Krazy90 ($132.52 in chips)
Tibioto: posts small blind $1
LordBorzi II was removed from the table for failing to post
Krazy90: posts big blind $3
zepsweden was removed from the table for failing to post
*** HOLE CARDS ***
Tibioto: raises $3 to $6
Krazy90: calls $3
*** FLOP *** [4s 8d 7s]
Krazy90: checks
Tibioto: checks
*** TURN *** [4s 8d 7s] [6s]
Krazy90: bets $6
Tibioto: folds
Uncalled bet ($6) returned to Krazy90
Krazy90 collected $11.76 from pot
Krazy90: doesn't show hand
*** SUMMARY ***
Total pot $12 | Rake $0.24
Board [4s 8d 7s 6s]
Seat 1: Tibioto (button) (small blind) folded on the Turn
Seat 5: Krazy90 (big blind) collected ($11.76)


PokerStars Hand #164175303074:  Hold'em Limit ($3/$6 USD) - 2017/01/07 7:07:32 ET
Table 'Menkar' 6-max Seat #5 is the button
Seat 1: Tibioto ($144.31 in chips)
Seat 5: Krazy90 ($121 in chips)
Krazy90: posts small blind $1
Tibioto: posts big blind $3
*** HOLE CARDS ***
Krazy90: raises $3 to $6
Tibioto: raises $3 to $9
Krazy90: calls $3
*** FLOP *** [6c 9d Tc]
Tibioto: bets $3
Krazy90: raises $3 to $6
Tibioto: folds
Uncalled bet ($3) returned to Krazy90
Krazy90 collected $23.52 from pot
Krazy90: doesn't show hand
*** SUMMARY ***
Total pot $24 | Rake $0.48
Board [6c 9d Tc]
Seat 1: Tibioto (big blind) folded on the Flop
Seat 5: Krazy90 (button) (small blind) collected ($23.52)


PokerStars Hand #164175300505:  Hold'em Limit ($3/$6 USD) - 2017/01/07 7:07:27 ET
Table 'Menkar' 6-max Seat #1 is the button
Seat 1: Tibioto ($145.31 in chips)
Seat 5: Krazy90 ($120 in chips)
Tibioto: posts small blind $1
Krazy90: posts big blind $3
*** HOLE CARDS ***
Tibioto: folds
Uncalled bet ($2) returned to Krazy90
Krazy90 collected $2 from pot
Krazy90: doesn't show hand
*** SUMMARY ***
Total pot $2 | Rake $0
Seat 1: Tibioto (button) (small blind) folded before Flop
Seat 5: Krazy90 (big blind) collected ($2)


PokerStars Hand #164175294144:  Hold'em Limit ($3/$6 USD) - 2017/01/07 7:07:16 ET
Table 'Menkar' 6-max Seat #5 is the button
Seat 1: Tibioto ($136.67 in chips)
Seat 5: Krazy90 ($120 in chips)
Krazy90: posts small blind $1
Tibioto: posts big blind $3
*** HOLE CARDS ***
Krazy90: raises $3 to $6
Tibioto: calls $3
*** FLOP *** [6s 9h Kh]
Tibioto: checks
Krazy90: bets $3
Tibioto: raises $3 to $6
Krazy90: folds
Uncalled bet ($3) returned to Tibioto
Tibioto collected $17.64 from pot
Tibioto: doesn't show hand
*** SUMMARY ***
Total pot $18 | Rake $0.36
Board [6s 9h Kh]
Seat 1: Tibioto (big blind) collected ($17.64)
Seat 5: Krazy90 (button) (small blind) folded on the Flop


PokerStars Hand #164175357971:  Hold'em Limit ($3/$6 USD) - 2017/01/07 7:09:07 ET
Table 'Menkar' 6-max Seat #1 is the button
Seat 1: Tibioto ($116.19 in chips)
Seat 5: Krazy90 ($147.80 in chips)
Tibioto: posts small blind $1
Krazy90: posts big blind $3
*** HOLE CARDS ***
Tibioto: raises $3 to $6
Krazy90: calls $3
*** FLOP *** [Jh 7c Tc]
Krazy90: checks
Tibioto: bets $3
Krazy90: folds
Uncalled bet ($3) returned to Tibioto
Tibioto collected $11.76 from pot
Tibioto: doesn't show hand
*** SUMMARY ***
Total pot $12 | Rake $0.24
Board [Jh 7c Tc]
Seat 1: Tibioto (button) (small blind) collected ($11.76)
Seat 5: Krazy90 (big blind) folded on the Flop


PokerStars Hand #164175337125:  Hold'em Limit ($3/$6 USD) - 2017/01/07 7:08:31 ET
Table 'Menkar' 6-max Seat #1 is the button
Seat 1: Tibioto ($129.19 in chips)
Seat 5: Krazy90 ($135.28 in chips)
Tibioto: posts small blind $1
Krazy90: posts big blind $3
*** HOLE CARDS ***
Tibioto: folds
Uncalled bet ($2) returned to Krazy90
Krazy90 collected $2 from pot
Krazy90: doesn't show hand
*** SUMMARY ***
Total pot $2 | Rake $0
Seat 1: Tibioto (button) (small blind) folded before Flop
Seat 5: Krazy90 (big blind) collected ($2)


PokerStars Hand #164175340114:  Hold'em Limit ($3/$6 USD) - 2017/01/07 7:08:36 ET
Table 'Menkar' 6-max Seat #5 is the button
Seat 1: Tibioto ($128.19 in chips)
Seat 5: Krazy90 ($136.28 in chips)
Krazy90: posts small blind $1
Tibioto: posts big blind $3
*** HOLE CARDS ***
Krazy90: raises $3 to $6
Tibioto: raises $3 to $9
Krazy90: calls $3
*** FLOP *** [5d Tc 4h]
Tibioto: bets $3
Krazy90: calls $3
*** TURN *** [5d Tc 4h] [6h]
Tibioto: checks
Krazy90: bets $6
Tibioto: folds
Uncalled bet ($6) returned to Krazy90
Krazy90 collected $23.52 from pot
Krazy90: doesn't show hand
*** SUMMARY ***
Total pot $24 | Rake $0.48
Board [5d Tc 4h 6h]
Seat 1: Tibioto (big blind) folded on the Turn
Seat 5: Krazy90 (button) (small blind) collected ($23.52)


PokerStars Hand #164175322411:  Hold'em Limit ($3/$6 USD) - 2017/01/07 7:08:05 ET
Table 'Menkar' 6-max Seat #5 is the button
Seat 1: Tibioto ($126.31 in chips)
Seat 5: Krazy90 ($138.28 in chips)
Krazy90: posts small blind $1
Tibioto: posts big blind $3
*** HOLE CARDS ***
Krazy90: calls $2
Tibioto: checks
*** FLOP *** [2d Kc 7s]
Tibioto: checks
Krazy90: checks
*** TURN *** [2d Kc 7s] [5d]
Tibioto: checks
Krazy90: checks
*** RIVER *** [2d Kc 7s 5d] [2h]
Tibioto: checks
Krazy90: checks
*** SHOW DOWN ***
Tibioto: shows [Qh 8c] (a pair of Deuces)
Krazy90: mucks hand
Tibioto collected $5.88 from pot
*** SUMMARY ***
Total pot $6 | Rake $0.12
Board [2d Kc 7s 5d 2h]
Seat 1: Tibioto (big blind) showed [Qh 8c] and won ($5.88) with a pair of Deuces
Seat 5: Krazy90 (button) (small blind) mucked


PokerStars Hand #164175373087:  Hold'em Limit ($3/$6 USD) - 2017/01/07 7:09:33 ET
Table 'Menkar' 6-max Seat #5 is the button
Seat 1: Tibioto ($106.95 in chips)
Seat 5: Krazy90 ($156.32 in chips)
Krazy90: posts small blind $1
Tibioto: posts big blind $3
*** HOLE CARDS ***
Krazy90: calls $2
Tibioto: raises $3 to $6
Krazy90: calls $3
*** FLOP *** [7s Js 5h]
Tibioto: bets $3
Krazy90: folds
Uncalled bet ($3) returned to Tibioto
Tibioto collected $11.76 from pot
Tibioto: doesn't show hand
*** SUMMARY ***
Total pot $12 | Rake $0.24
Board [7s Js 5h]
Seat 1: Tibioto (big blind) collected ($11.76)
Seat 5: Krazy90 (button) (small blind) folded on the Flop


PokerStars Hand #164175380775:  Hold'em Limit ($3/$6 USD) - 2017/01/07 7:09:47 ET
Table 'Menkar' 6-max Seat #5 is the button
Seat 1: Tibioto ($111.71 in chips)
Seat 5: Krazy90 ($151.32 in chips)
Krazy90: posts small blind $1
Tibioto: posts big blind $3
*** HOLE CARDS ***
zepsweden joins the table at seat #4
Krazy90: folds
Uncalled bet ($2) returned to Tibioto
Tibioto collected $2 from pot
Tibioto: doesn't show hand
*** SUMMARY ***
Total pot $2 | Rake $0
Seat 1: Tibioto (big blind) collected ($2)
Seat 5: Krazy90 (button) (small blind) folded before Flop


PokerStars Hand #164175366724:  Hold'em Limit ($3/$6 USD) - 2017/01/07 7:09:22 ET
Table 'Menkar' 6-max Seat #1 is the button
Seat 1: Tibioto ($118.95 in chips)
Seat 5: Krazy90 ($144.80 in chips)
Tibioto: posts small blind $1
Krazy90: posts big blind $3
*** HOLE CARDS ***
Tibioto: raises $3 to $6
Krazy90: raises $3 to $9
Tibioto: calls $3
*** FLOP *** [2c 8h 3d]
Krazy90: bets $3
Tibioto: calls $3
*** TURN *** [2c 8h 3d] [Kd]
Krazy90: bets $6
Tibioto: folds
Uncalled bet ($6) returned to Krazy90
Krazy90 collected $23.52 from pot
Krazy90: doesn't show hand
*** SUMMARY ***
Total pot $24 | Rake $0.48
Board [2c 8h 3d Kd]
Seat 1: Tibioto (button) (small blind) folded on the Turn
Seat 5: Krazy90 (big blind) collected ($23.52)


PokerStars Hand #164178094373:  Hold'em Limit ($3/$6 USD) - 2017/01/07 8:23:25 ET
Table 'Menkar' 6-max Seat #3 is the button
Seat 2: GoodlMan ($233.84 in chips)
Seat 3: TheCRIdol ($59 in chips)
TheCRIdol: posts small blind $1
GoodlMan: posts big blind $3
*** HOLE CARDS ***
TheCRIdol: folds
Uncalled bet ($2) returned to GoodlMan
GoodlMan collected $2 from pot
GoodlMan: doesn't show hand
*** SUMMARY ***
Total pot $2 | Rake $0
Seat 2: GoodlMan (big blind) collected ($2)
Seat 3: TheCRIdol (button) (small blind) folded before Flop


PokerStars Hand #164178090120:  Hold'em Limit ($3/$6 USD) - 2017/01/07 8:23:19 ET
Table 'Menkar' 6-max Seat #2 is the button
Seat 2: GoodlMan ($230.84 in chips)
Seat 3: TheCRIdol ($62 in chips)
GoodlMan: posts small blind $1
TheCRIdol: posts big blind $3
*** HOLE CARDS ***
GoodlMan: raises $3 to $6
TheCRIdol: folds
Uncalled bet ($3) returned to GoodlMan
GoodlMan collected $6 from pot
GoodlMan: doesn't show hand
*** SUMMARY ***
Total pot $6 | Rake $0
Seat 2: GoodlMan (button) (small blind) collected ($6)
Seat 3: TheCRIdol (big blind) folded before Flop


PokerStars Hand #164178086567:  Hold'em Limit ($3/$6 USD) - 2017/01/07 8:23:14 ET
Table 'Menkar' 6-max Seat #3 is the button
Seat 2: GoodlMan ($229.84 in chips)
Seat 3: TheCRIdol ($63 in chips)
TheCRIdol: posts small blind $1
GoodlMan: posts big blind $3
*** HOLE CARDS ***
TheCRIdol: folds
Uncalled bet ($2) returned to GoodlMan
GoodlMan collected $2 from pot
GoodlMan: doesn't show hand
*** SUMMARY ***
Total pot $2 | Rake $0
Seat 2: GoodlMan (big blind) collected ($2)
Seat 3: TheCRIdol (button) (small blind) folded before Flop


PokerStars Hand #164178077782:  Hold'em Limit ($3/$6 USD) - 2017/01/07 8:23:00 ET
Table 'Menkar' 6-max Seat #2 is the button
Seat 2: GoodlMan ($226.84 in chips)
Seat 3: TheCRIdol ($66 in chips)
GoodlMan: posts small blind $1
TheCRIdol: posts big blind $3
*** HOLE CARDS ***
GoodlMan: raises $3 to $6
TheCRIdol: folds
Uncalled bet ($3) returned to GoodlMan
GoodlMan collected $6 from pot
GoodlMan: doesn't show hand
*** SUMMARY ***
Total pot $6 | Rake $0
Seat 2: GoodlMan (button) (small blind) collected ($6)
Seat 3: TheCRIdol (big blind) folded before Flop


PokerStars Hand #164178058876:  Hold'em Limit ($3/$6 USD) - 2017/01/07 8:22:32 ET
Table 'Menkar' 6-max Seat #3 is the button
Seat 2: GoodlMan ($206.34 in chips)
Seat 3: TheCRIdol ($87 in chips)
TheCRIdol: posts small blind $1
Koraseg: is sitting out
GoodlMan: posts big blind $3
*** HOLE CARDS ***
TheCRIdol: raises $3 to $6
GoodlMan: calls $3
*** FLOP *** [Qd 9s As]
GoodlMan: checks
TheCRIdol: bets $3
GoodlMan: calls $3
*** TURN *** [Qd 9s As] [5h]
GoodlMan: checks
TheCRIdol: bets $6
GoodlMan: calls $6
*** RIVER *** [Qd 9s As 5h] [7c]
GoodlMan: checks
TheCRIdol: bets $6
GoodlMan: calls $6
*** SHOW DOWN ***
TheCRIdol: shows [8s Tc] (high card Ace)
GoodlMan: shows [Ks Qs] (a pair of Queens)
GoodlMan collected $41.50 from pot
*** SUMMARY ***
Total pot $42 | Rake $0.50
Board [Qd 9s As 5h 7c]
Seat 2: GoodlMan (big blind) showed [Ks Qs] and won ($41.50) with a pair of Queens
Seat 3: TheCRIdol (button) (small blind) showed [8s Tc] and lost with high card Ace


PokerStars Hand #164178097682:  Hold'em Limit ($3/$6 USD) - 2017/01/07 8:23:30 ET
Table 'Menkar' 6-max Seat #2 is the button
Seat 2: GoodlMan ($234.84 in chips)
Seat 3: TheCRIdol ($58 in chips)
GoodlMan: posts small blind $1
TheCRIdol: posts big blind $3
*** HOLE CARDS ***
GoodlMan: raises $3 to $6
TheCRIdol: raises $3 to $9
GoodlMan: calls $3
*** FLOP *** [2d 6d 5s]
Koraseg leaves the table
TheCRIdol: bets $3
GoodlMan: calls $3
*** TURN *** [2d 6d 5s] [5h]
TheCRIdol: bets $6
GoodlMan: calls $6
*** RIVER *** [2d 6d 5s 5h] [3d]
TheCRIdol: bets $6
GoodlMan: calls $6
*** SHOW DOWN ***
TheCRIdol: shows [8c 9s] (a pair of Fives)
GoodlMan: shows [Qd 2c] (two pair, Fives and Deuces)
GoodlMan collected $47.50 from pot
*** SUMMARY ***
Total pot $48 | Rake $0.50
Board [2d 6d 5s 5h 3d]
Seat 2: GoodlMan (button) (small blind) showed [Qd 2c] and won ($47.50) with two pair, Fives and Deuces
Seat 3: TheCRIdol (big blind) showed [8c 9s] and lost with a pair of Fives


PokerStars Hand #164178239387:  Hold'em Limit ($3/$6 USD) - 2017/01/07 8:27:01 ET
Table 'Menkar' 6-max Seat #2 is the button
Seat 2: GoodlMan ($216.34 in chips)
Seat 4: zepsweden ($168.46 in chips)
GoodlMan: posts small blind $1
TheCRIdol: is sitting out
zepsweden: posts big blind $3
*** HOLE CARDS ***
TheCRIdol leaves the table
GoodlMan: folds
Uncalled bet ($2) returned to zepsweden
zepsweden collected $2 from pot
zepsweden: doesn't show hand
*** SUMMARY ***
Total pot $2 | Rake $0
Seat 2: GoodlMan (button) (small blind) folded before Flop
Seat 4: zepsweden (big blind) collected ($2)


PokerStars Hand #164178254655:  Hold'em Limit ($3/$6 USD) - 2017/01/07 8:27:24 ET
Table 'Menkar' 6-max Seat #4 is the button
Seat 2: GoodlMan ($215.34 in chips)
Seat 4: zepsweden ($169.46 in chips)
zepsweden: posts small blind $1
GoodlMan: posts big blind $3
*** HOLE CARDS ***
zepsweden: raises $3 to $6
GoodlMan: calls $3
*** FLOP *** [8c 9s Jh]
GoodlMan: checks
zepsweden: bets $3
GoodlMan: calls $3
*** TURN *** [8c 9s Jh] [9d]
GoodlMan: checks
zepsweden: bets $6
GoodlMan: calls $6
*** RIVER *** [8c 9s Jh 9d] [7s]
GoodlMan: checks
zepsweden: bets $6
GoodlMan: calls $6
*** SHOW DOWN ***
zepsweden: shows [8s Tc] (a straight, Seven to Jack)
GoodlMan: mucks hand
zepsweden collected $41.50 from pot
*** SUMMARY ***
Total pot $42 | Rake $0.50
Board [8c 9s Jh 9d 7s]
Seat 2: GoodlMan (big blind) mucked
Seat 4: zepsweden (button) (small blind) showed [8s Tc] and won ($41.50) with a straight, Seven to Jack


PokerStars Hand #164178313392:  Hold'em Limit ($3/$6 USD) - 2017/01/07 8:28:51 ET
Table 'Menkar' 6-max Seat #2 is the button
Seat 2: GoodlMan ($215.84 in chips)
Seat 4: zepsweden ($167.96 in chips)
GoodlMan: posts small blind $1
zepsweden: posts big blind $3
*** HOLE CARDS ***
GoodlMan: raises $3 to $6
zepsweden: calls $3
*** FLOP *** [Ah 6c Kd]
zepsweden: checks
GoodlMan: bets $3
zepsweden: folds
Uncalled bet ($3) returned to GoodlMan
GoodlMan collected $11.76 from pot
GoodlMan: doesn't show hand
*** SUMMARY ***
Total pot $12 | Rake $0.24
Board [Ah 6c Kd]
Seat 2: GoodlMan (button) (small blind) collected ($11.76)
Seat 4: zepsweden (big blind) folded on the Flop


PokerStars Hand #164178309307:  Hold'em Limit ($3/$6 USD) - 2017/01/07 8:28:45 ET
Table 'Menkar' 6-max Seat #4 is the button
Seat 2: GoodlMan ($214.84 in chips)
Seat 4: zepsweden ($168.96 in chips)
zepsweden: posts small blind $1
GoodlMan: posts big blind $3
*** HOLE CARDS ***
zepsweden: folds
Uncalled bet ($2) returned to GoodlMan
GoodlMan collected $2 from pot
GoodlMan: doesn't show hand
*** SUMMARY ***
Total pot $2 | Rake $0
Seat 2: GoodlMan (big blind) collected ($2)
Seat 4: zepsweden (button) (small blind) folded before Flop


PokerStars Hand #164178281914:  Hold'em Limit ($3/$6 USD) - 2017/01/07 8:28:04 ET
Table 'Menkar' 6-max Seat #2 is the button
Seat 2: GoodlMan ($194.34 in chips)
Seat 4: zepsweden ($189.96 in chips)
GoodlMan: posts small blind $1
zepsweden: posts big blind $3
*** HOLE CARDS ***
GoodlMan: raises $3 to $6
zepsweden: calls $3
*** FLOP *** [2c 4d 8s]
zepsweden: bets $3
GoodlMan: calls $3
*** TURN *** [2c 4d 8s] [Jd]
zepsweden: bets $6
GoodlMan: calls $6
*** RIVER *** [2c 4d 8s Jd] [Kd]
zepsweden: bets $6
GoodlMan: calls $6
*** SHOW DOWN ***
zepsweden: shows [5s 7d] (high card King)
GoodlMan: shows [6h 8h] (a pair of Eights)
GoodlMan collected $41.50 from pot
*** SUMMARY ***
Total pot $42 | Rake $0.50
Board [2c 4d 8s Jd Kd]
Seat 2: GoodlMan (button) (small blind) showed [6h 8h] and won ($41.50) with a pair of Eights
Seat 4: zepsweden (big blind) showed [5s 7d] and lost with high card King


PokerStars Hand #164178347223:  Hold'em Limit ($3/$6 USD) - 2017/01/07 8:29:41 ET
Table 'Menkar' 6-max Seat #2 is the button
Seat 2: GoodlMan ($242.10 in chips)
Seat 4: zepsweden ($140.96 in chips)
GoodlMan: posts small blind $1
zepsweden: posts big blind $3
*** HOLE CARDS ***
GoodlMan: raises $3 to $6
zepsweden: raises $3 to $9
GoodlMan: calls $3
*** FLOP *** [Kd 7h 8c]
zepsweden: bets $3
GoodlMan: calls $3
*** TURN *** [Kd 7h 8c] [4h]
zepsweden: bets $6
GoodlMan: calls $6
*** RIVER *** [Kd 7h 8c 4h] [Ks]
zepsweden: bets $6
GoodlMan: raises $6 to $12
zepsweden: folds
Uncalled bet ($6) returned to GoodlMan
GoodlMan collected $47.50 from pot
GoodlMan: doesn't show hand
*** SUMMARY ***
Total pot $48 | Rake $0.50
Board [Kd 7h 8c 4h Ks]
Seat 2: GoodlMan (button) (small blind) collected ($47.50)
Seat 4: zepsweden (big blind) folded on the River


PokerStars Hand #164178325094:  Hold'em Limit ($3/$6 USD) - 2017/01/07 8:29:09 ET
Table 'Menkar' 6-max Seat #4 is the button
Seat 2: GoodlMan ($221.60 in chips)
Seat 4: zepsweden ($161.96 in chips)
zepsweden: posts small blind $1
GoodlMan: posts big blind $3
*** HOLE CARDS ***
zepsweden: raises $3 to $6
GoodlMan: calls $3
*** FLOP *** [6c 4c 7s]
GoodlMan: checks
zepsweden: bets $3
GoodlMan: calls $3
*** TURN *** [6c 4c 7s] [3c]
GoodlMan: checks
zepsweden: bets $6
GoodlMan: calls $6
*** RIVER *** [6c 4c 7s 3c] [As]
GoodlMan: checks
zepsweden: bets $6
GoodlMan: raises $6 to $12
zepsweden: folds
Uncalled bet ($6) returned to GoodlMan
GoodlMan collected $41.50 from pot
GoodlMan: doesn't show hand
*** SUMMARY ***
Total pot $42 | Rake $0.50
Board [6c 4c 7s 3c As]
Seat 2: GoodlMan (big blind) collected ($41.50)
Seat 4: zepsweden (button) (small blind) folded on the River


PokerStars Hand #164178389647:  Hold'em Limit ($3/$6 USD) - 2017/01/07 8:30:44 ET
Table 'Menkar' 6-max Seat #2 is the button
Seat 2: GoodlMan ($247.60 in chips)
Seat 4: zepsweden ($134.46 in chips)
GoodlMan: posts small blind $1
zepsweden: posts big blind $3
*** HOLE CARDS ***
GoodlMan: raises $3 to $6
zepsweden: calls $3
*** FLOP *** [5s 4c Jh]
zepsweden: bets $3
GoodlMan: calls $3
*** TURN *** [5s 4c Jh] [Ah]
zepsweden: bets $6
GoodlMan: calls $6
*** RIVER *** [5s 4c Jh Ah] [2s]
zepsweden: bets $6
GoodlMan: raises $6 to $12
zepsweden: calls $6
*** SHOW DOWN ***
GoodlMan: shows [Jd Jc] (three of a kind, Jacks)
zepsweden: shows [3h 7s] (a straight, Ace to Five)
zepsweden collected $53.50 from pot
*** SUMMARY ***
Total pot $54 | Rake $0.50
Board [5s 4c Jh Ah 2s]
Seat 2: GoodlMan (button) (small blind) showed [Jd Jc] and lost with three of a kind, Jacks
Seat 4: zepsweden (big blind) showed [3h 7s] and won ($53.50) with a straight, Ace to Five


PokerStars Hand #164178359977:  Hold'em Limit ($3/$6 USD) - 2017/01/07 8:30:00 ET
Table 'Menkar' 6-max Seat #4 is the button
Seat 2: GoodlMan ($265.60 in chips)
Seat 4: zepsweden ($116.96 in chips)
zepsweden: posts small blind $1
GoodlMan: posts big blind $3
*** HOLE CARDS ***
zepsweden: raises $3 to $6
GoodlMan: calls $3
*** FLOP *** [5s 6c Qh]
GoodlMan: checks
zepsweden: checks
*** TURN *** [5s 6c Qh] [9c]
GoodlMan: bets $6
zepsweden: calls $6
*** RIVER *** [5s 6c Qh 9c] [4s]
GoodlMan: checks
zepsweden: bets $6
Achouy joins the table at seat #6
GoodlMan: calls $6
*** SHOW DOWN ***
zepsweden: shows [7c 3h] (a straight, Three to Seven)
GoodlMan: mucks hand
zepsweden collected $35.50 from pot
*** SUMMARY ***
Total pot $36 | Rake $0.50
Board [5s 6c Qh 9c 4s]
Seat 2: GoodlMan (big blind) mucked
Seat 4: zepsweden (button) (small blind) showed [7c 3h] and won ($35.50) with a straight, Three to Seven


PokerStars Hand #164178452726:  Hold'em Limit ($3/$6 USD) - 2017/01/07 8:32:16 ET
Table 'Menkar' 6-max Seat #2 is the button
Seat 2: GoodlMan ($178.60 in chips)
Seat 4: zepsweden ($204.11 in chips)
GoodlMan: posts small blind $1
zepsweden: posts big blind $3
*** HOLE CARDS ***
GoodlMan: raises $3 to $6
zepsweden: raises $3 to $9
GoodlMan: calls $3
*** FLOP *** [9s 3d 3s]
zepsweden: checks
GoodlMan: checks
*** TURN *** [9s 3d 3s] [9c]
zepsweden: bets $6
GoodlMan: folds
Uncalled bet ($6) returned to zepsweden
zepsweden collected $17.64 from pot
zepsweden: doesn't show hand
*** SUMMARY ***
Total pot $18 | Rake $0.36
Board [9s 3d 3s 9c]
Seat 2: GoodlMan (button) (small blind) folded on the Turn
Seat 4: zepsweden (big blind) collected ($17.64)


PokerStars Hand #164178498916:  Hold'em Limit ($3/$6 USD) - 2017/01/07 8:33:24 ET
Table 'Menkar' 6-max Seat #2 is the button
Seat 2: GoodlMan ($160.60 in chips)
Seat 4: zepsweden ($221.39 in chips)
GoodlMan: posts small blind $1
zepsweden: posts big blind $3
*** HOLE CARDS ***
GoodlMan: raises $3 to $6
zepsweden: calls $3
*** FLOP *** [Jh 9d 6d]
zepsweden: checks
GoodlMan: bets $3
zepsweden: calls $3
*** TURN *** [Jh 9d 6d] [8h]
zepsweden: bets $6
GoodlMan: calls $6
*** RIVER *** [Jh 9d 6d 8h] [9h]
zepsweden: bets $6
GoodlMan: folds
Uncalled bet ($6) returned to zepsweden
zepsweden collected $29.50 from pot
zepsweden: doesn't show hand
*** SUMMARY ***
Total pot $30 | Rake $0.50
Board [Jh 9d 6d 8h 9h]
Seat 2: GoodlMan (button) (small blind) folded on the River
Seat 4: zepsweden (big blind) collected ($29.50)


PokerStars Hand #164178543633:  Hold'em Limit ($3/$6 USD) - 2017/01/07 8:34:29 ET
Table 'Menkar' 6-max Seat #2 is the button
Seat 2: GoodlMan ($124.60 in chips)
Seat 4: zepsweden ($256.39 in chips)
GoodlMan: posts small blind $1
zepsweden: posts big blind $3
*** HOLE CARDS ***
GoodlMan: raises $3 to $6
zepsweden: calls $3
*** FLOP *** [Kc 4d 4c]
zepsweden: checks
GoodlMan: bets $3
zepsweden: folds
Uncalled bet ($3) returned to GoodlMan
GoodlMan collected $11.76 from pot
GoodlMan: doesn't show hand
*** SUMMARY ***
Total pot $12 | Rake $0.24
Board [Kc 4d 4c]
Seat 2: GoodlMan (button) (small blind) collected ($11.76)
Seat 4: zepsweden (big blind) folded on the Flop


PokerStars Hand #164178528970:  Hold'em Limit ($3/$6 USD) - 2017/01/07 8:34:08 ET
Table 'Menkar' 6-max Seat #4 is the button
Seat 2: GoodlMan ($145.60 in chips)
Seat 4: zepsweden ($235.89 in chips)
zepsweden: posts small blind $1
GoodlMan: posts big blind $3
*** HOLE CARDS ***
zepsweden: raises $3 to $6
GoodlMan: calls $3
*** FLOP *** [Js Qs 5s]
GoodlMan: checks
zepsweden: bets $3
GoodlMan: calls $3
*** TURN *** [Js Qs 5s] [4d]
GoodlMan: checks
zepsweden: bets $6
GoodlMan: calls $6
*** RIVER *** [Js Qs 5s 4d] [3c]
GoodlMan: checks
zepsweden: bets $6
GoodlMan: calls $6
*** SHOW DOWN ***
zepsweden: shows [9s 6s] (a flush, Queen high)
GoodlMan: mucks hand
zepsweden collected $41.50 from pot
*** SUMMARY ***
Total pot $42 | Rake $0.50
Board [Js Qs 5s 4d 3c]
Seat 2: GoodlMan (big blind) mucked
Seat 4: zepsweden (button) (small blind) showed [9s 6s] and won ($41.50) with a flush, Queen high


PokerStars Hand #164178568061:  Hold'em Limit ($3/$6 USD) - 2017/01/07 8:35:05 ET
Table 'Menkar' 6-max Seat #2 is the button
Seat 2: GoodlMan ($121.36 in chips)
Seat 4: zepsweden ($259.03 in chips)
GoodlMan: posts small blind $1
zepsweden: posts big blind $3
*** HOLE CARDS ***
GoodlMan: raises $3 to $6
zepsweden: calls $3
*** FLOP *** [7d 5d Ac]
zepsweden: checks
GoodlMan: bets $3
zepsweden: raises $3 to $6
GoodlMan: folds
Uncalled bet ($3) returned to zepsweden
zepsweden collected $17.64 from pot
zepsweden: doesn't show hand
*** SUMMARY ***
Total pot $18 | Rake $0.36
Board [7d 5d Ac]
Seat 2: GoodlMan (button) (small blind) folded on the Flop
Seat 4: zepsweden (big blind) collected ($17.64)


PokerStars Hand #164178578434:  Hold'em Limit ($3/$6 USD) - 2017/01/07 8:35:20 ET
Table 'Menkar' 6-max Seat #4 is the button
Seat 2: GoodlMan ($120 in chips)
Seat 4: zepsweden ($267.67 in chips)
zepsweden: posts small blind $1
GoodlMan: posts big blind $3
*** HOLE CARDS ***
zepsweden: raises $3 to $6
GoodlMan: raises $3 to $9
zepsweden: raises $3 to $12
Betting is capped
GoodlMan: calls $3
*** FLOP *** [8s Th 2h]
GoodlMan: checks
zepsweden: bets $3
GoodlMan: calls $3
*** TURN *** [8s Th 2h] [2c]
loretta849 joins the table at seat #3
GoodlMan: checks
zepsweden: bets $6
GoodlMan: calls $6
*** RIVER *** [8s Th 2h 2c] [Jh]
GoodlMan: checks
zepsweden: bets $6
GoodlMan: calls $6
*** SHOW DOWN ***
zepsweden: shows [6d 4d] (a pair of Deuces)
GoodlMan: shows [Qs Ad] (a pair of Deuces - Ace kicker)
GoodlMan collected $53.50 from pot
*** SUMMARY ***
Total pot $54 | Rake $0.50
Board [8s Th 2h 2c Jh]
Seat 2: GoodlMan (big blind) showed [Qs Ad] and won ($53.50) with a pair of Deuces
Seat 4: zepsweden (button) (small blind) showed [6d 4d] and lost with a pair of Deuces


PokerStars Hand #164182121917:  Hold'em Limit ($3/$6 USD) - 2017/01/07 9:56:19 ET
Table 'Menkar' 6-max Seat #3 is the button
Seat 3: LuckyScal ($115.43 in chips)
Seat 6: Krazy90 ($151.11 in chips)
LuckyScal: posts small blind $1
TbIP-TbIP 88: is sitting out
Krazy90: posts big blind $3
*** HOLE CARDS ***
LuckyScal: folds
Uncalled bet ($2) returned to Krazy90
Krazy90 collected $2 from pot
Krazy90: doesn't show hand
*** SUMMARY ***
Total pot $2 | Rake $0
Seat 3: LuckyScal (button) (small blind) folded before Flop
Seat 6: Krazy90 (big blind) collected ($2)


