PokerStars Hand #147097805665:  Hold'em Limit ($3/$6 USD) - 2016/01/15 16:07:01 ET
Table 'Menkent' 2-max Seat #1 is the button
Seat 1: kaputnikoff ($219 in chips)
Seat 2: Nijadperest ($207.89 in chips)
kaputnikoff: posts small blind $1
Nijadperest: posts big blind $3
*** HOLE CARDS ***
kaputnikoff: folds
Uncalled bet ($2) returned to Nijadperest
Nijadperest collected $2 from pot
Nijadperest: doesn't show hand
*** SUMMARY ***
Total pot $2 | Rake $0
Seat 1: kaputnikoff (button) (small blind) folded before Flop
Seat 2: Nijadperest (big blind) collected ($2)


PokerStars Hand #147097799759:  Hold'em Limit ($3/$6 USD) - 2016/01/15 16:06:56 ET
Table 'Menkent' 2-max Seat #2 is the button
Seat 1: kaputnikoff ($218 in chips)
Seat 2: Nijadperest ($208.89 in chips)
Nijadperest: posts small blind $1
kaputnikoff: posts big blind $3
*** HOLE CARDS ***
Nijadperest: folds
Uncalled bet ($2) returned to kaputnikoff
kaputnikoff collected $2 from pot
kaputnikoff: doesn't show hand
*** SUMMARY ***
Total pot $2 | Rake $0
Seat 1: kaputnikoff (big blind) collected ($2)
Seat 2: Nijadperest (button) (small blind) folded before Flop


PokerStars Hand #147097793283:  Hold'em Limit ($3/$6 USD) - 2016/01/15 16:06:50 ET
Table 'Menkent' 2-max Seat #1 is the button
Seat 1: kaputnikoff ($219 in chips)
Seat 2: Nijadperest ($207.89 in chips)
kaputnikoff: posts small blind $1
Nijadperest: posts big blind $3
*** HOLE CARDS ***
kaputnikoff: folds
Uncalled bet ($2) returned to Nijadperest
Nijadperest collected $2 from pot
Nijadperest: doesn't show hand
*** SUMMARY ***
Total pot $2 | Rake $0
Seat 1: kaputnikoff (button) (small blind) folded before Flop
Seat 2: Nijadperest (big blind) collected ($2)


PokerStars Hand #147097752436:  Hold'em Limit ($3/$6 USD) - 2016/01/15 16:06:11 ET
Table 'Menkent' 2-max Seat #2 is the button
Seat 1: kaputnikoff ($240 in chips)
Seat 2: Nijadperest ($187.39 in chips)
Nijadperest: posts small blind $1
kaputnikoff: posts big blind $3
*** HOLE CARDS ***
Nijadperest: raises $3 to $6
kaputnikoff: calls $3
*** FLOP *** [Tc 2s Jh]
kaputnikoff: checks
Nijadperest: bets $3
kaputnikoff: calls $3
*** TURN *** [Tc 2s Jh] [Jd]
kaputnikoff: checks
Nijadperest: bets $6
kaputnikoff: calls $6
*** RIVER *** [Tc 2s Jh Jd] [7h]
kaputnikoff: checks
Nijadperest: bets $6
kaputnikoff: calls $6
*** SHOW DOWN ***
Nijadperest: shows [Kh Ts] (two pair, Jacks and Tens)
kaputnikoff: mucks hand
Nijadperest collected $41.50 from pot
*** SUMMARY ***
Total pot $42 | Rake $0.50
Board [Tc 2s Jh Jd 7h]
Seat 1: kaputnikoff (big blind) mucked
Seat 2: Nijadperest (button) (small blind) showed [Kh Ts] and won ($41.50) with two pair, Jacks and Tens


PokerStars Hand #147097819115:  Hold'em Limit ($3/$6 USD) - 2016/01/15 16:07:14 ET
Table 'Menkent' 2-max Seat #1 is the button
Seat 1: kaputnikoff ($219 in chips)
Seat 2: Nijadperest ($207.89 in chips)
kaputnikoff: posts small blind $1
Nijadperest: posts big blind $3
*** HOLE CARDS ***
kaputnikoff: raises $3 to $6
Nijadperest: calls $3
*** FLOP *** [6d 4s 3s]
Nijadperest: bets $3
kaputnikoff: raises $3 to $6
Nijadperest: calls $3
*** TURN *** [6d 4s 3s] [5h]
Nijadperest: checks
kaputnikoff: bets $6
Nijadperest: raises $6 to $12
kaputnikoff: raises $6 to $18
Nijadperest: raises $6 to $24
Betting is capped
kaputnikoff: calls $6
*** RIVER *** [6d 4s 3s 5h] [Jc]
Nijadperest: bets $6
kaputnikoff: raises $6 to $12
Nijadperest: calls $6
*** SHOW DOWN ***
kaputnikoff: shows [7s 8h] (a straight, Four to Eight)
Nijadperest: mucks hand
kaputnikoff collected $95.50 from pot
*** SUMMARY ***
Total pot $96 | Rake $0.50
Board [6d 4s 3s 5h Jc]
Seat 1: kaputnikoff (button) (small blind) showed [7s 8h] and won ($95.50) with a straight, Four to Eight
Seat 2: Nijadperest (big blind) mucked


PokerStars Hand #147097813195:  Hold'em Limit ($3/$6 USD) - 2016/01/15 16:07:09 ET
Table 'Menkent' 2-max Seat #2 is the button
Seat 1: kaputnikoff ($218 in chips)
Seat 2: Nijadperest ($208.89 in chips)
Nijadperest: posts small blind $1
kaputnikoff: posts big blind $3
*** HOLE CARDS ***
Nijadperest: folds
Uncalled bet ($2) returned to kaputnikoff
kaputnikoff collected $2 from pot
*** SUMMARY ***
Total pot $2 | Rake $0
Seat 1: kaputnikoff (big blind) collected ($2)
Seat 2: Nijadperest (button) (small blind) folded before Flop


PokerStars Hand #147097909815:  Hold'em Limit ($3/$6 USD) - 2016/01/15 16:08:41 ET
Table 'Menkent' 2-max Seat #2 is the button
Seat 1: kaputnikoff ($260.50 in chips)
Seat 2: Nijadperest ($165.53 in chips)
Nijadperest: posts small blind $1
kaputnikoff: posts big blind $3
*** HOLE CARDS ***
Nijadperest: folds
Uncalled bet ($2) returned to kaputnikoff
kaputnikoff collected $2 from pot
kaputnikoff: doesn't show hand
*** SUMMARY ***
Total pot $2 | Rake $0
Seat 1: kaputnikoff (big blind) collected ($2)
Seat 2: Nijadperest (button) (small blind) folded before Flop


PokerStars Hand #147097902343:  Hold'em Limit ($3/$6 USD) - 2016/01/15 16:08:34 ET
Table 'Menkent' 2-max Seat #1 is the button
Seat 1: kaputnikoff ($257.50 in chips)
Seat 2: Nijadperest ($168.53 in chips)
kaputnikoff: posts small blind $1
Nijadperest: posts big blind $3
*** HOLE CARDS ***
kaputnikoff: raises $3 to $6
Nijadperest: folds
Uncalled bet ($3) returned to kaputnikoff
kaputnikoff collected $6 from pot
kaputnikoff: doesn't show hand
*** SUMMARY ***
Total pot $6 | Rake $0
Seat 1: kaputnikoff (button) (small blind) collected ($6)
Seat 2: Nijadperest (big blind) folded before Flop


PokerStars Hand #147097892124:  Hold'em Limit ($3/$6 USD) - 2016/01/15 16:08:24 ET
Table 'Menkent' 2-max Seat #2 is the button
Seat 1: kaputnikoff ($260.50 in chips)
Seat 2: Nijadperest ($165.53 in chips)
Nijadperest: posts small blind $1
kaputnikoff: posts big blind $3
*** HOLE CARDS ***
Nijadperest: raises $3 to $6
kaputnikoff: folds
Uncalled bet ($3) returned to Nijadperest
Nijadperest collected $6 from pot
Nijadperest: doesn't show hand
*** SUMMARY ***
Total pot $6 | Rake $0
Seat 1: kaputnikoff (big blind) folded before Flop
Seat 2: Nijadperest (button) (small blind) collected ($6)


PokerStars Hand #147097884118:  Hold'em Limit ($3/$6 USD) - 2016/01/15 16:08:16 ET
Table 'Menkent' 2-max Seat #1 is the button
Seat 1: kaputnikoff ($257.50 in chips)
Seat 2: Nijadperest ($168.53 in chips)
kaputnikoff: posts small blind $1
Nijadperest: posts big blind $3
*** HOLE CARDS ***
kaputnikoff: raises $3 to $6
Nijadperest: folds
Uncalled bet ($3) returned to kaputnikoff
kaputnikoff collected $6 from pot
*** SUMMARY ***
Total pot $6 | Rake $0
Seat 1: kaputnikoff (button) (small blind) collected ($6)
Seat 2: Nijadperest (big blind) folded before Flop


PokerStars Hand #147097859755:  Hold'em Limit ($3/$6 USD) - 2016/01/15 16:07:53 ET
Table 'Menkent' 2-max Seat #2 is the button
Seat 1: kaputnikoff ($266.50 in chips)
Seat 2: Nijadperest ($159.89 in chips)
Nijadperest: posts small blind $1
kaputnikoff: posts big blind $3
*** HOLE CARDS ***
Nijadperest: raises $3 to $6
kaputnikoff: calls $3
*** FLOP *** [2d 2s Jh]
kaputnikoff: checks
Nijadperest: bets $3
kaputnikoff: calls $3
*** TURN *** [2d 2s Jh] [7h]
kaputnikoff: checks
Nijadperest: bets $6
kaputnikoff: folds
Uncalled bet ($6) returned to Nijadperest
Nijadperest collected $17.64 from pot
Nijadperest: doesn't show hand
*** SUMMARY ***
Total pot $18 | Rake $0.36
Board [2d 2s Jh 7h]
Seat 1: kaputnikoff (big blind) folded on the Turn
Seat 2: Nijadperest (button) (small blind) collected ($17.64)


PokerStars Hand #147097970423:  Hold'em Limit ($3/$6 USD) - 2016/01/15 16:09:39 ET
Table 'Menkent' 2-max Seat #2 is the button
Seat 1: kaputnikoff ($247.50 in chips)
Seat 2: Nijadperest ($178.03 in chips)
Nijadperest: posts small blind $1
kaputnikoff: posts big blind $3
*** HOLE CARDS ***
Nijadperest: raises $3 to $6
kaputnikoff: raises $3 to $9
Nijadperest: calls $3
*** FLOP *** [4s 2h 4c]
kaputnikoff: bets $3
Nijadperest: calls $3
*** TURN *** [4s 2h 4c] [7s]
kaputnikoff: bets $6
Nijadperest: calls $6
*** RIVER *** [4s 2h 4c 7s] [3s]
kaputnikoff: bets $6
Nijadperest: calls $6
*** SHOW DOWN ***
kaputnikoff: shows [Ad Qd] (a pair of Fours)
Nijadperest: mucks hand
kaputnikoff collected $47.50 from pot
*** SUMMARY ***
Total pot $48 | Rake $0.50
Board [4s 2h 4c 7s 3s]
Seat 1: kaputnikoff (big blind) showed [Ad Qd] and won ($47.50) with a pair of Fours
Seat 2: Nijadperest (button) (small blind) mucked


PokerStars Hand #147097961546:  Hold'em Limit ($3/$6 USD) - 2016/01/15 16:09:31 ET
Table 'Menkent' 2-max Seat #1 is the button
Seat 1: kaputnikoff ($244.50 in chips)
Seat 2: Nijadperest ($181.03 in chips)
kaputnikoff: posts small blind $1
Nijadperest: posts big blind $3
*** HOLE CARDS ***
kaputnikoff: raises $3 to $6
Nijadperest: folds
Uncalled bet ($3) returned to kaputnikoff
kaputnikoff collected $6 from pot
*** SUMMARY ***
Total pot $6 | Rake $0
Seat 1: kaputnikoff (button) (small blind) collected ($6)
Seat 2: Nijadperest (big blind) folded before Flop


PokerStars Hand #147097955396:  Hold'em Limit ($3/$6 USD) - 2016/01/15 16:09:25 ET
Table 'Menkent' 2-max Seat #2 is the button
Seat 1: kaputnikoff ($243.50 in chips)
Seat 2: Nijadperest ($182.03 in chips)
Nijadperest: posts small blind $1
kaputnikoff: posts big blind $3
*** HOLE CARDS ***
Nijadperest: folds
Uncalled bet ($2) returned to kaputnikoff
kaputnikoff collected $2 from pot
*** SUMMARY ***
Total pot $2 | Rake $0
Seat 1: kaputnikoff (big blind) collected ($2)
Seat 2: Nijadperest (button) (small blind) folded before Flop


PokerStars Hand #147097916614:  Hold'em Limit ($3/$6 USD) - 2016/01/15 16:08:48 ET
Table 'Menkent' 2-max Seat #1 is the button
Seat 1: kaputnikoff ($261.50 in chips)
Seat 2: Nijadperest ($164.53 in chips)
kaputnikoff: posts small blind $1
Nijadperest: posts big blind $3
*** HOLE CARDS ***
kaputnikoff: raises $3 to $6
Nijadperest: calls $3
*** FLOP *** [7c 5c Ts]
Nijadperest: checks
kaputnikoff: bets $3
Nijadperest: raises $3 to $6
kaputnikoff: calls $3
*** TURN *** [7c 5c Ts] [9c]
Nijadperest: bets $6
kaputnikoff: calls $6
*** RIVER *** [7c 5c Ts 9c] [Ah]
Nijadperest: checks
kaputnikoff: checks
*** SHOW DOWN ***
Nijadperest: shows [9h Td] (two pair, Tens and Nines)
kaputnikoff: mucks hand
Nijadperest collected $35.50 from pot
*** SUMMARY ***
Total pot $36 | Rake $0.50
Board [7c 5c Ts 9c Ah]
Seat 1: kaputnikoff (button) (small blind) mucked
Seat 2: Nijadperest (big blind) showed [9h Td] and won ($35.50) with two pair, Tens and Nines


PokerStars Hand #147098031772:  Hold'em Limit ($3/$6 USD) - 2016/01/15 16:10:38 ET
Table 'Menkent' 2-max Seat #2 is the button
Seat 1: kaputnikoff ($297.50 in chips)
Seat 2: Nijadperest ($127.03 in chips)
Nijadperest: posts small blind $1
kaputnikoff: posts big blind $3
*** HOLE CARDS ***
Nijadperest: raises $3 to $6
kaputnikoff: calls $3
*** FLOP *** [3s 3c 4c]
kaputnikoff: checks
Nijadperest: bets $3
kaputnikoff: calls $3
*** TURN *** [3s 3c 4c] [Ad]
kaputnikoff: checks
Nijadperest: bets $6
kaputnikoff: calls $6
*** RIVER *** [3s 3c 4c Ad] [3d]
kaputnikoff: checks
Nijadperest: checks
*** SHOW DOWN ***
kaputnikoff: shows [9c 5h] (three of a kind, Threes)
Nijadperest: shows [Qc Kh] (three of a kind, Threes - Ace+King kicker)
Nijadperest collected $29.50 from pot
*** SUMMARY ***
Total pot $30 | Rake $0.50
Board [3s 3c 4c Ad 3d]
Seat 1: kaputnikoff (big blind) showed [9c 5h] and lost with three of a kind, Threes
Seat 2: Nijadperest (button) (small blind) showed [Qc Kh] and won ($29.50) with three of a kind, Threes


PokerStars Hand #147097998753:  Hold'em Limit ($3/$6 USD) - 2016/01/15 16:10:07 ET
Table 'Menkent' 2-max Seat #1 is the button
Seat 1: kaputnikoff ($271 in chips)
Seat 2: Nijadperest ($154.03 in chips)
kaputnikoff: posts small blind $1
Nijadperest: posts big blind $3
*** HOLE CARDS ***
kaputnikoff: raises $3 to $6
Nijadperest: raises $3 to $9
kaputnikoff: calls $3
*** FLOP *** [5s 3c 4s]
Nijadperest: bets $3
kaputnikoff: raises $3 to $6
Nijadperest: calls $3
*** TURN *** [5s 3c 4s] [5d]
Nijadperest: checks
kaputnikoff: bets $6
Nijadperest: calls $6
*** RIVER *** [5s 3c 4s 5d] [2c]
Nijadperest: bets $6
kaputnikoff: raises $6 to $12
Nijadperest: folds
Uncalled bet ($6) returned to kaputnikoff
kaputnikoff collected $53.50 from pot
kaputnikoff: doesn't show hand
*** SUMMARY ***
Total pot $54 | Rake $0.50
Board [5s 3c 4s 5d 2c]
Seat 1: kaputnikoff (button) (small blind) collected ($53.50)
Seat 2: Nijadperest (big blind) folded on the River


PokerStars Hand #147098084651:  Hold'em Limit ($3/$6 USD) - 2016/01/15 16:11:29 ET
Table 'Menkent' 2-max Seat #2 is the button
Seat 1: kaputnikoff ($281.50 in chips)
Seat 2: Nijadperest ($142.53 in chips)
Nijadperest: posts small blind $1
kaputnikoff: posts big blind $3
*** HOLE CARDS ***
Nijadperest: folds
Uncalled bet ($2) returned to kaputnikoff
kaputnikoff collected $2 from pot
kaputnikoff: doesn't show hand
*** SUMMARY ***
Total pot $2 | Rake $0
Seat 1: kaputnikoff (big blind) collected ($2)
Seat 2: Nijadperest (button) (small blind) folded before Flop


PokerStars Hand #147098076329:  Hold'em Limit ($3/$6 USD) - 2016/01/15 16:11:21 ET
Table 'Menkent' 2-max Seat #1 is the button
Seat 1: kaputnikoff ($282.50 in chips)
Seat 2: Nijadperest ($141.53 in chips)
kaputnikoff: posts small blind $1
Nijadperest: posts big blind $3
*** HOLE CARDS ***
kaputnikoff: folds
Uncalled bet ($2) returned to Nijadperest
Nijadperest collected $2 from pot
Nijadperest: doesn't show hand
*** SUMMARY ***
Total pot $2 | Rake $0
Seat 1: kaputnikoff (button) (small blind) folded before Flop
Seat 2: Nijadperest (big blind) collected ($2)


PokerStars Hand #147098069799:  Hold'em Limit ($3/$6 USD) - 2016/01/15 16:11:15 ET
Table 'Menkent' 2-max Seat #2 is the button
Seat 1: kaputnikoff ($281.50 in chips)
Seat 2: Nijadperest ($142.53 in chips)
Nijadperest: posts small blind $1
kaputnikoff: posts big blind $3
*** HOLE CARDS ***
Nijadperest: folds
Uncalled bet ($2) returned to kaputnikoff
kaputnikoff collected $2 from pot
kaputnikoff: doesn't show hand
*** SUMMARY ***
Total pot $2 | Rake $0
Seat 1: kaputnikoff (big blind) collected ($2)
Seat 2: Nijadperest (button) (small blind) folded before Flop


PokerStars Hand #147098060558:  Hold'em Limit ($3/$6 USD) - 2016/01/15 16:11:06 ET
Table 'Menkent' 2-max Seat #1 is the button
Seat 1: kaputnikoff ($282.50 in chips)
Seat 2: Nijadperest ($141.53 in chips)
kaputnikoff: posts small blind $1
Nijadperest: posts big blind $3
*** HOLE CARDS ***
kaputnikoff: folds
Uncalled bet ($2) returned to Nijadperest
Nijadperest collected $2 from pot
Nijadperest: doesn't show hand
*** SUMMARY ***
Total pot $2 | Rake $0
Seat 1: kaputnikoff (button) (small blind) folded before Flop
Seat 2: Nijadperest (big blind) collected ($2)


PokerStars Hand #147098091182:  Hold'em Limit ($3/$6 USD) - 2016/01/15 16:11:35 ET
Table 'Menkent' 2-max Seat #1 is the button
Seat 1: kaputnikoff ($282.50 in chips)
Seat 2: Nijadperest ($141.53 in chips)
kaputnikoff: posts small blind $1
Nijadperest: posts big blind $3
*** HOLE CARDS ***
kaputnikoff: raises $3 to $6
Nijadperest: raises $3 to $9
kaputnikoff: calls $3
*** FLOP *** [Qd 5s 7d]
Nijadperest: bets $3
kaputnikoff: calls $3
*** TURN *** [Qd 5s 7d] [3h]
Nijadperest: bets $6
kaputnikoff: calls $6
*** RIVER *** [Qd 5s 7d 3h] [4h]
Nijadperest: checks
kaputnikoff: bets $6
Nijadperest: raises $6 to $12
kaputnikoff: folds
Uncalled bet ($6) returned to Nijadperest
Nijadperest collected $47.50 from pot
Nijadperest: doesn't show hand
*** SUMMARY ***
Total pot $48 | Rake $0.50
Board [Qd 5s 7d 3h 4h]
Seat 1: kaputnikoff (button) (small blind) folded on the River
Seat 2: Nijadperest (big blind) collected ($47.50)


PokerStars Hand #147098142662:  Hold'em Limit ($3/$6 USD) - 2016/01/15 16:12:25 ET
Table 'Menkent' 2-max Seat #2 is the button
Seat 1: kaputnikoff ($258.50 in chips)
Seat 2: Nijadperest ($165.03 in chips)
Nijadperest: posts small blind $1
kaputnikoff: posts big blind $3
*** HOLE CARDS ***
Nijadperest: raises $3 to $6
kaputnikoff: raises $3 to $9
Nijadperest: calls $3
*** FLOP *** [9d 9h 5s]
kaputnikoff: bets $3
Nijadperest: calls $3
*** TURN *** [9d 9h 5s] [Kh]
kaputnikoff: bets $6
Nijadperest: folds
Uncalled bet ($6) returned to kaputnikoff
kaputnikoff collected $23.52 from pot
kaputnikoff: doesn't show hand
*** SUMMARY ***
Total pot $24 | Rake $0.48
Board [9d 9h 5s Kh]
Seat 1: kaputnikoff (big blind) collected ($23.52)
Seat 2: Nijadperest (button) (small blind) folded on the Turn


PokerStars Hand #147098227794:  Hold'em Limit ($3/$6 USD) - 2016/01/15 16:13:46 ET
Table 'Menkent' 2-max Seat #1 is the button
Seat 1: kaputnikoff ($240.02 in chips)
Seat 2: Nijadperest ($182.17 in chips)
kaputnikoff: posts small blind $1
Nijadperest: posts big blind $3
*** HOLE CARDS ***
kaputnikoff: raises $3 to $6
Nijadperest: calls $3
*** FLOP *** [As 8s Jc]
Nijadperest: checks
kaputnikoff: bets $3
Nijadperest: calls $3
*** TURN *** [As 8s Jc] [7h]
Nijadperest: checks
kaputnikoff: checks
*** RIVER *** [As 8s Jc 7h] [2d]
Nijadperest: bets $6
kaputnikoff: folds
Uncalled bet ($6) returned to Nijadperest
Nijadperest collected $17.64 from pot
Nijadperest: doesn't show hand
*** SUMMARY ***
Total pot $18 | Rake $0.36
Board [As 8s Jc 7h 2d]
Seat 1: kaputnikoff (button) (small blind) folded on the River
Seat 2: Nijadperest (big blind) collected ($17.64)


PokerStars Hand #147098195432:  Hold'em Limit ($3/$6 USD) - 2016/01/15 16:13:15 ET
Table 'Menkent' 2-max Seat #2 is the button
Seat 1: kaputnikoff ($261.02 in chips)
Seat 2: Nijadperest ($161.67 in chips)
Nijadperest: posts small blind $1
kaputnikoff: posts big blind $3
*** HOLE CARDS ***
Nijadperest: raises $3 to $6
kaputnikoff: calls $3
*** FLOP *** [3d Ks 6c]
kaputnikoff: checks
Nijadperest: bets $3
kaputnikoff: calls $3
*** TURN *** [3d Ks 6c] [8h]
kaputnikoff: checks
Nijadperest: bets $6
kaputnikoff: calls $6
*** RIVER *** [3d Ks 6c 8h] [7d]
kaputnikoff: checks
Nijadperest: bets $6
kaputnikoff: calls $6
*** SHOW DOWN ***
Nijadperest: shows [Ts Kd] (a pair of Kings)
kaputnikoff: mucks hand
Nijadperest collected $41.50 from pot
*** SUMMARY ***
Total pot $42 | Rake $0.50
Board [3d Ks 6c 8h 7d]
Seat 1: kaputnikoff (big blind) mucked
Seat 2: Nijadperest (button) (small blind) showed [Ts Kd] and won ($41.50) with a pair of Kings


PokerStars Hand #147098164772:  Hold'em Limit ($3/$6 USD) - 2016/01/15 16:12:46 ET
Table 'Menkent' 2-max Seat #1 is the button
Seat 1: kaputnikoff ($270.02 in chips)
Seat 2: Nijadperest ($153.03 in chips)
kaputnikoff: posts small blind $1
Nijadperest: posts big blind $3
*** HOLE CARDS ***
kaputnikoff: raises $3 to $6
Nijadperest: calls $3
*** FLOP *** [7s Qd 9h]
Nijadperest: checks
kaputnikoff: bets $3
Nijadperest: calls $3
*** TURN *** [7s Qd 9h] [8s]
Nijadperest: checks
kaputnikoff: checks
*** RIVER *** [7s Qd 9h 8s] [Ts]
Nijadperest: bets $6
kaputnikoff: folds
Uncalled bet ($6) returned to Nijadperest
Nijadperest collected $17.64 from pot
Nijadperest: doesn't show hand
*** SUMMARY ***
Total pot $18 | Rake $0.36
Board [7s Qd 9h 8s Ts]
Seat 1: kaputnikoff (button) (small blind) folded on the River
Seat 2: Nijadperest (big blind) collected ($17.64)


PokerStars Hand #147098255467:  Hold'em Limit ($3/$6 USD) - 2016/01/15 16:14:13 ET
Table 'Menkent' 2-max Seat #2 is the button
Seat 1: kaputnikoff ($231.02 in chips)
Seat 2: Nijadperest ($190.81 in chips)
Nijadperest: posts small blind $1
kaputnikoff: posts big blind $3
*** HOLE CARDS ***
Nijadperest: raises $3 to $6
kaputnikoff: raises $3 to $9
Nijadperest: raises $3 to $12
Betting is capped
kaputnikoff: calls $3
*** FLOP *** [8d 5c 7c]
kaputnikoff: checks
Nijadperest: bets $3
kaputnikoff: calls $3
*** TURN *** [8d 5c 7c] [Ac]
kaputnikoff: checks
Nijadperest: bets $6
kaputnikoff: folds
Uncalled bet ($6) returned to Nijadperest
Nijadperest collected $29.50 from pot
Nijadperest: doesn't show hand
*** SUMMARY ***
Total pot $30 | Rake $0.50
Board [8d 5c 7c Ac]
Seat 1: kaputnikoff (big blind) folded on the Turn
Seat 2: Nijadperest (button) (small blind) collected ($29.50)


PokerStars Hand #147098336336:  Hold'em Limit ($3/$6 USD) - 2016/01/15 16:15:30 ET
Table 'Menkent' 2-max Seat #1 is the button
Seat 1: kaputnikoff ($231.52 in chips)
Seat 2: Nijadperest ($189.31 in chips)
kaputnikoff: posts small blind $1
Nijadperest: posts big blind $3
*** HOLE CARDS ***
kaputnikoff: raises $3 to $6
Nijadperest: calls $3
*** FLOP *** [Qd Qh 9c]
Nijadperest: checks
kaputnikoff: bets $3
Nijadperest: calls $3
*** TURN *** [Qd Qh 9c] [9h]
Nijadperest: checks
kaputnikoff: checks
*** RIVER *** [Qd Qh 9c 9h] [6c]
Nijadperest: bets $6
kaputnikoff: calls $6
*** SHOW DOWN ***
Nijadperest: shows [7h Qs] (a full house, Queens full of Nines)
kaputnikoff: mucks hand
Nijadperest collected $29.50 from pot
*** SUMMARY ***
Total pot $30 | Rake $0.50
Board [Qd Qh 9c 9h 6c]
Seat 1: kaputnikoff (button) (small blind) mucked
Seat 2: Nijadperest (big blind) showed [7h Qs] and won ($29.50) with a full house, Queens full of Nines


PokerStars Hand #147098330871:  Hold'em Limit ($3/$6 USD) - 2016/01/15 16:15:25 ET
Table 'Menkent' 2-max Seat #2 is the button
Seat 1: kaputnikoff ($230.52 in chips)
Seat 2: Nijadperest ($190.31 in chips)
Nijadperest: posts small blind $1
kaputnikoff: posts big blind $3
*** HOLE CARDS ***
Nijadperest: folds
Uncalled bet ($2) returned to kaputnikoff
kaputnikoff collected $2 from pot
kaputnikoff: doesn't show hand
*** SUMMARY ***
Total pot $2 | Rake $0
Seat 1: kaputnikoff (big blind) collected ($2)
Seat 2: Nijadperest (button) (small blind) folded before Flop


PokerStars Hand #147098295569:  Hold'em Limit ($3/$6 USD) - 2016/01/15 16:14:52 ET
Table 'Menkent' 2-max Seat #1 is the button
Seat 1: kaputnikoff ($216.02 in chips)
Seat 2: Nijadperest ($205.31 in chips)
kaputnikoff: posts small blind $1
Nijadperest: posts big blind $3
*** HOLE CARDS ***
kaputnikoff: raises $3 to $6
Nijadperest: calls $3
*** FLOP *** [Qs 5d 7c]
Nijadperest: checks
kaputnikoff: bets $3
Nijadperest: calls $3
*** TURN *** [Qs 5d 7c] [5c]
Nijadperest: checks
kaputnikoff: checks
*** RIVER *** [Qs 5d 7c 5c] [Jd]
Nijadperest: bets $6
kaputnikoff: calls $6
*** SHOW DOWN ***
Nijadperest: shows [6c Ks] (a pair of Fives)
kaputnikoff: shows [Ts Ah] (a pair of Fives - Ace kicker)
kaputnikoff collected $29.50 from pot
*** SUMMARY ***
Total pot $30 | Rake $0.50
Board [Qs 5d 7c 5c Jd]
Seat 1: kaputnikoff (button) (small blind) showed [Ts Ah] and won ($29.50) with a pair of Fives
Seat 2: Nijadperest (big blind) showed [6c Ks] and lost with a pair of Fives


PokerStars Hand #147098367194:  Hold'em Limit ($3/$6 USD) - 2016/01/15 16:15:59 ET
Table 'Menkent' 2-max Seat #2 is the button
Seat 1: kaputnikoff ($216.52 in chips)
Seat 2: Nijadperest ($203.81 in chips)
Nijadperest: posts small blind $1
kaputnikoff: posts big blind $3
*** HOLE CARDS ***
Nijadperest: raises $3 to $6
kaputnikoff: calls $3
*** FLOP *** [As 3d Ac]
kaputnikoff: checks
Nijadperest: bets $3
kaputnikoff: folds
Uncalled bet ($3) returned to Nijadperest
Nijadperest collected $11.76 from pot
Nijadperest: doesn't show hand
*** SUMMARY ***
Total pot $12 | Rake $0.24
Board [As 3d Ac]
Seat 1: kaputnikoff (big blind) folded on the Flop
Seat 2: Nijadperest (button) (small blind) collected ($11.76)


PokerStars Hand #147098420234:  Hold'em Limit ($3/$6 USD) - 2016/01/15 16:16:49 ET
Table 'Menkent' 2-max Seat #2 is the button
Seat 1: kaputnikoff ($210.27 in chips)
Seat 2: Nijadperest ($209.32 in chips)
Nijadperest: posts small blind $1
kaputnikoff: posts big blind $3
*** HOLE CARDS ***
Nijadperest: folds
Uncalled bet ($2) returned to kaputnikoff
kaputnikoff collected $2 from pot
kaputnikoff: doesn't show hand
*** SUMMARY ***
Total pot $2 | Rake $0
Seat 1: kaputnikoff (big blind) collected ($2)
Seat 2: Nijadperest (button) (small blind) folded before Flop


PokerStars Hand #147098389716:  Hold'em Limit ($3/$6 USD) - 2016/01/15 16:16:20 ET
Table 'Menkent' 2-max Seat #1 is the button
Seat 1: kaputnikoff ($210.52 in chips)
Seat 2: Nijadperest ($209.57 in chips)
kaputnikoff: posts small blind $1
Nijadperest: posts big blind $3
*** HOLE CARDS ***
kaputnikoff: raises $3 to $6
Nijadperest: calls $3
*** FLOP *** [Jh Js As]
Nijadperest: checks
kaputnikoff: bets $3
Nijadperest: calls $3
*** TURN *** [Jh Js As] [Ah]
Nijadperest: checks
kaputnikoff: checks
*** RIVER *** [Jh Js As Ah] [8s]
Nijadperest: bets $6
kaputnikoff: calls $6
*** SHOW DOWN ***
Nijadperest: shows [Kd 5d] (two pair, Aces and Jacks)
kaputnikoff: shows [Kh 2h] (two pair, Aces and Jacks)
Nijadperest collected $14.75 from pot
kaputnikoff collected $14.75 from pot
*** SUMMARY ***
Total pot $30 | Rake $0.50
Board [Jh Js As Ah 8s]
Seat 1: kaputnikoff (button) (small blind) showed [Kh 2h] and won ($14.75) with two pair, Aces and Jacks
Seat 2: Nijadperest (big blind) showed [Kd 5d] and won ($14.75) with two pair, Aces and Jacks


PokerStars Hand #147098425706:  Hold'em Limit ($3/$6 USD) - 2016/01/15 16:16:54 ET
Table 'Menkent' 2-max Seat #1 is the button
Seat 1: kaputnikoff ($211.27 in chips)
Seat 2: Nijadperest ($208.32 in chips)
kaputnikoff: posts small blind $1
Nijadperest: posts big blind $3
*** HOLE CARDS ***
kaputnikoff: raises $3 to $6
Nijadperest: raises $3 to $9
kaputnikoff: calls $3
*** FLOP *** [Th 8s Qd]
Nijadperest: bets $3
kaputnikoff: calls $3
*** TURN *** [Th 8s Qd] [3c]
Nijadperest: bets $6
kaputnikoff: calls $6
*** RIVER *** [Th 8s Qd 3c] [4c]
Nijadperest: bets $6
kaputnikoff: calls $6
*** SHOW DOWN ***
Nijadperest: shows [Kc Qh] (a pair of Queens)
kaputnikoff: mucks hand
Nijadperest collected $47.50 from pot
*** SUMMARY ***
Total pot $48 | Rake $0.50
Board [Th 8s Qd 3c 4c]
Seat 1: kaputnikoff (button) (small blind) mucked
Seat 2: Nijadperest (big blind) showed [Kc Qh] and won ($47.50) with a pair of Queens


PokerStars Hand #147098455724:  Hold'em Limit ($3/$6 USD) - 2016/01/15 16:17:23 ET
Table 'Menkent' 2-max Seat #2 is the button
Seat 1: kaputnikoff ($187.27 in chips)
Seat 2: Nijadperest ($231.82 in chips)
Nijadperest: posts small blind $1
kaputnikoff: posts big blind $3
*** HOLE CARDS ***
Nijadperest: raises $3 to $6
kaputnikoff: calls $3
*** FLOP *** [Jh Td 2c]
kaputnikoff: checks
Nijadperest: bets $3
kaputnikoff: folds
Uncalled bet ($3) returned to Nijadperest
Nijadperest collected $11.76 from pot
Nijadperest: doesn't show hand
*** SUMMARY ***
Total pot $12 | Rake $0.24
Board [Jh Td 2c]
Seat 1: kaputnikoff (big blind) folded on the Flop
Seat 2: Nijadperest (button) (small blind) collected ($11.76)


PokerStars Hand #147098470680:  Hold'em Limit ($3/$6 USD) - 2016/01/15 16:17:37 ET
Table 'Menkent' 2-max Seat #1 is the button
Seat 1: kaputnikoff ($181.27 in chips)
Seat 2: Nijadperest ($237.58 in chips)
kaputnikoff: posts small blind $1
Nijadperest: posts big blind $3
*** HOLE CARDS ***
kaputnikoff: raises $3 to $6
Nijadperest: calls $3
*** FLOP *** [9c 9d 9s]
Nijadperest: checks
kaputnikoff: bets $3
Nijadperest: calls $3
*** TURN *** [9c 9d 9s] [8h]
Nijadperest: checks
kaputnikoff: checks
*** RIVER *** [9c 9d 9s 8h] [2d]
Nijadperest: bets $6
kaputnikoff: calls $6
*** SHOW DOWN ***
Nijadperest: shows [2c Jc] (a full house, Nines full of Deuces)
kaputnikoff: mucks hand
Nijadperest collected $29.50 from pot
*** SUMMARY ***
Total pot $30 | Rake $0.50
Board [9c 9d 9s 8h 2d]
Seat 1: kaputnikoff (button) (small blind) mucked
Seat 2: Nijadperest (big blind) showed [2c Jc] and won ($29.50) with a full house, Nines full of Deuces


PokerStars Hand #147098495204:  Hold'em Limit ($3/$6 USD) - 2016/01/15 16:18:00 ET
Table 'Menkent' 2-max Seat #2 is the button
Seat 1: kaputnikoff ($166.27 in chips)
Seat 2: Nijadperest ($252.08 in chips)
Nijadperest: posts small blind $1
kaputnikoff: posts big blind $3
*** HOLE CARDS ***
Nijadperest: raises $3 to $6
kaputnikoff: calls $3
*** FLOP *** [4c 3s 2h]
kaputnikoff: checks
Nijadperest: bets $3
kaputnikoff: raises $3 to $6
Nijadperest: calls $3
*** TURN *** [4c 3s 2h] [6s]
kaputnikoff: bets $6
Nijadperest: calls $6
*** RIVER *** [4c 3s 2h 6s] [9h]
kaputnikoff: bets $6
Nijadperest: calls $6
*** SHOW DOWN ***
kaputnikoff: shows [4s 2s] (two pair, Fours and Deuces)
Nijadperest: mucks hand
kaputnikoff collected $47.50 from pot
*** SUMMARY ***
Total pot $48 | Rake $0.50
Board [4c 3s 2h 6s 9h]
Seat 1: kaputnikoff (big blind) showed [4s 2s] and won ($47.50) with two pair, Fours and Deuces
Seat 2: Nijadperest (button) (small blind) mucked


PokerStars Hand #147098518760:  Hold'em Limit ($3/$6 USD) - 2016/01/15 16:18:22 ET
Table 'Menkent' 2-max Seat #1 is the button
Seat 1: kaputnikoff ($189.77 in chips)
Seat 2: Nijadperest ($228.08 in chips)
kaputnikoff: posts small blind $1
Nijadperest: posts big blind $3
*** HOLE CARDS ***
kaputnikoff: raises $3 to $6
Nijadperest: calls $3
*** FLOP *** [4d 4s 6d]
Nijadperest: checks
kaputnikoff: bets $3
Nijadperest: raises $3 to $6
kaputnikoff: calls $3
*** TURN *** [4d 4s 6d] [Ks]
Nijadperest: bets $6
kaputnikoff: calls $6
*** RIVER *** [4d 4s 6d Ks] [9d]
Nijadperest: bets $6
kaputnikoff: calls $6
*** SHOW DOWN ***
Nijadperest: shows [7d Jd] (a flush, Jack high)
kaputnikoff: mucks hand
Nijadperest collected $47.50 from pot
*** SUMMARY ***
Total pot $48 | Rake $0.50
Board [4d 4s 6d Ks 9d]
Seat 1: kaputnikoff (button) (small blind) mucked
Seat 2: Nijadperest (big blind) showed [7d Jd] and won ($47.50) with a flush, Jack high


PokerStars Hand #147098549765:  Hold'em Limit ($3/$6 USD) - 2016/01/15 16:18:52 ET
Table 'Menkent' 2-max Seat #2 is the button
Seat 1: kaputnikoff ($165.77 in chips)
Seat 2: Nijadperest ($251.58 in chips)
Nijadperest: posts small blind $1
kaputnikoff: posts big blind $3
*** HOLE CARDS ***
Nijadperest: raises $3 to $6
kaputnikoff: calls $3
*** FLOP *** [Tc 4h 3h]
kaputnikoff: checks
Nijadperest: bets $3
kaputnikoff: raises $3 to $6
Nijadperest: calls $3
*** TURN *** [Tc 4h 3h] [As]
kaputnikoff: bets $6
Nijadperest: calls $6
*** RIVER *** [Tc 4h 3h As] [Td]
kaputnikoff: bets $6
Nijadperest: folds
Uncalled bet ($6) returned to kaputnikoff
kaputnikoff collected $35.50 from pot
kaputnikoff: doesn't show hand
*** SUMMARY ***
Total pot $36 | Rake $0.50
Board [Tc 4h 3h As Td]
Seat 1: kaputnikoff (big blind) collected ($35.50)
Seat 2: Nijadperest (button) (small blind) folded on the River


PokerStars Hand #147098580599:  Hold'em Limit ($3/$6 USD) - 2016/01/15 16:19:21 ET
Table 'Menkent' 2-max Seat #1 is the button
Seat 1: kaputnikoff ($183.27 in chips)
Seat 2: Nijadperest ($233.58 in chips)
kaputnikoff: posts small blind $1
Nijadperest: posts big blind $3
*** HOLE CARDS ***
kaputnikoff: raises $3 to $6
Nijadperest: folds
Uncalled bet ($3) returned to kaputnikoff
Nijadperest leaves the table
kaputnikoff collected $6 from pot
kaputnikoff: doesn't show hand
*** SUMMARY ***
Total pot $6 | Rake $0
Seat 1: kaputnikoff (button) (small blind) collected ($6)
Seat 2: Nijadperest (big blind) folded before Flop


PokerStars Hand #147105940948:  Hold'em Limit ($3/$6 USD) - 2016/01/15 18:21:18 ET
Table 'Menkent' 2-max Seat #1 is the button
Seat 1: kaputnikoff ($176.91 in chips)
Seat 2: ClairvoyantX ($44.38 in chips)
kaputnikoff: posts small blind $1
ClairvoyantX: posts big blind $3
*** HOLE CARDS ***
kaputnikoff: raises $3 to $6
ClairvoyantX: calls $3
*** FLOP *** [7d 5c 9c]
ClairvoyantX: bets $3
kaputnikoff: folds
Uncalled bet ($3) returned to ClairvoyantX
ClairvoyantX collected $11.76 from pot
ClairvoyantX: doesn't show hand
*** SUMMARY ***
Total pot $12 | Rake $0.24
Board [7d 5c 9c]
Seat 1: kaputnikoff (button) (small blind) folded on the Flop
Seat 2: ClairvoyantX (big blind) collected ($11.76)


PokerStars Hand #147105958134:  Hold'em Limit ($3/$6 USD) - 2016/01/15 18:21:37 ET
Table 'Menkent' 2-max Seat #2 is the button
Seat 1: kaputnikoff ($170.91 in chips)
Seat 2: ClairvoyantX ($50.14 in chips)
ClairvoyantX: posts small blind $1
kaputnikoff: posts big blind $3
*** HOLE CARDS ***
ClairvoyantX: calls $2
kaputnikoff: raises $3 to $6
ClairvoyantX: calls $3
*** FLOP *** [Jc 6c 8c]
kaputnikoff: bets $3
ClairvoyantX: calls $3
*** TURN *** [Jc 6c 8c] [As]
kaputnikoff: checks
ClairvoyantX: checks
*** RIVER *** [Jc 6c 8c As] [3c]
kaputnikoff: checks
ClairvoyantX: bets $6
kaputnikoff: calls $6
*** SHOW DOWN ***
ClairvoyantX: shows [Tc 3s] (a flush, Jack high)
kaputnikoff: mucks hand
ClairvoyantX collected $29.50 from pot
*** SUMMARY ***
Total pot $30 | Rake $0.50
Board [Jc 6c 8c As 3c]
Seat 1: kaputnikoff (big blind) mucked
Seat 2: ClairvoyantX (button) (small blind) showed [Tc 3s] and won ($29.50) with a flush, Jack high


PokerStars Hand #147105986898:  Hold'em Limit ($3/$6 USD) - 2016/01/15 18:22:09 ET
Table 'Menkent' 2-max Seat #1 is the button
Seat 1: kaputnikoff ($155.91 in chips)
Seat 2: ClairvoyantX ($64.64 in chips)
kaputnikoff: posts small blind $1
ClairvoyantX: posts big blind $3
*** HOLE CARDS ***
kaputnikoff: raises $3 to $6
ClairvoyantX: calls $3
*** FLOP *** [7c 3h Tc]
ClairvoyantX: checks
kaputnikoff: bets $3
ClairvoyantX: calls $3
*** TURN *** [7c 3h Tc] [Kc]
ClairvoyantX: checks
kaputnikoff: bets $6
ClairvoyantX: folds
Uncalled bet ($6) returned to kaputnikoff
kaputnikoff collected $17.64 from pot
kaputnikoff: doesn't show hand
*** SUMMARY ***
Total pot $18 | Rake $0.36
Board [7c 3h Tc Kc]
Seat 1: kaputnikoff (button) (small blind) collected ($17.64)
Seat 2: ClairvoyantX (big blind) folded on the Turn


PokerStars Hand #147106014091:  Hold'em Limit ($3/$6 USD) - 2016/01/15 18:22:39 ET
Table 'Menkent' 2-max Seat #2 is the button
Seat 1: kaputnikoff ($164.55 in chips)
Seat 2: ClairvoyantX ($55.64 in chips)
ClairvoyantX: posts small blind $1
kaputnikoff: posts big blind $3
*** HOLE CARDS ***
ClairvoyantX: calls $2
kaputnikoff: checks
*** FLOP *** [Qh 8s 8d]
kaputnikoff: checks
ClairvoyantX: checks
*** TURN *** [Qh 8s 8d] [2h]
kaputnikoff: bets $6
ClairvoyantX: calls $6
*** RIVER *** [Qh 8s 8d 2h] [6d]
kaputnikoff: checks
ClairvoyantX: bets $6
kaputnikoff: folds
Uncalled bet ($6) returned to ClairvoyantX
ClairvoyantX collected $17.64 from pot
ClairvoyantX: doesn't show hand
*** SUMMARY ***
Total pot $18 | Rake $0.36
Board [Qh 8s 8d 2h 6d]
Seat 1: kaputnikoff (big blind) folded on the River
Seat 2: ClairvoyantX (button) (small blind) collected ($17.64)


PokerStars Hand #147106048537:  Hold'em Limit ($3/$6 USD) - 2016/01/15 18:23:17 ET
Table 'Menkent' 2-max Seat #1 is the button
Seat 1: kaputnikoff ($155.55 in chips)
Seat 2: ClairvoyantX ($64.28 in chips)
kaputnikoff: posts small blind $1
ClairvoyantX: posts big blind $3
*** HOLE CARDS ***
kaputnikoff: raises $3 to $6
ClairvoyantX: folds
Uncalled bet ($3) returned to kaputnikoff
kaputnikoff collected $6 from pot
kaputnikoff: doesn't show hand
*** SUMMARY ***
Total pot $6 | Rake $0
Seat 1: kaputnikoff (button) (small blind) collected ($6)
Seat 2: ClairvoyantX (big blind) folded before Flop


