PokerStars Hand #157839672932:  Hold'em Limit ($3/$6 USD) - 2016/08/28 7:37:29 ET
Table 'Mensa II' 6-max Seat #1 is the button
Seat 1: AllanW ($120 in chips)
Seat 4: VolkovDmitri ($120 in chips)
AllanW: posts small blind $1
VolkovDmitri: posts big blind $3
*** HOLE CARDS ***
AllanW: raises $3 to $6
AllanW said, "ur such a boss dmitry"
AllanW said, " those 3 dollars"
VolkovDmitri: raises $3 to $9
AllanW: calls $3
*** FLOP *** [8c 5c Qc]
VolkovDmitri: bets $3
AllanW: calls $3
*** TURN *** [8c 5c Qc] [3c]
VolkovDmitri: bets $6
AllanW: calls $6
*** RIVER *** [8c 5c Qc 3c] [Ah]
VolkovDmitri: bets $6
AllanW: calls $6
*** SHOW DOWN ***
VolkovDmitri: shows [8d Ac] (a flush, Ace high)
AllanW: mucks hand
VolkovDmitri collected $47.50 from pot
*** SUMMARY ***
Total pot $48 | Rake $0.50
Board [8c 5c Qc 3c Ah]
Seat 1: AllanW (button) (small blind) mucked
Seat 4: VolkovDmitri (big blind) showed [8d Ac] and won ($47.50) with a flush, Ace high


PokerStars Hand #157839734060:  Hold'em Limit ($3/$6 USD) - 2016/08/28 7:39:39 ET
Table 'Mensa II' 6-max Seat #4 is the button
Seat 1: AllanW ($96 in chips)
Seat 4: VolkovDmitri ($143.50 in chips)
VolkovDmitri: posts small blind $1
AllanW: posts big blind $3
*** HOLE CARDS ***
VolkovDmitri: raises $3 to $6
AllanW: raises $3 to $9
AllanW said, "lets add one 30/60 too smitry"
VolkovDmitri: calls $3
*** FLOP *** [6d Td Qh]
AllanW: bets $3
VolkovDmitri: raises $3 to $6
AllanW: calls $3
*** TURN *** [6d Td Qh] [Kd]
AllanW: bets $6
VolkovDmitri: calls $6
*** RIVER *** [6d Td Qh Kd] [As]
AllanW: bets $6
VolkovDmitri: folds
Uncalled bet ($6) returned to AllanW
AllanW collected $41.50 from pot
AllanW: doesn't show hand
*** SUMMARY ***
Total pot $42 | Rake $0.50
Board [6d Td Qh Kd As]
Seat 1: AllanW (big blind) collected ($41.50)
Seat 4: VolkovDmitri (button) (small blind) folded on the River


PokerStars Hand #157839823862:  Hold'em Limit ($3/$6 USD) - 2016/08/28 7:42:48 ET
Table 'Mensa II' 6-max Seat #1 is the button
Seat 1: AllanW ($116.50 in chips)
Seat 4: VolkovDmitri ($122.50 in chips)
AllanW: posts small blind $1
VolkovDmitri: posts big blind $3
*** HOLE CARDS ***
AllanW: raises $3 to $6
Swe_OlssoN joins the table at seat #3
VolkovDmitri: calls $3
*** FLOP *** [7c Td Ac]
VolkovDmitri: checks
AllanW: bets $3
VolkovDmitri: folds
Uncalled bet ($3) returned to AllanW
AllanW collected $11.76 from pot
AllanW: doesn't show hand
*** SUMMARY ***
Total pot $12 | Rake $0.24
Board [7c Td Ac]
Seat 1: AllanW (button) (small blind) collected ($11.76)
Seat 4: VolkovDmitri (big blind) folded on the Flop


PokerStars Hand #157839845915:  Hold'em Limit ($3/$6 USD) - 2016/08/28 7:43:35 ET
Table 'Mensa II' 6-max Seat #4 is the button
Seat 1: AllanW ($122.26 in chips)
Seat 4: VolkovDmitri ($120 in chips)
VolkovDmitri: posts small blind $1
AllanW: posts big blind $3
*** HOLE CARDS ***
VolkovDmitri: raises $3 to $6
AllanW: calls $3
*** FLOP *** [As Ks 9h]
AllanW: checks
VolkovDmitri: bets $3
AllanW: raises $3 to $6
VolkovDmitri: calls $3
*** TURN *** [As Ks 9h] [8c]
AllanW: checks
VolkovDmitri: checks
*** RIVER *** [As Ks 9h 8c] [9s]
AllanW: bets $6
VolkovDmitri: calls $6
*** SHOW DOWN ***
AllanW: shows [8s Ad] (two pair, Aces and Nines)
VolkovDmitri: mucks hand
AllanW collected $35.50 from pot
*** SUMMARY ***
Total pot $36 | Rake $0.50
Board [As Ks 9h 8c 9s]
Seat 1: AllanW (big blind) showed [8s Ad] and won ($35.50) with two pair, Aces and Nines
Seat 4: VolkovDmitri (button) (small blind) mucked


PokerStars Hand #157840254199:  Hold'em Limit ($3/$6 USD) - 2016/08/28 7:58:20 ET
Table 'Mensa II' 6-max Seat #4 is the button
Seat 2: SALZHERZ ($94.08 in chips)
Seat 4: VolkovDmitri ($193.63 in chips)
VolkovDmitri: posts small blind $1
SALZHERZ: posts big blind $3
*** HOLE CARDS ***
VolkovDmitri: raises $3 to $6
SALZHERZ: calls $3
*** FLOP *** [Jc 8c 9s]
msivokho joins the table at seat #3
SALZHERZ: checks
VolkovDmitri: checks
*** TURN *** [Jc 8c 9s] [Ts]
SALZHERZ: checks
VolkovDmitri: bets $6
SALZHERZ: folds
Uncalled bet ($6) returned to VolkovDmitri
VolkovDmitri collected $11.76 from pot
VolkovDmitri: doesn't show hand
*** SUMMARY ***
Total pot $12 | Rake $0.24
Board [Jc 8c 9s Ts]
Seat 2: SALZHERZ (big blind) folded on the Turn
Seat 4: VolkovDmitri (button) (small blind) collected ($11.76)


PokerStars Hand #157840247898:  Hold'em Limit ($3/$6 USD) - 2016/08/28 7:58:05 ET
Table 'Mensa II' 6-max Seat #2 is the button
Seat 2: SALZHERZ ($76.58 in chips)
Seat 4: VolkovDmitri ($211.63 in chips)
SALZHERZ: posts small blind $1
veterankwu: is sitting out
VolkovDmitri: posts big blind $3
*** HOLE CARDS ***
SALZHERZ: raises $3 to $6
veterankwu leaves the table
VolkovDmitri: calls $3
*** FLOP *** [5h 9d 7s]
VolkovDmitri: checks
SALZHERZ: checks
*** TURN *** [5h 9d 7s] [4h]
VolkovDmitri: bets $6
SALZHERZ: calls $6
*** RIVER *** [5h 9d 7s 4h] [4c]
VolkovDmitri: bets $6
SALZHERZ: calls $6
*** SHOW DOWN ***
VolkovDmitri: shows [Td 8s] (a pair of Fours)
SALZHERZ: shows [3s Ks] (a pair of Fours - King kicker)
SALZHERZ collected $35.50 from pot
*** SUMMARY ***
Total pot $36 | Rake $0.50
Board [5h 9d 7s 4h 4c]
Seat 2: SALZHERZ (button) (small blind) showed [3s Ks] and won ($35.50) with a pair of Fours
Seat 4: VolkovDmitri (big blind) showed [Td 8s] and lost with a pair of Fours


PokerStars Hand #157842856410:  Hold'em Limit ($3/$6 USD) - 2016/08/28 9:22:03 ET
Table 'Mensa II' 6-max Seat #1 is the button
Seat 1: Bedard ($119.25 in chips)
Seat 4: CrongCrong ($131.46 in chips)
Bedard: posts small blind $1
CrongCrong: posts big blind $3
*** HOLE CARDS ***
Bedard: raises $3 to $6
CrongCrong: folds
Uncalled bet ($3) returned to Bedard
Bedard collected $6 from pot
Bedard: doesn't show hand
*** SUMMARY ***
Total pot $6 | Rake $0
Seat 1: Bedard (button) (small blind) collected ($6)
Seat 4: CrongCrong (big blind) folded before Flop


