PokerStars Hand #145459797531:  Hold'em Limit ($3/$6 USD) - 2015/12/16 19:15:56 ET
Table 'Mensa' 2-max Seat #1 is the button
Seat 1: toroza ($119.75 in chips)
Seat 2: Pandakey ($119.75 in chips)
toroza: posts small blind $1
Pandakey: posts big blind $3
*** HOLE CARDS ***
toroza: raises $3 to $6
Pandakey: folds
Uncalled bet ($3) returned to toroza
toroza collected $6 from pot
toroza: doesn't show hand
*** SUMMARY ***
Total pot $6 | Rake $0
Seat 1: toroza (button) (small blind) collected ($6)
Seat 2: Pandakey (big blind) folded before Flop


PokerStars Hand #145459809711:  Hold'em Limit ($3/$6 USD) - 2015/12/16 19:16:15 ET
Table 'Mensa' 2-max Seat #2 is the button
Seat 1: toroza ($122.75 in chips)
Seat 2: Pandakey ($116.75 in chips)
Pandakey: posts small blind $1
toroza: posts big blind $3
*** HOLE CARDS ***
Pandakey: raises $3 to $6
toroza: calls $3
*** FLOP *** [Js Kd 6c]
toroza: checks
Pandakey: bets $3
toroza: calls $3
*** TURN *** [Js Kd 6c] [6d]
toroza: checks
Pandakey: bets $6
toroza: raises $6 to $12
Pandakey: calls $6
*** RIVER *** [Js Kd 6c 6d] [7d]
toroza: bets $6
Pandakey: calls $6
*** SHOW DOWN ***
toroza: shows [9h 6s] (three of a kind, Sixes)
Pandakey: mucks hand
toroza collected $53.50 from pot
*** SUMMARY ***
Total pot $54 | Rake $0.50
Board [Js Kd 6c 6d 7d]
Seat 1: toroza (big blind) showed [9h 6s] and won ($53.50) with three of a kind, Sixes
Seat 2: Pandakey (button) (small blind) mucked


PokerStars Hand #145459826151:  Hold'em Limit ($3/$6 USD) - 2015/12/16 19:16:41 ET
Table 'Mensa' 2-max Seat #1 is the button
Seat 1: toroza ($149.25 in chips)
Seat 2: Pandakey ($89.75 in chips)
toroza: posts small blind $1
Pandakey: posts big blind $3
*** HOLE CARDS ***
toroza: raises $3 to $6
Pandakey: raises $3 to $9
toroza: calls $3
*** FLOP *** [6d Ad 3h]
Pandakey: bets $3
toroza: folds
Uncalled bet ($3) returned to Pandakey
Pandakey collected $17.64 from pot
Pandakey: doesn't show hand
*** SUMMARY ***
Total pot $18 | Rake $0.36
Board [6d Ad 3h]
Seat 1: toroza (button) (small blind) folded on the Flop
Seat 2: Pandakey (big blind) collected ($17.64)


PokerStars Hand #145459836812:  Hold'em Limit ($3/$6 USD) - 2015/12/16 19:16:58 ET
Table 'Mensa' 2-max Seat #2 is the button
Seat 1: toroza ($140.25 in chips)
Seat 2: Pandakey ($98.39 in chips)
Pandakey: posts small blind $1
toroza: posts big blind $3
*** HOLE CARDS ***
Pandakey: folds
Uncalled bet ($2) returned to toroza
toroza collected $2 from pot
toroza: doesn't show hand
*** SUMMARY ***
Total pot $2 | Rake $0
Seat 1: toroza (big blind) collected ($2)
Seat 2: Pandakey (button) (small blind) folded before Flop


PokerStars Hand #145459845832:  Hold'em Limit ($3/$6 USD) - 2015/12/16 19:17:13 ET
Table 'Mensa' 2-max Seat #1 is the button
Seat 1: toroza ($141.25 in chips)
Seat 2: Pandakey ($97.39 in chips)
toroza: posts small blind $1
Pandakey: posts big blind $3
*** HOLE CARDS ***
toroza: raises $3 to $6
Pandakey: folds
Uncalled bet ($3) returned to toroza
toroza collected $6 from pot
toroza: doesn't show hand
*** SUMMARY ***
Total pot $6 | Rake $0
Seat 1: toroza (button) (small blind) collected ($6)
Seat 2: Pandakey (big blind) folded before Flop


PokerStars Hand #145459852880:  Hold'em Limit ($3/$6 USD) - 2015/12/16 19:17:23 ET
Table 'Mensa' 2-max Seat #2 is the button
Seat 1: toroza ($144.25 in chips)
Seat 2: Pandakey ($94.39 in chips)
Pandakey: posts small blind $1
toroza: posts big blind $3
*** HOLE CARDS ***
Pandakey: raises $3 to $6
toroza: calls $3
*** FLOP *** [6c 8c Ts]
toroza: checks
Pandakey: checks
*** TURN *** [6c 8c Ts] [6h]
toroza: checks
Pandakey: checks
*** RIVER *** [6c 8c Ts 6h] [8h]
toroza: bets $6
Pandakey: calls $6
*** SHOW DOWN ***
toroza: shows [5c Ah] (two pair, Eights and Sixes)
Pandakey: mucks hand
toroza collected $23.52 from pot
*** SUMMARY ***
Total pot $24 | Rake $0.48
Board [6c 8c Ts 6h 8h]
Seat 1: toroza (big blind) showed [5c Ah] and won ($23.52) with two pair, Eights and Sixes
Seat 2: Pandakey (button) (small blind) mucked


PokerStars Hand #145459870160:  Hold'em Limit ($3/$6 USD) - 2015/12/16 19:17:51 ET
Table 'Mensa' 2-max Seat #1 is the button
Seat 1: toroza ($155.77 in chips)
Seat 2: Pandakey ($82.39 in chips)
toroza: posts small blind $1
Pandakey: posts big blind $3
*** HOLE CARDS ***
toroza: raises $3 to $6
Pandakey: calls $3
*** FLOP *** [3d 7h 2d]
Pandakey: checks
toroza: bets $3
Pandakey: folds
Uncalled bet ($3) returned to toroza
toroza collected $11.76 from pot
toroza: doesn't show hand
*** SUMMARY ***
Total pot $12 | Rake $0.24
Board [3d 7h 2d]
Seat 1: toroza (button) (small blind) collected ($11.76)
Seat 2: Pandakey (big blind) folded on the Flop


PokerStars Hand #145459881328:  Hold'em Limit ($3/$6 USD) - 2015/12/16 19:18:09 ET
Table 'Mensa' 2-max Seat #2 is the button
Seat 1: toroza ($161.53 in chips)
Seat 2: Pandakey ($76.39 in chips)
Pandakey: posts small blind $1
toroza: posts big blind $3
*** HOLE CARDS ***
Pandakey: raises $3 to $6
toroza: calls $3
*** FLOP *** [2h Qs As]
toroza: checks
Pandakey: bets $3
toroza: raises $3 to $6
Pandakey: calls $3
*** TURN *** [2h Qs As] [5s]
toroza: bets $6
Pandakey: calls $6
*** RIVER *** [2h Qs As 5s] [8h]
toroza: bets $6
Pandakey: calls $6
*** SHOW DOWN ***
toroza: shows [Ks Ts] (a flush, Ace high)
Pandakey: mucks hand
toroza collected $47.50 from pot
*** SUMMARY ***
Total pot $48 | Rake $0.50
Board [2h Qs As 5s 8h]
Seat 1: toroza (big blind) showed [Ks Ts] and won ($47.50) with a flush, Ace high
Seat 2: Pandakey (button) (small blind) mucked


PokerStars Hand #145459898934:  Hold'em Limit ($3/$6 USD) - 2015/12/16 19:18:37 ET
Table 'Mensa' 2-max Seat #1 is the button
Seat 1: toroza ($185.03 in chips)
Seat 2: Pandakey ($52.39 in chips)
toroza: posts small blind $1
Pandakey: posts big blind $3
*** HOLE CARDS ***
toroza: raises $3 to $6
Pandakey: calls $3
*** FLOP *** [4c Th 5d]
Pandakey: checks
toroza: bets $3
Pandakey: calls $3
*** TURN *** [4c Th 5d] [Ac]
Pandakey: checks
toroza: bets $6
Pandakey: folds
Uncalled bet ($6) returned to toroza
toroza collected $17.64 from pot
toroza: doesn't show hand
*** SUMMARY ***
Total pot $18 | Rake $0.36
Board [4c Th 5d Ac]
Seat 1: toroza (button) (small blind) collected ($17.64)
Seat 2: Pandakey (big blind) folded on the Turn


PokerStars Hand #145459911634:  Hold'em Limit ($3/$6 USD) - 2015/12/16 19:18:57 ET
Table 'Mensa' 2-max Seat #2 is the button
Seat 1: toroza ($193.67 in chips)
Seat 2: Pandakey ($43.39 in chips)
Pandakey: posts small blind $1
toroza: posts big blind $3
*** HOLE CARDS ***
Pandakey: raises $3 to $6
toroza: calls $3
*** FLOP *** [2d Qd 8c]
toroza: checks
Pandakey: bets $3
toroza: calls $3
*** TURN *** [2d Qd 8c] [8s]
toroza: checks
Pandakey: checks
*** RIVER *** [2d Qd 8c 8s] [2c]
toroza: bets $6
Pandakey: folds
Uncalled bet ($6) returned to toroza
toroza collected $17.64 from pot
toroza: doesn't show hand
*** SUMMARY ***
Total pot $18 | Rake $0.36
Board [2d Qd 8c 8s 2c]
Seat 1: toroza (big blind) collected ($17.64)
Seat 2: Pandakey (button) (small blind) folded on the River


PokerStars Hand #145459941592:  Hold'em Limit ($3/$6 USD) - 2015/12/16 19:19:45 ET
Table 'Mensa' 2-max Seat #1 is the button
Seat 1: toroza ($202.31 in chips)
Seat 2: Pandakey ($34.39 in chips)
toroza: posts small blind $1
Pandakey: posts big blind $3
*** HOLE CARDS ***
toroza: raises $3 to $6
Pandakey: raises $3 to $9
toroza: calls $3
*** FLOP *** [8s 4h Kc]
Pandakey: bets $3
toroza: calls $3
*** TURN *** [8s 4h Kc] [2d]
Pandakey: bets $6
toroza: calls $6
*** RIVER *** [8s 4h Kc 2d] [7s]
Pandakey: bets $6
toroza: calls $6
*** SHOW DOWN ***
Pandakey: shows [Kh As] (a pair of Kings)
toroza: mucks hand
Pandakey collected $47.50 from pot
*** SUMMARY ***
Total pot $48 | Rake $0.50
Board [8s 4h Kc 2d 7s]
Seat 1: toroza (button) (small blind) mucked
Seat 2: Pandakey (big blind) showed [Kh As] and won ($47.50) with a pair of Kings


PokerStars Hand #145459956030:  Hold'em Limit ($3/$6 USD) - 2015/12/16 19:20:08 ET
Table 'Mensa' 2-max Seat #2 is the button
Seat 1: toroza ($178.31 in chips)
Seat 2: Pandakey ($57.89 in chips)
Pandakey: posts small blind $1
toroza: posts big blind $3
*** HOLE CARDS ***
Pandakey: raises $3 to $6
toroza: calls $3
*** FLOP *** [3c Kh Jd]
toroza: checks
Pandakey: bets $3
toroza: folds
Uncalled bet ($3) returned to Pandakey
Pandakey collected $11.76 from pot
Pandakey: doesn't show hand
*** SUMMARY ***
Total pot $12 | Rake $0.24
Board [3c Kh Jd]
Seat 1: toroza (big blind) folded on the Flop
Seat 2: Pandakey (button) (small blind) collected ($11.76)


PokerStars Hand #145459962381:  Hold'em Limit ($3/$6 USD) - 2015/12/16 19:20:18 ET
Table 'Mensa' 2-max Seat #1 is the button
Seat 1: toroza ($172.31 in chips)
Seat 2: Pandakey ($63.65 in chips)
toroza: posts small blind $1
Pandakey: posts big blind $3
*** HOLE CARDS ***
toroza: raises $3 to $6
Pandakey: calls $3
*** FLOP *** [6c Kc 5s]
Pandakey: checks
toroza: bets $3
Pandakey: raises $3 to $6
toroza: calls $3
*** TURN *** [6c Kc 5s] [Qd]
Pandakey: bets $6
toroza: calls $6
*** RIVER *** [6c Kc 5s Qd] [8c]
Pandakey: bets $6
toroza: folds
Uncalled bet ($6) returned to Pandakey
Pandakey collected $35.50 from pot
Pandakey: doesn't show hand
*** SUMMARY ***
Total pot $36 | Rake $0.50
Board [6c Kc 5s Qd 8c]
Seat 1: toroza (button) (small blind) folded on the River
Seat 2: Pandakey (big blind) collected ($35.50)


PokerStars Hand #145459975623:  Hold'em Limit ($3/$6 USD) - 2015/12/16 19:20:39 ET
Table 'Mensa' 2-max Seat #2 is the button
Seat 1: toroza ($154.31 in chips)
Seat 2: Pandakey ($81.15 in chips)
Pandakey: posts small blind $1
toroza: posts big blind $3
*** HOLE CARDS ***
Pandakey: folds
Uncalled bet ($2) returned to toroza
toroza collected $2 from pot
toroza: doesn't show hand
*** SUMMARY ***
Total pot $2 | Rake $0
Seat 1: toroza (big blind) collected ($2)
Seat 2: Pandakey (button) (small blind) folded before Flop


PokerStars Hand #145459978446:  Hold'em Limit ($3/$6 USD) - 2015/12/16 19:20:44 ET
Table 'Mensa' 2-max Seat #1 is the button
Seat 1: toroza ($155.31 in chips)
Seat 2: Pandakey ($80.15 in chips)
toroza: posts small blind $1
Pandakey: posts big blind $3
*** HOLE CARDS ***
toroza: raises $3 to $6
Pandakey: calls $3
*** FLOP *** [2d 6s 3c]
Pandakey: checks
toroza: bets $3
Pandakey: calls $3
*** TURN *** [2d 6s 3c] [Ac]
Pandakey: bets $6
toroza: raises $6 to $12
Pandakey: folds
Uncalled bet ($6) returned to toroza
toroza collected $29.50 from pot
toroza: doesn't show hand
*** SUMMARY ***
Total pot $30 | Rake $0.50
Board [2d 6s 3c Ac]
Seat 1: toroza (button) (small blind) collected ($29.50)
Seat 2: Pandakey (big blind) folded on the Turn


PokerStars Hand #145460027450:  Hold'em Limit ($3/$6 USD) - 2015/12/16 19:22:04 ET
Table 'Mensa' 2-max Seat #1 is the button
Seat 1: toroza ($178.45 in chips)
Seat 2: Pandakey ($56.15 in chips)
toroza: posts small blind $1
Pandakey: posts big blind $3
*** HOLE CARDS ***
toroza: raises $3 to $6
Pandakey: calls $3
*** FLOP *** [9h 6c Th]
Pandakey: checks
toroza: checks
*** TURN *** [9h 6c Th] [9d]
Pandakey: bets $6
toroza: folds
Uncalled bet ($6) returned to Pandakey
Pandakey collected $11.76 from pot
Pandakey: doesn't show hand
*** SUMMARY ***
Total pot $12 | Rake $0.24
Board [9h 6c Th 9d]
Seat 1: toroza (button) (small blind) folded on the Turn
Seat 2: Pandakey (big blind) collected ($11.76)


PokerStars Hand #145460005931:  Hold'em Limit ($3/$6 USD) - 2015/12/16 19:21:28 ET
Table 'Mensa' 2-max Seat #2 is the button
Seat 1: toroza ($169.81 in chips)
Seat 2: Pandakey ($65.15 in chips)
Pandakey: posts small blind $1
toroza: posts big blind $3
*** HOLE CARDS ***
Pandakey: raises $3 to $6
toroza: calls $3
*** FLOP *** [Jc Qd Ac]
toroza: checks
Pandakey: bets $3
toroza: raises $3 to $6
Pandakey: folds
Uncalled bet ($3) returned to toroza
toroza collected $17.64 from pot
toroza: doesn't show hand
*** SUMMARY ***
Total pot $18 | Rake $0.36
Board [Jc Qd Ac]
Seat 1: toroza (big blind) collected ($17.64)
Seat 2: Pandakey (button) (small blind) folded on the Flop


PokerStars Hand #145460061957:  Hold'em Limit ($3/$6 USD) - 2015/12/16 19:23:00 ET
Table 'Mensa' 2-max Seat #1 is the button
Seat 1: toroza ($186.71 in chips)
Seat 2: Pandakey ($46.55 in chips)
toroza: posts small blind $1
Pandakey: posts big blind $3
*** HOLE CARDS ***
toroza: raises $3 to $6
Pandakey: raises $3 to $9
toroza: calls $3
*** FLOP *** [8d 7c 4s]
Pandakey: bets $3
toroza: calls $3
*** TURN *** [8d 7c 4s] [Qh]
Pandakey: bets $6
toroza: raises $6 to $12
Pandakey: raises $6 to $18
toroza: calls $6
*** RIVER *** [8d 7c 4s Qh] [Jc]
Pandakey: bets $6
toroza: calls $6
*** SHOW DOWN ***
Pandakey: shows [Qs 7s] (two pair, Queens and Sevens)
toroza: mucks hand
Pandakey collected $71.50 from pot
*** SUMMARY ***
Total pot $72 | Rake $0.50
Board [8d 7c 4s Qh Jc]
Seat 1: toroza (button) (small blind) mucked
Seat 2: Pandakey (big blind) showed [Qs 7s] and won ($71.50) with two pair, Queens and Sevens


PokerStars Hand #145460055461:  Hold'em Limit ($3/$6 USD) - 2015/12/16 19:22:49 ET
Table 'Mensa' 2-max Seat #2 is the button
Seat 1: toroza ($180.95 in chips)
Seat 2: Pandakey ($52.55 in chips)
Pandakey: posts small blind $1
toroza: posts big blind $3
*** HOLE CARDS ***
Pandakey: raises $3 to $6
toroza: calls $3
*** FLOP *** [Kh 7d 6c]
toroza: checks
Pandakey: checks
*** TURN *** [Kh 7d 6c] [6d]
toroza: bets $6
Pandakey: folds
Uncalled bet ($6) returned to toroza
toroza collected $11.76 from pot
toroza: doesn't show hand
*** SUMMARY ***
Total pot $12 | Rake $0.24
Board [Kh 7d 6c 6d]
Seat 1: toroza (big blind) collected ($11.76)
Seat 2: Pandakey (button) (small blind) folded on the Turn


PokerStars Hand #145460048436:  Hold'em Limit ($3/$6 USD) - 2015/12/16 19:22:37 ET
Table 'Mensa' 2-max Seat #1 is the button
Seat 1: toroza ($189.95 in chips)
Seat 2: Pandakey ($43.91 in chips)
toroza: posts small blind $1
Pandakey: posts big blind $3
*** HOLE CARDS ***
toroza: raises $3 to $6
Pandakey: raises $3 to $9
toroza: calls $3
*** FLOP *** [9h Kh 7d]
Pandakey: bets $3
toroza: folds
Uncalled bet ($3) returned to Pandakey
Pandakey collected $17.64 from pot
Pandakey: doesn't show hand
*** SUMMARY ***
Total pot $18 | Rake $0.36
Board [9h Kh 7d]
Seat 1: toroza (button) (small blind) folded on the Flop
Seat 2: Pandakey (big blind) collected ($17.64)


PokerStars Hand #145460036877:  Hold'em Limit ($3/$6 USD) - 2015/12/16 19:22:19 ET
Table 'Mensa' 2-max Seat #2 is the button
Seat 1: toroza ($172.45 in chips)
Seat 2: Pandakey ($61.91 in chips)
Pandakey: posts small blind $1
toroza: posts big blind $3
*** HOLE CARDS ***
Pandakey: raises $3 to $6
toroza: calls $3
*** FLOP *** [3h 8h 8c]
toroza: checks
Pandakey: checks
*** TURN *** [3h 8h 8c] [7d]
toroza: bets $6
Pandakey: raises $6 to $12
toroza: raises $6 to $18
Pandakey: folds
Uncalled bet ($6) returned to toroza
toroza collected $35.50 from pot
toroza: doesn't show hand
*** SUMMARY ***
Total pot $36 | Rake $0.50
Board [3h 8h 8c 7d]
Seat 1: toroza (big blind) collected ($35.50)
Seat 2: Pandakey (button) (small blind) folded on the Turn


PokerStars Hand #145460088809:  Hold'em Limit ($3/$6 USD) - 2015/12/16 19:23:44 ET
Table 'Mensa' 2-max Seat #2 is the button
Seat 1: toroza ($162.35 in chips)
Seat 2: Pandakey ($70.05 in chips)
Pandakey: posts small blind $1
toroza: posts big blind $3
*** HOLE CARDS ***
Pandakey: raises $3 to $6
toroza: calls $3
*** FLOP *** [7c 9c 8s]
toroza: checks
Pandakey: checks
*** TURN *** [7c 9c 8s] [As]
toroza: bets $6
Pandakey: raises $6 to $12
toroza: calls $6
*** RIVER *** [7c 9c 8s As] [Ad]
toroza: checks
Pandakey: bets $6
toroza: folds
Uncalled bet ($6) returned to Pandakey
Pandakey collected $35.50 from pot
Pandakey: doesn't show hand
*** SUMMARY ***
Total pot $36 | Rake $0.50
Board [7c 9c 8s As Ad]
Seat 1: toroza (big blind) folded on the River
Seat 2: Pandakey (button) (small blind) collected ($35.50)


PokerStars Hand #145460082241:  Hold'em Limit ($3/$6 USD) - 2015/12/16 19:23:33 ET
Table 'Mensa' 2-max Seat #1 is the button
Seat 1: toroza ($159.35 in chips)
Seat 2: Pandakey ($73.05 in chips)
toroza: posts small blind $1
Pandakey: posts big blind $3
*** HOLE CARDS ***
toroza: raises $3 to $6
Pandakey: folds
Uncalled bet ($3) returned to toroza
toroza collected $6 from pot
toroza: doesn't show hand
*** SUMMARY ***
Total pot $6 | Rake $0
Seat 1: toroza (button) (small blind) collected ($6)
Seat 2: Pandakey (big blind) folded before Flop


PokerStars Hand #145460075623:  Hold'em Limit ($3/$6 USD) - 2015/12/16 19:23:22 ET
Table 'Mensa' 2-max Seat #2 is the button
Seat 1: toroza ($150.71 in chips)
Seat 2: Pandakey ($82.05 in chips)
Pandakey: posts small blind $1
toroza: posts big blind $3
*** HOLE CARDS ***
Pandakey: raises $3 to $6
toroza: raises $3 to $9
Pandakey: calls $3
*** FLOP *** [Jc Qs 8s]
toroza: bets $3
Pandakey: folds
Uncalled bet ($3) returned to toroza
toroza collected $17.64 from pot
toroza: doesn't show hand
*** SUMMARY ***
Total pot $18 | Rake $0.36
Board [Jc Qs 8s]
Seat 1: toroza (big blind) collected ($17.64)
Seat 2: Pandakey (button) (small blind) folded on the Flop


PokerStars Hand #145460133921:  Hold'em Limit ($3/$6 USD) - 2015/12/16 19:24:57 ET
Table 'Mensa' 2-max Seat #2 is the button
Seat 1: toroza ($137.99 in chips)
Seat 2: Pandakey ($92.95 in chips)
Pandakey: posts small blind $1
toroza: posts big blind $3
*** HOLE CARDS ***
Pandakey: raises $3 to $6
toroza: calls $3
*** FLOP *** [7c 2s Kd]
toroza: checks
Pandakey: bets $3
toroza: raises $3 to $6
Pandakey: calls $3
*** TURN *** [7c 2s Kd] [Ks]
toroza: bets $6
Pandakey: calls $6
*** RIVER *** [7c 2s Kd Ks] [5c]
toroza: bets $6
Pandakey: calls $6
*** SHOW DOWN ***
toroza: shows [4c 2d] (two pair, Kings and Deuces)
Pandakey: shows [7s As] (two pair, Kings and Sevens)
Pandakey collected $47.50 from pot
*** SUMMARY ***
Total pot $48 | Rake $0.50
Board [7c 2s Kd Ks 5c]
Seat 1: toroza (big blind) showed [4c 2d] and lost with two pair, Kings and Deuces
Seat 2: Pandakey (button) (small blind) showed [7s As] and won ($47.50) with two pair, Kings and Sevens


PokerStars Hand #145460123361:  Hold'em Limit ($3/$6 USD) - 2015/12/16 19:24:40 ET
Table 'Mensa' 2-max Seat #1 is the button
Seat 1: toroza ($143.99 in chips)
Seat 2: Pandakey ($87.19 in chips)
toroza: posts small blind $1
Pandakey: posts big blind $3
*** HOLE CARDS ***
toroza: raises $3 to $6
Pandakey: calls $3
*** FLOP *** [Kc 6h Tc]
Pandakey: checks
toroza: checks
*** TURN *** [Kc 6h Tc] [Qs]
Pandakey: checks
toroza: checks
*** RIVER *** [Kc 6h Tc Qs] [2s]
Pandakey: bets $6
toroza: folds
Uncalled bet ($6) returned to Pandakey
Pandakey collected $11.76 from pot
Pandakey: doesn't show hand
*** SUMMARY ***
Total pot $12 | Rake $0.24
Board [Kc 6h Tc Qs 2s]
Seat 1: toroza (button) (small blind) folded on the River
Seat 2: Pandakey (big blind) collected ($11.76)


PokerStars Hand #145460116157:  Hold'em Limit ($3/$6 USD) - 2015/12/16 19:24:28 ET
Table 'Mensa' 2-max Seat #2 is the button
Seat 1: toroza ($135.35 in chips)
Seat 2: Pandakey ($96.19 in chips)
Pandakey: posts small blind $1
toroza: posts big blind $3
*** HOLE CARDS ***
Pandakey: raises $3 to $6
toroza: calls $3
*** FLOP *** [Jd 5h 8s]
toroza: checks
Pandakey: bets $3
toroza: raises $3 to $6
Pandakey: folds
Uncalled bet ($3) returned to toroza
toroza collected $17.64 from pot
toroza: doesn't show hand
*** SUMMARY ***
Total pot $18 | Rake $0.36
Board [Jd 5h 8s]
Seat 1: toroza (big blind) collected ($17.64)
Seat 2: Pandakey (button) (small blind) folded on the Flop


PokerStars Hand #145460108642:  Hold'em Limit ($3/$6 USD) - 2015/12/16 19:24:16 ET
Table 'Mensa' 2-max Seat #1 is the button
Seat 1: toroza ($144.35 in chips)
Seat 2: Pandakey ($87.55 in chips)
toroza: posts small blind $1
Pandakey: posts big blind $3
*** HOLE CARDS ***
toroza: raises $3 to $6
Pandakey: raises $3 to $9
toroza: calls $3
*** FLOP *** [3d Ac Jd]
Pandakey: bets $3
toroza: folds
Uncalled bet ($3) returned to Pandakey
Pandakey collected $17.64 from pot
Pandakey: doesn't show hand
*** SUMMARY ***
Total pot $18 | Rake $0.36
Board [3d Ac Jd]
Seat 1: toroza (button) (small blind) folded on the Flop
Seat 2: Pandakey (big blind) collected ($17.64)


PokerStars Hand #145460148421:  Hold'em Limit ($3/$6 USD) - 2015/12/16 19:25:21 ET
Table 'Mensa' 2-max Seat #1 is the button
Seat 1: toroza ($113.99 in chips)
Seat 2: Pandakey ($116.45 in chips)
toroza: posts small blind $1
Pandakey: posts big blind $3
*** HOLE CARDS ***
toroza: raises $3 to $6
Pandakey: calls $3
*** FLOP *** [8c Th Qd]
Pandakey: checks
toroza: checks
*** TURN *** [8c Th Qd] [4c]
Pandakey: bets $6
toroza: calls $6
*** RIVER *** [8c Th Qd 4c] [Qs]
Pandakey: checks
toroza: checks
*** SHOW DOWN ***
Pandakey: shows [6d Jc] (a pair of Queens)
toroza: shows [Js 6s] (a pair of Queens)
Pandakey collected $11.76 from pot
toroza collected $11.76 from pot
*** SUMMARY ***
Total pot $24 | Rake $0.48
Board [8c Th Qd 4c Qs]
Seat 1: toroza (button) (small blind) showed [Js 6s] and won ($11.76) with a pair of Queens
Seat 2: Pandakey (big blind) showed [6d Jc] and won ($11.76) with a pair of Queens


PokerStars Hand #145460204039:  Hold'em Limit ($3/$6 USD) - 2015/12/16 19:26:53 ET
Table 'Mensa' 2-max Seat #1 is the button
Seat 1: toroza ($131.25 in chips)
Seat 2: Pandakey ($98.21 in chips)
toroza: posts small blind $1
Pandakey: posts big blind $3
*** HOLE CARDS ***
toroza: raises $3 to $6
Pandakey: calls $3
*** FLOP *** [Ts 5c Qh]
Pandakey: checks
toroza: checks
*** TURN *** [Ts 5c Qh] [9s]
Pandakey: bets $6
toroza: calls $6
*** RIVER *** [Ts 5c Qh 9s] [4h]
Pandakey: bets $6
toroza: calls $6
*** SHOW DOWN ***
Pandakey: shows [7c Qs] (a pair of Queens)
toroza: mucks hand
Pandakey collected $35.50 from pot
*** SUMMARY ***
Total pot $36 | Rake $0.50
Board [Ts 5c Qh 9s 4h]
Seat 1: toroza (button) (small blind) mucked
Seat 2: Pandakey (big blind) showed [7c Qs] and won ($35.50) with a pair of Queens


PokerStars Hand #145460159209:  Hold'em Limit ($3/$6 USD) - 2015/12/16 19:25:39 ET
Table 'Mensa' 2-max Seat #2 is the button
Seat 1: toroza ($113.75 in chips)
Seat 2: Pandakey ($116.21 in chips)
Pandakey: posts small blind $1
toroza: posts big blind $3
*** HOLE CARDS ***
Pandakey: raises $3 to $6
toroza: calls $3
*** FLOP *** [7h Td 6d]
toroza: checks
Pandakey: checks
*** TURN *** [7h Td 6d] [Jh]
toroza: bets $6
Pandakey: calls $6
*** RIVER *** [7h Td 6d Jh] [8s]
toroza: bets $6
Pandakey: calls $6
*** SHOW DOWN ***
toroza: shows [Ad Ts] (a pair of Tens)
Pandakey: mucks hand
toroza collected $35.50 from pot
*** SUMMARY ***
Total pot $36 | Rake $0.50
Board [7h Td 6d Jh 8s]
Seat 1: toroza (big blind) showed [Ad Ts] and won ($35.50) with a pair of Tens
Seat 2: Pandakey (button) (small blind) mucked


PokerStars Hand #145460225634:  Hold'em Limit ($3/$6 USD) - 2015/12/16 19:27:29 ET
Table 'Mensa' 2-max Seat #1 is the button
Seat 1: toroza ($107.25 in chips)
Seat 2: Pandakey ($121.47 in chips)
toroza: posts small blind $1
Pandakey: posts big blind $3
*** HOLE CARDS ***
toroza: raises $3 to $6
Pandakey: calls $3
*** FLOP *** [Ah 8d 8s]
Pandakey: checks
toroza: bets $3
Pandakey: raises $3 to $6
toroza: calls $3
*** TURN *** [Ah 8d 8s] [5h]
Pandakey: bets $6
toroza: calls $6
*** RIVER *** [Ah 8d 8s 5h] [7d]
Pandakey: bets $6
toroza: raises $6 to $12
Pandakey: calls $6
*** SHOW DOWN ***
toroza: shows [3s Kd] (a pair of Eights)
Pandakey: shows [Qd 8c] (three of a kind, Eights)
Pandakey collected $59.50 from pot
*** SUMMARY ***
Total pot $60 | Rake $0.50
Board [Ah 8d 8s 5h 7d]
Seat 1: toroza (button) (small blind) showed [3s Kd] and lost with a pair of Eights
Seat 2: Pandakey (big blind) showed [Qd 8c] and won ($59.50) with three of a kind, Eights


PokerStars Hand #145460217166:  Hold'em Limit ($3/$6 USD) - 2015/12/16 19:27:15 ET
Table 'Mensa' 2-max Seat #2 is the button
Seat 1: toroza ($113.25 in chips)
Seat 2: Pandakey ($115.71 in chips)
Pandakey: posts small blind $1
toroza: posts big blind $3
*** HOLE CARDS ***
Pandakey: raises $3 to $6
toroza: calls $3
*** FLOP *** [Ah Kd Qh]
toroza: checks
Pandakey: bets $3
toroza: folds
Uncalled bet ($3) returned to Pandakey
Pandakey collected $11.76 from pot
Pandakey: doesn't show hand
*** SUMMARY ***
Total pot $12 | Rake $0.24
Board [Ah Kd Qh]
Seat 1: toroza (big blind) folded on the Flop
Seat 2: Pandakey (button) (small blind) collected ($11.76)


PokerStars Hand #145460262539:  Hold'em Limit ($3/$6 USD) - 2015/12/16 19:28:30 ET
Table 'Mensa' 2-max Seat #1 is the button
Seat 1: toroza ($59.25 in chips)
Seat 2: Pandakey ($168.47 in chips)
toroza: posts small blind $1
Pandakey: posts big blind $3
*** HOLE CARDS ***
toroza: raises $3 to $6
Pandakey: calls $3
*** FLOP *** [Qc 4c 8c]
Pandakey: checks
toroza: checks
*** TURN *** [Qc 4c 8c] [7h]
Pandakey: checks
toroza: checks
*** RIVER *** [Qc 4c 8c 7h] [3d]
Pandakey: checks
toroza: bets $6
Pandakey: calls $6
*** SHOW DOWN ***
toroza: shows [3h Kd] (a pair of Threes)
Pandakey: mucks hand
toroza collected $23.52 from pot
*** SUMMARY ***
Total pot $24 | Rake $0.48
Board [Qc 4c 8c 7h 3d]
Seat 1: toroza (button) (small blind) showed [3h Kd] and won ($23.52) with a pair of Threes
Seat 2: Pandakey (big blind) mucked


PokerStars Hand #145460247972:  Hold'em Limit ($3/$6 USD) - 2015/12/16 19:28:06 ET
Table 'Mensa' 2-max Seat #2 is the button
Seat 1: toroza ($77.25 in chips)
Seat 2: Pandakey ($150.97 in chips)
Pandakey: posts small blind $1
toroza: posts big blind $3
*** HOLE CARDS ***
Pandakey: raises $3 to $6
toroza: calls $3
*** FLOP *** [Qh Kh 6c]
toroza: checks
Pandakey: checks
*** TURN *** [Qh Kh 6c] [3c]
toroza: checks
Pandakey: bets $6
toroza: calls $6
*** RIVER *** [Qh Kh 6c 3c] [8c]
toroza: checks
Pandakey: bets $6
toroza: calls $6
*** SHOW DOWN ***
Pandakey: shows [3d Ks] (two pair, Kings and Threes)
toroza: mucks hand
Pandakey collected $35.50 from pot
*** SUMMARY ***
Total pot $36 | Rake $0.50
Board [Qh Kh 6c 3c 8c]
Seat 1: toroza (big blind) mucked
Seat 2: Pandakey (button) (small blind) showed [3d Ks] and won ($35.50) with two pair, Kings and Threes


PokerStars Hand #145460322012:  Hold'em Limit ($3/$6 USD) - 2015/12/16 19:30:08 ET
Table 'Mensa' 2-max Seat #1 is the button
Seat 1: toroza ($53.53 in chips)
Seat 2: Pandakey ($172.97 in chips)
toroza: posts small blind $1
Pandakey: posts big blind $3
*** HOLE CARDS ***
toroza: raises $3 to $6
Pandakey: calls $3
*** FLOP *** [8c 8s 3h]
Pandakey: checks
toroza: bets $3
Pandakey: folds
Uncalled bet ($3) returned to toroza
toroza collected $11.76 from pot
toroza: doesn't show hand
*** SUMMARY ***
Total pot $12 | Rake $0.24
Board [8c 8s 3h]
Seat 1: toroza (button) (small blind) collected ($11.76)
Seat 2: Pandakey (big blind) folded on the Flop


PokerStars Hand #145460317959:  Hold'em Limit ($3/$6 USD) - 2015/12/16 19:30:01 ET
Table 'Mensa' 2-max Seat #2 is the button
Seat 1: toroza ($52.53 in chips)
Seat 2: Pandakey ($173.97 in chips)
Pandakey: posts small blind $1
toroza: posts big blind $3
*** HOLE CARDS ***
Pandakey: folds
Uncalled bet ($2) returned to toroza
toroza collected $2 from pot
toroza: doesn't show hand
*** SUMMARY ***
Total pot $2 | Rake $0
Seat 1: toroza (big blind) collected ($2)
Seat 2: Pandakey (button) (small blind) folded before Flop


PokerStars Hand #145460297816:  Hold'em Limit ($3/$6 USD) - 2015/12/16 19:29:28 ET
Table 'Mensa' 2-max Seat #1 is the button
Seat 1: toroza ($76.53 in chips)
Seat 2: Pandakey ($150.47 in chips)
toroza: posts small blind $1
Pandakey: posts big blind $3
*** HOLE CARDS ***
toroza: raises $3 to $6
Pandakey: calls $3
*** FLOP *** [Jh Jd 2h]
Pandakey: checks
toroza: bets $3
Pandakey: raises $3 to $6
toroza: calls $3
*** TURN *** [Jh Jd 2h] [Ac]
Pandakey: bets $6
toroza: calls $6
*** RIVER *** [Jh Jd 2h Ac] [Qd]
Pandakey: checks
toroza: bets $6
Pandakey: calls $6
*** SHOW DOWN ***
toroza: shows [9h 9c] (two pair, Jacks and Nines)
Pandakey: shows [3h Qh] (two pair, Queens and Jacks)
Pandakey collected $47.50 from pot
*** SUMMARY ***
Total pot $48 | Rake $0.50
Board [Jh Jd 2h Ac Qd]
Seat 1: toroza (button) (small blind) showed [9h 9c] and lost with two pair, Jacks and Nines
Seat 2: Pandakey (big blind) showed [3h Qh] and won ($47.50) with two pair, Queens and Jacks


PokerStars Hand #145460275143:  Hold'em Limit ($3/$6 USD) - 2015/12/16 19:28:51 ET
Table 'Mensa' 2-max Seat #2 is the button
Seat 1: toroza ($70.77 in chips)
Seat 2: Pandakey ($156.47 in chips)
Pandakey: posts small blind $1
toroza: posts big blind $3
*** HOLE CARDS ***
Pandakey: raises $3 to $6
toroza: calls $3
*** FLOP *** [8h Js Qc]
toroza: checks
Pandakey: checks
*** TURN *** [8h Js Qc] [Jc]
toroza: bets $6
Pandakey: folds
Uncalled bet ($6) returned to toroza
toroza collected $11.76 from pot
toroza: doesn't show hand
*** SUMMARY ***
Total pot $12 | Rake $0.24
Board [8h Js Qc Jc]
Seat 1: toroza (big blind) collected ($11.76)
Seat 2: Pandakey (button) (small blind) folded on the Turn


PokerStars Hand #145460344168:  Hold'em Limit ($3/$6 USD) - 2015/12/16 19:30:45 ET
Table 'Mensa' 2-max Seat #1 is the button
Seat 1: toroza ($53.29 in chips)
Seat 2: Pandakey ($172.73 in chips)
toroza: posts small blind $1
Pandakey: posts big blind $3
*** HOLE CARDS ***
toroza: raises $3 to $6
Pandakey: raises $3 to $9
toroza: calls $3
*** FLOP *** [Qs 5h 3d]
Pandakey: bets $3
toroza: calls $3
*** TURN *** [Qs 5h 3d] [7c]
Pandakey: checks
toroza: checks
*** RIVER *** [Qs 5h 3d 7c] [Kd]
Pandakey: bets $6
toroza: calls $6
*** SHOW DOWN ***
Pandakey: shows [As Ts] (high card Ace)
toroza: shows [Ks 9s] (a pair of Kings)
toroza collected $35.50 from pot
*** SUMMARY ***
Total pot $36 | Rake $0.50
Board [Qs 5h 3d 7c Kd]
Seat 1: toroza (button) (small blind) showed [Ks 9s] and won ($35.50) with a pair of Kings
Seat 2: Pandakey (big blind) showed [As Ts] and lost with high card Ace


PokerStars Hand #145460330907:  Hold'em Limit ($3/$6 USD) - 2015/12/16 19:30:22 ET
Table 'Mensa' 2-max Seat #2 is the button
Seat 1: toroza ($59.29 in chips)
Seat 2: Pandakey ($166.97 in chips)
Pandakey: posts small blind $1
toroza: posts big blind $3
*** HOLE CARDS ***
Pandakey: raises $3 to $6
toroza: calls $3
*** FLOP *** [Ad Ts 6c]
toroza: checks
Pandakey: bets $3
toroza: folds
Uncalled bet ($3) returned to Pandakey
Pandakey collected $11.76 from pot
Pandakey: doesn't show hand
*** SUMMARY ***
Total pot $12 | Rake $0.24
Board [Ad Ts 6c]
Seat 1: toroza (big blind) folded on the Flop
Seat 2: Pandakey (button) (small blind) collected ($11.76)


PokerStars Hand #145460388273:  Hold'em Limit ($3/$6 USD) - 2015/12/16 19:31:58 ET
Table 'Mensa' 2-max Seat #2 is the button
Seat 1: toroza ($40.79 in chips)
Seat 2: Pandakey ($183.75 in chips)
Pandakey: posts small blind $1
toroza: posts big blind $3
*** HOLE CARDS ***
Pandakey: folds
Uncalled bet ($2) returned to toroza
toroza collected $2 from pot
toroza: doesn't show hand
*** SUMMARY ***
Total pot $2 | Rake $0
Seat 1: toroza (big blind) collected ($2)
Seat 2: Pandakey (button) (small blind) folded before Flop


PokerStars Hand #145460373788:  Hold'em Limit ($3/$6 USD) - 2015/12/16 19:31:34 ET
Table 'Mensa' 2-max Seat #1 is the button
Seat 1: toroza ($58.79 in chips)
Seat 2: Pandakey ($166.25 in chips)
toroza: posts small blind $1
Pandakey: posts big blind $3
*** HOLE CARDS ***
toroza: raises $3 to $6
Pandakey: raises $3 to $9
toroza: calls $3
*** FLOP *** [3d 6d Td]
Pandakey: bets $3
toroza: calls $3
*** TURN *** [3d 6d Td] [Ks]
Pandakey: bets $6
toroza: calls $6
*** RIVER *** [3d 6d Td Ks] [As]
Pandakey: checks
toroza: checks
*** SHOW DOWN ***
Pandakey: shows [Ts Qs] (a pair of Tens)
toroza: mucks hand
Pandakey collected $35.50 from pot
*** SUMMARY ***
Total pot $36 | Rake $0.50
Board [3d 6d Td Ks As]
Seat 1: toroza (button) (small blind) mucked
Seat 2: Pandakey (big blind) showed [Ts Qs] and won ($35.50) with a pair of Tens


PokerStars Hand #145460358972:  Hold'em Limit ($3/$6 USD) - 2015/12/16 19:31:09 ET
Table 'Mensa' 2-max Seat #2 is the button
Seat 1: toroza ($70.79 in chips)
Seat 2: Pandakey ($154.73 in chips)
Pandakey: posts small blind $1
toroza: posts big blind $3
*** HOLE CARDS ***
Pandakey: raises $3 to $6
toroza: calls $3
*** FLOP *** [Qh 6h 9h]
toroza: checks
Pandakey: bets $3
toroza: raises $3 to $6
Pandakey: raises $3 to $9
toroza: folds
Uncalled bet ($3) returned to Pandakey
Pandakey collected $23.52 from pot
Pandakey: doesn't show hand
*** SUMMARY ***
Total pot $24 | Rake $0.48
Board [Qh 6h 9h]
Seat 1: toroza (big blind) folded on the Flop
Seat 2: Pandakey (button) (small blind) collected ($23.52)


PokerStars Hand #145460427172:  Hold'em Limit ($3/$6 USD) - 2015/12/16 19:33:03 ET
Table 'Mensa' 2-max Seat #2 is the button
Seat 1: toroza ($57.19 in chips)
Seat 2: Pandakey ($166.75 in chips)
Pandakey: posts small blind $1
toroza: posts big blind $3
*** HOLE CARDS ***
Pandakey: raises $3 to $6
toroza: calls $3
*** FLOP *** [Kc 7s 3d]
toroza: checks
Pandakey: bets $3
toroza: calls $3
*** TURN *** [Kc 7s 3d] [Kd]
toroza: checks
Pandakey: bets $6
toroza: calls $6
*** RIVER *** [Kc 7s 3d Kd] [8s]
toroza: checks
Pandakey: bets $6
toroza: calls $6
*** SHOW DOWN ***
Pandakey: shows [7d 7c] (a full house, Sevens full of Kings)
toroza: mucks hand
Pandakey collected $41.50 from pot
*** SUMMARY ***
Total pot $42 | Rake $0.50
Board [Kc 7s 3d Kd 8s]
Seat 1: toroza (big blind) mucked
Seat 2: Pandakey (button) (small blind) showed [7d 7c] and won ($41.50) with a full house, Sevens full of Kings


PokerStars Hand #145460419425:  Hold'em Limit ($3/$6 USD) - 2015/12/16 19:32:50 ET
Table 'Mensa' 2-max Seat #1 is the button
Seat 1: toroza ($48.55 in chips)
Seat 2: Pandakey ($175.75 in chips)
toroza: posts small blind $1
Pandakey: posts big blind $3
*** HOLE CARDS ***
toroza: raises $3 to $6
Pandakey: calls $3
*** FLOP *** [Ts 6h 2d]
Pandakey: bets $3
toroza: raises $3 to $6
Pandakey: folds
Uncalled bet ($3) returned to toroza
toroza collected $17.64 from pot
toroza: doesn't show hand
*** SUMMARY ***
Total pot $18 | Rake $0.36
Board [Ts 6h 2d]
Seat 1: toroza (button) (small blind) collected ($17.64)
Seat 2: Pandakey (big blind) folded on the Flop


PokerStars Hand #145460412358:  Hold'em Limit ($3/$6 USD) - 2015/12/16 19:32:38 ET
Table 'Mensa' 2-max Seat #2 is the button
Seat 1: toroza ($47.55 in chips)
Seat 2: Pandakey ($176.75 in chips)
Pandakey: posts small blind $1
toroza: posts big blind $3
*** HOLE CARDS ***
Pandakey: folds
Uncalled bet ($2) returned to toroza
toroza collected $2 from pot
toroza: doesn't show hand
*** SUMMARY ***
Total pot $2 | Rake $0
Seat 1: toroza (big blind) collected ($2)
Seat 2: Pandakey (button) (small blind) folded before Flop


PokerStars Hand #145460396795:  Hold'em Limit ($3/$6 USD) - 2015/12/16 19:32:12 ET
Table 'Mensa' 2-max Seat #1 is the button
Seat 1: toroza ($41.79 in chips)
Seat 2: Pandakey ($182.75 in chips)
toroza: posts small blind $1
Pandakey: posts big blind $3
*** HOLE CARDS ***
toroza: raises $3 to $6
Pandakey: calls $3
*** FLOP *** [8s Jh 3s]
Pandakey: checks
toroza: bets $3
Pandakey: folds
Uncalled bet ($3) returned to toroza
toroza collected $11.76 from pot
toroza: doesn't show hand
*** SUMMARY ***
Total pot $12 | Rake $0.24
Board [8s Jh 3s]
Seat 1: toroza (button) (small blind) collected ($11.76)
Seat 2: Pandakey (big blind) folded on the Flop


PokerStars Hand #145460464922:  Hold'em Limit ($3/$6 USD) - 2015/12/16 19:34:06 ET
Table 'Mensa' 2-max Seat #2 is the button
Seat 1: toroza ($25.88 in chips)
Seat 2: Pandakey ($196.56 in chips)
Pandakey: posts small blind $1
toroza: posts big blind $3
*** HOLE CARDS ***
Pandakey: raises $3 to $6
toroza: calls $3
*** FLOP *** [2s 8s 6s]
toroza: checks
Pandakey: bets $3
toroza: calls $3
*** TURN *** [2s 8s 6s] [Ks]
toroza: checks
Pandakey: bets $6
toroza: raises $6 to $12
Pandakey: raises $6 to $18
toroza: folds
Uncalled bet ($6) returned to Pandakey
Pandakey collected $41.50 from pot
Pandakey: doesn't show hand
*** SUMMARY ***
Total pot $42 | Rake $0.50
Board [2s 8s 6s Ks]
Seat 1: toroza (big blind) folded on the Turn
Seat 2: Pandakey (button) (small blind) collected ($41.50)


PokerStars Hand #145460455213:  Hold'em Limit ($3/$6 USD) - 2015/12/16 19:33:50 ET
Table 'Mensa' 2-max Seat #1 is the button
Seat 1: toroza ($13.19 in chips)
Seat 2: Pandakey ($209.75 in chips)
toroza: posts small blind $1
Pandakey: posts big blind $3
*** HOLE CARDS ***
toroza: raises $3 to $6
Pandakey: calls $3
*** FLOP *** [2d 8h Ac]
Pandakey: checks
toroza: bets $3
Pandakey: raises $3 to $6
toroza: raises $1.19 to $7.19 and is all-in
Pandakey: calls $1.19
*** TURN *** [2d 8h Ac] [Js]
*** RIVER *** [2d 8h Ac Js] [6d]
*** SHOW DOWN ***
Pandakey: shows [2h Kc] (a pair of Deuces)
toroza: shows [Ah Tc] (a pair of Aces)
toroza collected $25.88 from pot
*** SUMMARY ***
Total pot $26.38 | Rake $0.50
Board [2d 8h Ac Js 6d]
Seat 1: toroza (button) (small blind) showed [Ah Tc] and won ($25.88) with a pair of Aces
Seat 2: Pandakey (big blind) showed [2h Kc] and lost with a pair of Deuces


PokerStars Hand #145460452478:  Hold'em Limit ($3/$6 USD) - 2015/12/16 19:33:45 ET
Table 'Mensa' 2-max Seat #2 is the button
Seat 1: toroza ($12.19 in chips)
Seat 2: Pandakey ($210.75 in chips)
Pandakey: posts small blind $1
toroza: posts big blind $3
*** HOLE CARDS ***
Pandakey: folds
Uncalled bet ($2) returned to toroza
toroza collected $2 from pot
toroza: doesn't show hand
*** SUMMARY ***
Total pot $2 | Rake $0
Seat 1: toroza (big blind) collected ($2)
Seat 2: Pandakey (button) (small blind) folded before Flop


PokerStars Hand #145460441175:  Hold'em Limit ($3/$6 USD) - 2015/12/16 19:33:26 ET
Table 'Mensa' 2-max Seat #1 is the button
Seat 1: toroza ($36.19 in chips)
Seat 2: Pandakey ($187.25 in chips)
toroza: posts small blind $1
Pandakey: posts big blind $3
*** HOLE CARDS ***
toroza: raises $3 to $6
Pandakey: calls $3
*** FLOP *** [7h 2c 7c]
Pandakey: bets $3
toroza: raises $3 to $6
Pandakey: calls $3
*** TURN *** [7h 2c 7c] [As]
Pandakey: checks
toroza: bets $6
Pandakey: calls $6
*** RIVER *** [7h 2c 7c As] [8h]
Pandakey: checks
toroza: bets $6
Pandakey: calls $6
*** SHOW DOWN ***
toroza: shows [Jh 3c] (a pair of Sevens)
Pandakey: shows [9s 2s] (two pair, Sevens and Deuces)
Pandakey collected $47.50 from pot
*** SUMMARY ***
Total pot $48 | Rake $0.50
Board [7h 2c 7c As 8h]
Seat 1: toroza (button) (small blind) showed [Jh 3c] and lost with a pair of Sevens
Seat 2: Pandakey (big blind) showed [9s 2s] and won ($47.50) with two pair, Sevens and Deuces


PokerStars Hand #145460509640:  Hold'em Limit ($3/$6 USD) - 2015/12/16 19:35:21 ET
Table 'Mensa' 2-max Seat #2 is the button
Seat 1: toroza ($106.80 in chips)
Seat 2: Pandakey ($214.82 in chips)
Pandakey: posts small blind $1
toroza: posts big blind $3
*** HOLE CARDS ***
Pandakey: folds
Uncalled bet ($2) returned to toroza
toroza collected $2 from pot
toroza: doesn't show hand
*** SUMMARY ***
Total pot $2 | Rake $0
Seat 1: toroza (big blind) collected ($2)
Seat 2: Pandakey (button) (small blind) folded before Flop


PokerStars Hand #145460502846:  Hold'em Limit ($3/$6 USD) - 2015/12/16 19:35:09 ET
Table 'Mensa' 2-max Seat #1 is the button
Seat 1: toroza ($101.04 in chips)
Seat 2: Pandakey ($220.82 in chips)
toroza: posts small blind $1
Pandakey: posts big blind $3
*** HOLE CARDS ***
toroza: raises $3 to $6
Pandakey: calls $3
*** FLOP *** [2c 7d Ad]
Pandakey: checks
toroza: bets $3
Pandakey: folds
Uncalled bet ($3) returned to toroza
toroza collected $11.76 from pot
toroza: doesn't show hand
*** SUMMARY ***
Total pot $12 | Rake $0.24
Board [2c 7d Ad]
Seat 1: toroza (button) (small blind) collected ($11.76)
Seat 2: Pandakey (big blind) folded on the Flop


PokerStars Hand #145460484680:  Hold'em Limit ($3/$6 USD) - 2015/12/16 19:34:39 ET
Table 'Mensa' 2-max Seat #2 is the button
Seat 1: toroza ($110.04 in chips)
Seat 2: Pandakey ($212.18 in chips)
Pandakey: posts small blind $1
toroza: posts big blind $3
*** HOLE CARDS ***
Pandakey: raises $3 to $6
toroza: calls $3
*** FLOP *** [8c Tc Qd]
toroza: checks
Pandakey: bets $3
toroza: calls $3
*** TURN *** [8c Tc Qd] [8s]
toroza: checks
Pandakey: bets $6
toroza: folds
Uncalled bet ($6) returned to Pandakey
Pandakey collected $17.64 from pot
Pandakey: doesn't show hand
*** SUMMARY ***
Total pot $18 | Rake $0.36
Board [8c Tc Qd 8s]
Seat 1: toroza (big blind) folded on the Turn
Seat 2: Pandakey (button) (small blind) collected ($17.64)


PokerStars Hand #145460476737:  Hold'em Limit ($3/$6 USD) - 2015/12/16 19:34:26 ET
Table 'Mensa' 2-max Seat #1 is the button
Seat 1: toroza ($4.88 in chips)
Seat 2: Pandakey ($217.06 in chips)
toroza: posts small blind $1
Pandakey: posts big blind $3
*** HOLE CARDS ***
toroza: raises $1.88 to $4.88 and is all-in
Pandakey: calls $1.88
*** FLOP *** [2d Kh 5d]
*** TURN *** [2d Kh 5d] [8d]
*** RIVER *** [2d Kh 5d 8d] [Td]
*** SHOW DOWN ***
Pandakey: shows [3c 9c] (high card King)
toroza: shows [Qs 8c] (a pair of Eights)
toroza collected $9.56 from pot
*** SUMMARY ***
Total pot $9.76 | Rake $0.20
Board [2d Kh 5d 8d Td]
Seat 1: toroza (button) (small blind) showed [Qs 8c] and won ($9.56) with a pair of Eights
Seat 2: Pandakey (big blind) showed [3c 9c] and lost with high card King


PokerStars Hand #145460532067:  Hold'em Limit ($3/$6 USD) - 2015/12/16 19:35:59 ET
Table 'Mensa' 2-max Seat #1 is the button
Seat 1: toroza ($122.32 in chips)
Seat 2: Pandakey ($198.82 in chips)
toroza: posts small blind $1
Pandakey: posts big blind $3
*** HOLE CARDS ***
toroza: raises $3 to $6
Pandakey: calls $3
*** FLOP *** [8h Ah Kd]
Pandakey: checks
toroza: checks
*** TURN *** [8h Ah Kd] [7s]
Pandakey: checks
toroza: bets $6
Pandakey: folds
Uncalled bet ($6) returned to toroza
toroza collected $11.76 from pot
toroza: doesn't show hand
*** SUMMARY ***
Total pot $12 | Rake $0.24
Board [8h Ah Kd 7s]
Seat 1: toroza (button) (small blind) collected ($11.76)
Seat 2: Pandakey (big blind) folded on the Turn


PokerStars Hand #145460521175:  Hold'em Limit ($3/$6 USD) - 2015/12/16 19:35:40 ET
Table 'Mensa' 2-max Seat #2 is the button
Seat 1: toroza ($110.80 in chips)
Seat 2: Pandakey ($210.82 in chips)
Pandakey: posts small blind $1
toroza: posts big blind $3
*** HOLE CARDS ***
Pandakey: raises $3 to $6
toroza: calls $3
*** FLOP *** [9c 6c 8h]
toroza: checks
Pandakey: checks
*** TURN *** [9c 6c 8h] [Kh]
toroza: checks
Pandakey: checks
*** RIVER *** [9c 6c 8h Kh] [5h]
toroza: bets $6
Pandakey: calls $6
*** SHOW DOWN ***
toroza: shows [8c 5d] (two pair, Eights and Fives)
Pandakey: mucks hand
toroza collected $23.52 from pot
*** SUMMARY ***
Total pot $24 | Rake $0.48
Board [9c 6c 8h Kh 5h]
Seat 1: toroza (big blind) showed [8c 5d] and won ($23.52) with two pair, Eights and Fives
Seat 2: Pandakey (button) (small blind) mucked


PokerStars Hand #145460513576:  Hold'em Limit ($3/$6 USD) - 2015/12/16 19:35:28 ET
Table 'Mensa' 2-max Seat #1 is the button
Seat 1: toroza ($107.80 in chips)
Seat 2: Pandakey ($213.82 in chips)
toroza: posts small blind $1
Pandakey: posts big blind $3
*** HOLE CARDS ***
toroza: raises $3 to $6
Pandakey: folds
Uncalled bet ($3) returned to toroza
toroza collected $6 from pot
toroza: doesn't show hand
*** SUMMARY ***
Total pot $6 | Rake $0
Seat 1: toroza (button) (small blind) collected ($6)
Seat 2: Pandakey (big blind) folded before Flop


PokerStars Hand #145460540618:  Hold'em Limit ($3/$6 USD) - 2015/12/16 19:36:13 ET
Table 'Mensa' 2-max Seat #2 is the button
Seat 1: toroza ($128.08 in chips)
Seat 2: Pandakey ($192.82 in chips)
Pandakey: posts small blind $1
toroza: posts big blind $3
*** HOLE CARDS ***
Pandakey: raises $3 to $6
toroza: calls $3
*** FLOP *** [2c Qc 9h]
toroza: checks
Pandakey: bets $3
toroza: calls $3
*** TURN *** [2c Qc 9h] [Ts]
toroza: checks
Pandakey: checks
*** RIVER *** [2c Qc 9h Ts] [5d]
toroza: checks
Pandakey: bets $6
toroza: calls $6
*** SHOW DOWN ***
Pandakey: shows [Jc 9d] (a pair of Nines)
toroza: mucks hand
Pandakey collected $29.50 from pot
*** SUMMARY ***
Total pot $30 | Rake $0.50
Board [2c Qc 9h Ts 5d]
Seat 1: toroza (big blind) mucked
Seat 2: Pandakey (button) (small blind) showed [Jc 9d] and won ($29.50) with a pair of Nines


PokerStars Hand #145460559308:  Hold'em Limit ($3/$6 USD) - 2015/12/16 19:36:45 ET
Table 'Mensa' 2-max Seat #2 is the button
Seat 1: toroza ($107.08 in chips)
Seat 2: Pandakey ($213.08 in chips)
Pandakey: posts small blind $1
toroza: posts big blind $3
*** HOLE CARDS ***
Pandakey: raises $3 to $6
toroza: calls $3
*** FLOP *** [5d 8h 6c]
toroza: checks
Pandakey: bets $3
toroza: raises $3 to $6
Pandakey: calls $3
*** TURN *** [5d 8h 6c] [8d]
toroza: bets $6
Pandakey: raises $6 to $12
toroza: calls $6
*** RIVER *** [5d 8h 6c 8d] [3s]
toroza: checks
Pandakey: bets $6
toroza: raises $6 to $12
Pandakey: raises $6 to $18
toroza: folds
Uncalled bet ($6) returned to Pandakey
Pandakey collected $71.50 from pot
Pandakey: doesn't show hand
*** SUMMARY ***
Total pot $72 | Rake $0.50
Board [5d 8h 6c 8d 3s]
Seat 1: toroza (big blind) folded on the River
Seat 2: Pandakey (button) (small blind) collected ($71.50)


PokerStars Hand #145460606745:  Hold'em Limit ($3/$6 USD) - 2015/12/16 19:38:06 ET
Table 'Mensa' 2-max Seat #1 is the button
Seat 1: toroza ($46.84 in chips)
Seat 2: Pandakey ($272.08 in chips)
toroza: posts small blind $1
Pandakey: posts big blind $3
*** HOLE CARDS ***
toroza: raises $3 to $6
Pandakey: calls $3
*** FLOP *** [5s 9h 9c]
Pandakey: bets $3
toroza: calls $3
*** TURN *** [5s 9h 9c] [Qc]
Pandakey: checks
toroza: checks
*** RIVER *** [5s 9h 9c Qc] [Qd]
Pandakey: checks
toroza: checks
*** SHOW DOWN ***
Pandakey: shows [As 3d] (two pair, Queens and Nines)
toroza: mucks hand
Pandakey collected $17.64 from pot
*** SUMMARY ***
Total pot $18 | Rake $0.36
Board [5s 9h 9c Qc Qd]
Seat 1: toroza (button) (small blind) mucked
Seat 2: Pandakey (big blind) showed [As 3d] and won ($17.64) with two pair, Queens and Nines


PokerStars Hand #145460584449:  Hold'em Limit ($3/$6 USD) - 2015/12/16 19:37:28 ET
Table 'Mensa' 2-max Seat #1 is the button
Seat 1: toroza ($71.08 in chips)
Seat 2: Pandakey ($248.58 in chips)
toroza: posts small blind $1
Pandakey: posts big blind $3
*** HOLE CARDS ***
toroza: raises $3 to $6
Pandakey: calls $3
*** FLOP *** [9d 3s 9s]
Pandakey: checks
toroza: checks
*** TURN *** [9d 3s 9s] [5d]
Pandakey: checks
toroza: checks
*** RIVER *** [9d 3s 9s 5d] [Kd]
Pandakey: checks
toroza: checks
*** SHOW DOWN ***
Pandakey: shows [6c Tc] (a pair of Nines)
toroza: shows [8d Jc] (a pair of Nines - King+Jack kicker)
toroza collected $11.76 from pot
*** SUMMARY ***
Total pot $12 | Rake $0.24
Board [9d 3s 9s 5d Kd]
Seat 1: toroza (button) (small blind) showed [8d Jc] and won ($11.76) with a pair of Nines
Seat 2: Pandakey (big blind) showed [6c Tc] and lost with a pair of Nines


PokerStars Hand #145460592974:  Hold'em Limit ($3/$6 USD) - 2015/12/16 19:37:42 ET
Table 'Mensa' 2-max Seat #2 is the button
Seat 1: toroza ($76.84 in chips)
Seat 2: Pandakey ($242.58 in chips)
Pandakey: posts small blind $1
toroza: posts big blind $3
*** HOLE CARDS ***
Pandakey: raises $3 to $6
toroza: calls $3
*** FLOP *** [9s Jh 3s]
toroza: checks
Pandakey: bets $3
toroza: raises $3 to $6
Pandakey: calls $3
*** TURN *** [9s Jh 3s] [Qs]
toroza: checks
Pandakey: bets $6
toroza: raises $6 to $12
Pandakey: calls $6
*** RIVER *** [9s Jh 3s Qs] [4d]
toroza: bets $6
Pandakey: calls $6
*** SHOW DOWN ***
toroza: shows [Js 3h] (two pair, Jacks and Threes)
Pandakey: shows [Jd 9d] (two pair, Jacks and Nines)
Pandakey collected $59.50 from pot
*** SUMMARY ***
Total pot $60 | Rake $0.50
Board [9s Jh 3s Qs 4d]
Seat 1: toroza (big blind) showed [Js 3h] and lost with two pair, Jacks and Threes
Seat 2: Pandakey (button) (small blind) showed [Jd 9d] and won ($59.50) with two pair, Jacks and Nines


PokerStars Hand #145460616619:  Hold'em Limit ($3/$6 USD) - 2015/12/16 19:38:23 ET
Table 'Mensa' 2-max Seat #2 is the button
Seat 1: toroza ($37.84 in chips)
Seat 2: Pandakey ($280.72 in chips)
Pandakey: posts small blind $1
toroza: posts big blind $3
*** HOLE CARDS ***
Pandakey: raises $3 to $6
toroza: calls $3
*** FLOP *** [6s 9c Ad]
toroza: checks
Pandakey: bets $3
toroza: calls $3
*** TURN *** [6s 9c Ad] [Kh]
toroza: checks
Pandakey: bets $6
toroza: calls $6
*** RIVER *** [6s 9c Ad Kh] [5c]
toroza: checks
Pandakey: bets $6
toroza: calls $6
*** SHOW DOWN ***
Pandakey: shows [As Jd] (a pair of Aces)
toroza: mucks hand
Pandakey collected $41.50 from pot
*** SUMMARY ***
Total pot $42 | Rake $0.50
Board [6s 9c Ad Kh 5c]
Seat 1: toroza (big blind) mucked
Seat 2: Pandakey (button) (small blind) showed [As Jd] and won ($41.50) with a pair of Aces


PokerStars Hand #145460649934:  Hold'em Limit ($3/$6 USD) - 2015/12/16 19:39:21 ET
Table 'Mensa' 2-max Seat #2 is the button
Seat 1: toroza ($60 in chips)
Seat 2: Pandakey ($317.56 in chips)
Pandakey: posts small blind $1
toroza: posts big blind $3
*** HOLE CARDS ***
Pandakey: folds
Uncalled bet ($2) returned to toroza
toroza collected $2 from pot
toroza: doesn't show hand
*** SUMMARY ***
Total pot $2 | Rake $0
Seat 1: toroza (big blind) collected ($2)
Seat 2: Pandakey (button) (small blind) folded before Flop


PokerStars Hand #145460632511:  Hold'em Limit ($3/$6 USD) - 2015/12/16 19:38:51 ET
Table 'Mensa' 2-max Seat #1 is the button
Seat 1: toroza ($16.84 in chips)
Seat 2: Pandakey ($301.22 in chips)
toroza: posts small blind $1
Pandakey: posts big blind $3
*** HOLE CARDS ***
toroza: raises $3 to $6
Pandakey: calls $3
*** FLOP *** [7h Qd Td]
Pandakey: checks
toroza: checks
*** TURN *** [7h Qd Td] [5c]
Pandakey: bets $6
toroza: raises $4.84 to $10.84 and is all-in
Pandakey: calls $4.84
*** RIVER *** [7h Qd Td 5c] [9d]
*** SHOW DOWN ***
Pandakey: shows [7d Jc] (a pair of Sevens)
toroza: shows [5d 4h] (a pair of Fives)
Pandakey collected $33.18 from pot
*** SUMMARY ***
Total pot $33.68 | Rake $0.50
Board [7h Qd Td 5c 9d]
Seat 1: toroza (button) (small blind) showed [5d 4h] and lost with a pair of Fives
Seat 2: Pandakey (big blind) showed [7d Jc] and won ($33.18) with a pair of Sevens


PokerStars Hand #145460653901:  Hold'em Limit ($3/$6 USD) - 2015/12/16 19:39:28 ET
Table 'Mensa' 2-max Seat #1 is the button
Seat 1: toroza ($61 in chips)
Seat 2: Pandakey ($316.56 in chips)
toroza: posts small blind $1
Pandakey: posts big blind $3
*** HOLE CARDS ***
toroza: raises $3 to $6
Pandakey: folds
Uncalled bet ($3) returned to toroza
toroza collected $6 from pot
toroza: doesn't show hand
*** SUMMARY ***
Total pot $6 | Rake $0
Seat 1: toroza (button) (small blind) collected ($6)
Seat 2: Pandakey (big blind) folded before Flop


PokerStars Hand #145460662211:  Hold'em Limit ($3/$6 USD) - 2015/12/16 19:39:42 ET
Table 'Mensa' 2-max Seat #2 is the button
Seat 1: toroza ($64 in chips)
Seat 2: Pandakey ($313.56 in chips)
Pandakey: posts small blind $1
toroza: posts big blind $3
*** HOLE CARDS ***
Pandakey: raises $3 to $6
toroza: calls $3
*** FLOP *** [Ad 9c 4d]
toroza: checks
Pandakey: bets $3
toroza: folds
Uncalled bet ($3) returned to Pandakey
Pandakey collected $11.76 from pot
Pandakey: doesn't show hand
*** SUMMARY ***
Total pot $12 | Rake $0.24
Board [Ad 9c 4d]
Seat 1: toroza (big blind) folded on the Flop
Seat 2: Pandakey (button) (small blind) collected ($11.76)


PokerStars Hand #145460667961:  Hold'em Limit ($3/$6 USD) - 2015/12/16 19:39:52 ET
Table 'Mensa' 2-max Seat #1 is the button
Seat 1: toroza ($58 in chips)
Seat 2: Pandakey ($319.32 in chips)
toroza: posts small blind $1
Pandakey: posts big blind $3
*** HOLE CARDS ***
toroza: raises $3 to $6
Pandakey: calls $3
*** FLOP *** [5c Ad 9d]
Pandakey: bets $3
toroza: raises $3 to $6
Pandakey: raises $3 to $9
toroza: calls $3
*** TURN *** [5c Ad 9d] [8h]
Pandakey: bets $6
toroza: calls $6
*** RIVER *** [5c Ad 9d 8h] [Kd]
Pandakey: bets $6
toroza: raises $6 to $12
Pandakey: calls $6
*** SHOW DOWN ***
toroza: shows [6d 3d] (a flush, Ace high)
Pandakey: mucks hand
toroza collected $65.50 from pot
*** SUMMARY ***
Total pot $66 | Rake $0.50
Board [5c Ad 9d 8h Kd]
Seat 1: toroza (button) (small blind) showed [6d 3d] and won ($65.50) with a flush, Ace high
Seat 2: Pandakey (big blind) mucked


PokerStars Hand #145460682767:  Hold'em Limit ($3/$6 USD) - 2015/12/16 19:40:18 ET
Table 'Mensa' 2-max Seat #2 is the button
Seat 1: toroza ($90.50 in chips)
Seat 2: Pandakey ($286.32 in chips)
Pandakey: posts small blind $1
toroza: posts big blind $3
*** HOLE CARDS ***
Pandakey: folds
Uncalled bet ($2) returned to toroza
toroza collected $2 from pot
toroza: doesn't show hand
*** SUMMARY ***
Total pot $2 | Rake $0
Seat 1: toroza (big blind) collected ($2)
Seat 2: Pandakey (button) (small blind) folded before Flop


PokerStars Hand #145460685451:  Hold'em Limit ($3/$6 USD) - 2015/12/16 19:40:23 ET
Table 'Mensa' 2-max Seat #1 is the button
Seat 1: toroza ($91.50 in chips)
Seat 2: Pandakey ($285.32 in chips)
toroza: posts small blind $1
Pandakey: posts big blind $3
*** HOLE CARDS ***
toroza: raises $3 to $6
Pandakey: raises $3 to $9
toroza: calls $3
*** FLOP *** [7c 3d 6d]
Pandakey: bets $3
toroza: calls $3
*** TURN *** [7c 3d 6d] [2d]
Pandakey: checks
toroza: checks
*** RIVER *** [7c 3d 6d 2d] [Td]
Pandakey: bets $6
toroza: folds
Uncalled bet ($6) returned to Pandakey
Pandakey collected $23.52 from pot
Pandakey: doesn't show hand
*** SUMMARY ***
Total pot $24 | Rake $0.48
Board [7c 3d 6d 2d Td]
Seat 1: toroza (button) (small blind) folded on the River
Seat 2: Pandakey (big blind) collected ($23.52)


PokerStars Hand #145460694797:  Hold'em Limit ($3/$6 USD) - 2015/12/16 19:40:39 ET
Table 'Mensa' 2-max Seat #2 is the button
Seat 1: toroza ($79.50 in chips)
Seat 2: Pandakey ($296.84 in chips)
Pandakey: posts small blind $1
toroza: posts big blind $3
*** HOLE CARDS ***
Pandakey: raises $3 to $6
toroza: calls $3
*** FLOP *** [As Ts 7s]
toroza: checks
Pandakey: bets $3
toroza: raises $3 to $6
Pandakey: calls $3
*** TURN *** [As Ts 7s] [4h]
toroza: bets $6
Pandakey: calls $6
*** RIVER *** [As Ts 7s 4h] [6h]
toroza: bets $6
Pandakey: calls $6
*** SHOW DOWN ***
toroza: shows [7h Ad] (two pair, Aces and Sevens)
Pandakey: mucks hand
toroza collected $47.50 from pot
*** SUMMARY ***
Total pot $48 | Rake $0.50
Board [As Ts 7s 4h 6h]
Seat 1: toroza (big blind) showed [7h Ad] and won ($47.50) with two pair, Aces and Sevens
Seat 2: Pandakey (button) (small blind) mucked


PokerStars Hand #145460704630:  Hold'em Limit ($3/$6 USD) - 2015/12/16 19:40:56 ET
Table 'Mensa' 2-max Seat #1 is the button
Seat 1: toroza ($103 in chips)
Seat 2: Pandakey ($272.84 in chips)
toroza: posts small blind $1
Pandakey: posts big blind $3
*** HOLE CARDS ***
toroza: raises $3 to $6
Pandakey: raises $3 to $9
toroza: calls $3
*** FLOP *** [9h 8d Qd]
Pandakey: bets $3
toroza: calls $3
*** TURN *** [9h 8d Qd] [6s]
Pandakey: checks
toroza: checks
*** RIVER *** [9h 8d Qd 6s] [9s]
Pandakey: bets $6
toroza: calls $6
*** SHOW DOWN ***
Pandakey: shows [4c 4h] (two pair, Nines and Fours)
toroza: shows [6d 5c] (two pair, Nines and Sixes)
toroza collected $35.50 from pot
*** SUMMARY ***
Total pot $36 | Rake $0.50
Board [9h 8d Qd 6s 9s]
Seat 1: toroza (button) (small blind) showed [6d 5c] and won ($35.50) with two pair, Nines and Sixes
Seat 2: Pandakey (big blind) showed [4c 4h] and lost with two pair, Nines and Fours


PokerStars Hand #145460714987:  Hold'em Limit ($3/$6 USD) - 2015/12/16 19:41:14 ET
Table 'Mensa' 2-max Seat #2 is the button
Seat 1: toroza ($120.50 in chips)
Seat 2: Pandakey ($254.84 in chips)
Pandakey: posts small blind $1
toroza: posts big blind $3
*** HOLE CARDS ***
Pandakey: raises $3 to $6
toroza: calls $3
*** FLOP *** [Kc Ks 3c]
toroza: checks
Pandakey: bets $3
toroza: raises $3 to $6
Pandakey: calls $3
*** TURN *** [Kc Ks 3c] [9h]
toroza: checks
Pandakey: bets $6
toroza: calls $6
*** RIVER *** [Kc Ks 3c 9h] [2c]
toroza: checks
Pandakey: bets $6
toroza: calls $6
*** SHOW DOWN ***
Pandakey: shows [6d Kd] (three of a kind, Kings)
toroza: mucks hand
Pandakey collected $47.50 from pot
*** SUMMARY ***
Total pot $48 | Rake $0.50
Board [Kc Ks 3c 9h 2c]
Seat 1: toroza (big blind) mucked
Seat 2: Pandakey (button) (small blind) showed [6d Kd] and won ($47.50) with three of a kind, Kings


PokerStars Hand #145460728891:  Hold'em Limit ($3/$6 USD) - 2015/12/16 19:41:38 ET
Table 'Mensa' 2-max Seat #1 is the button
Seat 1: toroza ($96.50 in chips)
Seat 2: Pandakey ($278.34 in chips)
toroza: posts small blind $1
Pandakey: posts big blind $3
*** HOLE CARDS ***
toroza: raises $3 to $6
Pandakey: raises $3 to $9
toroza: calls $3
*** FLOP *** [9c Ac 8d]
Pandakey: bets $3
toroza: folds
Uncalled bet ($3) returned to Pandakey
Pandakey collected $17.64 from pot
Pandakey: doesn't show hand
*** SUMMARY ***
Total pot $18 | Rake $0.36
Board [9c Ac 8d]
Seat 1: toroza (button) (small blind) folded on the Flop
Seat 2: Pandakey (big blind) collected ($17.64)


PokerStars Hand #145460736403:  Hold'em Limit ($3/$6 USD) - 2015/12/16 19:41:52 ET
Table 'Mensa' 2-max Seat #2 is the button
Seat 1: toroza ($87.50 in chips)
Seat 2: Pandakey ($286.98 in chips)
Pandakey: posts small blind $1
toroza: posts big blind $3
*** HOLE CARDS ***
Pandakey: raises $3 to $6
toroza: calls $3
*** FLOP *** [6h Ks 3h]
toroza: checks
Pandakey: checks
*** TURN *** [6h Ks 3h] [8c]
toroza: checks
Pandakey: bets $6
toroza: calls $6
*** RIVER *** [6h Ks 3h 8c] [8h]
toroza: checks
Pandakey: bets $6
toroza: calls $6
*** SHOW DOWN ***
Pandakey: shows [8d Jd] (three of a kind, Eights)
toroza: mucks hand
Pandakey collected $35.50 from pot
*** SUMMARY ***
Total pot $36 | Rake $0.50
Board [6h Ks 3h 8c 8h]
Seat 1: toroza (big blind) mucked
Seat 2: Pandakey (button) (small blind) showed [8d Jd] and won ($35.50) with three of a kind, Eights


PokerStars Hand #145460756465:  Hold'em Limit ($3/$6 USD) - 2015/12/16 19:42:26 ET
Table 'Mensa' 2-max Seat #2 is the button
Seat 1: toroza ($57.50 in chips)
Seat 2: Pandakey ($316 in chips)
Pandakey: posts small blind $1
toroza: posts big blind $3
*** HOLE CARDS ***
Pandakey: folds
Uncalled bet ($2) returned to toroza
toroza collected $2 from pot
toroza: doesn't show hand
*** SUMMARY ***
Total pot $2 | Rake $0
Seat 1: toroza (big blind) collected ($2)
Seat 2: Pandakey (button) (small blind) folded before Flop


PokerStars Hand #145460747596:  Hold'em Limit ($3/$6 USD) - 2015/12/16 19:42:11 ET
Table 'Mensa' 2-max Seat #1 is the button
Seat 1: toroza ($69.50 in chips)
Seat 2: Pandakey ($304.48 in chips)
toroza: posts small blind $1
Pandakey: posts big blind $3
*** HOLE CARDS ***
toroza: raises $3 to $6
Pandakey: calls $3
*** FLOP *** [Ad 4d 3c]
Pandakey: checks
toroza: checks
*** TURN *** [Ad 4d 3c] [2c]
Pandakey: checks
toroza: checks
*** RIVER *** [Ad 4d 3c 2c] [9s]
Pandakey: bets $6
toroza: calls $6
*** SHOW DOWN ***
Pandakey: shows [Kh 3h] (a pair of Threes)
toroza: mucks hand
Pandakey collected $23.52 from pot
*** SUMMARY ***
Total pot $24 | Rake $0.48
Board [Ad 4d 3c 2c 9s]
Seat 1: toroza (button) (small blind) mucked
Seat 2: Pandakey (big blind) showed [Kh 3h] and won ($23.52) with a pair of Threes


PokerStars Hand #145460759306:  Hold'em Limit ($3/$6 USD) - 2015/12/16 19:42:31 ET
Table 'Mensa' 2-max Seat #1 is the button
Seat 1: toroza ($58.50 in chips)
Seat 2: Pandakey ($315 in chips)
toroza: posts small blind $1
Pandakey: posts big blind $3
*** HOLE CARDS ***
toroza: raises $3 to $6
Pandakey: calls $3
*** FLOP *** [7s Kh 2s]
Pandakey: bets $3
toroza: raises $3 to $6
Pandakey: raises $3 to $9
toroza: folds
Uncalled bet ($3) returned to Pandakey
Pandakey collected $23.52 from pot
Pandakey: doesn't show hand
*** SUMMARY ***
Total pot $24 | Rake $0.48
Board [7s Kh 2s]
Seat 1: toroza (button) (small blind) folded on the Flop
Seat 2: Pandakey (big blind) collected ($23.52)


PokerStars Hand #145460768975:  Hold'em Limit ($3/$6 USD) - 2015/12/16 19:42:48 ET
Table 'Mensa' 2-max Seat #2 is the button
Seat 1: toroza ($46.50 in chips)
Seat 2: Pandakey ($326.52 in chips)
Pandakey: posts small blind $1
toroza: posts big blind $3
*** HOLE CARDS ***
Pandakey: raises $3 to $6
toroza: calls $3
*** FLOP *** [8s Ks Kc]
toroza: checks
Pandakey: bets $3
toroza: raises $3 to $6
Pandakey: calls $3
*** TURN *** [8s Ks Kc] [2c]
toroza: bets $6
Pandakey: calls $6
*** RIVER *** [8s Ks Kc 2c] [2s]
toroza: bets $6
Pandakey: calls $6
*** SHOW DOWN ***
toroza: shows [2d Qs] (a full house, Deuces full of Kings)
Pandakey: mucks hand
toroza collected $47.50 from pot
*** SUMMARY ***
Total pot $48 | Rake $0.50
Board [8s Ks Kc 2c 2s]
Seat 1: toroza (big blind) showed [2d Qs] and won ($47.50) with a full house, Deuces full of Kings
Seat 2: Pandakey (button) (small blind) mucked


PokerStars Hand #145460779431:  Hold'em Limit ($3/$6 USD) - 2015/12/16 19:43:06 ET
Table 'Mensa' 2-max Seat #1 is the button
Seat 1: toroza ($70 in chips)
Seat 2: Pandakey ($302.52 in chips)
toroza: posts small blind $1
Pandakey: posts big blind $3
*** HOLE CARDS ***
toroza: raises $3 to $6
Pandakey: calls $3
*** FLOP *** [5d 2s Jc]
Pandakey: checks
toroza: bets $3
Pandakey: raises $3 to $6
toroza: calls $3
*** TURN *** [5d 2s Jc] [3c]
Pandakey: bets $6
toroza: calls $6
*** RIVER *** [5d 2s Jc 3c] [6s]
Pandakey: bets $6
toroza: calls $6
*** SHOW DOWN ***
Pandakey: shows [Jd 4d] (a straight, Deuce to Six)
toroza: mucks hand
Pandakey collected $47.50 from pot
*** SUMMARY ***
Total pot $48 | Rake $0.50
Board [5d 2s Jc 3c 6s]
Seat 1: toroza (button) (small blind) mucked
Seat 2: Pandakey (big blind) showed [Jd 4d] and won ($47.50) with a straight, Deuce to Six


PokerStars Hand #145460796318:  Hold'em Limit ($3/$6 USD) - 2015/12/16 19:43:35 ET
Table 'Mensa' 2-max Seat #2 is the button
Seat 1: toroza ($46 in chips)
Seat 2: Pandakey ($326.02 in chips)
Pandakey: posts small blind $1
toroza: posts big blind $3
*** HOLE CARDS ***
Pandakey: raises $3 to $6
toroza: calls $3
*** FLOP *** [8s 2d 4c]
toroza: checks
Pandakey: bets $3
toroza: calls $3
*** TURN *** [8s 2d 4c] [5s]
toroza: checks
Pandakey: bets $6
toroza: raises $6 to $12
Pandakey: calls $6
*** RIVER *** [8s 2d 4c 5s] [3c]
toroza: bets $6
Pandakey: raises $6 to $12
toroza: folds
Uncalled bet ($6) returned to Pandakey
Pandakey collected $53.50 from pot
Pandakey: doesn't show hand
*** SUMMARY ***
Total pot $54 | Rake $0.50
Board [8s 2d 4c 5s 3c]
Seat 1: toroza (big blind) folded on the River
Seat 2: Pandakey (button) (small blind) collected ($53.50)


PokerStars Hand #145460819525:  Hold'em Limit ($3/$6 USD) - 2015/12/16 19:44:16 ET
Table 'Mensa' 2-max Seat #1 is the button
Seat 1: toroza ($19 in chips)
Seat 2: Pandakey ($352.52 in chips)
toroza: posts small blind $1
Pandakey: posts big blind $3
*** HOLE CARDS ***
toroza: raises $3 to $6
Pandakey: calls $3
*** FLOP *** [7d 7c 9s]
Pandakey: bets $3
toroza: raises $3 to $6
Pandakey: raises $3 to $9
toroza: raises $3 to $12
Betting is capped
Pandakey: calls $3
*** TURN *** [7d 7c 9s] [Ac]
Pandakey: bets $6
toroza: calls $1 and is all-in
Uncalled bet ($5) returned to Pandakey
*** RIVER *** [7d 7c 9s Ac] [Qh]
*** SHOW DOWN ***
Pandakey: shows [9d 5s] (two pair, Nines and Sevens)
toroza: shows [Qc 9h] (two pair, Queens and Nines)
toroza collected $37.50 from pot
*** SUMMARY ***
Total pot $38 | Rake $0.50
Board [7d 7c 9s Ac Qh]
Seat 1: toroza (button) (small blind) showed [Qc 9h] and won ($37.50) with two pair, Queens and Nines
Seat 2: Pandakey (big blind) showed [9d 5s] and lost with two pair, Nines and Sevens


PokerStars Hand #145460835801:  Hold'em Limit ($3/$6 USD) - 2015/12/16 19:44:44 ET
Table 'Mensa' 2-max Seat #2 is the button
Seat 1: toroza ($37.50 in chips)
Seat 2: Pandakey ($333.52 in chips)
Pandakey: posts small blind $1
toroza: posts big blind $3
*** HOLE CARDS ***
Pandakey: raises $3 to $6
toroza: calls $3
*** FLOP *** [4h 6d Qh]
toroza: checks
Pandakey: checks
*** TURN *** [4h 6d Qh] [Kd]
toroza: checks
Pandakey: checks
*** RIVER *** [4h 6d Qh Kd] [4s]
toroza: bets $6
Pandakey: calls $6
*** SHOW DOWN ***
toroza: shows [8h Ac] (a pair of Fours)
Pandakey: shows [As 3c] (a pair of Fours)
toroza collected $11.76 from pot
Pandakey collected $11.76 from pot
*** SUMMARY ***
Total pot $24 | Rake $0.48
Board [4h 6d Qh Kd 4s]
Seat 1: toroza (big blind) showed [8h Ac] and won ($11.76) with a pair of Fours
Seat 2: Pandakey (button) (small blind) showed [As 3c] and won ($11.76) with a pair of Fours


PokerStars Hand #145460846395:  Hold'em Limit ($3/$6 USD) - 2015/12/16 19:45:02 ET
Table 'Mensa' 2-max Seat #1 is the button
Seat 1: toroza ($37.26 in chips)
Seat 2: Pandakey ($333.28 in chips)
toroza: posts small blind $1
Pandakey: posts big blind $3
*** HOLE CARDS ***
toroza: raises $3 to $6
Pandakey: calls $3
*** FLOP *** [7c Ad 3s]
Pandakey: checks
toroza: checks
*** TURN *** [7c Ad 3s] [4d]
Pandakey: bets $6
toroza: calls $6
*** RIVER *** [7c Ad 3s 4d] [3c]
Pandakey: bets $6
toroza: folds
Uncalled bet ($6) returned to Pandakey
Pandakey collected $23.52 from pot
Pandakey: doesn't show hand
*** SUMMARY ***
Total pot $24 | Rake $0.48
Board [7c Ad 3s 4d 3c]
Seat 1: toroza (button) (small blind) folded on the River
Seat 2: Pandakey (big blind) collected ($23.52)


PokerStars Hand #145460867240:  Hold'em Limit ($3/$6 USD) - 2015/12/16 19:45:38 ET
Table 'Mensa' 2-max Seat #2 is the button
Seat 1: toroza ($25.26 in chips)
Seat 2: Pandakey ($344.80 in chips)
Pandakey: posts small blind $1
toroza: posts big blind $3
*** HOLE CARDS ***
Pandakey: folds
Uncalled bet ($2) returned to toroza
toroza collected $2 from pot
*** SUMMARY ***
Total pot $2 | Rake $0
Seat 1: toroza (big blind) collected ($2)
Seat 2: Pandakey (button) (small blind) folded before Flop


PokerStars Hand #145460870019:  Hold'em Limit ($3/$6 USD) - 2015/12/16 19:45:43 ET
Table 'Mensa' 2-max Seat #1 is the button
Seat 1: toroza ($26.26 in chips)
Seat 2: Pandakey ($343.80 in chips)
toroza: posts small blind $1
Pandakey: posts big blind $3
*** HOLE CARDS ***
toroza: raises $3 to $6
Pandakey: raises $3 to $9
toroza: calls $3
*** FLOP *** [Jc 5c Jd]
Pandakey: bets $3
toroza: calls $3
*** TURN *** [Jc 5c Jd] [5d]
Pandakey: checks
toroza: checks
*** RIVER *** [Jc 5c Jd 5d] [8s]
Pandakey: bets $6
toroza: folds
Uncalled bet ($6) returned to Pandakey
Pandakey collected $23.52 from pot
Pandakey: doesn't show hand
*** SUMMARY ***
Total pot $24 | Rake $0.48
Board [Jc 5c Jd 5d 8s]
Seat 1: toroza (button) (small blind) folded on the River
Seat 2: Pandakey (big blind) collected ($23.52)


PokerStars Hand #145460892246:  Hold'em Limit ($3/$6 USD) - 2015/12/16 19:46:22 ET
Table 'Mensa' 2-max Seat #2 is the button
Seat 1: toroza ($14.26 in chips)
Seat 2: Pandakey ($355.32 in chips)
Pandakey: posts small blind $1
toroza: posts big blind $3
*** HOLE CARDS ***
Pandakey: raises $3 to $6
toroza: calls $3
*** FLOP *** [Tc 2d 8h]
toroza: checks
Pandakey: checks
*** TURN *** [Tc 2d 8h] [3h]
toroza: bets $6
Pandakey: raises $6 to $12
toroza: calls $2.26 and is all-in
Uncalled bet ($3.74) returned to Pandakey
*** RIVER *** [Tc 2d 8h 3h] [Ad]
*** SHOW DOWN ***
toroza: shows [8s Qh] (a pair of Eights)
Pandakey: shows [3c 6c] (a pair of Threes)
toroza collected $28.02 from pot
*** SUMMARY ***
Total pot $28.52 | Rake $0.50
Board [Tc 2d 8h 3h Ad]
Seat 1: toroza (big blind) showed [8s Qh] and won ($28.02) with a pair of Eights
Seat 2: Pandakey (button) (small blind) showed [3c 6c] and lost with a pair of Threes


PokerStars Hand #145460902858:  Hold'em Limit ($3/$6 USD) - 2015/12/16 19:46:40 ET
Table 'Mensa' 2-max Seat #1 is the button
Seat 1: toroza ($28.02 in chips)
Seat 2: Pandakey ($341.06 in chips)
toroza: posts small blind $1
Pandakey: posts big blind $3
*** HOLE CARDS ***
toroza: raises $3 to $6
Pandakey: raises $3 to $9
toroza: calls $3
*** FLOP *** [7c Jh 4d]
Pandakey: bets $3
toroza: raises $3 to $6
Pandakey: raises $3 to $9
toroza: raises $3 to $12
Betting is capped
Pandakey: calls $3
*** TURN *** [7c Jh 4d] [2c]
Pandakey: checks
toroza: bets $6
Pandakey: raises $6 to $12
toroza: calls $1.02 and is all-in
Uncalled bet ($4.98) returned to Pandakey
*** RIVER *** [7c Jh 4d 2c] [Ts]
*** SHOW DOWN ***
Pandakey: shows [7s 7h] (three of a kind, Sevens)
toroza: shows [7d Qd] (a pair of Sevens)
Pandakey collected $55.54 from pot
*** SUMMARY ***
Total pot $56.04 | Rake $0.50
Board [7c Jh 4d 2c Ts]
Seat 1: toroza (button) (small blind) showed [7d Qd] and lost with a pair of Sevens
Seat 2: Pandakey (big blind) showed [7s 7h] and won ($55.54) with three of a kind, Sevens


PokerStars Hand #145460928204:  Hold'em Limit ($3/$6 USD) - 2015/12/16 19:47:24 ET
Table 'Mensa' 2-max Seat #2 is the button
Seat 1: toroza ($120 in chips)
Seat 2: Pandakey ($368.58 in chips)
Pandakey: posts small blind $1
toroza: posts big blind $3
*** HOLE CARDS ***
Pandakey: raises $3 to $6
toroza: calls $3
*** FLOP *** [Ad Kd 7s]
toroza: checks
Pandakey: bets $3
toroza: folds
Uncalled bet ($3) returned to Pandakey
Pandakey collected $11.76 from pot
Pandakey: doesn't show hand
*** SUMMARY ***
Total pot $12 | Rake $0.24
Board [Ad Kd 7s]
Seat 1: toroza (big blind) folded on the Flop
Seat 2: Pandakey (button) (small blind) collected ($11.76)


PokerStars Hand #145460934812:  Hold'em Limit ($3/$6 USD) - 2015/12/16 19:47:36 ET
Table 'Mensa' 2-max Seat #1 is the button
Seat 1: toroza ($114 in chips)
Seat 2: Pandakey ($374.34 in chips)
toroza: posts small blind $1
Pandakey: posts big blind $3
*** HOLE CARDS ***
toroza: raises $3 to $6
Pandakey: raises $3 to $9
toroza: calls $3
*** FLOP *** [Kh Qh Kd]
Pandakey: bets $3
toroza: folds
Uncalled bet ($3) returned to Pandakey
Pandakey collected $17.64 from pot
Pandakey: doesn't show hand
*** SUMMARY ***
Total pot $18 | Rake $0.36
Board [Kh Qh Kd]
Seat 1: toroza (button) (small blind) folded on the Flop
Seat 2: Pandakey (big blind) collected ($17.64)


PokerStars Hand #145460942943:  Hold'em Limit ($3/$6 USD) - 2015/12/16 19:47:50 ET
Table 'Mensa' 2-max Seat #2 is the button
Seat 1: toroza ($105 in chips)
Seat 2: Pandakey ($382.98 in chips)
Pandakey: posts small blind $1
toroza: posts big blind $3
*** HOLE CARDS ***
Pandakey: raises $3 to $6
toroza: calls $3
*** FLOP *** [Qh Js 7d]
toroza: checks
Pandakey: bets $3
toroza: raises $3 to $6
Pandakey: calls $3
*** TURN *** [Qh Js 7d] [Ad]
toroza: checks
Pandakey: checks
*** RIVER *** [Qh Js 7d Ad] [3h]
toroza: bets $6
Pandakey: calls $6
*** SHOW DOWN ***
toroza: shows [As 5s] (a pair of Aces)
Pandakey: mucks hand
toroza collected $35.50 from pot
*** SUMMARY ***
Total pot $36 | Rake $0.50
Board [Qh Js 7d Ad 3h]
Seat 1: toroza (big blind) showed [As 5s] and won ($35.50) with a pair of Aces
Seat 2: Pandakey (button) (small blind) mucked


PokerStars Hand #145460960194:  Hold'em Limit ($3/$6 USD) - 2015/12/16 19:48:21 ET
Table 'Mensa' 2-max Seat #1 is the button
Seat 1: toroza ($122.50 in chips)
Seat 2: Pandakey ($364.98 in chips)
toroza: posts small blind $1
Pandakey: posts big blind $3
*** HOLE CARDS ***
toroza: raises $3 to $6
Pandakey: calls $3
*** FLOP *** [Ks 5h 9c]
Pandakey: checks
toroza: bets $3
Pandakey: folds
Uncalled bet ($3) returned to toroza
toroza collected $11.76 from pot
toroza: doesn't show hand
*** SUMMARY ***
Total pot $12 | Rake $0.24
Board [Ks 5h 9c]
Seat 1: toroza (button) (small blind) collected ($11.76)
Seat 2: Pandakey (big blind) folded on the Flop


PokerStars Hand #145460974778:  Hold'em Limit ($3/$6 USD) - 2015/12/16 19:48:46 ET
Table 'Mensa' 2-max Seat #2 is the button
Seat 1: toroza ($128.26 in chips)
Seat 2: Pandakey ($358.98 in chips)
Pandakey: posts small blind $1
toroza: posts big blind $3
*** HOLE CARDS ***
Pandakey: raises $3 to $6
toroza: raises $3 to $9
Pandakey: calls $3
*** FLOP *** [9h 8h Kd]
toroza: bets $3
Pandakey: folds
Uncalled bet ($3) returned to toroza
toroza collected $17.64 from pot
toroza: doesn't show hand
*** SUMMARY ***
Total pot $18 | Rake $0.36
Board [9h 8h Kd]
Seat 1: toroza (big blind) collected ($17.64)
Seat 2: Pandakey (button) (small blind) folded on the Flop


PokerStars Hand #145460982969:  Hold'em Limit ($3/$6 USD) - 2015/12/16 19:49:01 ET
Table 'Mensa' 2-max Seat #1 is the button
Seat 1: toroza ($136.90 in chips)
Seat 2: Pandakey ($349.98 in chips)
toroza: posts small blind $1
Pandakey: posts big blind $3
*** HOLE CARDS ***
toroza: raises $3 to $6
Pandakey: folds
Uncalled bet ($3) returned to toroza
toroza collected $6 from pot
toroza: doesn't show hand
*** SUMMARY ***
Total pot $6 | Rake $0
Seat 1: toroza (button) (small blind) collected ($6)
Seat 2: Pandakey (big blind) folded before Flop


PokerStars Hand #145460986417:  Hold'em Limit ($3/$6 USD) - 2015/12/16 19:49:07 ET
Table 'Mensa' 2-max Seat #2 is the button
Seat 1: toroza ($139.90 in chips)
Seat 2: Pandakey ($346.98 in chips)
Pandakey: posts small blind $1
toroza: posts big blind $3
*** HOLE CARDS ***
Pandakey: raises $3 to $6
toroza: raises $3 to $9
Pandakey: calls $3
*** FLOP *** [Ac 9h 3c]
toroza: bets $3
Pandakey: calls $3
*** TURN *** [Ac 9h 3c] [9d]
toroza: bets $6
Pandakey: calls $6
*** RIVER *** [Ac 9h 3c 9d] [3s]
toroza: bets $6
Pandakey: calls $6
*** SHOW DOWN ***
toroza: shows [7d 7h] (two pair, Nines and Sevens)
Pandakey: shows [Th Ts] (two pair, Tens and Nines)
Pandakey collected $47.50 from pot
*** SUMMARY ***
Total pot $48 | Rake $0.50
Board [Ac 9h 3c 9d 3s]
Seat 1: toroza (big blind) showed [7d 7h] and lost with two pair, Nines and Sevens
Seat 2: Pandakey (button) (small blind) showed [Th Ts] and won ($47.50) with two pair, Tens and Nines


PokerStars Hand #145461004977:  Hold'em Limit ($3/$6 USD) - 2015/12/16 19:49:39 ET
Table 'Mensa' 2-max Seat #2 is the button
Seat 1: toroza ($109.90 in chips)
Seat 2: Pandakey ($376.24 in chips)
Pandakey: posts small blind $1
toroza: posts big blind $3
*** HOLE CARDS ***
Pandakey: folds
Uncalled bet ($2) returned to toroza
toroza collected $2 from pot
toroza: doesn't show hand
*** SUMMARY ***
Total pot $2 | Rake $0
Seat 1: toroza (big blind) collected ($2)
Seat 2: Pandakey (button) (small blind) folded before Flop


PokerStars Hand #145460997011:  Hold'em Limit ($3/$6 USD) - 2015/12/16 19:49:25 ET
Table 'Mensa' 2-max Seat #1 is the button
Seat 1: toroza ($115.90 in chips)
Seat 2: Pandakey ($370.48 in chips)
toroza: posts small blind $1
Pandakey: posts big blind $3
*** HOLE CARDS ***
toroza: raises $3 to $6
Pandakey: calls $3
*** FLOP *** [Jd Qs 3s]
Pandakey: checks
toroza: checks
*** TURN *** [Jd Qs 3s] [8d]
Pandakey: checks
toroza: checks
*** RIVER *** [Jd Qs 3s 8d] [Ks]
Pandakey: checks
toroza: checks
*** SHOW DOWN ***
Pandakey: shows [5h 9s] (high card King)
toroza: mucks hand
Pandakey collected $11.76 from pot
*** SUMMARY ***
Total pot $12 | Rake $0.24
Board [Jd Qs 3s 8d Ks]
Seat 1: toroza (button) (small blind) mucked
Seat 2: Pandakey (big blind) showed [5h 9s] and won ($11.76) with high card King


PokerStars Hand #145461007912:  Hold'em Limit ($3/$6 USD) - 2015/12/16 19:49:44 ET
Table 'Mensa' 2-max Seat #1 is the button
Seat 1: toroza ($110.90 in chips)
Seat 2: Pandakey ($375.24 in chips)
toroza: posts small blind $1
Pandakey: posts big blind $3
*** HOLE CARDS ***
toroza: raises $3 to $6
Pandakey: calls $3
*** FLOP *** [2h 5s 3d]
Pandakey: bets $3
toroza: raises $3 to $6
Pandakey: calls $3
*** TURN *** [2h 5s 3d] [Jc]
Pandakey: checks
toroza: checks
*** RIVER *** [2h 5s 3d Jc] [7d]
Pandakey: bets $6
toroza: calls $6
*** SHOW DOWN ***
Pandakey: shows [5c 8h] (a pair of Fives)
toroza: mucks hand
Pandakey collected $35.50 from pot
*** SUMMARY ***
Total pot $36 | Rake $0.50
Board [2h 5s 3d Jc 7d]
Seat 1: toroza (button) (small blind) mucked
Seat 2: Pandakey (big blind) showed [5c 8h] and won ($35.50) with a pair of Fives


PokerStars Hand #145461017516:  Hold'em Limit ($3/$6 USD) - 2015/12/16 19:50:01 ET
Table 'Mensa' 2-max Seat #2 is the button
Seat 1: toroza ($92.90 in chips)
Seat 2: Pandakey ($392.74 in chips)
Pandakey: posts small blind $1
toroza: posts big blind $3
*** HOLE CARDS ***
Pandakey: raises $3 to $6
toroza: calls $3
*** FLOP *** [7d 9s 3s]
toroza: checks
Pandakey: bets $3
toroza: raises $3 to $6
Pandakey: calls $3
*** TURN *** [7d 9s 3s] [2d]
toroza: checks
Pandakey: checks
*** RIVER *** [7d 9s 3s 2d] [Tc]
toroza: bets $6
Pandakey: calls $6
*** SHOW DOWN ***
toroza: shows [8s 6h] (a straight, Six to Ten)
Pandakey: mucks hand
toroza collected $35.50 from pot
*** SUMMARY ***
Total pot $36 | Rake $0.50
Board [7d 9s 3s 2d Tc]
Seat 1: toroza (big blind) showed [8s 6h] and won ($35.50) with a straight, Six to Ten
Seat 2: Pandakey (button) (small blind) mucked


PokerStars Hand #145461028833:  Hold'em Limit ($3/$6 USD) - 2015/12/16 19:50:21 ET
Table 'Mensa' 2-max Seat #1 is the button
Seat 1: toroza ($110.40 in chips)
Seat 2: Pandakey ($374.74 in chips)
toroza: posts small blind $1
Pandakey: posts big blind $3
*** HOLE CARDS ***
toroza: raises $3 to $6
Pandakey: calls $3
*** FLOP *** [7h 6s 4h]
Pandakey: bets $3
toroza: raises $3 to $6
Pandakey: calls $3
*** TURN *** [7h 6s 4h] [8c]
Pandakey: bets $6
toroza: calls $6
*** RIVER *** [7h 6s 4h 8c] [8s]
Pandakey: bets $6
toroza: calls $6
*** SHOW DOWN ***
Pandakey: shows [5s Td] (a straight, Four to Eight)
toroza: mucks hand
Pandakey collected $47.50 from pot
*** SUMMARY ***
Total pot $48 | Rake $0.50
Board [7h 6s 4h 8c 8s]
Seat 1: toroza (button) (small blind) mucked
Seat 2: Pandakey (big blind) showed [5s Td] and won ($47.50) with a straight, Four to Eight


PokerStars Hand #145461039186:  Hold'em Limit ($3/$6 USD) - 2015/12/16 19:50:40 ET
Table 'Mensa' 2-max Seat #2 is the button
Seat 1: toroza ($86.40 in chips)
Seat 2: Pandakey ($398.24 in chips)
Pandakey: posts small blind $1
toroza: posts big blind $3
*** HOLE CARDS ***
Pandakey: raises $3 to $6
toroza: calls $3
*** FLOP *** [3s 5c 3h]
toroza: checks
Pandakey: bets $3
toroza: folds
Uncalled bet ($3) returned to Pandakey
Pandakey collected $11.76 from pot
Pandakey: doesn't show hand
*** SUMMARY ***
Total pot $12 | Rake $0.24
Board [3s 5c 3h]
Seat 1: toroza (big blind) folded on the Flop
Seat 2: Pandakey (button) (small blind) collected ($11.76)


PokerStars Hand #145461045753:  Hold'em Limit ($3/$6 USD) - 2015/12/16 19:50:51 ET
Table 'Mensa' 2-max Seat #1 is the button
Seat 1: toroza ($80.40 in chips)
Seat 2: Pandakey ($404 in chips)
toroza: posts small blind $1
Pandakey: posts big blind $3
*** HOLE CARDS ***
toroza: raises $3 to $6
Pandakey: raises $3 to $9
toroza: calls $3
*** FLOP *** [4d 4h Jc]
Pandakey: bets $3
toroza: calls $3
*** TURN *** [4d 4h Jc] [Qd]
Pandakey: checks
toroza: checks
*** RIVER *** [4d 4h Jc Qd] [9d]
Pandakey: bets $6
toroza: calls $6
*** SHOW DOWN ***
Pandakey: shows [Tc Th] (two pair, Tens and Fours)
toroza: mucks hand
Pandakey collected $35.50 from pot
*** SUMMARY ***
Total pot $36 | Rake $0.50
Board [4d 4h Jc Qd 9d]
Seat 1: toroza (button) (small blind) mucked
Seat 2: Pandakey (big blind) showed [Tc Th] and won ($35.50) with two pair, Tens and Fours


PokerStars Hand #145461056662:  Hold'em Limit ($3/$6 USD) - 2015/12/16 19:51:11 ET
Table 'Mensa' 2-max Seat #2 is the button
Seat 1: toroza ($62.40 in chips)
Seat 2: Pandakey ($421.50 in chips)
Pandakey: posts small blind $1
toroza: posts big blind $3
*** HOLE CARDS ***
Pandakey: raises $3 to $6
toroza: calls $3
*** FLOP *** [5c Kc 9h]
toroza: checks
Pandakey: checks
*** TURN *** [5c Kc 9h] [As]
toroza: bets $6
Pandakey: calls $6
*** RIVER *** [5c Kc 9h As] [Qh]
toroza: bets $6
Pandakey: calls $6
*** SHOW DOWN ***
toroza: shows [3h Kd] (a pair of Kings)
Pandakey: mucks hand
toroza collected $35.50 from pot
*** SUMMARY ***
Total pot $36 | Rake $0.50
Board [5c Kc 9h As Qh]
Seat 1: toroza (big blind) showed [3h Kd] and won ($35.50) with a pair of Kings
Seat 2: Pandakey (button) (small blind) mucked


PokerStars Hand #145461101786:  Hold'em Limit ($3/$6 USD) - 2015/12/16 19:52:31 ET
Table 'Mensa' 2-max Seat #2 is the button
Seat 1: toroza ($105.80 in chips)
Seat 2: Pandakey ($376.26 in chips)
Pandakey: posts small blind $1
toroza: posts big blind $3
*** HOLE CARDS ***
Pandakey: folds
Uncalled bet ($2) returned to toroza
toroza collected $2 from pot
toroza: doesn't show hand
*** SUMMARY ***
Total pot $2 | Rake $0
Seat 1: toroza (big blind) collected ($2)
Seat 2: Pandakey (button) (small blind) folded before Flop


PokerStars Hand #145461098374:  Hold'em Limit ($3/$6 USD) - 2015/12/16 19:52:25 ET
Table 'Mensa' 2-max Seat #1 is the button
Seat 1: toroza ($102.80 in chips)
Seat 2: Pandakey ($379.26 in chips)
toroza: posts small blind $1
Pandakey: posts big blind $3
*** HOLE CARDS ***
toroza: raises $3 to $6
Pandakey: folds
Uncalled bet ($3) returned to toroza
toroza collected $6 from pot
toroza: doesn't show hand
*** SUMMARY ***
Total pot $6 | Rake $0
Seat 1: toroza (button) (small blind) collected ($6)
Seat 2: Pandakey (big blind) folded before Flop


PokerStars Hand #145461093039:  Hold'em Limit ($3/$6 USD) - 2015/12/16 19:52:15 ET
Table 'Mensa' 2-max Seat #2 is the button
Seat 1: toroza ($108.80 in chips)
Seat 2: Pandakey ($373.50 in chips)
Pandakey: posts small blind $1
toroza: posts big blind $3
*** HOLE CARDS ***
Pandakey: raises $3 to $6
toroza: calls $3
*** FLOP *** [9c Ks Ah]
toroza: checks
Pandakey: bets $3
toroza: folds
Uncalled bet ($3) returned to Pandakey
Pandakey collected $11.76 from pot
Pandakey: doesn't show hand
*** SUMMARY ***
Total pot $12 | Rake $0.24
Board [9c Ks Ah]
Seat 1: toroza (big blind) folded on the Flop
Seat 2: Pandakey (button) (small blind) collected ($11.76)


PokerStars Hand #145461080823:  Hold'em Limit ($3/$6 USD) - 2015/12/16 19:51:54 ET
Table 'Mensa' 2-max Seat #1 is the button
Seat 1: toroza ($94.30 in chips)
Seat 2: Pandakey ($388.50 in chips)
toroza: posts small blind $1
Pandakey: posts big blind $3
*** HOLE CARDS ***
toroza: raises $3 to $6
Pandakey: calls $3
*** FLOP *** [Td 9h 3h]
Pandakey: checks
toroza: bets $3
Pandakey: calls $3
*** TURN *** [Td 9h 3h] [5c]
Pandakey: checks
toroza: bets $6
Pandakey: calls $6
*** RIVER *** [Td 9h 3h 5c] [8c]
Pandakey: checks
toroza: bets $6
Pandakey: folds
Uncalled bet ($6) returned to toroza
toroza collected $29.50 from pot
toroza: doesn't show hand
*** SUMMARY ***
Total pot $30 | Rake $0.50
Board [Td 9h 3h 5c 8c]
Seat 1: toroza (button) (small blind) collected ($29.50)
Seat 2: Pandakey (big blind) folded on the River


PokerStars Hand #145461073453:  Hold'em Limit ($3/$6 USD) - 2015/12/16 19:51:41 ET
Table 'Mensa' 2-max Seat #2 is the button
Seat 1: toroza ($85.66 in chips)
Seat 2: Pandakey ($397.50 in chips)
Pandakey: posts small blind $1
toroza: posts big blind $3
*** HOLE CARDS ***
Pandakey: raises $3 to $6
toroza: calls $3
*** FLOP *** [Qc 9h Ac]
toroza: checks
Pandakey: bets $3
toroza: raises $3 to $6
Pandakey: folds
Uncalled bet ($3) returned to toroza
toroza collected $17.64 from pot
toroza: doesn't show hand
*** SUMMARY ***
Total pot $18 | Rake $0.36
Board [Qc 9h Ac]
Seat 1: toroza (big blind) collected ($17.64)
Seat 2: Pandakey (button) (small blind) folded on the Flop


PokerStars Hand #145461065729:  Hold'em Limit ($3/$6 USD) - 2015/12/16 19:51:27 ET
Table 'Mensa' 2-max Seat #1 is the button
Seat 1: toroza ($79.90 in chips)
Seat 2: Pandakey ($403.50 in chips)
toroza: posts small blind $1
Pandakey: posts big blind $3
*** HOLE CARDS ***
toroza: raises $3 to $6
Pandakey: calls $3
*** FLOP *** [4d Qc 2c]
Pandakey: checks
toroza: bets $3
Pandakey: folds
Uncalled bet ($3) returned to toroza
toroza collected $11.76 from pot
toroza: doesn't show hand
*** SUMMARY ***
Total pot $12 | Rake $0.24
Board [4d Qc 2c]
Seat 1: toroza (button) (small blind) collected ($11.76)
Seat 2: Pandakey (big blind) folded on the Flop


PokerStars Hand #145461117377:  Hold'em Limit ($3/$6 USD) - 2015/12/16 19:52:58 ET
Table 'Mensa' 2-max Seat #2 is the button
Seat 1: toroza ($106.55 in chips)
Seat 2: Pandakey ($375.01 in chips)
Pandakey: posts small blind $1
toroza: posts big blind $3
*** HOLE CARDS ***
Pandakey: raises $3 to $6
toroza: calls $3
*** FLOP *** [6d 8d Kh]
toroza: checks
Pandakey: checks
*** TURN *** [6d 8d Kh] [3s]
toroza: checks
Pandakey: bets $6
toroza: calls $6
*** RIVER *** [6d 8d Kh 3s] [2s]
toroza: checks
Pandakey: bets $6
toroza: calls $6
*** SHOW DOWN ***
Pandakey: shows [7s Tc] (high card King)
toroza: shows [9c 3d] (a pair of Threes)
toroza collected $35.50 from pot
*** SUMMARY ***
Total pot $36 | Rake $0.50
Board [6d 8d Kh 3s 2s]
Seat 1: toroza (big blind) showed [9c 3d] and won ($35.50) with a pair of Threes
Seat 2: Pandakey (button) (small blind) showed [7s Tc] and lost with high card King


PokerStars Hand #145461104436:  Hold'em Limit ($3/$6 USD) - 2015/12/16 19:52:36 ET
Table 'Mensa' 2-max Seat #1 is the button
Seat 1: toroza ($106.80 in chips)
Seat 2: Pandakey ($375.26 in chips)
toroza: posts small blind $1
Pandakey: posts big blind $3
*** HOLE CARDS ***
toroza: raises $3 to $6
Pandakey: calls $3
*** FLOP *** [9h Qs 2h]
Pandakey: checks
toroza: bets $3
Pandakey: calls $3
*** TURN *** [9h Qs 2h] [Kc]
Pandakey: checks
toroza: bets $6
Pandakey: calls $6
*** RIVER *** [9h Qs 2h Kc] [Tc]
Pandakey: bets $6
toroza: calls $6
*** SHOW DOWN ***
Pandakey: shows [Js 2s] (a straight, Nine to King)
toroza: shows [Jd 9d] (a straight, Nine to King)
Pandakey collected $20.75 from pot
toroza collected $20.75 from pot
*** SUMMARY ***
Total pot $42 | Rake $0.50
Board [9h Qs 2h Kc Tc]
Seat 1: toroza (button) (small blind) showed [Jd 9d] and won ($20.75) with a straight, Nine to King
Seat 2: Pandakey (big blind) showed [Js 2s] and won ($20.75) with a straight, Nine to King


PokerStars Hand #145461147256:  Hold'em Limit ($3/$6 USD) - 2015/12/16 19:53:52 ET
Table 'Mensa' 2-max Seat #1 is the button
Seat 1: toroza ($123.81 in chips)
Seat 2: Pandakey ($356.77 in chips)
toroza: posts small blind $1
Pandakey: posts big blind $3
*** HOLE CARDS ***
toroza: raises $3 to $6
Pandakey: calls $3
*** FLOP *** [8d 5c 6c]
Pandakey: checks
toroza: bets $3
Pandakey: calls $3
*** TURN *** [8d 5c 6c] [8s]
Pandakey: checks
toroza: bets $6
Pandakey: folds
Uncalled bet ($6) returned to toroza
toroza collected $17.64 from pot
toroza: doesn't show hand
*** SUMMARY ***
Total pot $18 | Rake $0.36
Board [8d 5c 6c 8s]
Seat 1: toroza (button) (small blind) collected ($17.64)
Seat 2: Pandakey (big blind) folded on the Turn


PokerStars Hand #145461138410:  Hold'em Limit ($3/$6 USD) - 2015/12/16 19:53:36 ET
Table 'Mensa' 2-max Seat #2 is the button
Seat 1: toroza ($118.05 in chips)
Seat 2: Pandakey ($362.77 in chips)
Pandakey: posts small blind $1
toroza: posts big blind $3
*** HOLE CARDS ***
Pandakey: raises $3 to $6
toroza: calls $3
*** FLOP *** [8h 9c 7s]
toroza: checks
Pandakey: checks
*** TURN *** [8h 9c 7s] [Ks]
toroza: bets $6
Pandakey: folds
Uncalled bet ($6) returned to toroza
toroza collected $11.76 from pot
toroza: doesn't show hand
*** SUMMARY ***
Total pot $12 | Rake $0.24
Board [8h 9c 7s Ks]
Seat 1: toroza (big blind) collected ($11.76)
Seat 2: Pandakey (button) (small blind) folded on the Turn


PokerStars Hand #145461127886:  Hold'em Limit ($3/$6 USD) - 2015/12/16 19:53:17 ET
Table 'Mensa' 2-max Seat #1 is the button
Seat 1: toroza ($124.05 in chips)
Seat 2: Pandakey ($357.01 in chips)
toroza: posts small blind $1
Pandakey: posts big blind $3
*** HOLE CARDS ***
toroza: raises $3 to $6
Pandakey: calls $3
*** FLOP *** [9c 6c Qd]
Pandakey: checks
toroza: checks
*** TURN *** [9c 6c Qd] [2c]
Pandakey: bets $6
toroza: folds
Uncalled bet ($6) returned to Pandakey
Pandakey collected $11.76 from pot
Pandakey: doesn't show hand
*** SUMMARY ***
Total pot $12 | Rake $0.24
Board [9c 6c Qd 2c]
Seat 1: toroza (button) (small blind) folded on the Turn
Seat 2: Pandakey (big blind) collected ($11.76)


PokerStars Hand #145461191794:  Hold'em Limit ($3/$6 USD) - 2015/12/16 19:55:13 ET
Table 'Mensa' 2-max Seat #1 is the button
Seat 1: toroza ($90.20 in chips)
Seat 2: Pandakey ($388.52 in chips)
toroza: posts small blind $1
Pandakey: posts big blind $3
*** HOLE CARDS ***
toroza: raises $3 to $6
Pandakey: calls $3
*** FLOP *** [Qs Ad 8c]
Pandakey: checks
toroza: bets $3
Pandakey: folds
Uncalled bet ($3) returned to toroza
toroza collected $11.76 from pot
toroza: doesn't show hand
*** SUMMARY ***
Total pot $12 | Rake $0.24
Board [Qs Ad 8c]
Seat 1: toroza (button) (small blind) collected ($11.76)
Seat 2: Pandakey (big blind) folded on the Flop


PokerStars Hand #145461181476:  Hold'em Limit ($3/$6 USD) - 2015/12/16 19:54:54 ET
Table 'Mensa' 2-max Seat #2 is the button
Seat 1: toroza ($108.20 in chips)
Seat 2: Pandakey ($371.02 in chips)
Pandakey: posts small blind $1
toroza: posts big blind $3
*** HOLE CARDS ***
Pandakey: raises $3 to $6
toroza: calls $3
*** FLOP *** [3d Ac Kc]
toroza: checks
Pandakey: checks
*** TURN *** [3d Ac Kc] [Ah]
toroza: bets $6
Pandakey: calls $6
*** RIVER *** [3d Ac Kc Ah] [Jh]
toroza: bets $6
Pandakey: calls $6
*** SHOW DOWN ***
toroza: shows [3s 2c] (two pair, Aces and Threes)
Pandakey: shows [Th Kh] (two pair, Aces and Kings)
Pandakey collected $35.50 from pot
*** SUMMARY ***
Total pot $36 | Rake $0.50
Board [3d Ac Kc Ah Jh]
Seat 1: toroza (big blind) showed [3s 2c] and lost with two pair, Aces and Threes
Seat 2: Pandakey (button) (small blind) showed [Th Kh] and won ($35.50) with two pair, Aces and Kings


PokerStars Hand #145461169007:  Hold'em Limit ($3/$6 USD) - 2015/12/16 19:54:31 ET
Table 'Mensa' 2-max Seat #1 is the button
Seat 1: toroza ($132.20 in chips)
Seat 2: Pandakey ($347.52 in chips)
toroza: posts small blind $1
Pandakey: posts big blind $3
*** HOLE CARDS ***
toroza: raises $3 to $6
Pandakey: raises $3 to $9
toroza: calls $3
*** FLOP *** [9d 7s Ac]
Pandakey: bets $3
toroza: calls $3
*** TURN *** [9d 7s Ac] [Ks]
Pandakey: bets $6
toroza: calls $6
*** RIVER *** [9d 7s Ac Ks] [Ah]
Pandakey: bets $6
toroza: calls $6
*** SHOW DOWN ***
Pandakey: shows [5s As] (three of a kind, Aces)
toroza: mucks hand
Pandakey collected $47.50 from pot
*** SUMMARY ***
Total pot $48 | Rake $0.50
Board [9d 7s Ac Ks Ah]
Seat 1: toroza (button) (small blind) mucked
Seat 2: Pandakey (big blind) showed [5s As] and won ($47.50) with three of a kind, Aces


PokerStars Hand #145461158858:  Hold'em Limit ($3/$6 USD) - 2015/12/16 19:54:13 ET
Table 'Mensa' 2-max Seat #2 is the button
Seat 1: toroza ($132.45 in chips)
Seat 2: Pandakey ($347.77 in chips)
Pandakey: posts small blind $1
toroza: posts big blind $3
*** HOLE CARDS ***
Pandakey: raises $3 to $6
toroza: calls $3
*** FLOP *** [7h 4s Qc]
toroza: checks
Pandakey: bets $3
toroza: calls $3
*** TURN *** [7h 4s Qc] [9h]
toroza: checks
Pandakey: bets $6
toroza: calls $6
*** RIVER *** [7h 4s Qc 9h] [Ad]
toroza: checks
Pandakey: checks
*** SHOW DOWN ***
toroza: shows [6s 8d] (high card Ace)
Pandakey: shows [8c 6d] (high card Ace)
toroza collected $14.75 from pot
Pandakey collected $14.75 from pot
*** SUMMARY ***
Total pot $30 | Rake $0.50
Board [7h 4s Qc 9h Ad]
Seat 1: toroza (big blind) showed [6s 8d] and won ($14.75) with high card Ace
Seat 2: Pandakey (button) (small blind) showed [8c 6d] and won ($14.75) with high card Ace


PokerStars Hand #145461214286:  Hold'em Limit ($3/$6 USD) - 2015/12/16 19:56:01 ET
Table 'Mensa' 2-max Seat #2 is the button
Seat 1: toroza ($133.98 in chips)
Seat 2: Pandakey ($343.52 in chips)
Pandakey: posts small blind $1
toroza: posts big blind $3
*** HOLE CARDS ***
Pandakey: raises $3 to $6
toroza: calls $3
*** FLOP *** [Ad 9h 4d]
toroza: checks
Pandakey: checks
*** TURN *** [Ad 9h 4d] [Td]
toroza: checks
Pandakey: checks
*** RIVER *** [Ad 9h 4d Td] [8d]
toroza: checks
Pandakey: checks
*** SHOW DOWN ***
toroza: shows [6s 3d] (a flush, Ace high)
Pandakey: mucks hand
toroza collected $11.76 from pot
*** SUMMARY ***
Total pot $12 | Rake $0.24
Board [Ad 9h 4d Td 8d]
Seat 1: toroza (big blind) showed [6s 3d] and won ($11.76) with a flush, Ace high
Seat 2: Pandakey (button) (small blind) mucked


PokerStars Hand #145461204124:  Hold'em Limit ($3/$6 USD) - 2015/12/16 19:55:39 ET
Table 'Mensa' 2-max Seat #1 is the button
Seat 1: toroza ($107.48 in chips)
Seat 2: Pandakey ($370.52 in chips)
toroza: posts small blind $1
Pandakey: posts big blind $3
*** HOLE CARDS ***
toroza: raises $3 to $6
Pandakey: calls $3
*** FLOP *** [4c Th 5d]
Pandakey: bets $3
toroza: calls $3
*** TURN *** [4c Th 5d] [Kd]
Pandakey: bets $6
toroza: calls $6
*** RIVER *** [4c Th 5d Kd] [Ac]
Pandakey: bets $6
toroza: raises $6 to $12
Pandakey: calls $6
*** SHOW DOWN ***
toroza: shows [6h As] (a pair of Aces)
Pandakey: mucks hand
toroza collected $53.50 from pot
*** SUMMARY ***
Total pot $54 | Rake $0.50
Board [4c Th 5d Kd Ac]
Seat 1: toroza (button) (small blind) showed [6h As] and won ($53.50) with a pair of Aces
Seat 2: Pandakey (big blind) mucked


PokerStars Hand #145461196413:  Hold'em Limit ($3/$6 USD) - 2015/12/16 19:55:23 ET
Table 'Mensa' 2-max Seat #2 is the button
Seat 1: toroza ($95.96 in chips)
Seat 2: Pandakey ($382.52 in chips)
Pandakey: posts small blind $1
toroza: posts big blind $3
*** HOLE CARDS ***
Pandakey: raises $3 to $6
toroza: calls $3
*** FLOP *** [3s 7s 8c]
toroza: checks
Pandakey: checks
*** TURN *** [3s 7s 8c] [As]
toroza: checks
Pandakey: checks
*** RIVER *** [3s 7s 8c As] [Kc]
toroza: bets $6
Pandakey: calls $6
*** SHOW DOWN ***
toroza: shows [2h Ac] (a pair of Aces)
Pandakey: mucks hand
toroza collected $23.52 from pot
*** SUMMARY ***
Total pot $24 | Rake $0.48
Board [3s 7s 8c As Kc]
Seat 1: toroza (big blind) showed [2h Ac] and won ($23.52) with a pair of Aces
Seat 2: Pandakey (button) (small blind) mucked


PokerStars Hand #145461243565:  Hold'em Limit ($3/$6 USD) - 2015/12/16 19:57:05 ET
Table 'Mensa' 2-max Seat #2 is the button
Seat 1: toroza ($128.26 in chips)
Seat 2: Pandakey ($348.02 in chips)
Pandakey: posts small blind $1
toroza: posts big blind $3
*** HOLE CARDS ***
Pandakey: raises $3 to $6
toroza: calls $3
*** FLOP *** [Ad As Kd]
toroza: checks
Pandakey: bets $3
toroza: calls $3
*** TURN *** [Ad As Kd] [3c]
toroza: checks
Pandakey: checks
*** RIVER *** [Ad As Kd 3c] [4h]
toroza: bets $6
Pandakey: folds
Uncalled bet ($6) returned to toroza
toroza collected $17.64 from pot
toroza: doesn't show hand
*** SUMMARY ***
Total pot $18 | Rake $0.36
Board [Ad As Kd 3c 4h]
Seat 1: toroza (big blind) collected ($17.64)
Seat 2: Pandakey (button) (small blind) folded on the River


PokerStars Hand #145461237739:  Hold'em Limit ($3/$6 USD) - 2015/12/16 19:56:52 ET
Table 'Mensa' 2-max Seat #1 is the button
Seat 1: toroza ($116.74 in chips)
Seat 2: Pandakey ($360.02 in chips)
toroza: posts small blind $1
Pandakey: posts big blind $3
*** HOLE CARDS ***
toroza: raises $3 to $6
Pandakey: calls $3
*** FLOP *** [8h Kh 6d]
Pandakey: checks
toroza: checks
*** TURN *** [8h Kh 6d] [6s]
Pandakey: bets $6
toroza: raises $6 to $12
Pandakey: folds
Uncalled bet ($6) returned to toroza
toroza collected $23.52 from pot
toroza: doesn't show hand
*** SUMMARY ***
Total pot $24 | Rake $0.48
Board [8h Kh 6d 6s]
Seat 1: toroza (button) (small blind) collected ($23.52)
Seat 2: Pandakey (big blind) folded on the Turn


PokerStars Hand #145461234602:  Hold'em Limit ($3/$6 USD) - 2015/12/16 19:56:45 ET
Table 'Mensa' 2-max Seat #2 is the button
Seat 1: toroza ($115.74 in chips)
Seat 2: Pandakey ($361.02 in chips)
Pandakey: posts small blind $1
toroza: posts big blind $3
*** HOLE CARDS ***
Pandakey: folds
Uncalled bet ($2) returned to toroza
toroza collected $2 from pot
toroza: doesn't show hand
*** SUMMARY ***
Total pot $2 | Rake $0
Seat 1: toroza (big blind) collected ($2)
Seat 2: Pandakey (button) (small blind) folded before Flop


PokerStars Hand #145461223922:  Hold'em Limit ($3/$6 USD) - 2015/12/16 19:56:22 ET
Table 'Mensa' 2-max Seat #1 is the button
Seat 1: toroza ($139.74 in chips)
Seat 2: Pandakey ($337.52 in chips)
toroza: posts small blind $1
Pandakey: posts big blind $3
*** HOLE CARDS ***
toroza: raises $3 to $6
Pandakey: calls $3
*** FLOP *** [9d Ad 5h]
Pandakey: checks
toroza: bets $3
Pandakey: raises $3 to $6
toroza: calls $3
*** TURN *** [9d Ad 5h] [4s]
Pandakey: bets $6
toroza: calls $6
*** RIVER *** [9d Ad 5h 4s] [5d]
Pandakey: bets $6
toroza: calls $6
*** SHOW DOWN ***
Pandakey: shows [5s Ah] (a full house, Fives full of Aces)
toroza: mucks hand
Pandakey collected $47.50 from pot
*** SUMMARY ***
Total pot $48 | Rake $0.50
Board [9d Ad 5h 4s 5d]
Seat 1: toroza (button) (small blind) mucked
Seat 2: Pandakey (big blind) showed [5s Ah] and won ($47.50) with a full house, Fives full of Aces


PokerStars Hand #145461271288:  Hold'em Limit ($3/$6 USD) - 2015/12/16 19:58:04 ET
Table 'Mensa' 2-max Seat #2 is the button
Seat 1: toroza ($121.65 in chips)
Seat 2: Pandakey ($353.17 in chips)
Pandakey: posts small blind $1
toroza: posts big blind $3
*** HOLE CARDS ***
Pandakey: raises $3 to $6
toroza: calls $3
*** FLOP *** [6d 3c 5s]
toroza: checks
Pandakey: bets $3
toroza: calls $3
*** TURN *** [6d 3c 5s] [As]
toroza: checks
Pandakey: checks
*** RIVER *** [6d 3c 5s As] [7s]
toroza: checks
Pandakey: checks
*** SHOW DOWN ***
toroza: shows [Jc Qc] (high card Ace)
Pandakey: shows [Qs 5c] (a pair of Fives)
Pandakey collected $17.64 from pot
*** SUMMARY ***
Total pot $18 | Rake $0.36
Board [6d 3c 5s As 7s]
Seat 1: toroza (big blind) showed [Jc Qc] and lost with high card Ace
Seat 2: Pandakey (button) (small blind) showed [Qs 5c] and won ($17.64) with a pair of Fives


PokerStars Hand #145461262566:  Hold'em Limit ($3/$6 USD) - 2015/12/16 19:57:46 ET
Table 'Mensa' 2-max Seat #1 is the button
Seat 1: toroza ($121.90 in chips)
Seat 2: Pandakey ($353.42 in chips)
toroza: posts small blind $1
Pandakey: posts big blind $3
*** HOLE CARDS ***
toroza: raises $3 to $6
Pandakey: calls $3
*** FLOP *** [6d Ac 6h]
Pandakey: checks
toroza: bets $3
Pandakey: calls $3
*** TURN *** [6d Ac 6h] [Qh]
Pandakey: checks
toroza: bets $6
Pandakey: calls $6
*** RIVER *** [6d Ac 6h Qh] [5d]
Pandakey: checks
toroza: checks
*** SHOW DOWN ***
Pandakey: shows [Ks 3h] (a pair of Sixes)
toroza: shows [Kd 2h] (a pair of Sixes)
Pandakey collected $14.75 from pot
toroza collected $14.75 from pot
*** SUMMARY ***
Total pot $30 | Rake $0.50
Board [6d Ac 6h Qh 5d]
Seat 1: toroza (button) (small blind) showed [Kd 2h] and won ($14.75) with a pair of Sixes
Seat 2: Pandakey (big blind) showed [Ks 3h] and won ($14.75) with a pair of Sixes


PokerStars Hand #145461256273:  Hold'em Limit ($3/$6 USD) - 2015/12/16 19:57:32 ET
Table 'Mensa' 2-max Seat #2 is the button
Seat 1: toroza ($127.90 in chips)
Seat 2: Pandakey ($347.66 in chips)
Pandakey: posts small blind $1
toroza: posts big blind $3
*** HOLE CARDS ***
Pandakey: raises $3 to $6
toroza: calls $3
*** FLOP *** [Kc 5s 7h]
toroza: checks
Pandakey: checks
*** TURN *** [Kc 5s 7h] [Js]
toroza: checks
Pandakey: bets $6
toroza: folds
Uncalled bet ($6) returned to Pandakey
Pandakey collected $11.76 from pot
Pandakey: doesn't show hand
*** SUMMARY ***
Total pot $12 | Rake $0.24
Board [Kc 5s 7h Js]
Seat 1: toroza (big blind) folded on the Turn
Seat 2: Pandakey (button) (small blind) collected ($11.76)


PokerStars Hand #145461251496:  Hold'em Limit ($3/$6 USD) - 2015/12/16 19:57:22 ET
Table 'Mensa' 2-max Seat #1 is the button
Seat 1: toroza ($136.90 in chips)
Seat 2: Pandakey ($339.02 in chips)
toroza: posts small blind $1
Pandakey: posts big blind $3
*** HOLE CARDS ***
toroza: raises $3 to $6
Pandakey: raises $3 to $9
toroza: calls $3
*** FLOP *** [7c Qd Ad]
Pandakey: bets $3
toroza: folds
Uncalled bet ($3) returned to Pandakey
Pandakey collected $17.64 from pot
Pandakey: doesn't show hand
*** SUMMARY ***
Total pot $18 | Rake $0.36
Board [7c Qd Ad]
Seat 1: toroza (button) (small blind) folded on the Flop
Seat 2: Pandakey (big blind) collected ($17.64)


PokerStars Hand #145461301382:  Hold'em Limit ($3/$6 USD) - 2015/12/16 19:59:10 ET
Table 'Mensa' 2-max Seat #2 is the button
Seat 1: toroza ($147.65 in chips)
Seat 2: Pandakey ($325.57 in chips)
Pandakey: posts small blind $1
toroza: posts big blind $3
*** HOLE CARDS ***
Pandakey: raises $3 to $6
toroza: calls $3
*** FLOP *** [7d 8s 4h]
toroza: checks
Pandakey: checks
*** TURN *** [7d 8s 4h] [Qh]
toroza: bets $6
Pandakey: folds
Uncalled bet ($6) returned to toroza
toroza collected $11.76 from pot
toroza: doesn't show hand
*** SUMMARY ***
Total pot $12 | Rake $0.24
Board [7d 8s 4h Qh]
Seat 1: toroza (big blind) collected ($11.76)
Seat 2: Pandakey (button) (small blind) folded on the Turn


PokerStars Hand #145461294650:  Hold'em Limit ($3/$6 USD) - 2015/12/16 19:58:55 ET
Table 'Mensa' 2-max Seat #1 is the button
Seat 1: toroza ($153.65 in chips)
Seat 2: Pandakey ($319.81 in chips)
toroza: posts small blind $1
Pandakey: posts big blind $3
*** HOLE CARDS ***
toroza: raises $3 to $6
Pandakey: calls $3
*** FLOP *** [Kh Jh 7d]
Pandakey: checks
toroza: checks
*** TURN *** [Kh Jh 7d] [4d]
Pandakey: checks
toroza: checks
*** RIVER *** [Kh Jh 7d 4d] [Qs]
Pandakey: bets $6
toroza: folds
Uncalled bet ($6) returned to Pandakey
Pandakey collected $11.76 from pot
Pandakey: doesn't show hand
*** SUMMARY ***
Total pot $12 | Rake $0.24
Board [Kh Jh 7d 4d Qs]
Seat 1: toroza (button) (small blind) folded on the River
Seat 2: Pandakey (big blind) collected ($11.76)


PokerStars Hand #145461286930:  Hold'em Limit ($3/$6 USD) - 2015/12/16 19:58:38 ET
Table 'Mensa' 2-max Seat #2 is the button
Seat 1: toroza ($130.15 in chips)
Seat 2: Pandakey ($343.81 in chips)
Pandakey: posts small blind $1
toroza: posts big blind $3
*** HOLE CARDS ***
Pandakey: raises $3 to $6
toroza: calls $3
*** FLOP *** [6h 6d Th]
toroza: checks
Pandakey: bets $3
toroza: raises $3 to $6
Pandakey: calls $3
*** TURN *** [6h 6d Th] [8h]
toroza: bets $6
Pandakey: calls $6
*** RIVER *** [6h 6d Th 8h] [Jh]
toroza: bets $6
Pandakey: calls $6
*** SHOW DOWN ***
toroza: shows [Qs Tc] (two pair, Tens and Sixes)
Pandakey: mucks hand
toroza collected $47.50 from pot
*** SUMMARY ***
Total pot $48 | Rake $0.50
Board [6h 6d Th 8h Jh]
Seat 1: toroza (big blind) showed [Qs Tc] and won ($47.50) with two pair, Tens and Sixes
Seat 2: Pandakey (button) (small blind) mucked


PokerStars Hand #145461279688:  Hold'em Limit ($3/$6 USD) - 2015/12/16 19:58:23 ET
Table 'Mensa' 2-max Seat #1 is the button
Seat 1: toroza ($112.65 in chips)
Seat 2: Pandakey ($361.81 in chips)
toroza: posts small blind $1
Pandakey: posts big blind $3
*** HOLE CARDS ***
toroza: raises $3 to $6
Pandakey: calls $3
*** FLOP *** [8h 2h 6c]
Pandakey: checks
toroza: checks
*** TURN *** [8h 2h 6c] [2d]
Pandakey: checks
toroza: bets $6
Pandakey: calls $6
*** RIVER *** [8h 2h 6c 2d] [7c]
Pandakey: checks
toroza: bets $6
Pandakey: calls $6
*** SHOW DOWN ***
toroza: shows [Kd 3c] (a pair of Deuces)
Pandakey: mucks hand
toroza collected $35.50 from pot
*** SUMMARY ***
Total pot $36 | Rake $0.50
Board [8h 2h 6c 2d 7c]
Seat 1: toroza (button) (small blind) showed [Kd 3c] and won ($35.50) with a pair of Deuces
Seat 2: Pandakey (big blind) mucked


PokerStars Hand #145461330406:  Hold'em Limit ($3/$6 USD) - 2015/12/16 20:00:13 ET
Table 'Mensa' 2-max Seat #2 is the button
Seat 1: toroza ($206.05 in chips)
Seat 2: Pandakey ($265.57 in chips)
Pandakey: posts small blind $1
toroza: posts big blind $3
*** HOLE CARDS ***
Pandakey: raises $3 to $6
toroza: calls $3
*** FLOP *** [Jc Ts Ad]
toroza: checks
Pandakey: bets $3
toroza: folds
Uncalled bet ($3) returned to Pandakey
Pandakey collected $11.76 from pot
Pandakey: doesn't show hand
*** SUMMARY ***
Total pot $12 | Rake $0.24
Board [Jc Ts Ad]
Seat 1: toroza (big blind) folded on the Flop
Seat 2: Pandakey (button) (small blind) collected ($11.76)


PokerStars Hand #145461322110:  Hold'em Limit ($3/$6 USD) - 2015/12/16 19:59:55 ET
Table 'Mensa' 2-max Seat #1 is the button
Seat 1: toroza ($191.55 in chips)
Seat 2: Pandakey ($280.57 in chips)
toroza: posts small blind $1
Pandakey: posts big blind $3
*** HOLE CARDS ***
toroza: raises $3 to $6
Pandakey: calls $3
*** FLOP *** [Ts 7c 8s]
Pandakey: checks
toroza: bets $3
Pandakey: calls $3
*** TURN *** [Ts 7c 8s] [4h]
Pandakey: checks
toroza: bets $6
Pandakey: calls $6
*** RIVER *** [Ts 7c 8s 4h] [6s]
Pandakey: checks
toroza: bets $6
Pandakey: folds
Uncalled bet ($6) returned to toroza
toroza collected $29.50 from pot
toroza: doesn't show hand
*** SUMMARY ***
Total pot $30 | Rake $0.50
Board [Ts 7c 8s 4h 6s]
Seat 1: toroza (button) (small blind) collected ($29.50)
Seat 2: Pandakey (big blind) folded on the River


PokerStars Hand #145461315217:  Hold'em Limit ($3/$6 USD) - 2015/12/16 19:59:40 ET
Table 'Mensa' 2-max Seat #2 is the button
Seat 1: toroza ($182.91 in chips)
Seat 2: Pandakey ($289.57 in chips)
Pandakey: posts small blind $1
toroza: posts big blind $3
*** HOLE CARDS ***
Pandakey: raises $3 to $6
toroza: calls $3
*** FLOP *** [7h 2h 2d]
toroza: checks
Pandakey: bets $3
toroza: calls $3
*** TURN *** [7h 2h 2d] [9d]
toroza: checks
Pandakey: checks
*** RIVER *** [7h 2h 2d 9d] [2c]
toroza: bets $6
Pandakey: folds
Uncalled bet ($6) returned to toroza
toroza collected $17.64 from pot
toroza: doesn't show hand
*** SUMMARY ***
Total pot $18 | Rake $0.36
Board [7h 2h 2d 9d 2c]
Seat 1: toroza (big blind) collected ($17.64)
Seat 2: Pandakey (button) (small blind) folded on the River


PokerStars Hand #145461306804:  Hold'em Limit ($3/$6 USD) - 2015/12/16 19:59:22 ET
Table 'Mensa' 2-max Seat #1 is the button
Seat 1: toroza ($153.41 in chips)
Seat 2: Pandakey ($319.57 in chips)
toroza: posts small blind $1
Pandakey: posts big blind $3
*** HOLE CARDS ***
toroza: raises $3 to $6
Pandakey: raises $3 to $9
toroza: calls $3
*** FLOP *** [9h Ts 6d]
Pandakey: bets $3
toroza: calls $3
*** TURN *** [9h Ts 6d] [As]
Pandakey: bets $6
toroza: calls $6
*** RIVER *** [9h Ts 6d As] [5s]
Pandakey: bets $6
toroza: raises $6 to $12
Pandakey: calls $6
*** SHOW DOWN ***
toroza: shows [3s Ks] (a flush, Ace high)
Pandakey: mucks hand
toroza collected $59.50 from pot
*** SUMMARY ***
Total pot $60 | Rake $0.50
Board [9h Ts 6d As 5s]
Seat 1: toroza (button) (small blind) showed [3s Ks] and won ($59.50) with a flush, Ace high
Seat 2: Pandakey (big blind) mucked


PokerStars Hand #145461352128:  Hold'em Limit ($3/$6 USD) - 2015/12/16 20:00:57 ET
Table 'Mensa' 2-max Seat #1 is the button
Seat 1: toroza ($235.05 in chips)
Seat 2: Pandakey ($235.33 in chips)
toroza: posts small blind $1
Pandakey: posts big blind $3
*** HOLE CARDS ***
toroza: raises $3 to $6
Pandakey: raises $3 to $9
toroza: calls $3
*** FLOP *** [6s 2d Td]
Pandakey: bets $3
toroza: raises $3 to $6
Pandakey: calls $3
*** TURN *** [6s 2d Td] [2c]
Pandakey: checks
toroza: bets $6
Pandakey: calls $6
*** RIVER *** [6s 2d Td 2c] [5c]
Pandakey: checks
toroza: bets $6
Pandakey: calls $6
*** SHOW DOWN ***
toroza: shows [Jd Th] (two pair, Tens and Deuces)
Pandakey: mucks hand
toroza collected $53.50 from pot
*** SUMMARY ***
Total pot $54 | Rake $0.50
Board [6s 2d Td 2c 5c]
Seat 1: toroza (button) (small blind) showed [Jd Th] and won ($53.50) with two pair, Tens and Deuces
Seat 2: Pandakey (big blind) mucked


PokerStars Hand #145461343716:  Hold'em Limit ($3/$6 USD) - 2015/12/16 20:00:40 ET
Table 'Mensa' 2-max Seat #2 is the button
Seat 1: toroza ($217.55 in chips)
Seat 2: Pandakey ($253.33 in chips)
Pandakey: posts small blind $1
toroza: posts big blind $3
*** HOLE CARDS ***
Pandakey: raises $3 to $6
toroza: raises $3 to $9
Pandakey: calls $3
*** FLOP *** [6s 9c Kh]
toroza: bets $3
Pandakey: calls $3
*** TURN *** [6s 9c Kh] [4d]
toroza: bets $6
Pandakey: calls $6
*** RIVER *** [6s 9c Kh 4d] [Ac]
toroza: bets $6
Pandakey: folds
Uncalled bet ($6) returned to toroza
toroza collected $35.50 from pot
*** SUMMARY ***
Total pot $36 | Rake $0.50
Board [6s 9c Kh 4d Ac]
Seat 1: toroza (big blind) collected ($35.50)
Seat 2: Pandakey (button) (small blind) folded on the River


PokerStars Hand #145461335447:  Hold'em Limit ($3/$6 USD) - 2015/12/16 20:00:23 ET
Table 'Mensa' 2-max Seat #1 is the button
Seat 1: toroza ($200.05 in chips)
Seat 2: Pandakey ($271.33 in chips)
toroza: posts small blind $1
Pandakey: posts big blind $3
*** HOLE CARDS ***
toroza: raises $3 to $6
Pandakey: calls $3
*** FLOP *** [Qc 5s Jd]
Pandakey: checks
toroza: checks
*** TURN *** [Qc 5s Jd] [Qs]
Pandakey: bets $6
toroza: raises $6 to $12
Pandakey: calls $6
*** RIVER *** [Qc 5s Jd Qs] [4d]
Pandakey: checks
toroza: bets $6
Pandakey: folds
Uncalled bet ($6) returned to toroza
toroza collected $35.50 from pot
toroza: doesn't show hand
*** SUMMARY ***
Total pot $36 | Rake $0.50
Board [Qc 5s Jd Qs 4d]
Seat 1: toroza (button) (small blind) collected ($35.50)
Seat 2: Pandakey (big blind) folded on the River


PokerStars Hand #145461393311:  Hold'em Limit ($3/$6 USD) - 2015/12/16 20:02:15 ET
Table 'Mensa' 2-max Seat #2 is the button
Seat 1: toroza ($270.57 in chips)
Seat 2: Pandakey ($197.83 in chips)
Pandakey: posts small blind $1
toroza: posts big blind $3
*** HOLE CARDS ***
Pandakey: folds
Uncalled bet ($2) returned to toroza
toroza collected $2 from pot
toroza: doesn't show hand
*** SUMMARY ***
Total pot $2 | Rake $0
Seat 1: toroza (big blind) collected ($2)
Seat 2: Pandakey (button) (small blind) folded before Flop


PokerStars Hand #145461384224:  Hold'em Limit ($3/$6 USD) - 2015/12/16 20:01:59 ET
Table 'Mensa' 2-max Seat #1 is the button
Seat 1: toroza ($259.05 in chips)
Seat 2: Pandakey ($209.83 in chips)
toroza: posts small blind $1
Pandakey: posts big blind $3
*** HOLE CARDS ***
toroza: raises $3 to $6
Pandakey: calls $3
*** FLOP *** [Kd 4h 6s]
Pandakey: checks
toroza: checks
*** TURN *** [Kd 4h 6s] [6d]
Pandakey: checks
toroza: bets $6
Pandakey: calls $6
*** RIVER *** [Kd 4h 6s 6d] [9c]
Pandakey: checks
toroza: bets $6
Pandakey: folds
Uncalled bet ($6) returned to toroza
toroza collected $23.52 from pot
toroza: doesn't show hand
*** SUMMARY ***
Total pot $24 | Rake $0.48
Board [Kd 4h 6s 6d 9c]
Seat 1: toroza (button) (small blind) collected ($23.52)
Seat 2: Pandakey (big blind) folded on the River


PokerStars Hand #145461381594:  Hold'em Limit ($3/$6 USD) - 2015/12/16 20:01:54 ET
Table 'Mensa' 2-max Seat #2 is the button
Seat 1: toroza ($258.05 in chips)
Seat 2: Pandakey ($210.83 in chips)
Pandakey: posts small blind $1
toroza: posts big blind $3
*** HOLE CARDS ***
Pandakey: folds
Uncalled bet ($2) returned to toroza
toroza collected $2 from pot
*** SUMMARY ***
Total pot $2 | Rake $0
Seat 1: toroza (big blind) collected ($2)
Seat 2: Pandakey (button) (small blind) folded before Flop


PokerStars Hand #145461372062:  Hold'em Limit ($3/$6 USD) - 2015/12/16 20:01:35 ET
Table 'Mensa' 2-max Seat #1 is the button
Seat 1: toroza ($276.05 in chips)
Seat 2: Pandakey ($193.33 in chips)
toroza: posts small blind $1
Pandakey: posts big blind $3
*** HOLE CARDS ***
toroza: raises $3 to $6
Pandakey: raises $3 to $9
toroza: calls $3
*** FLOP *** [4c 3h 5c]
Pandakey: bets $3
toroza: calls $3
*** TURN *** [4c 3h 5c] [Ks]
Pandakey: checks
toroza: checks
*** RIVER *** [4c 3h 5c Ks] [Ts]
Pandakey: bets $6
toroza: calls $6
*** SHOW DOWN ***
Pandakey: shows [Qc Th] (a pair of Tens)
toroza: mucks hand
Pandakey collected $35.50 from pot
*** SUMMARY ***
Total pot $36 | Rake $0.50
Board [4c 3h 5c Ks Ts]
Seat 1: toroza (button) (small blind) mucked
Seat 2: Pandakey (big blind) showed [Qc Th] and won ($35.50) with a pair of Tens


PokerStars Hand #145461362070:  Hold'em Limit ($3/$6 USD) - 2015/12/16 20:01:17 ET
Table 'Mensa' 2-max Seat #2 is the button
Seat 1: toroza ($261.55 in chips)
Seat 2: Pandakey ($208.33 in chips)
Pandakey: posts small blind $1
toroza: posts big blind $3
*** HOLE CARDS ***
Pandakey: raises $3 to $6
toroza: calls $3
*** FLOP *** [Ad Qc Jc]
toroza: checks
Pandakey: bets $3
toroza: calls $3
*** TURN *** [Ad Qc Jc] [Qs]
toroza: checks
Pandakey: bets $6
toroza: raises $6 to $12
Pandakey: folds
Uncalled bet ($6) returned to toroza
toroza collected $29.50 from pot
toroza: doesn't show hand
*** SUMMARY ***
Total pot $30 | Rake $0.50
Board [Ad Qc Jc Qs]
Seat 1: toroza (big blind) collected ($29.50)
Seat 2: Pandakey (button) (small blind) folded on the Turn


PokerStars Hand #145461417701:  Hold'em Limit ($3/$6 USD) - 2015/12/16 20:03:00 ET
Table 'Mensa' 2-max Seat #1 is the button
Seat 1: toroza ($298.83 in chips)
Seat 2: Pandakey ($168.83 in chips)
toroza: posts small blind $1
Pandakey: posts big blind $3
*** HOLE CARDS ***
toroza: raises $3 to $6
Pandakey: calls $3
*** FLOP *** [Js 9s 4d]
Pandakey: checks
toroza: bets $3
Pandakey: folds
Uncalled bet ($3) returned to toroza
toroza collected $11.76 from pot
toroza: doesn't show hand
*** SUMMARY ***
Total pot $12 | Rake $0.24
Board [Js 9s 4d]
Seat 1: toroza (button) (small blind) collected ($11.76)
Seat 2: Pandakey (big blind) folded on the Flop


PokerStars Hand #145461415225:  Hold'em Limit ($3/$6 USD) - 2015/12/16 20:02:56 ET
Table 'Mensa' 2-max Seat #2 is the button
Seat 1: toroza ($297.83 in chips)
Seat 2: Pandakey ($169.83 in chips)
Pandakey: posts small blind $1
toroza: posts big blind $3
*** HOLE CARDS ***
Pandakey: folds
Uncalled bet ($2) returned to toroza
toroza collected $2 from pot
toroza: doesn't show hand
*** SUMMARY ***
Total pot $2 | Rake $0
Seat 1: toroza (big blind) collected ($2)
Seat 2: Pandakey (button) (small blind) folded before Flop


PokerStars Hand #145461411978:  Hold'em Limit ($3/$6 USD) - 2015/12/16 20:02:50 ET
Table 'Mensa' 2-max Seat #1 is the button
Seat 1: toroza ($294.83 in chips)
Seat 2: Pandakey ($172.83 in chips)
toroza: posts small blind $1
Pandakey: posts big blind $3
*** HOLE CARDS ***
toroza: raises $3 to $6
Pandakey: folds
Uncalled bet ($3) returned to toroza
toroza collected $6 from pot
toroza: doesn't show hand
*** SUMMARY ***
Total pot $6 | Rake $0
Seat 1: toroza (button) (small blind) collected ($6)
Seat 2: Pandakey (big blind) folded before Flop


PokerStars Hand #145461404364:  Hold'em Limit ($3/$6 USD) - 2015/12/16 20:02:35 ET
Table 'Mensa' 2-max Seat #2 is the button
Seat 1: toroza ($277.33 in chips)
Seat 2: Pandakey ($190.83 in chips)
Pandakey: posts small blind $1
toroza: posts big blind $3
*** HOLE CARDS ***
Pandakey: raises $3 to $6
toroza: calls $3
*** FLOP *** [Qs 6h 5d]
toroza: checks
Pandakey: checks
*** TURN *** [Qs 6h 5d] [Ts]
toroza: bets $6
Pandakey: calls $6
*** RIVER *** [Qs 6h 5d Ts] [6c]
toroza: bets $6
Pandakey: calls $6
*** SHOW DOWN ***
toroza: shows [Tc 4h] (two pair, Tens and Sixes)
Pandakey: mucks hand
toroza collected $35.50 from pot
*** SUMMARY ***
Total pot $36 | Rake $0.50
Board [Qs 6h 5d Ts 6c]
Seat 1: toroza (big blind) showed [Tc 4h] and won ($35.50) with two pair, Tens and Sixes
Seat 2: Pandakey (button) (small blind) mucked


PokerStars Hand #145461396388:  Hold'em Limit ($3/$6 USD) - 2015/12/16 20:02:21 ET
Table 'Mensa' 2-max Seat #1 is the button
Seat 1: toroza ($271.57 in chips)
Seat 2: Pandakey ($196.83 in chips)
toroza: posts small blind $1
Pandakey: posts big blind $3
*** HOLE CARDS ***
toroza: raises $3 to $6
Pandakey: calls $3
*** FLOP *** [Ah 9s Kc]
Pandakey: checks
toroza: checks
*** TURN *** [Ah 9s Kc] [2h]
Pandakey: checks
toroza: checks
*** RIVER *** [Ah 9s Kc 2h] [3s]
Pandakey: checks
toroza: bets $6
Pandakey: folds
Uncalled bet ($6) returned to toroza
toroza collected $11.76 from pot
toroza: doesn't show hand
*** SUMMARY ***
Total pot $12 | Rake $0.24
Board [Ah 9s Kc 2h 3s]
Seat 1: toroza (button) (small blind) collected ($11.76)
Seat 2: Pandakey (big blind) folded on the River


PokerStars Hand #145461449698:  Hold'em Limit ($3/$6 USD) - 2015/12/16 20:03:59 ET
Table 'Mensa' 2-max Seat #1 is the button
Seat 1: toroza ($295.10 in chips)
Seat 2: Pandakey ($171.08 in chips)
toroza: posts small blind $1
Pandakey: posts big blind $3
*** HOLE CARDS ***
toroza: raises $3 to $6
Pandakey: calls $3
*** FLOP *** [Kh 3h Ks]
Pandakey: bets $3
toroza: calls $3
*** TURN *** [Kh 3h Ks] [Qs]
Pandakey: bets $6
toroza: folds
Uncalled bet ($6) returned to Pandakey
Pandakey collected $17.64 from pot
Pandakey: doesn't show hand
*** SUMMARY ***
Total pot $18 | Rake $0.36
Board [Kh 3h Ks Qs]
Seat 1: toroza (button) (small blind) folded on the Turn
Seat 2: Pandakey (big blind) collected ($17.64)


PokerStars Hand #145461439876:  Hold'em Limit ($3/$6 USD) - 2015/12/16 20:03:41 ET
Table 'Mensa' 2-max Seat #2 is the button
Seat 1: toroza ($295.35 in chips)
Seat 2: Pandakey ($171.33 in chips)
Pandakey: posts small blind $1
toroza: posts big blind $3
*** HOLE CARDS ***
Pandakey: raises $3 to $6
toroza: calls $3
*** FLOP *** [2s Th Jd]
toroza: checks
Pandakey: bets $3
toroza: calls $3
*** TURN *** [2s Th Jd] [3c]
toroza: checks
Pandakey: bets $6
toroza: calls $6
*** RIVER *** [2s Th Jd 3c] [Kh]
toroza: checks
Pandakey: checks
*** SHOW DOWN ***
toroza: shows [3s 6s] (a pair of Threes)
Pandakey: shows [9h 3h] (a pair of Threes)
toroza collected $14.75 from pot
Pandakey collected $14.75 from pot
*** SUMMARY ***
Total pot $30 | Rake $0.50
Board [2s Th Jd 3c Kh]
Seat 1: toroza (big blind) showed [3s 6s] and won ($14.75) with a pair of Threes
Seat 2: Pandakey (button) (small blind) showed [9h 3h] and won ($14.75) with a pair of Threes


PokerStars Hand #145461433996:  Hold'em Limit ($3/$6 USD) - 2015/12/16 20:03:30 ET
Table 'Mensa' 2-max Seat #1 is the button
Seat 1: toroza ($289.59 in chips)
Seat 2: Pandakey ($177.33 in chips)
toroza: posts small blind $1
Pandakey: posts big blind $3
*** HOLE CARDS ***
toroza: raises $3 to $6
Pandakey: calls $3
*** FLOP *** [5s 8c 6s]
Pandakey: checks
toroza: bets $3
Pandakey: folds
Uncalled bet ($3) returned to toroza
toroza collected $11.76 from pot
toroza: doesn't show hand
*** SUMMARY ***
Total pot $12 | Rake $0.24
Board [5s 8c 6s]
Seat 1: toroza (button) (small blind) collected ($11.76)
Seat 2: Pandakey (big blind) folded on the Flop


PokerStars Hand #145461422749:  Hold'em Limit ($3/$6 USD) - 2015/12/16 20:03:09 ET
Table 'Mensa' 2-max Seat #2 is the button
Seat 1: toroza ($304.59 in chips)
Seat 2: Pandakey ($162.83 in chips)
Pandakey: posts small blind $1
toroza: posts big blind $3
*** HOLE CARDS ***
Pandakey: raises $3 to $6
toroza: calls $3
*** FLOP *** [Jc 6s 3d]
toroza: checks
Pandakey: bets $3
toroza: calls $3
*** TURN *** [Jc 6s 3d] [4h]
toroza: checks
Pandakey: checks
*** RIVER *** [Jc 6s 3d 4h] [3c]
toroza: checks
Pandakey: bets $6
toroza: calls $6
*** SHOW DOWN ***
Pandakey: shows [8c 4c] (two pair, Fours and Threes)
toroza: mucks hand
Pandakey collected $29.50 from pot
*** SUMMARY ***
Total pot $30 | Rake $0.50
Board [Jc 6s 3d 4h 3c]
Seat 1: toroza (big blind) mucked
Seat 2: Pandakey (button) (small blind) showed [8c 4c] and won ($29.50) with two pair, Fours and Threes


PokerStars Hand #145461484821:  Hold'em Limit ($3/$6 USD) - 2015/12/16 20:05:04 ET
Table 'Mensa' 2-max Seat #1 is the button
Seat 1: toroza ($261.86 in chips)
Seat 2: Pandakey ($202.98 in chips)
toroza: posts small blind $1
Pandakey: posts big blind $3
*** HOLE CARDS ***
toroza: raises $3 to $6
Pandakey: folds
Uncalled bet ($3) returned to toroza
toroza collected $6 from pot
toroza: doesn't show hand
*** SUMMARY ***
Total pot $6 | Rake $0
Seat 1: toroza (button) (small blind) collected ($6)
Seat 2: Pandakey (big blind) folded before Flop


PokerStars Hand #145461475105:  Hold'em Limit ($3/$6 USD) - 2015/12/16 20:04:46 ET
Table 'Mensa' 2-max Seat #2 is the button
Seat 1: toroza ($285.86 in chips)
Seat 2: Pandakey ($179.48 in chips)
Pandakey: posts small blind $1
toroza: posts big blind $3
*** HOLE CARDS ***
Pandakey: raises $3 to $6
toroza: calls $3
*** FLOP *** [9s Qd Td]
toroza: checks
Pandakey: bets $3
toroza: raises $3 to $6
Pandakey: calls $3
*** TURN *** [9s Qd Td] [Ks]
toroza: bets $6
Pandakey: calls $6
*** RIVER *** [9s Qd Td Ks] [3c]
toroza: bets $6
Pandakey: calls $6
*** SHOW DOWN ***
toroza: shows [Qh 7h] (a pair of Queens)
Pandakey: shows [Qc As] (a pair of Queens - Ace kicker)
Pandakey collected $47.50 from pot
*** SUMMARY ***
Total pot $48 | Rake $0.50
Board [9s Qd Td Ks 3c]
Seat 1: toroza (big blind) showed [Qh 7h] and lost with a pair of Queens
Seat 2: Pandakey (button) (small blind) showed [Qc As] and won ($47.50) with a pair of Queens


PokerStars Hand #145461468948:  Hold'em Limit ($3/$6 USD) - 2015/12/16 20:04:34 ET
Table 'Mensa' 2-max Seat #1 is the button
Seat 1: toroza ($280.10 in chips)
Seat 2: Pandakey ($185.48 in chips)
toroza: posts small blind $1
Pandakey: posts big blind $3
*** HOLE CARDS ***
toroza: raises $3 to $6
Pandakey: calls $3
*** FLOP *** [9d 7d 8s]
Pandakey: checks
toroza: bets $3
Pandakey: folds
Uncalled bet ($3) returned to toroza
toroza collected $11.76 from pot
toroza: doesn't show hand
*** SUMMARY ***
Total pot $12 | Rake $0.24
Board [9d 7d 8s]
Seat 1: toroza (button) (small blind) collected ($11.76)
Seat 2: Pandakey (big blind) folded on the Flop


PokerStars Hand #145461459324:  Hold'em Limit ($3/$6 USD) - 2015/12/16 20:04:17 ET
Table 'Mensa' 2-max Seat #2 is the button
Seat 1: toroza ($286.10 in chips)
Seat 2: Pandakey ($179.72 in chips)
Pandakey: posts small blind $1
toroza: posts big blind $3
*** HOLE CARDS ***
Pandakey: raises $3 to $6
toroza: calls $3
*** FLOP *** [Jc Th 9h]
toroza: checks
Pandakey: checks
*** TURN *** [Jc Th 9h] [Ah]
toroza: checks
Pandakey: checks
*** RIVER *** [Jc Th 9h Ah] [3s]
toroza: checks
Pandakey: bets $6
toroza: folds
Uncalled bet ($6) returned to Pandakey
Pandakey collected $11.76 from pot
Pandakey: doesn't show hand
*** SUMMARY ***
Total pot $12 | Rake $0.24
Board [Jc Th 9h Ah 3s]
Seat 1: toroza (big blind) folded on the River
Seat 2: Pandakey (button) (small blind) collected ($11.76)


PokerStars Hand #145461526753:  Hold'em Limit ($3/$6 USD) - 2015/12/16 20:06:21 ET
Table 'Mensa' 2-max Seat #1 is the button
Seat 1: toroza ($244.38 in chips)
Seat 2: Pandakey ($219 in chips)
toroza: posts small blind $1
Pandakey: posts big blind $3
*** HOLE CARDS ***
toroza: raises $3 to $6
Pandakey: folds
Uncalled bet ($3) returned to toroza
toroza collected $6 from pot
toroza: doesn't show hand
*** SUMMARY ***
Total pot $6 | Rake $0
Seat 1: toroza (button) (small blind) collected ($6)
Seat 2: Pandakey (big blind) folded before Flop


PokerStars Hand #145461524156:  Hold'em Limit ($3/$6 USD) - 2015/12/16 20:06:17 ET
Table 'Mensa' 2-max Seat #2 is the button
Seat 1: toroza ($243.38 in chips)
Seat 2: Pandakey ($220 in chips)
Pandakey: posts small blind $1
toroza: posts big blind $3
*** HOLE CARDS ***
Pandakey: folds
Uncalled bet ($2) returned to toroza
toroza collected $2 from pot
toroza: doesn't show hand
*** SUMMARY ***
Total pot $2 | Rake $0
Seat 1: toroza (big blind) collected ($2)
Seat 2: Pandakey (button) (small blind) folded before Flop


PokerStars Hand #145461513734:  Hold'em Limit ($3/$6 USD) - 2015/12/16 20:05:57 ET
Table 'Mensa' 2-max Seat #1 is the button
Seat 1: toroza ($255.38 in chips)
Seat 2: Pandakey ($208.48 in chips)
toroza: posts small blind $1
Pandakey: posts big blind $3
*** HOLE CARDS ***
toroza: raises $3 to $6
Pandakey: raises $3 to $9
toroza: calls $3
*** FLOP *** [5s Ts Th]
Pandakey: bets $3
toroza: calls $3
*** TURN *** [5s Ts Th] [Kd]
Pandakey: checks
toroza: checks
*** RIVER *** [5s Ts Th Kd] [4h]
Pandakey: checks
toroza: checks
*** SHOW DOWN ***
Pandakey: shows [9h Ad] (a pair of Tens)
toroza: mucks hand
Pandakey collected $23.52 from pot
*** SUMMARY ***
Total pot $24 | Rake $0.48
Board [5s Ts Th Kd 4h]
Seat 1: toroza (button) (small blind) mucked
Seat 2: Pandakey (big blind) showed [9h Ad] and won ($23.52) with a pair of Tens


PokerStars Hand #145461505063:  Hold'em Limit ($3/$6 USD) - 2015/12/16 20:05:41 ET
Table 'Mensa' 2-max Seat #2 is the button
Seat 1: toroza ($249.62 in chips)
Seat 2: Pandakey ($214.48 in chips)
Pandakey: posts small blind $1
toroza: posts big blind $3
*** HOLE CARDS ***
Pandakey: raises $3 to $6
toroza: calls $3
*** FLOP *** [3s Th 7d]
toroza: checks
Pandakey: checks
*** TURN *** [3s Th 7d] [5s]
toroza: checks
Pandakey: checks
*** RIVER *** [3s Th 7d 5s] [9c]
toroza: bets $6
Pandakey: folds
Uncalled bet ($6) returned to toroza
toroza collected $11.76 from pot
toroza: doesn't show hand
*** SUMMARY ***
Total pot $12 | Rake $0.24
Board [3s Th 7d 5s 9c]
Seat 1: toroza (big blind) collected ($11.76)
Seat 2: Pandakey (button) (small blind) folded on the River


PokerStars Hand #145461499843:  Hold'em Limit ($3/$6 USD) - 2015/12/16 20:05:32 ET
Table 'Mensa' 2-max Seat #1 is the button
Seat 1: toroza ($243.86 in chips)
Seat 2: Pandakey ($220.48 in chips)
toroza: posts small blind $1
Pandakey: posts big blind $3
*** HOLE CARDS ***
toroza: raises $3 to $6
Pandakey: calls $3
*** FLOP *** [Qh 7c 6c]
Pandakey: checks
toroza: bets $3
Pandakey: folds
Uncalled bet ($3) returned to toroza
toroza collected $11.76 from pot
toroza: doesn't show hand
*** SUMMARY ***
Total pot $12 | Rake $0.24
Board [Qh 7c 6c]
Seat 1: toroza (button) (small blind) collected ($11.76)
Seat 2: Pandakey (big blind) folded on the Flop


PokerStars Hand #145461488823:  Hold'em Limit ($3/$6 USD) - 2015/12/16 20:05:11 ET
Table 'Mensa' 2-max Seat #2 is the button
Seat 1: toroza ($264.86 in chips)
Seat 2: Pandakey ($199.98 in chips)
Pandakey: posts small blind $1
toroza: posts big blind $3
*** HOLE CARDS ***
Pandakey: raises $3 to $6
toroza: calls $3
*** FLOP *** [2s Qd 7h]
toroza: checks
Pandakey: bets $3
toroza: calls $3
*** TURN *** [2s Qd 7h] [3s]
toroza: checks
Pandakey: bets $6
toroza: calls $6
*** RIVER *** [2s Qd 7h 3s] [Jc]
toroza: checks
Pandakey: bets $6
toroza: calls $6
*** SHOW DOWN ***
Pandakey: shows [Ac As] (a pair of Aces)
toroza: mucks hand
Pandakey collected $41.50 from pot
*** SUMMARY ***
Total pot $42 | Rake $0.50
Board [2s Qd 7h 3s Jc]
Seat 1: toroza (big blind) mucked
Seat 2: Pandakey (button) (small blind) showed [Ac As] and won ($41.50) with a pair of Aces


PokerStars Hand #145461530299:  Hold'em Limit ($3/$6 USD) - 2015/12/16 20:06:28 ET
Table 'Mensa' 2-max Seat #2 is the button
Seat 1: toroza ($247.38 in chips)
Seat 2: Pandakey ($216 in chips)
Pandakey: posts small blind $1
toroza: posts big blind $3
*** HOLE CARDS ***
Pandakey: raises $3 to $6
toroza: calls $3
*** FLOP *** [9s 6d 8h]
toroza: checks
Pandakey: checks
*** TURN *** [9s 6d 8h] [3h]
toroza: bets $6
Pandakey: calls $6
*** RIVER *** [9s 6d 8h 3h] [3d]
toroza: bets $6
Pandakey: folds
Uncalled bet ($6) returned to toroza
toroza collected $23.52 from pot
toroza: doesn't show hand
*** SUMMARY ***
Total pot $24 | Rake $0.48
Board [9s 6d 8h 3h 3d]
Seat 1: toroza (big blind) collected ($23.52)
Seat 2: Pandakey (button) (small blind) folded on the River


PokerStars Hand #145461537560:  Hold'em Limit ($3/$6 USD) - 2015/12/16 20:06:42 ET
Table 'Mensa' 2-max Seat #1 is the button
Seat 1: toroza ($258.90 in chips)
Seat 2: Pandakey ($204 in chips)
toroza: posts small blind $1
Pandakey: posts big blind $3
*** HOLE CARDS ***
toroza: raises $3 to $6
Pandakey: calls $3
*** FLOP *** [Kc 4d 8d]
Pandakey: checks
toroza: bets $3
Pandakey: calls $3
*** TURN *** [Kc 4d 8d] [Ks]
Pandakey: checks
toroza: bets $6
Pandakey: folds
Uncalled bet ($6) returned to toroza
toroza collected $17.64 from pot
toroza: doesn't show hand
*** SUMMARY ***
Total pot $18 | Rake $0.36
Board [Kc 4d 8d Ks]
Seat 1: toroza (button) (small blind) collected ($17.64)
Seat 2: Pandakey (big blind) folded on the Turn


PokerStars Hand #145461544959:  Hold'em Limit ($3/$6 USD) - 2015/12/16 20:06:55 ET
Table 'Mensa' 2-max Seat #2 is the button
Seat 1: toroza ($267.54 in chips)
Seat 2: Pandakey ($195 in chips)
Pandakey: posts small blind $1
toroza: posts big blind $3
*** HOLE CARDS ***
Pandakey: raises $3 to $6
toroza: calls $3
*** FLOP *** [Kd 9c Qs]
toroza: checks
Pandakey: bets $3
toroza: calls $3
*** TURN *** [Kd 9c Qs] [7h]
toroza: checks
Pandakey: checks
*** RIVER *** [Kd 9c Qs 7h] [Jd]
toroza: checks
Pandakey: checks
*** SHOW DOWN ***
toroza: shows [9h 8c] (a pair of Nines)
Pandakey: mucks hand
toroza collected $17.64 from pot
*** SUMMARY ***
Total pot $18 | Rake $0.36
Board [Kd 9c Qs 7h Jd]
Seat 1: toroza (big blind) showed [9h 8c] and won ($17.64) with a pair of Nines
Seat 2: Pandakey (button) (small blind) mucked


PokerStars Hand #145461553884:  Hold'em Limit ($3/$6 USD) - 2015/12/16 20:07:12 ET
Table 'Mensa' 2-max Seat #1 is the button
Seat 1: toroza ($276.18 in chips)
Seat 2: Pandakey ($186 in chips)
toroza: posts small blind $1
Pandakey: posts big blind $3
*** HOLE CARDS ***
toroza: raises $3 to $6
Pandakey: calls $3
*** FLOP *** [Kc 2d Qc]
Pandakey: checks
toroza: checks
*** TURN *** [Kc 2d Qc] [Qs]
Pandakey: bets $6
toroza: calls $6
*** RIVER *** [Kc 2d Qc Qs] [6h]
Pandakey: bets $6
toroza: calls $6
*** SHOW DOWN ***
Pandakey: shows [2s Qd] (a full house, Queens full of Deuces)
toroza: mucks hand
Pandakey collected $35.50 from pot
*** SUMMARY ***
Total pot $36 | Rake $0.50
Board [Kc 2d Qc Qs 6h]
Seat 1: toroza (button) (small blind) mucked
Seat 2: Pandakey (big blind) showed [2s Qd] and won ($35.50) with a full house, Queens full of Deuces


PokerStars Hand #145461583860:  Hold'em Limit ($3/$6 USD) - 2015/12/16 20:08:09 ET
Table 'Mensa' 2-max Seat #2 is the button
Seat 1: toroza ($242.94 in chips)
Seat 2: Pandakey ($218 in chips)
Pandakey: posts small blind $1
toroza: posts big blind $3
*** HOLE CARDS ***
Pandakey: raises $3 to $6
toroza: calls $3
*** FLOP *** [7c 3c 8h]
toroza: checks
Pandakey: checks
*** TURN *** [7c 3c 8h] [Kh]
toroza: checks
Pandakey: checks
*** RIVER *** [7c 3c 8h Kh] [2d]
toroza: bets $6
Pandakey: calls $6
*** SHOW DOWN ***
toroza: shows [9c 2h] (a pair of Deuces)
Pandakey: mucks hand
toroza collected $23.52 from pot
*** SUMMARY ***
Total pot $24 | Rake $0.48
Board [7c 3c 8h Kh 2d]
Seat 1: toroza (big blind) showed [9c 2h] and won ($23.52) with a pair of Deuces
Seat 2: Pandakey (button) (small blind) mucked


PokerStars Hand #145461563839:  Hold'em Limit ($3/$6 USD) - 2015/12/16 20:07:31 ET
Table 'Mensa' 2-max Seat #2 is the button
Seat 1: toroza ($258.18 in chips)
Seat 2: Pandakey ($203.50 in chips)
Pandakey: posts small blind $1
toroza: posts big blind $3
*** HOLE CARDS ***
Pandakey: raises $3 to $6
toroza: calls $3
*** FLOP *** [4d 8c 3s]
toroza: checks
Pandakey: bets $3
toroza: calls $3
*** TURN *** [4d 8c 3s] [8s]
toroza: checks
Pandakey: bets $6
toroza: calls $6
*** RIVER *** [4d 8c 3s 8s] [6d]
toroza: checks
Pandakey: bets $6
toroza: calls $6
*** SHOW DOWN ***
Pandakey: shows [2h 4h] (two pair, Eights and Fours)
toroza: mucks hand
Pandakey collected $41.50 from pot
*** SUMMARY ***
Total pot $42 | Rake $0.50
Board [4d 8c 3s 8s 6d]
Seat 1: toroza (big blind) mucked
Seat 2: Pandakey (button) (small blind) showed [2h 4h] and won ($41.50) with two pair, Eights and Fours


PokerStars Hand #145461576618:  Hold'em Limit ($3/$6 USD) - 2015/12/16 20:07:55 ET
Table 'Mensa' 2-max Seat #1 is the button
Seat 1: toroza ($237.18 in chips)
Seat 2: Pandakey ($224 in chips)
toroza: posts small blind $1
Pandakey: posts big blind $3
*** HOLE CARDS ***
toroza: raises $3 to $6
Pandakey: calls $3
*** FLOP *** [Kc 8d Td]
Pandakey: checks
toroza: checks
*** TURN *** [Kc 8d Td] [9s]
Pandakey: checks
toroza: bets $6
Pandakey: folds
Uncalled bet ($6) returned to toroza
toroza collected $11.76 from pot
toroza: doesn't show hand
*** SUMMARY ***
Total pot $12 | Rake $0.24
Board [Kc 8d Td 9s]
Seat 1: toroza (button) (small blind) collected ($11.76)
Seat 2: Pandakey (big blind) folded on the Turn


PokerStars Hand #145461592195:  Hold'em Limit ($3/$6 USD) - 2015/12/16 20:08:24 ET
Table 'Mensa' 2-max Seat #1 is the button
Seat 1: toroza ($254.46 in chips)
Seat 2: Pandakey ($206 in chips)
toroza: posts small blind $1
Pandakey: posts big blind $3
*** HOLE CARDS ***
toroza: raises $3 to $6
Pandakey: raises $3 to $9
toroza: calls $3
*** FLOP *** [8s 2c 2h]
Pandakey: bets $3
toroza: calls $3
*** TURN *** [8s 2c 2h] [8h]
Pandakey: checks
toroza: checks
*** RIVER *** [8s 2c 2h 8h] [3h]
Pandakey: checks
toroza: checks
*** SHOW DOWN ***
Pandakey: shows [Qs Kc] (two pair, Eights and Deuces)
toroza: mucks hand
Pandakey collected $23.52 from pot
*** SUMMARY ***
Total pot $24 | Rake $0.48
Board [8s 2c 2h 8h 3h]
Seat 1: toroza (button) (small blind) mucked
Seat 2: Pandakey (big blind) showed [Qs Kc] and won ($23.52) with two pair, Eights and Deuces


PokerStars Hand #145461602786:  Hold'em Limit ($3/$6 USD) - 2015/12/16 20:08:44 ET
Table 'Mensa' 2-max Seat #2 is the button
Seat 1: toroza ($242.46 in chips)
Seat 2: Pandakey ($217.52 in chips)
Pandakey: posts small blind $1
toroza: posts big blind $3
*** HOLE CARDS ***
Pandakey: raises $3 to $6
toroza: calls $3
*** FLOP *** [Kd 7c 4s]
toroza: checks
Pandakey: bets $3
toroza: raises $3 to $6
Pandakey: calls $3
*** TURN *** [Kd 7c 4s] [Js]
toroza: bets $6
Pandakey: folds
Uncalled bet ($6) returned to toroza
toroza collected $23.52 from pot
toroza: doesn't show hand
*** SUMMARY ***
Total pot $24 | Rake $0.48
Board [Kd 7c 4s Js]
Seat 1: toroza (big blind) collected ($23.52)
Seat 2: Pandakey (button) (small blind) folded on the Turn


PokerStars Hand #145461611383:  Hold'em Limit ($3/$6 USD) - 2015/12/16 20:09:00 ET
Table 'Mensa' 2-max Seat #1 is the button
Seat 1: toroza ($253.98 in chips)
Seat 2: Pandakey ($205.52 in chips)
toroza: posts small blind $1
Pandakey: posts big blind $3
*** HOLE CARDS ***
toroza: raises $3 to $6
Pandakey: calls $3
*** FLOP *** [Ks 4c Ac]
Pandakey: checks
toroza: checks
*** TURN *** [Ks 4c Ac] [3s]
Pandakey: checks
toroza: checks
*** RIVER *** [Ks 4c Ac 3s] [Td]
Pandakey: checks
toroza: checks
*** SHOW DOWN ***
Pandakey: shows [7s Qc] (high card Ace)
toroza: shows [8s Qh] (high card Ace - King+Queen+Ten+Eight kicker)
toroza collected $11.76 from pot
*** SUMMARY ***
Total pot $12 | Rake $0.24
Board [Ks 4c Ac 3s Td]
Seat 1: toroza (button) (small blind) showed [8s Qh] and won ($11.76) with high card Ace
Seat 2: Pandakey (big blind) showed [7s Qc] and lost with high card Ace


PokerStars Hand #145461618690:  Hold'em Limit ($3/$6 USD) - 2015/12/16 20:09:14 ET
Table 'Mensa' 2-max Seat #2 is the button
Seat 1: toroza ($259.74 in chips)
Seat 2: Pandakey ($199.52 in chips)
Pandakey: posts small blind $1
toroza: posts big blind $3
*** HOLE CARDS ***
Pandakey: raises $3 to $6
toroza: calls $3
*** FLOP *** [7d Kd 6s]
toroza: checks
Pandakey: bets $3
toroza: calls $3
*** TURN *** [7d Kd 6s] [5s]
toroza: checks
Pandakey: bets $6
toroza: calls $6
*** RIVER *** [7d Kd 6s 5s] [Jd]
toroza: checks
Pandakey: bets $6
toroza: calls $6
*** SHOW DOWN ***
Pandakey: shows [Kh 8h] (a pair of Kings)
toroza: mucks hand
Pandakey collected $41.50 from pot
*** SUMMARY ***
Total pot $42 | Rake $0.50
Board [7d Kd 6s 5s Jd]
Seat 1: toroza (big blind) mucked
Seat 2: Pandakey (button) (small blind) showed [Kh 8h] and won ($41.50) with a pair of Kings


PokerStars Hand #145461629179:  Hold'em Limit ($3/$6 USD) - 2015/12/16 20:09:34 ET
Table 'Mensa' 2-max Seat #1 is the button
Seat 1: toroza ($238.74 in chips)
Seat 2: Pandakey ($220.02 in chips)
toroza: posts small blind $1
Pandakey: posts big blind $3
*** HOLE CARDS ***
toroza: raises $3 to $6
Pandakey: calls $3
*** FLOP *** [5c 4d Js]
Pandakey: checks
toroza: bets $3
Pandakey: raises $3 to $6
toroza: calls $3
*** TURN *** [5c 4d Js] [3d]
Pandakey: bets $6
toroza: calls $6
*** RIVER *** [5c 4d Js 3d] [6s]
Pandakey: bets $6
toroza: folds
Uncalled bet ($6) returned to Pandakey
Pandakey collected $35.50 from pot
Pandakey: doesn't show hand
*** SUMMARY ***
Total pot $36 | Rake $0.50
Board [5c 4d Js 3d 6s]
Seat 1: toroza (button) (small blind) folded on the River
Seat 2: Pandakey (big blind) collected ($35.50)


PokerStars Hand #145461640472:  Hold'em Limit ($3/$6 USD) - 2015/12/16 20:09:55 ET
Table 'Mensa' 2-max Seat #2 is the button
Seat 1: toroza ($220.74 in chips)
Seat 2: Pandakey ($237.52 in chips)
Pandakey: posts small blind $1
toroza: posts big blind $3
*** HOLE CARDS ***
Pandakey: raises $3 to $6
toroza: calls $3
*** FLOP *** [Ad 5c 9d]
toroza: checks
Pandakey: checks
*** TURN *** [Ad 5c 9d] [Ts]
toroza: bets $6
Pandakey: calls $6
*** RIVER *** [Ad 5c 9d Ts] [2c]
toroza: bets $6
Pandakey: calls $6
*** SHOW DOWN ***
toroza: shows [9h 7h] (a pair of Nines)
Pandakey: shows [Kh Th] (a pair of Tens)
Pandakey collected $35.50 from pot
*** SUMMARY ***
Total pot $36 | Rake $0.50
Board [Ad 5c 9d Ts 2c]
Seat 1: toroza (big blind) showed [9h 7h] and lost with a pair of Nines
Seat 2: Pandakey (button) (small blind) showed [Kh Th] and won ($35.50) with a pair of Tens


PokerStars Hand #145461647985:  Hold'em Limit ($3/$6 USD) - 2015/12/16 20:10:09 ET
Table 'Mensa' 2-max Seat #1 is the button
Seat 1: toroza ($202.74 in chips)
Seat 2: Pandakey ($255.02 in chips)
toroza: posts small blind $1
Pandakey: posts big blind $3
*** HOLE CARDS ***
toroza: raises $3 to $6
Pandakey: calls $3
*** FLOP *** [6h 2d 6d]
Pandakey: bets $3
toroza: raises $3 to $6
Pandakey: folds
Uncalled bet ($3) returned to toroza
toroza collected $17.64 from pot
toroza: doesn't show hand
*** SUMMARY ***
Total pot $18 | Rake $0.36
Board [6h 2d 6d]
Seat 1: toroza (button) (small blind) collected ($17.64)
Seat 2: Pandakey (big blind) folded on the Flop


PokerStars Hand #145461653258:  Hold'em Limit ($3/$6 USD) - 2015/12/16 20:10:19 ET
Table 'Mensa' 2-max Seat #2 is the button
Seat 1: toroza ($211.38 in chips)
Seat 2: Pandakey ($246.02 in chips)
Pandakey: posts small blind $1
toroza: posts big blind $3
*** HOLE CARDS ***
Pandakey: raises $3 to $6
toroza: calls $3
*** FLOP *** [Ks Qc Kc]
toroza: checks
Pandakey: bets $3
toroza: calls $3
*** TURN *** [Ks Qc Kc] [9c]
toroza: checks
Pandakey: bets $6
toroza: folds
Uncalled bet ($6) returned to Pandakey
Pandakey collected $17.64 from pot
Pandakey: doesn't show hand
*** SUMMARY ***
Total pot $18 | Rake $0.36
Board [Ks Qc Kc 9c]
Seat 1: toroza (big blind) folded on the Turn
Seat 2: Pandakey (button) (small blind) collected ($17.64)


PokerStars Hand #145461663121:  Hold'em Limit ($3/$6 USD) - 2015/12/16 20:10:38 ET
Table 'Mensa' 2-max Seat #1 is the button
Seat 1: toroza ($202.38 in chips)
Seat 2: Pandakey ($254.66 in chips)
toroza: posts small blind $1
Pandakey: posts big blind $3
*** HOLE CARDS ***
toroza: raises $3 to $6
Pandakey: raises $3 to $9
toroza: calls $3
*** FLOP *** [Qd 4d 7s]
Pandakey: bets $3
toroza: calls $3
*** TURN *** [Qd 4d 7s] [6h]
Pandakey: bets $6
toroza: calls $6
*** RIVER *** [Qd 4d 7s 6h] [9h]
Pandakey: bets $6
toroza: calls $6
*** SHOW DOWN ***
Pandakey: shows [Ad Qh] (a pair of Queens)
toroza: mucks hand
Pandakey collected $47.50 from pot
*** SUMMARY ***
Total pot $48 | Rake $0.50
Board [Qd 4d 7s 6h 9h]
Seat 1: toroza (button) (small blind) mucked
Seat 2: Pandakey (big blind) showed [Ad Qh] and won ($47.50) with a pair of Queens


PokerStars Hand #145461672898:  Hold'em Limit ($3/$6 USD) - 2015/12/16 20:10:56 ET
Table 'Mensa' 2-max Seat #2 is the button
Seat 1: toroza ($178.38 in chips)
Seat 2: Pandakey ($278.16 in chips)
Pandakey: posts small blind $1
toroza: posts big blind $3
*** HOLE CARDS ***
Pandakey: raises $3 to $6
toroza: calls $3
*** FLOP *** [5c 5d Ts]
toroza: checks
Pandakey: bets $3
toroza: calls $3
*** TURN *** [5c 5d Ts] [Tc]
toroza: checks
Pandakey: checks
*** RIVER *** [5c 5d Ts Tc] [Jd]
toroza: bets $6
Pandakey: calls $6
*** SHOW DOWN ***
toroza: shows [Js 7s] (two pair, Jacks and Tens)
Pandakey: mucks hand
toroza collected $29.50 from pot
*** SUMMARY ***
Total pot $30 | Rake $0.50
Board [5c 5d Ts Tc Jd]
Seat 1: toroza (big blind) showed [Js 7s] and won ($29.50) with two pair, Jacks and Tens
Seat 2: Pandakey (button) (small blind) mucked


PokerStars Hand #145461681369:  Hold'em Limit ($3/$6 USD) - 2015/12/16 20:11:12 ET
Table 'Mensa' 2-max Seat #1 is the button
Seat 1: toroza ($192.88 in chips)
Seat 2: Pandakey ($263.16 in chips)
toroza: posts small blind $1
Pandakey: posts big blind $3
*** HOLE CARDS ***
toroza: raises $3 to $6
Pandakey: calls $3
*** FLOP *** [Ah 8s Td]
Pandakey: checks
toroza: bets $3
Pandakey: folds
Uncalled bet ($3) returned to toroza
toroza collected $11.76 from pot
toroza: doesn't show hand
*** SUMMARY ***
Total pot $12 | Rake $0.24
Board [Ah 8s Td]
Seat 1: toroza (button) (small blind) collected ($11.76)
Seat 2: Pandakey (big blind) folded on the Flop


PokerStars Hand #145461686507:  Hold'em Limit ($3/$6 USD) - 2015/12/16 20:11:22 ET
Table 'Mensa' 2-max Seat #2 is the button
Seat 1: toroza ($198.64 in chips)
Seat 2: Pandakey ($257.16 in chips)
Pandakey: posts small blind $1
toroza: posts big blind $3
*** HOLE CARDS ***
Pandakey: folds
Uncalled bet ($2) returned to toroza
toroza collected $2 from pot
toroza: doesn't show hand
*** SUMMARY ***
Total pot $2 | Rake $0
Seat 1: toroza (big blind) collected ($2)
Seat 2: Pandakey (button) (small blind) folded before Flop


PokerStars Hand #145461689338:  Hold'em Limit ($3/$6 USD) - 2015/12/16 20:11:27 ET
Table 'Mensa' 2-max Seat #1 is the button
Seat 1: toroza ($199.64 in chips)
Seat 2: Pandakey ($256.16 in chips)
toroza: posts small blind $1
Pandakey: posts big blind $3
*** HOLE CARDS ***
toroza: raises $3 to $6
Pandakey: calls $3
*** FLOP *** [Jd Ah 8s]
Pandakey: bets $3
toroza: raises $3 to $6
Pandakey: calls $3
*** TURN *** [Jd Ah 8s] [2c]
Pandakey: checks
toroza: checks
*** RIVER *** [Jd Ah 8s 2c] [8h]
Pandakey: bets $6
toroza: folds
Uncalled bet ($6) returned to Pandakey
Pandakey collected $23.52 from pot
Pandakey: doesn't show hand
*** SUMMARY ***
Total pot $24 | Rake $0.48
Board [Jd Ah 8s 2c 8h]
Seat 1: toroza (button) (small blind) folded on the River
Seat 2: Pandakey (big blind) collected ($23.52)


PokerStars Hand #145461699395:  Hold'em Limit ($3/$6 USD) - 2015/12/16 20:11:46 ET
Table 'Mensa' 2-max Seat #2 is the button
Seat 1: toroza ($187.64 in chips)
Seat 2: Pandakey ($267.68 in chips)
Pandakey: posts small blind $1
toroza: posts big blind $3
*** HOLE CARDS ***
Pandakey: raises $3 to $6
toroza: calls $3
*** FLOP *** [5s 8c Kc]
toroza: checks
Pandakey: checks
*** TURN *** [5s 8c Kc] [Ks]
toroza: checks
Pandakey: bets $6
toroza: folds
Uncalled bet ($6) returned to Pandakey
Pandakey collected $11.76 from pot
Pandakey: doesn't show hand
*** SUMMARY ***
Total pot $12 | Rake $0.24
Board [5s 8c Kc Ks]
Seat 1: toroza (big blind) folded on the Turn
Seat 2: Pandakey (button) (small blind) collected ($11.76)


PokerStars Hand #145461706109:  Hold'em Limit ($3/$6 USD) - 2015/12/16 20:11:59 ET
Table 'Mensa' 2-max Seat #1 is the button
Seat 1: toroza ($181.64 in chips)
Seat 2: Pandakey ($273.44 in chips)
toroza: posts small blind $1
Pandakey: posts big blind $3
*** HOLE CARDS ***
toroza: raises $3 to $6
Pandakey: calls $3
*** FLOP *** [5s 6c 4s]
Pandakey: bets $3
toroza: raises $3 to $6
Pandakey: calls $3
*** TURN *** [5s 6c 4s] [2h]
Pandakey: checks
toroza: bets $6
Pandakey: calls $6
*** RIVER *** [5s 6c 4s 2h] [Qs]
Pandakey: checks
toroza: checks
*** SHOW DOWN ***
Pandakey: shows [5c 8d] (a pair of Fives)
toroza: mucks hand
Pandakey collected $35.50 from pot
*** SUMMARY ***
Total pot $36 | Rake $0.50
Board [5s 6c 4s 2h Qs]
Seat 1: toroza (button) (small blind) mucked
Seat 2: Pandakey (big blind) showed [5c 8d] and won ($35.50) with a pair of Fives


PokerStars Hand #145461717042:  Hold'em Limit ($3/$6 USD) - 2015/12/16 20:12:20 ET
Table 'Mensa' 2-max Seat #2 is the button
Seat 1: toroza ($163.64 in chips)
Seat 2: Pandakey ($290.94 in chips)
Pandakey: posts small blind $1
toroza: posts big blind $3
*** HOLE CARDS ***
Pandakey: folds
Uncalled bet ($2) returned to toroza
toroza collected $2 from pot
toroza: doesn't show hand
*** SUMMARY ***
Total pot $2 | Rake $0
Seat 1: toroza (big blind) collected ($2)
Seat 2: Pandakey (button) (small blind) folded before Flop


PokerStars Hand #145461722373:  Hold'em Limit ($3/$6 USD) - 2015/12/16 20:12:30 ET
Table 'Mensa' 2-max Seat #1 is the button
Seat 1: toroza ($164.64 in chips)
Seat 2: Pandakey ($289.94 in chips)
toroza: posts small blind $1
Pandakey: posts big blind $3
*** HOLE CARDS ***
toroza: raises $3 to $6
Pandakey: calls $3
*** FLOP *** [3s 9d Qc]
Pandakey: checks
toroza: bets $3
Pandakey: folds
Uncalled bet ($3) returned to toroza
toroza collected $11.76 from pot
toroza: doesn't show hand
*** SUMMARY ***
Total pot $12 | Rake $0.24
Board [3s 9d Qc]
Seat 1: toroza (button) (small blind) collected ($11.76)
Seat 2: Pandakey (big blind) folded on the Flop


PokerStars Hand #145461729383:  Hold'em Limit ($3/$6 USD) - 2015/12/16 20:12:43 ET
Table 'Mensa' 2-max Seat #2 is the button
Seat 1: toroza ($170.40 in chips)
Seat 2: Pandakey ($283.94 in chips)
Pandakey: posts small blind $1
toroza: posts big blind $3
*** HOLE CARDS ***
Pandakey: raises $3 to $6
toroza: calls $3
*** FLOP *** [Ah 5d 8s]
toroza: checks
Pandakey: bets $3
toroza: folds
Uncalled bet ($3) returned to Pandakey
Pandakey collected $11.76 from pot
Pandakey: doesn't show hand
*** SUMMARY ***
Total pot $12 | Rake $0.24
Board [Ah 5d 8s]
Seat 1: toroza (big blind) folded on the Flop
Seat 2: Pandakey (button) (small blind) collected ($11.76)


PokerStars Hand #145461736380:  Hold'em Limit ($3/$6 USD) - 2015/12/16 20:12:56 ET
Table 'Mensa' 2-max Seat #1 is the button
Seat 1: toroza ($164.40 in chips)
Seat 2: Pandakey ($289.70 in chips)
toroza: posts small blind $1
Pandakey: posts big blind $3
*** HOLE CARDS ***
toroza: raises $3 to $6
Pandakey: raises $3 to $9
toroza: calls $3
*** FLOP *** [8d 2h 2c]
Pandakey: bets $3
toroza: calls $3
*** TURN *** [8d 2h 2c] [Th]
Pandakey: bets $6
toroza: calls $6
*** RIVER *** [8d 2h 2c Th] [Ad]
Pandakey: bets $6
toroza: raises $6 to $12
Pandakey: raises $6 to $18
toroza: calls $6
*** SHOW DOWN ***
Pandakey: shows [8s 8h] (a full house, Eights full of Deuces)
toroza: mucks hand
Pandakey collected $71.50 from pot
*** SUMMARY ***
Total pot $72 | Rake $0.50
Board [8d 2h 2c Th Ad]
Seat 1: toroza (button) (small blind) mucked
Seat 2: Pandakey (big blind) showed [8s 8h] and won ($71.50) with a full house, Eights full of Deuces


PokerStars Hand #145461751454:  Hold'em Limit ($3/$6 USD) - 2015/12/16 20:13:25 ET
Table 'Mensa' 2-max Seat #2 is the button
Seat 1: toroza ($128.40 in chips)
Seat 2: Pandakey ($325.20 in chips)
Pandakey: posts small blind $1
toroza: posts big blind $3
*** HOLE CARDS ***
Pandakey: raises $3 to $6
toroza: raises $3 to $9
Pandakey: calls $3
*** FLOP *** [2h 7s 2d]
toroza: bets $3
Pandakey: folds
Uncalled bet ($3) returned to toroza
toroza collected $17.64 from pot
toroza: doesn't show hand
*** SUMMARY ***
Total pot $18 | Rake $0.36
Board [2h 7s 2d]
Seat 1: toroza (big blind) collected ($17.64)
Seat 2: Pandakey (button) (small blind) folded on the Flop


PokerStars Hand #145461757330:  Hold'em Limit ($3/$6 USD) - 2015/12/16 20:13:36 ET
Table 'Mensa' 2-max Seat #1 is the button
Seat 1: toroza ($137.04 in chips)
Seat 2: Pandakey ($316.20 in chips)
toroza: posts small blind $1
Pandakey: posts big blind $3
*** HOLE CARDS ***
toroza: raises $3 to $6
Pandakey: calls $3
*** FLOP *** [4d Js Jh]
Pandakey: checks
toroza: bets $3
Pandakey: folds
Uncalled bet ($3) returned to toroza
toroza collected $11.76 from pot
toroza: doesn't show hand
*** SUMMARY ***
Total pot $12 | Rake $0.24
Board [4d Js Jh]
Seat 1: toroza (button) (small blind) collected ($11.76)
Seat 2: Pandakey (big blind) folded on the Flop


PokerStars Hand #145461762912:  Hold'em Limit ($3/$6 USD) - 2015/12/16 20:13:47 ET
Table 'Mensa' 2-max Seat #2 is the button
Seat 1: toroza ($142.80 in chips)
Seat 2: Pandakey ($310.20 in chips)
Pandakey: posts small blind $1
toroza: posts big blind $3
*** HOLE CARDS ***
Pandakey: raises $3 to $6
toroza: calls $3
*** FLOP *** [Ts Kd 8s]
toroza: checks
Pandakey: checks
*** TURN *** [Ts Kd 8s] [Jh]
toroza: checks
Pandakey: bets $6
toroza: calls $6
*** RIVER *** [Ts Kd 8s Jh] [7s]
toroza: checks
Pandakey: bets $6
toroza: calls $6
*** SHOW DOWN ***
Pandakey: shows [8d Jc] (two pair, Jacks and Eights)
toroza: mucks hand
Pandakey collected $35.50 from pot
*** SUMMARY ***
Total pot $36 | Rake $0.50
Board [Ts Kd 8s Jh 7s]
Seat 1: toroza (big blind) mucked
Seat 2: Pandakey (button) (small blind) showed [8d Jc] and won ($35.50) with two pair, Jacks and Eights


PokerStars Hand #145461773236:  Hold'em Limit ($3/$6 USD) - 2015/12/16 20:14:07 ET
Table 'Mensa' 2-max Seat #1 is the button
Seat 1: toroza ($124.80 in chips)
Seat 2: Pandakey ($327.70 in chips)
toroza: posts small blind $1
Pandakey: posts big blind $3
*** HOLE CARDS ***
toroza: raises $3 to $6
Pandakey: calls $3
*** FLOP *** [9s 8d Ac]
Pandakey: checks
toroza: checks
*** TURN *** [9s 8d Ac] [4h]
Pandakey: checks
toroza: bets $6
Pandakey: calls $6
*** RIVER *** [9s 8d Ac 4h] [4d]
Pandakey: checks
toroza: bets $6
Pandakey: calls $6
*** SHOW DOWN ***
toroza: shows [6h 6c] (two pair, Sixes and Fours)
Pandakey: mucks hand
toroza collected $35.50 from pot
*** SUMMARY ***
Total pot $36 | Rake $0.50
Board [9s 8d Ac 4h 4d]
Seat 1: toroza (button) (small blind) showed [6h 6c] and won ($35.50) with two pair, Sixes and Fours
Seat 2: Pandakey (big blind) mucked


PokerStars Hand #145461783858:  Hold'em Limit ($3/$6 USD) - 2015/12/16 20:14:27 ET
Table 'Mensa' 2-max Seat #2 is the button
Seat 1: toroza ($142.30 in chips)
Seat 2: Pandakey ($309.70 in chips)
Pandakey: posts small blind $1
toroza: posts big blind $3
*** HOLE CARDS ***
Pandakey: raises $3 to $6
toroza: calls $3
*** FLOP *** [3h Kh Ac]
toroza: checks
Pandakey: checks
*** TURN *** [3h Kh Ac] [9s]
toroza: bets $6
Pandakey: calls $6
*** RIVER *** [3h Kh Ac 9s] [Jd]
toroza: bets $6
Pandakey: calls $6
*** SHOW DOWN ***
toroza: shows [6d 9c] (a pair of Nines)
Pandakey: shows [Tc Td] (a pair of Tens)
Pandakey collected $35.50 from pot
*** SUMMARY ***
Total pot $36 | Rake $0.50
Board [3h Kh Ac 9s Jd]
Seat 1: toroza (big blind) showed [6d 9c] and lost with a pair of Nines
Seat 2: Pandakey (button) (small blind) showed [Tc Td] and won ($35.50) with a pair of Tens


PokerStars Hand #145461794871:  Hold'em Limit ($3/$6 USD) - 2015/12/16 20:14:48 ET
Table 'Mensa' 2-max Seat #1 is the button
Seat 1: toroza ($124.30 in chips)
Seat 2: Pandakey ($327.20 in chips)
toroza: posts small blind $1
Pandakey: posts big blind $3
*** HOLE CARDS ***
toroza: raises $3 to $6
Pandakey: calls $3
*** FLOP *** [5s 8h 5d]
Pandakey: checks
toroza: bets $3
Pandakey: folds
Uncalled bet ($3) returned to toroza
toroza collected $11.76 from pot
toroza: doesn't show hand
*** SUMMARY ***
Total pot $12 | Rake $0.24
Board [5s 8h 5d]
Seat 1: toroza (button) (small blind) collected ($11.76)
Seat 2: Pandakey (big blind) folded on the Flop


PokerStars Hand #145461800539:  Hold'em Limit ($3/$6 USD) - 2015/12/16 20:14:59 ET
Table 'Mensa' 2-max Seat #2 is the button
Seat 1: toroza ($130.06 in chips)
Seat 2: Pandakey ($321.20 in chips)
Pandakey: posts small blind $1
toroza: posts big blind $3
*** HOLE CARDS ***
Pandakey: raises $3 to $6
toroza: calls $3
*** FLOP *** [Qd 8d 3s]
toroza: checks
Pandakey: checks
*** TURN *** [Qd 8d 3s] [9s]
toroza: bets $6
Pandakey: calls $6
*** RIVER *** [Qd 8d 3s 9s] [9c]
toroza: bets $6
Pandakey: calls $6
*** SHOW DOWN ***
toroza: shows [Td 4d] (a pair of Nines)
Pandakey: shows [Ac Ts] (a pair of Nines - Ace kicker)
Pandakey collected $35.50 from pot
*** SUMMARY ***
Total pot $36 | Rake $0.50
Board [Qd 8d 3s 9s 9c]
Seat 1: toroza (big blind) showed [Td 4d] and lost with a pair of Nines
Seat 2: Pandakey (button) (small blind) showed [Ac Ts] and won ($35.50) with a pair of Nines


PokerStars Hand #145461818171:  Hold'em Limit ($3/$6 USD) - 2015/12/16 20:15:32 ET
Table 'Mensa' 2-max Seat #2 is the button
Seat 1: toroza ($106.06 in chips)
Seat 2: Pandakey ($344.46 in chips)
Pandakey: posts small blind $1
toroza: posts big blind $3
*** HOLE CARDS ***
Pandakey: raises $3 to $6
toroza: calls $3
*** FLOP *** [Qd Ac 9s]
toroza: checks
Pandakey: bets $3
toroza: folds
Uncalled bet ($3) returned to Pandakey
Pandakey collected $11.76 from pot
Pandakey: doesn't show hand
*** SUMMARY ***
Total pot $12 | Rake $0.24
Board [Qd Ac 9s]
Seat 1: toroza (big blind) folded on the Flop
Seat 2: Pandakey (button) (small blind) collected ($11.76)


PokerStars Hand #145461824007:  Hold'em Limit ($3/$6 USD) - 2015/12/16 20:15:43 ET
Table 'Mensa' 2-max Seat #1 is the button
Seat 1: toroza ($100.06 in chips)
Seat 2: Pandakey ($350.22 in chips)
toroza: posts small blind $1
Pandakey: posts big blind $3
*** HOLE CARDS ***
toroza: raises $3 to $6
Pandakey: calls $3
*** FLOP *** [3s Ah 4d]
Pandakey: bets $3
toroza: raises $3 to $6
Pandakey: calls $3
*** TURN *** [3s Ah 4d] [3d]
Pandakey: checks
toroza: bets $6
Pandakey: folds
Uncalled bet ($6) returned to toroza
toroza collected $23.52 from pot
toroza: doesn't show hand
*** SUMMARY ***
Total pot $24 | Rake $0.48
Board [3s Ah 4d 3d]
Seat 1: toroza (button) (small blind) collected ($23.52)
Seat 2: Pandakey (big blind) folded on the Turn


PokerStars Hand #145461834016:  Hold'em Limit ($3/$6 USD) - 2015/12/16 20:16:02 ET
Table 'Mensa' 2-max Seat #2 is the button
Seat 1: toroza ($111.58 in chips)
Seat 2: Pandakey ($338.22 in chips)
Pandakey: posts small blind $1
toroza: posts big blind $3
*** HOLE CARDS ***
Pandakey: raises $3 to $6
toroza: calls $3
*** FLOP *** [Js 8c Kd]
toroza: checks
Pandakey: bets $3
toroza: calls $3
*** TURN *** [Js 8c Kd] [Ah]
toroza: checks
Pandakey: checks
*** RIVER *** [Js 8c Kd Ah] [8h]
toroza: checks
Pandakey: bets $6
toroza: folds
Uncalled bet ($6) returned to Pandakey
Pandakey collected $17.64 from pot
Pandakey: doesn't show hand
*** SUMMARY ***
Total pot $18 | Rake $0.36
Board [Js 8c Kd Ah 8h]
Seat 1: toroza (big blind) folded on the River
Seat 2: Pandakey (button) (small blind) collected ($17.64)


PokerStars Hand #145461846987:  Hold'em Limit ($3/$6 USD) - 2015/12/16 20:16:27 ET
Table 'Mensa' 2-max Seat #1 is the button
Seat 1: toroza ($102.58 in chips)
Seat 2: Pandakey ($346.86 in chips)
toroza: posts small blind $1
Pandakey: posts big blind $3
*** HOLE CARDS ***
toroza: raises $3 to $6
Pandakey: calls $3
*** FLOP *** [2s As Ts]
Pandakey: checks
toroza: checks
*** TURN *** [2s As Ts] [8d]
Pandakey: checks
toroza: checks
*** RIVER *** [2s As Ts 8d] [2d]
Pandakey: checks
toroza: bets $6
Pandakey: folds
Uncalled bet ($6) returned to toroza
toroza collected $11.76 from pot
*** SUMMARY ***
Total pot $12 | Rake $0.24
Board [2s As Ts 8d 2d]
Seat 1: toroza (button) (small blind) collected ($11.76)
Seat 2: Pandakey (big blind) folded on the River


PokerStars Hand #145461854965:  Hold'em Limit ($3/$6 USD) - 2015/12/16 20:16:42 ET
Table 'Mensa' 2-max Seat #2 is the button
Seat 1: toroza ($108.34 in chips)
Seat 2: Pandakey ($340.86 in chips)
Pandakey: posts small blind $1
toroza: posts big blind $3
*** HOLE CARDS ***
Pandakey: calls $2
toroza: raises $3 to $6
Pandakey: calls $3
*** FLOP *** [Tc 8s 3c]
toroza: bets $3
Pandakey: calls $3
*** TURN *** [Tc 8s 3c] [9d]
toroza: bets $6
Pandakey: calls $6
*** RIVER *** [Tc 8s 3c 9d] [4h]
toroza: bets $6
Pandakey: calls $6
*** SHOW DOWN ***
toroza: shows [Jh 7c] (a straight, Seven to Jack)
Pandakey: mucks hand
toroza collected $41.50 from pot
*** SUMMARY ***
Total pot $42 | Rake $0.50
Board [Tc 8s 3c 9d 4h]
Seat 1: toroza (big blind) showed [Jh 7c] and won ($41.50) with a straight, Seven to Jack
Seat 2: Pandakey (button) (small blind) mucked


PokerStars Hand #145461864964:  Hold'em Limit ($3/$6 USD) - 2015/12/16 20:17:01 ET
Table 'Mensa' 2-max Seat #1 is the button
Seat 1: toroza ($128.84 in chips)
Seat 2: Pandakey ($319.86 in chips)
toroza: posts small blind $1
Pandakey: posts big blind $3
*** HOLE CARDS ***
toroza: raises $3 to $6
Pandakey: calls $3
*** FLOP *** [Kd 6s 7h]
Pandakey: checks
toroza: checks
*** TURN *** [Kd 6s 7h] [6h]
Pandakey: checks
toroza: bets $6
Pandakey: raises $6 to $12
toroza: calls $6
*** RIVER *** [Kd 6s 7h 6h] [2h]
Pandakey: bets $6
toroza: folds
Uncalled bet ($6) returned to Pandakey
Pandakey collected $35.50 from pot
Pandakey: doesn't show hand
*** SUMMARY ***
Total pot $36 | Rake $0.50
Board [Kd 6s 7h 6h 2h]
Seat 1: toroza (button) (small blind) folded on the River
Seat 2: Pandakey (big blind) collected ($35.50)


PokerStars Hand #145461877897:  Hold'em Limit ($3/$6 USD) - 2015/12/16 20:17:26 ET
Table 'Mensa' 2-max Seat #2 is the button
Seat 1: toroza ($110.84 in chips)
Seat 2: Pandakey ($337.36 in chips)
Pandakey: posts small blind $1
toroza: posts big blind $3
*** HOLE CARDS ***
Pandakey: raises $3 to $6
toroza: raises $3 to $9
Pandakey: calls $3
*** FLOP *** [6d 7s Jd]
toroza: bets $3
Pandakey: calls $3
*** TURN *** [6d 7s Jd] [2c]
toroza: checks
Pandakey: bets $6
toroza: calls $6
*** RIVER *** [6d 7s Jd 2c] [9d]
toroza: checks
Pandakey: checks
*** SHOW DOWN ***
toroza: shows [Ac 5c] (high card Ace)
Pandakey: shows [Th 6s] (a pair of Sixes)
Pandakey collected $35.50 from pot
*** SUMMARY ***
Total pot $36 | Rake $0.50
Board [6d 7s Jd 2c 9d]
Seat 1: toroza (big blind) showed [Ac 5c] and lost with high card Ace
Seat 2: Pandakey (button) (small blind) showed [Th 6s] and won ($35.50) with a pair of Sixes


PokerStars Hand #145461893806:  Hold'em Limit ($3/$6 USD) - 2015/12/16 20:17:57 ET
Table 'Mensa' 2-max Seat #2 is the button
Seat 1: toroza ($98.60 in chips)
Seat 2: Pandakey ($348.86 in chips)
Pandakey: posts small blind $1
toroza: posts big blind $3
*** HOLE CARDS ***
Pandakey: folds
Uncalled bet ($2) returned to toroza
toroza collected $2 from pot
toroza: doesn't show hand
*** SUMMARY ***
Total pot $2 | Rake $0
Seat 1: toroza (big blind) collected ($2)
Seat 2: Pandakey (button) (small blind) folded before Flop


PokerStars Hand #145461888198:  Hold'em Limit ($3/$6 USD) - 2015/12/16 20:17:46 ET
Table 'Mensa' 2-max Seat #1 is the button
Seat 1: toroza ($92.84 in chips)
Seat 2: Pandakey ($354.86 in chips)
toroza: posts small blind $1
Pandakey: posts big blind $3
*** HOLE CARDS ***
toroza: raises $3 to $6
Pandakey: calls $3
*** FLOP *** [Ts 7h 7s]
Pandakey: checks
toroza: bets $3
Pandakey: folds
Uncalled bet ($3) returned to toroza
toroza collected $11.76 from pot
toroza: doesn't show hand
*** SUMMARY ***
Total pot $12 | Rake $0.24
Board [Ts 7h 7s]
Seat 1: toroza (button) (small blind) collected ($11.76)
Seat 2: Pandakey (big blind) folded on the Flop


PokerStars Hand #145461896971:  Hold'em Limit ($3/$6 USD) - 2015/12/16 20:18:03 ET
Table 'Mensa' 2-max Seat #1 is the button
Seat 1: toroza ($99.60 in chips)
Seat 2: Pandakey ($347.86 in chips)
toroza: posts small blind $1
Pandakey: posts big blind $3
*** HOLE CARDS ***
toroza: raises $3 to $6
Pandakey: calls $3
*** FLOP *** [6s Th 7c]
Pandakey: checks
toroza: bets $3
Pandakey: calls $3
*** TURN *** [6s Th 7c] [Qs]
Pandakey: checks
toroza: bets $6
Pandakey: raises $6 to $12
toroza: calls $6
*** RIVER *** [6s Th 7c Qs] [Qh]
Pandakey: bets $6
toroza: calls $6
*** SHOW DOWN ***
Pandakey: shows [9h Qc] (three of a kind, Queens)
toroza: mucks hand
Pandakey collected $53.50 from pot
*** SUMMARY ***
Total pot $54 | Rake $0.50
Board [6s Th 7c Qs Qh]
Seat 1: toroza (button) (small blind) mucked
Seat 2: Pandakey (big blind) showed [9h Qc] and won ($53.50) with three of a kind, Queens


PokerStars Hand #145461908571:  Hold'em Limit ($3/$6 USD) - 2015/12/16 20:18:25 ET
Table 'Mensa' 2-max Seat #2 is the button
Seat 1: toroza ($72.60 in chips)
Seat 2: Pandakey ($374.36 in chips)
Pandakey: posts small blind $1
toroza: posts big blind $3
*** HOLE CARDS ***
Pandakey: folds
Uncalled bet ($2) returned to toroza
toroza collected $2 from pot
toroza: doesn't show hand
*** SUMMARY ***
Total pot $2 | Rake $0
Seat 1: toroza (big blind) collected ($2)
Seat 2: Pandakey (button) (small blind) folded before Flop


PokerStars Hand #145461912330:  Hold'em Limit ($3/$6 USD) - 2015/12/16 20:18:33 ET
Table 'Mensa' 2-max Seat #1 is the button
Seat 1: toroza ($73.60 in chips)
Seat 2: Pandakey ($373.36 in chips)
toroza: posts small blind $1
Pandakey: posts big blind $3
*** HOLE CARDS ***
toroza: raises $3 to $6
Pandakey: calls $3
*** FLOP *** [Js 9h 2h]
Pandakey: checks
toroza: checks
*** TURN *** [Js 9h 2h] [Td]
Pandakey: checks
toroza: bets $6
Pandakey: calls $6
*** RIVER *** [Js 9h 2h Td] [Qh]
Pandakey: bets $6
toroza: calls $6
*** SHOW DOWN ***
Pandakey: shows [4d Ks] (a straight, Nine to King)
toroza: mucks hand
Pandakey collected $35.50 from pot
*** SUMMARY ***
Total pot $36 | Rake $0.50
Board [Js 9h 2h Td Qh]
Seat 1: toroza (button) (small blind) mucked
Seat 2: Pandakey (big blind) showed [4d Ks] and won ($35.50) with a straight, Nine to King


PokerStars Hand #145461924425:  Hold'em Limit ($3/$6 USD) - 2015/12/16 20:18:56 ET
Table 'Mensa' 2-max Seat #2 is the button
Seat 1: toroza ($55.60 in chips)
Seat 2: Pandakey ($390.86 in chips)
Pandakey: posts small blind $1
toroza: posts big blind $3
*** HOLE CARDS ***
Pandakey: raises $3 to $6
toroza: raises $3 to $9
Pandakey: calls $3
*** FLOP *** [9s Qc 5s]
toroza: bets $3
Pandakey: calls $3
*** TURN *** [9s Qc 5s] [Qd]
toroza: checks
Pandakey: bets $6
toroza: calls $6
*** RIVER *** [9s Qc 5s Qd] [Qh]
toroza: checks
Pandakey: bets $6
toroza: calls $6
*** SHOW DOWN ***
Pandakey: shows [9h Tc] (a full house, Queens full of Nines)
toroza: mucks hand
Pandakey collected $47.50 from pot
*** SUMMARY ***
Total pot $48 | Rake $0.50
Board [9s Qc 5s Qd Qh]
Seat 1: toroza (big blind) mucked
Seat 2: Pandakey (button) (small blind) showed [9h Tc] and won ($47.50) with a full house, Queens full of Nines


PokerStars Hand #145461935807:  Hold'em Limit ($3/$6 USD) - 2015/12/16 20:19:18 ET
Table 'Mensa' 2-max Seat #1 is the button
Seat 1: toroza ($31.60 in chips)
Seat 2: Pandakey ($414.36 in chips)
toroza: posts small blind $1
Pandakey: posts big blind $3
*** HOLE CARDS ***
toroza: raises $3 to $6
Pandakey: calls $3
*** FLOP *** [7h 9c 4c]
Pandakey: bets $3
toroza: raises $3 to $6
Pandakey: raises $3 to $9
toroza: calls $3
*** TURN *** [7h 9c 4c] [Jd]
Pandakey: bets $6
toroza: raises $6 to $12
Pandakey: raises $6 to $18
toroza: calls $4.60 and is all-in
Uncalled bet ($1.40) returned to Pandakey
*** RIVER *** [7h 9c 4c Jd] [6h]
*** SHOW DOWN ***
Pandakey: shows [4d 9h] (two pair, Nines and Fours)
toroza: shows [Jh 8d] (a pair of Jacks)
Pandakey collected $62.70 from pot
*** SUMMARY ***
Total pot $63.20 | Rake $0.50
Board [7h 9c 4c Jd 6h]
Seat 1: toroza (button) (small blind) showed [Jh 8d] and lost with a pair of Jacks
Seat 2: Pandakey (big blind) showed [4d 9h] and won ($62.70) with two pair, Nines and Fours


PokerStars Hand #145461949203:  Hold'em Limit ($3/$6 USD) - 2015/12/16 20:19:44 ET
Table 'Mensa' 2-max Seat #2 is the button
Seat 1: toroza ($66.70 in chips)
Seat 2: Pandakey ($445.46 in chips)
Pandakey: posts small blind $1
toroza: posts big blind $3
*** HOLE CARDS ***
Pandakey: raises $3 to $6
toroza: calls $3
*** FLOP *** [7s 9h 2s]
toroza: checks
Pandakey: bets $3
toroza: calls $3
*** TURN *** [7s 9h 2s] [6s]
toroza: checks
Pandakey: bets $6
toroza: folds
Uncalled bet ($6) returned to Pandakey
Pandakey collected $17.64 from pot
Pandakey: doesn't show hand
*** SUMMARY ***
Total pot $18 | Rake $0.36
Board [7s 9h 2s 6s]
Seat 1: toroza (big blind) folded on the Turn
Seat 2: Pandakey (button) (small blind) collected ($17.64)


PokerStars Hand #145461957684:  Hold'em Limit ($3/$6 USD) - 2015/12/16 20:20:01 ET
Table 'Mensa' 2-max Seat #1 is the button
Seat 1: toroza ($57.70 in chips)
Seat 2: Pandakey ($454.10 in chips)
toroza: posts small blind $1
Pandakey: posts big blind $3
*** HOLE CARDS ***
toroza: raises $3 to $6
Pandakey: calls $3
*** FLOP *** [8h 4s Qs]
Pandakey: checks
toroza: bets $3
Pandakey: folds
Uncalled bet ($3) returned to toroza
toroza collected $11.76 from pot
toroza: doesn't show hand
*** SUMMARY ***
Total pot $12 | Rake $0.24
Board [8h 4s Qs]
Seat 1: toroza (button) (small blind) collected ($11.76)
Seat 2: Pandakey (big blind) folded on the Flop


PokerStars Hand #145461962759:  Hold'em Limit ($3/$6 USD) - 2015/12/16 20:20:11 ET
Table 'Mensa' 2-max Seat #2 is the button
Seat 1: toroza ($63.46 in chips)
Seat 2: Pandakey ($448.10 in chips)
Pandakey: posts small blind $1
toroza: posts big blind $3
*** HOLE CARDS ***
Pandakey: raises $3 to $6
toroza: calls $3
*** FLOP *** [5c Jc 8h]
toroza: checks
Pandakey: checks
*** TURN *** [5c Jc 8h] [As]
toroza: bets $6
Pandakey: folds
Uncalled bet ($6) returned to toroza
toroza collected $11.76 from pot
toroza: doesn't show hand
*** SUMMARY ***
Total pot $12 | Rake $0.24
Board [5c Jc 8h As]
Seat 1: toroza (big blind) collected ($11.76)
Seat 2: Pandakey (button) (small blind) folded on the Turn


PokerStars Hand #145461969413:  Hold'em Limit ($3/$6 USD) - 2015/12/16 20:20:24 ET
Table 'Mensa' 2-max Seat #1 is the button
Seat 1: toroza ($69.22 in chips)
Seat 2: Pandakey ($442.10 in chips)
toroza: posts small blind $1
Pandakey: posts big blind $3
*** HOLE CARDS ***
toroza: raises $3 to $6
Pandakey: raises $3 to $9
toroza: calls $3
*** FLOP *** [Js 5d Jh]
Pandakey: bets $3
toroza: calls $3
*** TURN *** [Js 5d Jh] [6d]
Pandakey: checks
toroza: checks
*** RIVER *** [Js 5d Jh 6d] [Qs]
Pandakey: checks
toroza: bets $6
Pandakey: calls $6
*** SHOW DOWN ***
toroza: shows [7s Qd] (two pair, Queens and Jacks)
Pandakey: mucks hand
toroza collected $35.50 from pot
*** SUMMARY ***
Total pot $36 | Rake $0.50
Board [Js 5d Jh 6d Qs]
Seat 1: toroza (button) (small blind) showed [7s Qd] and won ($35.50) with two pair, Queens and Jacks
Seat 2: Pandakey (big blind) mucked


PokerStars Hand #145461977903:  Hold'em Limit ($3/$6 USD) - 2015/12/16 20:20:40 ET
Table 'Mensa' 2-max Seat #2 is the button
Seat 1: toroza ($86.72 in chips)
Seat 2: Pandakey ($424.10 in chips)
Pandakey: posts small blind $1
toroza: posts big blind $3
*** HOLE CARDS ***
Pandakey: raises $3 to $6
toroza: calls $3
*** FLOP *** [8s Kc Qh]
toroza: checks
Pandakey: bets $3
toroza: folds
Uncalled bet ($3) returned to Pandakey
Pandakey collected $11.76 from pot
Pandakey: doesn't show hand
*** SUMMARY ***
Total pot $12 | Rake $0.24
Board [8s Kc Qh]
Seat 1: toroza (big blind) folded on the Flop
Seat 2: Pandakey (button) (small blind) collected ($11.76)


PokerStars Hand #145461983942:  Hold'em Limit ($3/$6 USD) - 2015/12/16 20:20:52 ET
Table 'Mensa' 2-max Seat #1 is the button
Seat 1: toroza ($80.72 in chips)
Seat 2: Pandakey ($429.86 in chips)
toroza: posts small blind $1
Pandakey: posts big blind $3
*** HOLE CARDS ***
toroza: raises $3 to $6
Pandakey: calls $3
*** FLOP *** [8c 6d 5d]
Pandakey: checks
toroza: bets $3
Pandakey: folds
Uncalled bet ($3) returned to toroza
toroza collected $11.76 from pot
toroza: doesn't show hand
*** SUMMARY ***
Total pot $12 | Rake $0.24
Board [8c 6d 5d]
Seat 1: toroza (button) (small blind) collected ($11.76)
Seat 2: Pandakey (big blind) folded on the Flop


PokerStars Hand #145461997947:  Hold'em Limit ($3/$6 USD) - 2015/12/16 20:21:20 ET
Table 'Mensa' 2-max Seat #1 is the button
Seat 1: toroza ($100.98 in chips)
Seat 2: Pandakey ($408.86 in chips)
toroza: posts small blind $1
Pandakey: posts big blind $3
*** HOLE CARDS ***
toroza: raises $3 to $6
Pandakey: folds
Uncalled bet ($3) returned to toroza
toroza collected $6 from pot
toroza: doesn't show hand
*** SUMMARY ***
Total pot $6 | Rake $0
Seat 1: toroza (button) (small blind) collected ($6)
Seat 2: Pandakey (big blind) folded before Flop


PokerStars Hand #145461989790:  Hold'em Limit ($3/$6 USD) - 2015/12/16 20:21:03 ET
Table 'Mensa' 2-max Seat #2 is the button
Seat 1: toroza ($86.48 in chips)
Seat 2: Pandakey ($423.86 in chips)
Pandakey: posts small blind $1
toroza: posts big blind $3
*** HOLE CARDS ***
Pandakey: raises $3 to $6
toroza: calls $3
*** FLOP *** [6s Tc Td]
toroza: checks
Pandakey: bets $3
toroza: calls $3
*** TURN *** [6s Tc Td] [8s]
toroza: checks
Pandakey: bets $6
toroza: calls $6
*** RIVER *** [6s Tc Td 8s] [Ts]
toroza: checks
Pandakey: checks
*** SHOW DOWN ***
toroza: shows [As 7c] (three of a kind, Tens)
Pandakey: mucks hand
toroza collected $29.50 from pot
*** SUMMARY ***
Total pot $30 | Rake $0.50
Board [6s Tc Td 8s Ts]
Seat 1: toroza (big blind) showed [As 7c] and won ($29.50) with three of a kind, Tens
Seat 2: Pandakey (button) (small blind) mucked


PokerStars Hand #145462022346:  Hold'em Limit ($3/$6 USD) - 2015/12/16 20:22:07 ET
Table 'Mensa' 2-max Seat #2 is the button
Seat 1: toroza ($91.50 in chips)
Seat 2: Pandakey ($417.36 in chips)
Pandakey: posts small blind $1
toroza: posts big blind $3
*** HOLE CARDS ***
Pandakey: raises $3 to $6
toroza: calls $3
*** FLOP *** [2h 4c As]
toroza: checks
Pandakey: bets $3
toroza: calls $3
*** TURN *** [2h 4c As] [Ts]
toroza: checks
Pandakey: bets $6
toroza: calls $6
*** RIVER *** [2h 4c As Ts] [Kd]
toroza: checks
Pandakey: bets $6
toroza: folds
Uncalled bet ($6) returned to Pandakey
Pandakey collected $29.50 from pot
Pandakey: doesn't show hand
*** SUMMARY ***
Total pot $30 | Rake $0.50
Board [2h 4c As Ts Kd]
Seat 1: toroza (big blind) folded on the River
Seat 2: Pandakey (button) (small blind) collected ($29.50)


PokerStars Hand #145462009133:  Hold'em Limit ($3/$6 USD) - 2015/12/16 20:21:42 ET
Table 'Mensa' 2-max Seat #1 is the button
Seat 1: toroza ($115.50 in chips)
Seat 2: Pandakey ($393.86 in chips)
toroza: posts small blind $1
Pandakey: posts big blind $3
*** HOLE CARDS ***
toroza: raises $3 to $6
Pandakey: raises $3 to $9
toroza: calls $3
*** FLOP *** [9c 2c 3c]
Pandakey: bets $3
toroza: calls $3
*** TURN *** [9c 2c 3c] [2h]
Pandakey: bets $6
toroza: calls $6
*** RIVER *** [9c 2c 3c 2h] [Jc]
Pandakey: bets $6
toroza: calls $6
*** SHOW DOWN ***
Pandakey: shows [Kd 9d] (two pair, Nines and Deuces)
toroza: mucks hand
Pandakey collected $47.50 from pot
*** SUMMARY ***
Total pot $48 | Rake $0.50
Board [9c 2c 3c 2h Jc]
Seat 1: toroza (button) (small blind) mucked
Seat 2: Pandakey (big blind) showed [Kd 9d] and won ($47.50) with two pair, Nines and Deuces


PokerStars Hand #145462001324:  Hold'em Limit ($3/$6 USD) - 2015/12/16 20:21:26 ET
Table 'Mensa' 2-max Seat #2 is the button
Seat 1: toroza ($103.98 in chips)
Seat 2: Pandakey ($405.86 in chips)
Pandakey: posts small blind $1
toroza: posts big blind $3
*** HOLE CARDS ***
Pandakey: raises $3 to $6
toroza: calls $3
*** FLOP *** [5c 8c Qd]
toroza: checks
Pandakey: checks
*** TURN *** [5c 8c Qd] [Td]
toroza: checks
Pandakey: bets $6
toroza: calls $6
*** RIVER *** [5c 8c Qd Td] [3c]
toroza: checks
Pandakey: checks
*** SHOW DOWN ***
toroza: shows [6c Ad] (high card Ace)
Pandakey: mucks hand
toroza collected $23.52 from pot
*** SUMMARY ***
Total pot $24 | Rake $0.48
Board [5c 8c Qd Td 3c]
Seat 1: toroza (big blind) showed [6c Ad] and won ($23.52) with high card Ace
Seat 2: Pandakey (button) (small blind) mucked


PokerStars Hand #145462051878:  Hold'em Limit ($3/$6 USD) - 2015/12/16 20:23:06 ET
Table 'Mensa' 2-max Seat #1 is the button
Seat 1: toroza ($88 in chips)
Seat 2: Pandakey ($419.38 in chips)
toroza: posts small blind $1
Pandakey: posts big blind $3
*** HOLE CARDS ***
toroza: raises $3 to $6
Pandakey: calls $3
*** FLOP *** [2c 7d 4d]
Pandakey: checks
toroza: bets $3
Pandakey: calls $3
*** TURN *** [2c 7d 4d] [Ts]
Pandakey: checks
toroza: bets $6
Pandakey: raises $6 to $12
toroza: calls $6
*** RIVER *** [2c 7d 4d Ts] [9s]
Pandakey: bets $6
toroza: calls $6
*** SHOW DOWN ***
Pandakey: shows [Qh Tc] (a pair of Tens)
toroza: mucks hand
Pandakey collected $53.50 from pot
*** SUMMARY ***
Total pot $54 | Rake $0.50
Board [2c 7d 4d Ts 9s]
Seat 1: toroza (button) (small blind) mucked
Seat 2: Pandakey (big blind) showed [Qh Tc] and won ($53.50) with a pair of Tens


PokerStars Hand #145462043159:  Hold'em Limit ($3/$6 USD) - 2015/12/16 20:22:49 ET
Table 'Mensa' 2-max Seat #2 is the button
Seat 1: toroza ($64.50 in chips)
Seat 2: Pandakey ($443.38 in chips)
Pandakey: posts small blind $1
toroza: posts big blind $3
*** HOLE CARDS ***
Pandakey: raises $3 to $6
toroza: calls $3
*** FLOP *** [7c Tc Kd]
toroza: checks
Pandakey: bets $3
toroza: raises $3 to $6
Pandakey: calls $3
*** TURN *** [7c Tc Kd] [6h]
toroza: bets $6
Pandakey: calls $6
*** RIVER *** [7c Tc Kd 6h] [Js]
toroza: bets $6
Pandakey: calls $6
*** SHOW DOWN ***
toroza: shows [2c Kc] (a pair of Kings)
Pandakey: mucks hand
toroza collected $47.50 from pot
*** SUMMARY ***
Total pot $48 | Rake $0.50
Board [7c Tc Kd 6h Js]
Seat 1: toroza (big blind) showed [2c Kc] and won ($47.50) with a pair of Kings
Seat 2: Pandakey (button) (small blind) mucked


PokerStars Hand #145462088531:  Hold'em Limit ($3/$6 USD) - 2015/12/16 20:24:19 ET
Table 'Mensa' 2-max Seat #1 is the button
Seat 1: toroza ($81.02 in chips)
Seat 2: Pandakey ($424.64 in chips)
toroza: posts small blind $1
Pandakey: posts big blind $3
*** HOLE CARDS ***
toroza: raises $3 to $6
Pandakey: calls $3
*** FLOP *** [8h 3s 4c]
Pandakey: checks
toroza: bets $3
Pandakey: calls $3
*** TURN *** [8h 3s 4c] [5h]
Pandakey: checks
toroza: bets $6
Pandakey: folds
Uncalled bet ($6) returned to toroza
toroza collected $17.64 from pot
toroza: doesn't show hand
*** SUMMARY ***
Total pot $18 | Rake $0.36
Board [8h 3s 4c 5h]
Seat 1: toroza (button) (small blind) collected ($17.64)
Seat 2: Pandakey (big blind) folded on the Turn


PokerStars Hand #145462080639:  Hold'em Limit ($3/$6 USD) - 2015/12/16 20:24:03 ET
Table 'Mensa' 2-max Seat #2 is the button
Seat 1: toroza ($69.50 in chips)
Seat 2: Pandakey ($436.64 in chips)
Pandakey: posts small blind $1
toroza: posts big blind $3
*** HOLE CARDS ***
Pandakey: raises $3 to $6
toroza: calls $3
*** FLOP *** [8d 5c 5s]
toroza: checks
Pandakey: checks
*** TURN *** [8d 5c 5s] [2s]
toroza: bets $6
Pandakey: calls $6
*** RIVER *** [8d 5c 5s 2s] [9c]
toroza: bets $6
Pandakey: folds
Uncalled bet ($6) returned to toroza
toroza collected $23.52 from pot
toroza: doesn't show hand
*** SUMMARY ***
Total pot $24 | Rake $0.48
Board [8d 5c 5s 2s 9c]
Seat 1: toroza (big blind) collected ($23.52)
Seat 2: Pandakey (button) (small blind) folded on the River


PokerStars Hand #145462071016:  Hold'em Limit ($3/$6 USD) - 2015/12/16 20:23:44 ET
Table 'Mensa' 2-max Seat #1 is the button
Seat 1: toroza ($75.50 in chips)
Seat 2: Pandakey ($430.88 in chips)
toroza: posts small blind $1
Pandakey: posts big blind $3
*** HOLE CARDS ***
toroza: raises $3 to $6
Pandakey: calls $3
*** FLOP *** [8s Ah 4h]
Pandakey: checks
toroza: checks
*** TURN *** [8s Ah 4h] [4c]
Pandakey: checks
toroza: checks
*** RIVER *** [8s Ah 4h 4c] [9h]
Pandakey: checks
toroza: checks
*** SHOW DOWN ***
Pandakey: shows [Jh 7s] (a pair of Fours)
toroza: mucks hand
Pandakey collected $11.76 from pot
*** SUMMARY ***
Total pot $12 | Rake $0.24
Board [8s Ah 4h 4c 9h]
Seat 1: toroza (button) (small blind) mucked
Seat 2: Pandakey (big blind) showed [Jh 7s] and won ($11.76) with a pair of Fours


PokerStars Hand #145462062639:  Hold'em Limit ($3/$6 USD) - 2015/12/16 20:23:27 ET
Table 'Mensa' 2-max Seat #2 is the button
Seat 1: toroza ($61 in chips)
Seat 2: Pandakey ($445.88 in chips)
Pandakey: posts small blind $1
toroza: posts big blind $3
*** HOLE CARDS ***
Pandakey: raises $3 to $6
toroza: calls $3
*** FLOP *** [Ah 4c 6s]
toroza: checks
Pandakey: bets $3
toroza: calls $3
*** TURN *** [Ah 4c 6s] [7h]
toroza: checks
Pandakey: bets $6
toroza: raises $6 to $12
Pandakey: folds
Uncalled bet ($6) returned to toroza
toroza collected $29.50 from pot
toroza: doesn't show hand
*** SUMMARY ***
Total pot $30 | Rake $0.50
Board [Ah 4c 6s 7h]
Seat 1: toroza (big blind) collected ($29.50)
Seat 2: Pandakey (button) (small blind) folded on the Turn


PokerStars Hand #145462113321:  Hold'em Limit ($3/$6 USD) - 2015/12/16 20:25:08 ET
Table 'Mensa' 2-max Seat #1 is the button
Seat 1: toroza ($75.30 in chips)
Seat 2: Pandakey ($429.14 in chips)
toroza: posts small blind $1
Pandakey: posts big blind $3
*** HOLE CARDS ***
toroza: raises $3 to $6
Pandakey: calls $3
*** FLOP *** [6d 4c 6c]
Pandakey: bets $3
toroza: calls $3
*** TURN *** [6d 4c 6c] [2h]
Pandakey: bets $6
toroza: calls $6
*** RIVER *** [6d 4c 6c 2h] [Tc]
Pandakey: bets $6
toroza: folds
Uncalled bet ($6) returned to Pandakey
Pandakey collected $29.50 from pot
Pandakey: doesn't show hand
*** SUMMARY ***
Total pot $30 | Rake $0.50
Board [6d 4c 6c 2h Tc]
Seat 1: toroza (button) (small blind) folded on the River
Seat 2: Pandakey (big blind) collected ($29.50)


PokerStars Hand #145462110849:  Hold'em Limit ($3/$6 USD) - 2015/12/16 20:25:03 ET
Table 'Mensa' 2-max Seat #2 is the button
Seat 1: toroza ($74.30 in chips)
Seat 2: Pandakey ($430.14 in chips)
Pandakey: posts small blind $1
toroza: posts big blind $3
*** HOLE CARDS ***
Pandakey: folds
Uncalled bet ($2) returned to toroza
toroza collected $2 from pot
toroza: doesn't show hand
*** SUMMARY ***
Total pot $2 | Rake $0
Seat 1: toroza (big blind) collected ($2)
Seat 2: Pandakey (button) (small blind) folded before Flop


PokerStars Hand #145462101389:  Hold'em Limit ($3/$6 USD) - 2015/12/16 20:24:44 ET
Table 'Mensa' 2-max Seat #1 is the button
Seat 1: toroza ($98.30 in chips)
Seat 2: Pandakey ($406.64 in chips)
toroza: posts small blind $1
Pandakey: posts big blind $3
*** HOLE CARDS ***
toroza: raises $3 to $6
Pandakey: calls $3
*** FLOP *** [Qd Kd Ah]
Pandakey: checks
toroza: bets $3
Pandakey: raises $3 to $6
toroza: calls $3
*** TURN *** [Qd Kd Ah] [8c]
Pandakey: bets $6
toroza: calls $6
*** RIVER *** [Qd Kd Ah 8c] [7s]
Pandakey: bets $6
toroza: calls $6
*** SHOW DOWN ***
Pandakey: shows [8h Ad] (two pair, Aces and Eights)
toroza: mucks hand
Pandakey collected $47.50 from pot
*** SUMMARY ***
Total pot $48 | Rake $0.50
Board [Qd Kd Ah 8c 7s]
Seat 1: toroza (button) (small blind) mucked
Seat 2: Pandakey (big blind) showed [8h Ad] and won ($47.50) with two pair, Aces and Eights


PokerStars Hand #145462095681:  Hold'em Limit ($3/$6 USD) - 2015/12/16 20:24:33 ET
Table 'Mensa' 2-max Seat #2 is the button
Seat 1: toroza ($89.66 in chips)
Seat 2: Pandakey ($415.64 in chips)
Pandakey: posts small blind $1
toroza: posts big blind $3
*** HOLE CARDS ***
Pandakey: raises $3 to $6
toroza: calls $3
*** FLOP *** [Jc Td Tc]
toroza: checks
Pandakey: bets $3
toroza: raises $3 to $6
Pandakey: folds
Uncalled bet ($3) returned to toroza
toroza collected $17.64 from pot
toroza: doesn't show hand
*** SUMMARY ***
Total pot $18 | Rake $0.36
Board [Jc Td Tc]
Seat 1: toroza (big blind) collected ($17.64)
Seat 2: Pandakey (button) (small blind) folded on the Flop


PokerStars Hand #145462143680:  Hold'em Limit ($3/$6 USD) - 2015/12/16 20:26:08 ET
Table 'Mensa' 2-max Seat #1 is the button
Seat 1: toroza ($19.30 in chips)
Seat 2: Pandakey ($483.64 in chips)
toroza: posts small blind $1
Pandakey: posts big blind $3
*** HOLE CARDS ***
toroza: raises $3 to $6
Pandakey: calls $3
*** FLOP *** [Td 7c 6d]
Pandakey: checks
toroza: checks
*** TURN *** [Td 7c 6d] [Ac]
Pandakey: checks
toroza: checks
*** RIVER *** [Td 7c 6d Ac] [Qs]
Pandakey: bets $6
toroza: folds
Uncalled bet ($6) returned to Pandakey
Pandakey collected $11.76 from pot
Pandakey: doesn't show hand
*** SUMMARY ***
Total pot $12 | Rake $0.24
Board [Td 7c 6d Ac Qs]
Seat 1: toroza (button) (small blind) folded on the River
Seat 2: Pandakey (big blind) collected ($11.76)


PokerStars Hand #145462141202:  Hold'em Limit ($3/$6 USD) - 2015/12/16 20:26:03 ET
Table 'Mensa' 2-max Seat #2 is the button
Seat 1: toroza ($18.30 in chips)
Seat 2: Pandakey ($484.64 in chips)
Pandakey: posts small blind $1
toroza: posts big blind $3
*** HOLE CARDS ***
Pandakey: folds
Uncalled bet ($2) returned to toroza
toroza collected $2 from pot
toroza: doesn't show hand
*** SUMMARY ***
Total pot $2 | Rake $0
Seat 1: toroza (big blind) collected ($2)
Seat 2: Pandakey (button) (small blind) folded before Flop


PokerStars Hand #145462131178:  Hold'em Limit ($3/$6 USD) - 2015/12/16 20:25:43 ET
Table 'Mensa' 2-max Seat #1 is the button
Seat 1: toroza ($36.30 in chips)
Seat 2: Pandakey ($467.14 in chips)
toroza: posts small blind $1
Pandakey: posts big blind $3
*** HOLE CARDS ***
toroza: raises $3 to $6
Pandakey: calls $3
*** FLOP *** [4d 9d 6d]
Pandakey: bets $3
toroza: raises $3 to $6
Pandakey: calls $3
*** TURN *** [4d 9d 6d] [Kc]
Pandakey: checks
toroza: checks
*** RIVER *** [4d 9d 6d Kc] [2d]
Pandakey: checks
toroza: bets $6
Pandakey: calls $6
*** SHOW DOWN ***
toroza: shows [Qh Js] (high card King)
Pandakey: shows [Qc 6c] (a pair of Sixes)
Pandakey collected $35.50 from pot
*** SUMMARY ***
Total pot $36 | Rake $0.50
Board [4d 9d 6d Kc 2d]
Seat 1: toroza (button) (small blind) showed [Qh Js] and lost with high card King
Seat 2: Pandakey (big blind) showed [Qc 6c] and won ($35.50) with a pair of Sixes


PokerStars Hand #145462120885:  Hold'em Limit ($3/$6 USD) - 2015/12/16 20:25:23 ET
Table 'Mensa' 2-max Seat #2 is the button
Seat 1: toroza ($60.30 in chips)
Seat 2: Pandakey ($443.64 in chips)
Pandakey: posts small blind $1
toroza: posts big blind $3
*** HOLE CARDS ***
Pandakey: raises $3 to $6
toroza: calls $3
*** FLOP *** [5c 8s Ac]
toroza: checks
Pandakey: checks
*** TURN *** [5c 8s Ac] [Jd]
toroza: checks
Pandakey: bets $6
toroza: raises $6 to $12
Pandakey: calls $6
*** RIVER *** [5c 8s Ac Jd] [6d]
toroza: bets $6
Pandakey: calls $6
*** SHOW DOWN ***
toroza: shows [Kd Jh] (a pair of Jacks)
Pandakey: shows [Qs Qd] (a pair of Queens)
Pandakey collected $47.50 from pot
*** SUMMARY ***
Total pot $48 | Rake $0.50
Board [5c 8s Ac Jd 6d]
Seat 1: toroza (big blind) showed [Kd Jh] and lost with a pair of Jacks
Seat 2: Pandakey (button) (small blind) showed [Qs Qd] and won ($47.50) with a pair of Queens


PokerStars Hand #145462152990:  Hold'em Limit ($3/$6 USD) - 2015/12/16 20:26:27 ET
Table 'Mensa' 2-max Seat #2 is the button
Seat 1: toroza ($13.30 in chips)
Seat 2: Pandakey ($489.40 in chips)
Pandakey: posts small blind $1
toroza: posts big blind $3
*** HOLE CARDS ***
Pandakey: raises $3 to $6
toroza: calls $3
*** FLOP *** [Jc Td Ks]
toroza: checks
Pandakey: checks
*** TURN *** [Jc Td Ks] [Ac]
toroza: bets $6
Pandakey: calls $6
*** RIVER *** [Jc Td Ks Ac] [5h]
toroza: bets $1.30 and is all-in
Pandakey: calls $1.30
*** SHOW DOWN ***
toroza: shows [5s 8s] (a pair of Fives)
Pandakey: shows [8d Th] (a pair of Tens)
Pandakey collected $26.10 from pot
*** SUMMARY ***
Total pot $26.60 | Rake $0.50
Board [Jc Td Ks Ac 5h]
Seat 1: toroza (big blind) showed [5s 8s] and lost with a pair of Fives
Seat 2: Pandakey (button) (small blind) showed [8d Th] and won ($26.10) with a pair of Tens


