PokerStars Hand #148119661522:  Hold'em Limit ($3/$6 USD) - 2016/02/02 13:27:58 ET
Table 'Mensa II' 6-max Seat #2 is the button
Seat 2: Norbert-04 ($72 in chips)
Seat 6: JayEm82 ($137.34 in chips)
Norbert-04: posts small blind $1
JayEm82: posts big blind $3
*** HOLE CARDS ***
Norbert-04: raises $3 to $6
JayEm82: folds
Uncalled bet ($3) returned to Norbert-04
Norbert-04 collected $6 from pot
*** SUMMARY ***
Total pot $6 | Rake $0
Seat 2: Norbert-04 (button) (small blind) collected ($6)
Seat 6: JayEm82 (big blind) folded before Flop


PokerStars Hand #148119688678:  Hold'em Limit ($3/$6 USD) - 2016/02/02 13:28:25 ET
Table 'Mensa II' 6-max Seat #2 is the button
Seat 2: Norbert-04 ($54 in chips)
Seat 6: JayEm82 ($154.84 in chips)
Norbert-04: posts small blind $1
JayEm82: posts big blind $3
*** HOLE CARDS ***
Norbert-04: folds
Uncalled bet ($2) returned to JayEm82
JayEm82 collected $2 from pot
JayEm82: doesn't show hand
*** SUMMARY ***
Total pot $2 | Rake $0
Seat 2: Norbert-04 (button) (small blind) folded before Flop
Seat 6: JayEm82 (big blind) collected ($2)


PokerStars Hand #148119668813:  Hold'em Limit ($3/$6 USD) - 2016/02/02 13:28:05 ET
Table 'Mensa II' 6-max Seat #6 is the button
Seat 2: Norbert-04 ($75 in chips)
Seat 6: JayEm82 ($134.34 in chips)
JayEm82: posts small blind $1
Norbert-04: posts big blind $3
*** HOLE CARDS ***
JayEm82: raises $3 to $6
Norbert-04: calls $3
*** FLOP *** [5s 2h 6d]
Norbert-04: checks
JayEm82: bets $3
Norbert-04: calls $3
*** TURN *** [5s 2h 6d] [7h]
Norbert-04: checks
JayEm82: bets $6
Norbert-04: calls $6
*** RIVER *** [5s 2h 6d 7h] [6s]
Norbert-04: checks
JayEm82: bets $6
Norbert-04: calls $6
*** SHOW DOWN ***
JayEm82: shows [Ks 7s] (two pair, Sevens and Sixes)
Norbert-04: mucks hand
JayEm82 collected $41.50 from pot
*** SUMMARY ***
Total pot $42 | Rake $0.50
Board [5s 2h 6d 7h 6s]
Seat 2: Norbert-04 (big blind) mucked
Seat 6: JayEm82 (button) (small blind) showed [Ks 7s] and won ($41.50) with two pair, Sevens and Sixes


PokerStars Hand #148119694956:  Hold'em Limit ($3/$6 USD) - 2016/02/02 13:28:31 ET
Table 'Mensa II' 6-max Seat #6 is the button
Seat 2: Norbert-04 ($53 in chips)
Seat 6: JayEm82 ($155.84 in chips)
JayEm82: posts small blind $1
Norbert-04: posts big blind $3
*** HOLE CARDS ***
JayEm82: raises $3 to $6
Norbert-04: calls $3
*** FLOP *** [7c 6h 5s]
Norbert-04: checks
JayEm82: bets $3
Norbert-04: raises $3 to $6
JayEm82: calls $3
*** TURN *** [7c 6h 5s] [5h]
Norbert-04: bets $6
SashaYuvelir joins the table at seat #3
JayEm82: raises $6 to $12
Norbert-04: calls $6
*** RIVER *** [7c 6h 5s 5h] [Ts]
Norbert-04: checks
JayEm82: bets $6
Norbert-04: folds
Uncalled bet ($6) returned to JayEm82
JayEm82 collected $47.50 from pot
JayEm82: doesn't show hand
*** SUMMARY ***
Total pot $48 | Rake $0.50
Board [7c 6h 5s 5h Ts]
Seat 2: Norbert-04 (big blind) folded on the River
Seat 6: JayEm82 (button) (small blind) collected ($47.50)


PokerStars Hand #148119767027:  Hold'em Limit ($3/$6 USD) - 2016/02/02 13:29:40 ET
Table 'Mensa II' 6-max Seat #6 is the button
Seat 3: SashaYuvelir ($122.51 in chips)
Seat 6: JayEm82 ($155.34 in chips)
JayEm82: posts small blind $1
SashaYuvelir: posts big blind $3
*** HOLE CARDS ***
JayEm82: raises $3 to $6
SashaYuvelir: calls $3
*** FLOP *** [6s 6h 9d]
SashaYuvelir: checks
JayEm82: bets $3
SashaYuvelir: calls $3
*** TURN *** [6s 6h 9d] [7h]
SashaYuvelir: bets $6
JayEm82: calls $6
*** RIVER *** [6s 6h 9d 7h] [8h]
SashaYuvelir: bets $6
JayEm82: raises $6 to $12
SashaYuvelir: calls $6
*** SHOW DOWN ***
JayEm82: shows [7d Ts] (a straight, Six to Ten)
SashaYuvelir: mucks hand
JayEm82 collected $53.50 from pot
*** SUMMARY ***
Total pot $54 | Rake $0.50
Board [6s 6h 9d 7h 8h]
Seat 3: SashaYuvelir (big blind) mucked
Seat 6: JayEm82 (button) (small blind) showed [7d Ts] and won ($53.50) with a straight, Six to Ten


PokerStars Hand #148119792910:  Hold'em Limit ($3/$6 USD) - 2016/02/02 13:30:05 ET
Table 'Mensa II' 6-max Seat #3 is the button
Seat 3: SashaYuvelir ($95.51 in chips)
Seat 6: JayEm82 ($181.84 in chips)
SashaYuvelir: posts small blind $1
JayEm82: posts big blind $3
*** HOLE CARDS ***
SashaYuvelir: raises $3 to $6
JayEm82: calls $3
*** FLOP *** [Qd 9c 3h]
JayEm82: checks
SashaYuvelir: bets $3
JayEm82: calls $3
*** TURN *** [Qd 9c 3h] [6c]
JayEm82: checks
SashaYuvelir: bets $6
JayEm82: calls $6
*** RIVER *** [Qd 9c 3h 6c] [8h]
JayEm82: checks
SashaYuvelir: checks
*** SHOW DOWN ***
JayEm82: shows [6d Ad] (a pair of Sixes)
SashaYuvelir: mucks hand
JayEm82 collected $29.50 from pot
*** SUMMARY ***
Total pot $30 | Rake $0.50
Board [Qd 9c 3h 6c 8h]
Seat 3: SashaYuvelir (button) (small blind) mucked
Seat 6: JayEm82 (big blind) showed [6d Ad] and won ($29.50) with a pair of Sixes


PokerStars Hand #148122760230:  Hold'em Limit ($3/$6 USD) - 2016/02/02 14:17:35 ET
Table 'Mensa II' 6-max Seat #1 is the button
Seat 1: Datumboy ($262.89 in chips)
Seat 2: BelSv ($78 in chips)
Datumboy: posts small blind $1
BelSv: posts big blind $3
*** HOLE CARDS ***
Datumboy: raises $3 to $6
BelSv: calls $3
*** FLOP *** [7s As 2c]
BelSv: checks
Datumboy: bets $3
BelSv: calls $3
*** TURN *** [7s As 2c] [Qh]
BelSv: checks
Datumboy: bets $6
BelSv: calls $6
*** RIVER *** [7s As 2c Qh] [Qs]
72bestcard leaves the table
BelSv: checks
Datumboy: checks
*** SHOW DOWN ***
BelSv: shows [7d Th] (two pair, Queens and Sevens)
Datumboy: mucks hand
BelSv collected $29.50 from pot
*** SUMMARY ***
Total pot $30 | Rake $0.50
Board [7s As 2c Qh Qs]
Seat 1: Datumboy (button) (small blind) mucked
Seat 2: BelSv (big blind) showed [7d Th] and won ($29.50) with two pair, Queens and Sevens


PokerStars Hand #148122753062:  Hold'em Limit ($3/$6 USD) - 2016/02/02 14:17:28 ET
Table 'Mensa II' 6-max Seat #2 is the button
Seat 1: Datumboy ($261.89 in chips)
Seat 2: BelSv ($79 in chips)
BelSv: posts small blind $1
72bestcard: is sitting out
Datumboy: posts big blind $3
*** HOLE CARDS ***
BelSv: folds
Uncalled bet ($2) returned to Datumboy
Datumboy collected $2 from pot
Datumboy: doesn't show hand
*** SUMMARY ***
Total pot $2 | Rake $0
Seat 1: Datumboy (big blind) collected ($2)
Seat 2: BelSv (button) (small blind) folded before Flop


PokerStars Hand #148122780148:  Hold'em Limit ($3/$6 USD) - 2016/02/02 14:17:53 ET
Table 'Mensa II' 6-max Seat #2 is the button
Seat 1: Datumboy ($247.89 in chips)
Seat 2: BelSv ($92.50 in chips)
BelSv: posts small blind $1
Datumboy: posts big blind $3
*** HOLE CARDS ***
BelSv: raises $3 to $6
Datumboy: calls $3
*** FLOP *** [Js 9s 8s]
Datumboy: checks
BelSv: checks
*** TURN *** [Js 9s 8s] [5s]
Datumboy: bets $6
BelSv: calls $6
*** RIVER *** [Js 9s 8s 5s] [Ah]
Datumboy: checks
BelSv: bets $6
Datumboy: calls $6
*** SHOW DOWN ***
BelSv: shows [7c 7s] (a flush, Jack high)
Datumboy: mucks hand
BelSv collected $35.50 from pot
*** SUMMARY ***
Total pot $36 | Rake $0.50
Board [Js 9s 8s 5s Ah]
Seat 1: Datumboy (big blind) mucked
Seat 2: BelSv (button) (small blind) showed [7c 7s] and won ($35.50) with a flush, Jack high


PokerStars Hand #148122808238:  Hold'em Limit ($3/$6 USD) - 2016/02/02 14:18:19 ET
Table 'Mensa II' 6-max Seat #2 is the button
Seat 1: Datumboy ($228.89 in chips)
Seat 2: BelSv ($111 in chips)
BelSv: posts small blind $1
Datumboy: posts big blind $3
*** HOLE CARDS ***
BelSv: raises $3 to $6
Datumboy: folds
Uncalled bet ($3) returned to BelSv
BelSv collected $6 from pot
BelSv: doesn't show hand
*** SUMMARY ***
Total pot $6 | Rake $0
Seat 1: Datumboy (big blind) folded before Flop
Seat 2: BelSv (button) (small blind) collected ($6)


PokerStars Hand #148122803119:  Hold'em Limit ($3/$6 USD) - 2016/02/02 14:18:14 ET
Table 'Mensa II' 6-max Seat #1 is the button
Seat 1: Datumboy ($229.89 in chips)
Seat 2: BelSv ($110 in chips)
Datumboy: posts small blind $1
BelSv: posts big blind $3
*** HOLE CARDS ***
Datumboy: folds
Uncalled bet ($2) returned to BelSv
BelSv collected $2 from pot
BelSv: doesn't show hand
*** SUMMARY ***
Total pot $2 | Rake $0
Seat 1: Datumboy (button) (small blind) folded before Flop
Seat 2: BelSv (big blind) collected ($2)


PokerStars Hand #148122821945:  Hold'em Limit ($3/$6 USD) - 2016/02/02 14:18:32 ET
Table 'Mensa II' 6-max Seat #2 is the button
Seat 1: Datumboy ($224.89 in chips)
Seat 2: BelSv ($115 in chips)
BelSv: posts small blind $1
Datumboy: posts big blind $3
*** HOLE CARDS ***
BelSv: raises $3 to $6
Datumboy: folds
Uncalled bet ($3) returned to BelSv
BelSv collected $6 from pot
BelSv: doesn't show hand
*** SUMMARY ***
Total pot $6 | Rake $0
Seat 1: Datumboy (big blind) folded before Flop
Seat 2: BelSv (button) (small blind) collected ($6)


PokerStars Hand #148122817049:  Hold'em Limit ($3/$6 USD) - 2016/02/02 14:18:27 ET
Table 'Mensa II' 6-max Seat #1 is the button
Seat 1: Datumboy ($225.89 in chips)
Seat 2: BelSv ($114 in chips)
Datumboy: posts small blind $1
BelSv: posts big blind $3
*** HOLE CARDS ***
Datumboy: folds
Uncalled bet ($2) returned to BelSv
BelSv collected $2 from pot
BelSv: doesn't show hand
*** SUMMARY ***
Total pot $2 | Rake $0
Seat 1: Datumboy (button) (small blind) folded before Flop
Seat 2: BelSv (big blind) collected ($2)


PokerStars Hand #148122828438:  Hold'em Limit ($3/$6 USD) - 2016/02/02 14:18:38 ET
Table 'Mensa II' 6-max Seat #1 is the button
Seat 1: Datumboy ($221.89 in chips)
Seat 2: BelSv ($118 in chips)
Datumboy: posts small blind $1
BelSv: posts big blind $3
*** HOLE CARDS ***
Datumboy: raises $3 to $6
BelSv: raises $3 to $9
Datumboy: calls $3
*** FLOP *** [8d Ac 9s]
BelSv: bets $3
Datumboy: calls $3
*** TURN *** [8d Ac 9s] [6s]
BelSv: checks
Datumboy: bets $6
BelSv: calls $6
*** RIVER *** [8d Ac 9s 6s] [Th]
BelSv: checks
Datumboy: bets $6
BelSv: folds
Uncalled bet ($6) returned to Datumboy
Datumboy collected $35.50 from pot
Datumboy: doesn't show hand
*** SUMMARY ***
Total pot $36 | Rake $0.50
Board [8d Ac 9s 6s Th]
Seat 1: Datumboy (button) (small blind) collected ($35.50)
Seat 2: BelSv (big blind) folded on the River


PokerStars Hand #148122911321:  Hold'em Limit ($3/$6 USD) - 2016/02/02 14:19:54 ET
Table 'Mensa II' 6-max Seat #1 is the button
Seat 1: Datumboy ($233.39 in chips)
Seat 2: BelSv ($105.76 in chips)
Datumboy: posts small blind $1
BelSv: posts big blind $3
*** HOLE CARDS ***
Datumboy: raises $3 to $6
BelSv: raises $3 to $9
Datumboy: calls $3
*** FLOP *** [7c 4d 9h]
BelSv: bets $3
Datumboy: calls $3
*** TURN *** [7c 4d 9h] [Ah]
BelSv: bets $6
Datumboy: calls $6
*** RIVER *** [7c 4d 9h Ah] [3d]
BelSv: bets $6
Datumboy: calls $6
*** SHOW DOWN ***
BelSv: shows [Ac Jh] (a pair of Aces)
Datumboy: mucks hand
BelSv collected $47.50 from pot
*** SUMMARY ***
Total pot $48 | Rake $0.50
Board [7c 4d 9h Ah 3d]
Seat 1: Datumboy (button) (small blind) mucked
Seat 2: BelSv (big blind) showed [Ac Jh] and won ($47.50) with a pair of Aces


PokerStars Hand #148122906235:  Hold'em Limit ($3/$6 USD) - 2016/02/02 14:19:50 ET
Table 'Mensa II' 6-max Seat #2 is the button
Seat 1: Datumboy ($232.39 in chips)
Seat 2: BelSv ($106.76 in chips)
BelSv: posts small blind $1
Datumboy: posts big blind $3
*** HOLE CARDS ***
BelSv: folds
Uncalled bet ($2) returned to Datumboy
Datumboy collected $2 from pot
Datumboy: doesn't show hand
*** SUMMARY ***
Total pot $2 | Rake $0
Seat 1: Datumboy (big blind) collected ($2)
Seat 2: BelSv (button) (small blind) folded before Flop


PokerStars Hand #148122900800:  Hold'em Limit ($3/$6 USD) - 2016/02/02 14:19:44 ET
Table 'Mensa II' 6-max Seat #1 is the button
Seat 1: Datumboy ($233.39 in chips)
Seat 2: BelSv ($105.76 in chips)
Datumboy: posts small blind $1
BelSv: posts big blind $3
*** HOLE CARDS ***
Datumboy: folds
Uncalled bet ($2) returned to BelSv
BelSv collected $2 from pot
BelSv: doesn't show hand
*** SUMMARY ***
Total pot $2 | Rake $0
Seat 1: Datumboy (button) (small blind) folded before Flop
Seat 2: BelSv (big blind) collected ($2)


PokerStars Hand #148122874586:  Hold'em Limit ($3/$6 USD) - 2016/02/02 14:19:20 ET
Table 'Mensa II' 6-max Seat #2 is the button
Seat 1: Datumboy ($239.39 in chips)
Seat 2: BelSv ($100 in chips)
BelSv: posts small blind $1
Datumboy: posts big blind $3
*** HOLE CARDS ***
BelSv: raises $3 to $6
Datumboy: calls $3
*** FLOP *** [4h Ks 4d]
Datumboy: checks
BelSv: bets $3
Datumboy: folds
Uncalled bet ($3) returned to BelSv
BelSv collected $11.76 from pot
BelSv: doesn't show hand
*** SUMMARY ***
Total pot $12 | Rake $0.24
Board [4h Ks 4d]
Seat 1: Datumboy (big blind) folded on the Flop
Seat 2: BelSv (button) (small blind) collected ($11.76)


PokerStars Hand #148122868901:  Hold'em Limit ($3/$6 USD) - 2016/02/02 14:19:15 ET
Table 'Mensa II' 6-max Seat #1 is the button
Seat 1: Datumboy ($240.39 in chips)
Seat 2: BelSv ($99 in chips)
Datumboy: posts small blind $1
BelSv: posts big blind $3
*** HOLE CARDS ***
Datumboy: folds
Uncalled bet ($2) returned to BelSv
BelSv collected $2 from pot
BelSv: doesn't show hand
*** SUMMARY ***
Total pot $2 | Rake $0
Seat 1: Datumboy (button) (small blind) folded before Flop
Seat 2: BelSv (big blind) collected ($2)


PokerStars Hand #148122863514:  Hold'em Limit ($3/$6 USD) - 2016/02/02 14:19:10 ET
Table 'Mensa II' 6-max Seat #2 is the button
Seat 1: Datumboy ($239.39 in chips)
Seat 2: BelSv ($100 in chips)
BelSv: posts small blind $1
Datumboy: posts big blind $3
*** HOLE CARDS ***
BelSv: folds
Uncalled bet ($2) returned to Datumboy
Datumboy collected $2 from pot
Datumboy: doesn't show hand
*** SUMMARY ***
Total pot $2 | Rake $0
Seat 1: Datumboy (big blind) collected ($2)
Seat 2: BelSv (button) (small blind) folded before Flop


PokerStars Hand #148122930014:  Hold'em Limit ($3/$6 USD) - 2016/02/02 14:20:11 ET
Table 'Mensa II' 6-max Seat #2 is the button
Seat 1: Datumboy ($209.39 in chips)
Seat 2: BelSv ($129.26 in chips)
BelSv: posts small blind $1
Datumboy: posts big blind $3
*** HOLE CARDS ***
BelSv: raises $3 to $6
Datumboy: calls $3
*** FLOP *** [Kc 3d 2c]
Datumboy: checks
BelSv: bets $3
Datumboy: folds
Uncalled bet ($3) returned to BelSv
BelSv collected $11.76 from pot
BelSv: doesn't show hand
*** SUMMARY ***
Total pot $12 | Rake $0.24
Board [Kc 3d 2c]
Seat 1: Datumboy (big blind) folded on the Flop
Seat 2: BelSv (button) (small blind) collected ($11.76)


PokerStars Hand #148122990804:  Hold'em Limit ($3/$6 USD) - 2016/02/02 14:21:07 ET
Table 'Mensa II' 6-max Seat #2 is the button
Seat 1: Datumboy ($191.89 in chips)
Seat 2: BelSv ($145.52 in chips)
BelSv: posts small blind $1
Datumboy: posts big blind $3
*** HOLE CARDS ***
BelSv: raises $3 to $6
Datumboy: folds
Uncalled bet ($3) returned to BelSv
BelSv collected $6 from pot
BelSv: doesn't show hand
*** SUMMARY ***
Total pot $6 | Rake $0
Seat 1: Datumboy (big blind) folded before Flop
Seat 2: BelSv (button) (small blind) collected ($6)


PokerStars Hand #148122966516:  Hold'em Limit ($3/$6 USD) - 2016/02/02 14:20:45 ET
Table 'Mensa II' 6-max Seat #1 is the button
Seat 1: Datumboy ($218.89 in chips)
Seat 2: BelSv ($119.02 in chips)
Datumboy: posts small blind $1
BelSv: posts big blind $3
*** HOLE CARDS ***
Datumboy: calls $2
BelSv: raises $3 to $6
Datumboy: calls $3
*** FLOP *** [3s 2d Th]
BelSv: bets $3
Datumboy: calls $3
*** TURN *** [3s 2d Th] [Qh]
BelSv: bets $6
Datumboy: raises $6 to $12
BelSv: calls $6
*** RIVER *** [3s 2d Th Qh] [8c]
BelSv: checks
Datumboy: bets $6
BelSv: calls $6
*** SHOW DOWN ***
Datumboy: shows [Ts 9d] (a pair of Tens)
BelSv: shows [Qs 6h] (a pair of Queens)
BelSv collected $53.50 from pot
*** SUMMARY ***
Total pot $54 | Rake $0.50
Board [3s 2d Th Qh 8c]
Seat 1: Datumboy (button) (small blind) showed [Ts 9d] and lost with a pair of Tens
Seat 2: BelSv (big blind) showed [Qs 6h] and won ($53.50) with a pair of Queens


PokerStars Hand #148122961573:  Hold'em Limit ($3/$6 USD) - 2016/02/02 14:20:41 ET
Table 'Mensa II' 6-max Seat #2 is the button
Seat 1: Datumboy ($217.89 in chips)
Seat 2: BelSv ($120.02 in chips)
BelSv: posts small blind $1
Datumboy: posts big blind $3
*** HOLE CARDS ***
BelSv: folds
Uncalled bet ($2) returned to Datumboy
Datumboy collected $2 from pot
Datumboy: doesn't show hand
*** SUMMARY ***
Total pot $2 | Rake $0
Seat 1: Datumboy (big blind) collected ($2)
Seat 2: BelSv (button) (small blind) folded before Flop


PokerStars Hand #148122940101:  Hold'em Limit ($3/$6 USD) - 2016/02/02 14:20:21 ET
Table 'Mensa II' 6-max Seat #1 is the button
Seat 1: Datumboy ($203.39 in chips)
Seat 2: BelSv ($135.02 in chips)
Datumboy: posts small blind $1
BelSv: posts big blind $3
*** HOLE CARDS ***
Datumboy: raises $3 to $6
BelSv: raises $3 to $9
Datumboy: calls $3
*** FLOP *** [2d Ts Ks]
BelSv: bets $3
Datumboy: raises $3 to $6
BelSv: calls $3
*** TURN *** [2d Ts Ks] [Kd]
BelSv: checks
Datumboy: checks
*** RIVER *** [2d Ts Ks Kd] [Qs]
BelSv: checks
Datumboy: bets $6
BelSv: folds
Uncalled bet ($6) returned to Datumboy
Datumboy collected $29.50 from pot
Datumboy: doesn't show hand
*** SUMMARY ***
Total pot $30 | Rake $0.50
Board [2d Ts Ks Kd Qs]
Seat 1: Datumboy (button) (small blind) collected ($29.50)
Seat 2: BelSv (big blind) folded on the River


PokerStars Hand #148122996063:  Hold'em Limit ($3/$6 USD) - 2016/02/02 14:21:12 ET
Table 'Mensa II' 6-max Seat #1 is the button
Seat 1: Datumboy ($188.89 in chips)
Seat 2: BelSv ($148.52 in chips)
Datumboy: posts small blind $1
BelSv: posts big blind $3
*** HOLE CARDS ***
Datumboy: folds
Uncalled bet ($2) returned to BelSv
BelSv collected $2 from pot
BelSv: doesn't show hand
*** SUMMARY ***
Total pot $2 | Rake $0
Seat 1: Datumboy (button) (small blind) folded before Flop
Seat 2: BelSv (big blind) collected ($2)


PokerStars Hand #148123055492:  Hold'em Limit ($3/$6 USD) - 2016/02/02 14:22:07 ET
Table 'Mensa II' 6-max Seat #2 is the button
Seat 1: Datumboy ($193.39 in chips)
Seat 2: BelSv ($143.04 in chips)
BelSv: posts small blind $1
Datumboy: posts big blind $3
*** HOLE CARDS ***
BelSv: folds
Uncalled bet ($2) returned to Datumboy
Datumboy collected $2 from pot
Datumboy: doesn't show hand
*** SUMMARY ***
Total pot $2 | Rake $0
Seat 1: Datumboy (big blind) collected ($2)
Seat 2: BelSv (button) (small blind) folded before Flop


PokerStars Hand #148123030953:  Hold'em Limit ($3/$6 USD) - 2016/02/02 14:21:45 ET
Table 'Mensa II' 6-max Seat #1 is the button
Seat 1: Datumboy ($205.39 in chips)
Seat 2: BelSv ($131.52 in chips)
Datumboy: posts small blind $1
BelSv: posts big blind $3
*** HOLE CARDS ***
Datumboy: raises $3 to $6
BelSv: raises $3 to $9
Datumboy: calls $3
*** FLOP *** [Ac 7c 6d]
BelSv: checks
Datumboy: bets $3
BelSv: calls $3
*** TURN *** [Ac 7c 6d] [Kd]
BelSv: checks
Datumboy: checks
*** RIVER *** [Ac 7c 6d Kd] [3d]
BelSv: checks
Datumboy: checks
*** SHOW DOWN ***
BelSv: shows [2d 2c] (a pair of Deuces)
Datumboy: mucks hand
BelSv collected $23.52 from pot
*** SUMMARY ***
Total pot $24 | Rake $0.48
Board [Ac 7c 6d Kd 3d]
Seat 1: Datumboy (button) (small blind) mucked
Seat 2: BelSv (big blind) showed [2d 2c] and won ($23.52) with a pair of Deuces


PokerStars Hand #148123001997:  Hold'em Limit ($3/$6 USD) - 2016/02/02 14:21:18 ET
Table 'Mensa II' 6-max Seat #2 is the button
Seat 1: Datumboy ($187.89 in chips)
Seat 2: BelSv ($149.52 in chips)
BelSv: posts small blind $1
Datumboy: posts big blind $3
*** HOLE CARDS ***
BelSv: raises $3 to $6
Datumboy: calls $3
*** FLOP *** [5c Qh 5h]
Datumboy: checks
BelSv: checks
*** TURN *** [5c Qh 5h] [Qd]
Datumboy: bets $6
BelSv: calls $6
*** RIVER *** [5c Qh 5h Qd] [2c]
Datumboy: bets $6
BelSv: calls $6
*** SHOW DOWN ***
Datumboy: shows [8h Qs] (a full house, Queens full of Fives)
BelSv: mucks hand
Datumboy collected $35.50 from pot
*** SUMMARY ***
Total pot $36 | Rake $0.50
Board [5c Qh 5h Qd 2c]
Seat 1: Datumboy (big blind) showed [8h Qs] and won ($35.50) with a full house, Queens full of Fives
Seat 2: BelSv (button) (small blind) mucked


PokerStars Hand #148123120327:  Hold'em Limit ($3/$6 USD) - 2016/02/02 14:23:06 ET
Table 'Mensa II' 6-max Seat #1 is the button
Seat 1: Datumboy ($212.55 in chips)
Seat 2: BelSv ($123.04 in chips)
Datumboy: posts small blind $1
BelSv: posts big blind $3
*** HOLE CARDS ***
Datumboy: folds
Uncalled bet ($2) returned to BelSv
BelSv collected $2 from pot
BelSv: doesn't show hand
*** SUMMARY ***
Total pot $2 | Rake $0
Seat 1: Datumboy (button) (small blind) folded before Flop
Seat 2: BelSv (big blind) collected ($2)


PokerStars Hand #148123107538:  Hold'em Limit ($3/$6 USD) - 2016/02/02 14:22:54 ET
Table 'Mensa II' 6-max Seat #2 is the button
Seat 1: Datumboy ($203.91 in chips)
Seat 2: BelSv ($132.04 in chips)
BelSv: posts small blind $1
Datumboy: posts big blind $3
*** HOLE CARDS ***
BelSv: raises $3 to $6
Datumboy: raises $3 to $9
BelSv: calls $3
*** FLOP *** [6d Qh 9c]
Datumboy: bets $3
BelSv: folds
Uncalled bet ($3) returned to Datumboy
Datumboy collected $17.64 from pot
Datumboy: doesn't show hand
*** SUMMARY ***
Total pot $18 | Rake $0.36
Board [6d Qh 9c]
Seat 1: Datumboy (big blind) collected ($17.64)
Seat 2: BelSv (button) (small blind) folded on the Flop


PokerStars Hand #148123100401:  Hold'em Limit ($3/$6 USD) - 2016/02/02 14:22:48 ET
Table 'Mensa II' 6-max Seat #1 is the button
Seat 1: Datumboy ($200.91 in chips)
Seat 2: BelSv ($135.04 in chips)
Datumboy: posts small blind $1
BelSv: posts big blind $3
*** HOLE CARDS ***
Datumboy: raises $3 to $6
BelSv: folds
Uncalled bet ($3) returned to Datumboy
Datumboy collected $6 from pot
Datumboy: doesn't show hand
*** SUMMARY ***
Total pot $6 | Rake $0
Seat 1: Datumboy (button) (small blind) collected ($6)
Seat 2: BelSv (big blind) folded before Flop


PokerStars Hand #148123080463:  Hold'em Limit ($3/$6 USD) - 2016/02/02 14:22:29 ET
Table 'Mensa II' 6-max Seat #2 is the button
Seat 1: Datumboy ($189.39 in chips)
Seat 2: BelSv ($147.04 in chips)
BelSv: posts small blind $1
Datumboy: posts big blind $3
*** HOLE CARDS ***
BelSv: raises $3 to $6
Datumboy: calls $3
*** FLOP *** [4h Tc Ah]
Datumboy: checks
BelSv: bets $3
Datumboy: raises $3 to $6
BelSv: calls $3
*** TURN *** [4h Tc Ah] [Ad]
Datumboy: bets $6
BelSv: folds
Uncalled bet ($6) returned to Datumboy
Datumboy collected $23.52 from pot
Datumboy: doesn't show hand
*** SUMMARY ***
Total pot $24 | Rake $0.48
Board [4h Tc Ah Ad]
Seat 1: Datumboy (big blind) collected ($23.52)
Seat 2: BelSv (button) (small blind) folded on the Turn


PokerStars Hand #148123073639:  Hold'em Limit ($3/$6 USD) - 2016/02/02 14:22:23 ET
Table 'Mensa II' 6-max Seat #1 is the button
Seat 1: Datumboy ($190.39 in chips)
Seat 2: BelSv ($146.04 in chips)
Datumboy: posts small blind $1
BelSv: posts big blind $3
*** HOLE CARDS ***
Datumboy: folds
Uncalled bet ($2) returned to BelSv
BelSv collected $2 from pot
BelSv: doesn't show hand
*** SUMMARY ***
Total pot $2 | Rake $0
Seat 1: Datumboy (button) (small blind) folded before Flop
Seat 2: BelSv (big blind) collected ($2)


PokerStars Hand #148123067112:  Hold'em Limit ($3/$6 USD) - 2016/02/02 14:22:17 ET
Table 'Mensa II' 6-max Seat #2 is the button
Seat 1: Datumboy ($193.39 in chips)
Seat 2: BelSv ($143.04 in chips)
BelSv: posts small blind $1
Datumboy: posts big blind $3
*** HOLE CARDS ***
BelSv: raises $3 to $6
Datumboy: folds
Uncalled bet ($3) returned to BelSv
BelSv collected $6 from pot
BelSv: doesn't show hand
*** SUMMARY ***
Total pot $6 | Rake $0
Seat 1: Datumboy (big blind) folded before Flop
Seat 2: BelSv (button) (small blind) collected ($6)


PokerStars Hand #148123061856:  Hold'em Limit ($3/$6 USD) - 2016/02/02 14:22:12 ET
Table 'Mensa II' 6-max Seat #1 is the button
Seat 1: Datumboy ($194.39 in chips)
Seat 2: BelSv ($142.04 in chips)
Datumboy: posts small blind $1
BelSv: posts big blind $3
*** HOLE CARDS ***
Datumboy: folds
Uncalled bet ($2) returned to BelSv
BelSv collected $2 from pot
BelSv: doesn't show hand
*** SUMMARY ***
Total pot $2 | Rake $0
Seat 1: Datumboy (button) (small blind) folded before Flop
Seat 2: BelSv (big blind) collected ($2)


PokerStars Hand #148123151040:  Hold'em Limit ($3/$6 USD) - 2016/02/02 14:23:34 ET
Table 'Mensa II' 6-max Seat #1 is the button
Seat 1: Datumboy ($190.55 in chips)
Seat 2: BelSv ($144.54 in chips)
Datumboy: posts small blind $1
BelSv: posts big blind $3
*** HOLE CARDS ***
Datumboy: folds
Uncalled bet ($2) returned to BelSv
BelSv collected $2 from pot
BelSv: doesn't show hand
*** SUMMARY ***
Total pot $2 | Rake $0
Seat 1: Datumboy (button) (small blind) folded before Flop
Seat 2: BelSv (big blind) collected ($2)


PokerStars Hand #148123126508:  Hold'em Limit ($3/$6 USD) - 2016/02/02 14:23:12 ET
Table 'Mensa II' 6-max Seat #2 is the button
Seat 1: Datumboy ($211.55 in chips)
Seat 2: BelSv ($124.04 in chips)
BelSv: posts small blind $1
Datumboy: posts big blind $3
*** HOLE CARDS ***
BelSv: raises $3 to $6
Datumboy: calls $3
*** FLOP *** [7c Ts 8d]
Datumboy: checks
BelSv: bets $3
Datumboy: calls $3
*** TURN *** [7c Ts 8d] [Kd]
Datumboy: checks
BelSv: bets $6
Datumboy: calls $6
*** RIVER *** [7c Ts 8d Kd] [4s]
Datumboy: checks
BelSv: bets $6
Datumboy: calls $6
*** SHOW DOWN ***
BelSv: shows [Tc 7h] (two pair, Tens and Sevens)
Datumboy: mucks hand
BelSv collected $41.50 from pot
*** SUMMARY ***
Total pot $42 | Rake $0.50
Board [7c Ts 8d Kd 4s]
Seat 1: Datumboy (big blind) mucked
Seat 2: BelSv (button) (small blind) showed [Tc 7h] and won ($41.50) with two pair, Tens and Sevens


PokerStars Hand #148123157704:  Hold'em Limit ($3/$6 USD) - 2016/02/02 14:23:40 ET
Table 'Mensa II' 6-max Seat #2 is the button
Seat 1: Datumboy ($189.55 in chips)
Seat 2: BelSv ($145.54 in chips)
BelSv: posts small blind $1
Datumboy: posts big blind $3
*** HOLE CARDS ***
BelSv: raises $3 to $6
Datumboy: calls $3
*** FLOP *** [Kd 3c 2h]
Datumboy: checks
BelSv: bets $3
Datumboy: raises $3 to $6
BelSv: folds
Uncalled bet ($3) returned to Datumboy
Datumboy collected $17.64 from pot
Datumboy: doesn't show hand
*** SUMMARY ***
Total pot $18 | Rake $0.36
Board [Kd 3c 2h]
Seat 1: Datumboy (big blind) collected ($17.64)
Seat 2: BelSv (button) (small blind) folded on the Flop


PokerStars Hand #148123208519:  Hold'em Limit ($3/$6 USD) - 2016/02/02 14:24:27 ET
Table 'Mensa II' 6-max Seat #1 is the button
Seat 1: Datumboy ($183.19 in chips)
Seat 2: BelSv ($151.06 in chips)
Datumboy: posts small blind $1
BelSv: posts big blind $3
*** HOLE CARDS ***
Datumboy: folds
Uncalled bet ($2) returned to BelSv
BelSv collected $2 from pot
BelSv: doesn't show hand
*** SUMMARY ***
Total pot $2 | Rake $0
Seat 1: Datumboy (button) (small blind) folded before Flop
Seat 2: BelSv (big blind) collected ($2)


PokerStars Hand #148123202125:  Hold'em Limit ($3/$6 USD) - 2016/02/02 14:24:21 ET
Table 'Mensa II' 6-max Seat #2 is the button
Seat 1: Datumboy ($186.19 in chips)
Seat 2: BelSv ($148.06 in chips)
BelSv: posts small blind $1
Datumboy: posts big blind $3
*** HOLE CARDS ***
BelSv: raises $3 to $6
Datumboy: folds
Uncalled bet ($3) returned to BelSv
BelSv collected $6 from pot
BelSv: doesn't show hand
*** SUMMARY ***
Total pot $6 | Rake $0
Seat 1: Datumboy (big blind) folded before Flop
Seat 2: BelSv (button) (small blind) collected ($6)


PokerStars Hand #148123213600:  Hold'em Limit ($3/$6 USD) - 2016/02/02 14:24:31 ET
Table 'Mensa II' 6-max Seat #2 is the button
Seat 1: Datumboy ($182.19 in chips)
Seat 2: BelSv ($152.06 in chips)
BelSv: posts small blind $1
Datumboy: posts big blind $3
*** HOLE CARDS ***
BelSv: folds
Uncalled bet ($2) returned to Datumboy
Datumboy collected $2 from pot
Datumboy: doesn't show hand
*** SUMMARY ***
Total pot $2 | Rake $0
Seat 1: Datumboy (big blind) collected ($2)
Seat 2: BelSv (button) (small blind) folded before Flop


PokerStars Hand #148123218908:  Hold'em Limit ($3/$6 USD) - 2016/02/02 14:24:36 ET
Table 'Mensa II' 6-max Seat #1 is the button
Seat 1: Datumboy ($183.19 in chips)
Seat 2: BelSv ($151.06 in chips)
Datumboy: posts small blind $1
BelSv: posts big blind $3
*** HOLE CARDS ***
Datumboy: raises $3 to $6
BelSv: raises $3 to $9
Datumboy: calls $3
*** FLOP *** [9s 5d 2h]
BelSv: bets $3
Datumboy: raises $3 to $6
BelSv: calls $3
*** TURN *** [9s 5d 2h] [Ac]
BelSv: checks
Datumboy: bets $6
BelSv: raises $6 to $12
Datumboy: folds
Uncalled bet ($6) returned to BelSv
BelSv collected $41.50 from pot
BelSv: doesn't show hand
*** SUMMARY ***
Total pot $42 | Rake $0.50
Board [9s 5d 2h Ac]
Seat 1: Datumboy (button) (small blind) folded on the Turn
Seat 2: BelSv (big blind) collected ($41.50)


PokerStars Hand #148123184517:  Hold'em Limit ($3/$6 USD) - 2016/02/02 14:24:05 ET
Table 'Mensa II' 6-max Seat #1 is the button
Seat 1: Datumboy ($198.19 in chips)
Seat 2: BelSv ($136.54 in chips)
Datumboy: posts small blind $1
BelSv: posts big blind $3
*** HOLE CARDS ***
Datumboy: raises $3 to $6
BelSv: calls $3
*** FLOP *** [3h Js Th]
BelSv: checks
Datumboy: checks
*** TURN *** [3h Js Th] [Qc]
BelSv: checks
Datumboy: checks
*** RIVER *** [3h Js Th Qc] [5d]
BelSv: bets $6
Datumboy: calls $6
*** SHOW DOWN ***
BelSv: shows [Tc 4s] (a pair of Tens)
Datumboy: mucks hand
BelSv collected $23.52 from pot
*** SUMMARY ***
Total pot $24 | Rake $0.48
Board [3h Js Th Qc 5d]
Seat 1: Datumboy (button) (small blind) mucked
Seat 2: BelSv (big blind) showed [Tc 4s] and won ($23.52) with a pair of Tens


PokerStars Hand #148123244101:  Hold'em Limit ($3/$6 USD) - 2016/02/02 14:24:59 ET
Table 'Mensa II' 6-max Seat #2 is the button
Seat 1: Datumboy ($162.19 in chips)
Seat 2: BelSv ($171.56 in chips)
BelSv: posts small blind $1
Datumboy: posts big blind $3
*** HOLE CARDS ***
BelSv: raises $3 to $6
Datumboy: calls $3
*** FLOP *** [6h 6s 4h]
Datumboy: checks
BelSv: checks
*** TURN *** [6h 6s 4h] [8s]
Datumboy: bets $6
BelSv: calls $6
*** RIVER *** [6h 6s 4h 8s] [3d]
Datumboy: bets $6
BelSv: calls $6
*** SHOW DOWN ***
Datumboy: shows [8c 9h] (two pair, Eights and Sixes)
BelSv: mucks hand
Datumboy collected $35.50 from pot
*** SUMMARY ***
Total pot $36 | Rake $0.50
Board [6h 6s 4h 8s 3d]
Seat 1: Datumboy (big blind) showed [8c 9h] and won ($35.50) with two pair, Eights and Sixes
Seat 2: BelSv (button) (small blind) mucked


PokerStars Hand #148123273951:  Hold'em Limit ($3/$6 USD) - 2016/02/02 14:25:26 ET
Table 'Mensa II' 6-max Seat #1 is the button
Seat 1: Datumboy ($179.69 in chips)
Seat 2: BelSv ($153.56 in chips)
Datumboy: posts small blind $1
BelSv: posts big blind $3
*** HOLE CARDS ***
Datumboy: raises $3 to $6
BelSv: raises $3 to $9
Datumboy: calls $3
*** FLOP *** [8c 4c 3c]
BelSv: checks
Datumboy: checks
*** TURN *** [8c 4c 3c] [Ts]
BelSv: checks
Datumboy: checks
*** RIVER *** [8c 4c 3c Ts] [2c]
BelSv: checks
Datumboy: bets $6
BelSv: raises $6 to $12
Datumboy: calls $6
*** SHOW DOWN ***
BelSv: shows [Qh Jd] (high card Queen)
Datumboy: shows [Js 9c] (a flush, Nine high)
Datumboy collected $41.50 from pot
*** SUMMARY ***
Total pot $42 | Rake $0.50
Board [8c 4c 3c Ts 2c]
Seat 1: Datumboy (button) (small blind) showed [Js 9c] and won ($41.50) with a flush, Nine high
Seat 2: BelSv (big blind) showed [Qh Jd] and lost with high card Queen


PokerStars Hand #148123303309:  Hold'em Limit ($3/$6 USD) - 2016/02/02 14:25:53 ET
Table 'Mensa II' 6-max Seat #2 is the button
Seat 1: Datumboy ($200.19 in chips)
Seat 2: BelSv ($132.56 in chips)
BelSv: posts small blind $1
Datumboy: posts big blind $3
*** HOLE CARDS ***
BelSv: raises $3 to $6
Datumboy: folds
Uncalled bet ($3) returned to BelSv
BelSv collected $6 from pot
BelSv: doesn't show hand
*** SUMMARY ***
Total pot $6 | Rake $0
Seat 1: Datumboy (big blind) folded before Flop
Seat 2: BelSv (button) (small blind) collected ($6)


PokerStars Hand #148123311708:  Hold'em Limit ($3/$6 USD) - 2016/02/02 14:26:01 ET
Table 'Mensa II' 6-max Seat #1 is the button
Seat 1: Datumboy ($197.19 in chips)
Seat 2: BelSv ($135.56 in chips)
Datumboy: posts small blind $1
BelSv: posts big blind $3
*** HOLE CARDS ***
Datumboy: folds
Uncalled bet ($2) returned to BelSv
BelSv collected $2 from pot
BelSv: doesn't show hand
*** SUMMARY ***
Total pot $2 | Rake $0
Seat 1: Datumboy (button) (small blind) folded before Flop
Seat 2: BelSv (big blind) collected ($2)


PokerStars Hand #148123352882:  Hold'em Limit ($3/$6 USD) - 2016/02/02 14:26:39 ET
Table 'Mensa II' 6-max Seat #1 is the button
Seat 1: Datumboy ($210.69 in chips)
Seat 2: BelSv ($121.56 in chips)
Datumboy: posts small blind $1
BelSv: posts big blind $3
*** HOLE CARDS ***
Datumboy: folds
Uncalled bet ($2) returned to BelSv
BelSv collected $2 from pot
BelSv: doesn't show hand
*** SUMMARY ***
Total pot $2 | Rake $0
Seat 1: Datumboy (button) (small blind) folded before Flop
Seat 2: BelSv (big blind) collected ($2)


PokerStars Hand #148123318315:  Hold'em Limit ($3/$6 USD) - 2016/02/02 14:26:07 ET
Table 'Mensa II' 6-max Seat #2 is the button
Seat 1: Datumboy ($196.19 in chips)
Seat 2: BelSv ($136.56 in chips)
BelSv: posts small blind $1
Datumboy: posts big blind $3
*** HOLE CARDS ***
BelSv: raises $3 to $6
Datumboy: calls $3
*** FLOP *** [6c 2h 4d]
Datumboy: checks
BelSv: bets $3
Datumboy: calls $3
*** TURN *** [6c 2h 4d] [8c]
Datumboy: checks
BelSv: checks
*** RIVER *** [6c 2h 4d 8c] [7c]
Datumboy: bets $6
BelSv: calls $6
*** SHOW DOWN ***
Datumboy: shows [Ah 8d] (a pair of Eights)
BelSv: mucks hand
Datumboy collected $29.50 from pot
*** SUMMARY ***
Total pot $30 | Rake $0.50
Board [6c 2h 4d 8c 7c]
Seat 1: Datumboy (big blind) showed [Ah 8d] and won ($29.50) with a pair of Eights
Seat 2: BelSv (button) (small blind) mucked


PokerStars Hand #148123357946:  Hold'em Limit ($3/$6 USD) - 2016/02/02 14:26:43 ET
Table 'Mensa II' 6-max Seat #2 is the button
Seat 1: Datumboy ($209.69 in chips)
Seat 2: BelSv ($122.56 in chips)
BelSv: posts small blind $1
Datumboy: posts big blind $3
*** HOLE CARDS ***
BelSv: folds
Uncalled bet ($2) returned to Datumboy
Datumboy collected $2 from pot
Datumboy: doesn't show hand
*** SUMMARY ***
Total pot $2 | Rake $0
Seat 1: Datumboy (big blind) collected ($2)
Seat 2: BelSv (button) (small blind) folded before Flop


PokerStars Hand #148123365989:  Hold'em Limit ($3/$6 USD) - 2016/02/02 14:26:51 ET
Table 'Mensa II' 6-max Seat #1 is the button
Seat 1: Datumboy ($210.69 in chips)
Seat 2: BelSv ($121.56 in chips)
Datumboy: posts small blind $1
BelSv: posts big blind $3
*** HOLE CARDS ***
Datumboy: raises $3 to $6
BelSv: calls $3
*** FLOP *** [4h 8h Kd]
BelSv: checks
Datumboy: bets $3
BelSv: folds
Uncalled bet ($3) returned to Datumboy
Datumboy collected $11.76 from pot
Datumboy: doesn't show hand
*** SUMMARY ***
Total pot $12 | Rake $0.24
Board [4h 8h Kd]
Seat 1: Datumboy (button) (small blind) collected ($11.76)
Seat 2: BelSv (big blind) folded on the Flop


PokerStars Hand #148123377613:  Hold'em Limit ($3/$6 USD) - 2016/02/02 14:27:01 ET
Table 'Mensa II' 6-max Seat #2 is the button
Seat 1: Datumboy ($216.45 in chips)
Seat 2: BelSv ($115.56 in chips)
BelSv: posts small blind $1
Datumboy: posts big blind $3
*** HOLE CARDS ***
BelSv: folds
Uncalled bet ($2) returned to Datumboy
Datumboy collected $2 from pot
Datumboy: doesn't show hand
*** SUMMARY ***
Total pot $2 | Rake $0
Seat 1: Datumboy (big blind) collected ($2)
Seat 2: BelSv (button) (small blind) folded before Flop


PokerStars Hand #148123382317:  Hold'em Limit ($3/$6 USD) - 2016/02/02 14:27:06 ET
Table 'Mensa II' 6-max Seat #1 is the button
Seat 1: Datumboy ($217.45 in chips)
Seat 2: BelSv ($114.56 in chips)
Datumboy: posts small blind $1
BelSv: posts big blind $3
*** HOLE CARDS ***
Datumboy: raises $3 to $6
BelSv: raises $3 to $9
Datumboy: calls $3
*** FLOP *** [3h 9h 8c]
BelSv: bets $3
Datumboy: calls $3
*** TURN *** [3h 9h 8c] [4s]
BelSv: checks
Datumboy: checks
*** RIVER *** [3h 9h 8c 4s] [Ah]
BelSv: bets $6
Datumboy: calls $6
*** SHOW DOWN ***
BelSv: shows [5s 5c] (a pair of Fives)
Datumboy: shows [Td 9s] (a pair of Nines)
Datumboy collected $35.50 from pot
*** SUMMARY ***
Total pot $36 | Rake $0.50
Board [3h 9h 8c 4s Ah]
Seat 1: Datumboy (button) (small blind) showed [Td 9s] and won ($35.50) with a pair of Nines
Seat 2: BelSv (big blind) showed [5s 5c] and lost with a pair of Fives


PokerStars Hand #148123408994:  Hold'em Limit ($3/$6 USD) - 2016/02/02 14:27:30 ET
Table 'Mensa II' 6-max Seat #2 is the button
Seat 1: Datumboy ($234.95 in chips)
Seat 2: BelSv ($96.56 in chips)
BelSv: posts small blind $1
Datumboy: posts big blind $3
*** HOLE CARDS ***
BelSv: raises $3 to $6
Datumboy: calls $3
*** FLOP *** [Ts 3h 2d]
Datumboy: checks
BelSv: bets $3
Datumboy: calls $3
*** TURN *** [Ts 3h 2d] [4s]
Datumboy: checks
BelSv: bets $6
Datumboy: raises $6 to $12
BelSv: calls $6
*** RIVER *** [Ts 3h 2d 4s] [Td]
Datumboy: bets $6
BelSv: raises $6 to $12
Datumboy: calls $6
*** SHOW DOWN ***
BelSv: shows [2c Tc] (a full house, Tens full of Deuces)
Datumboy: mucks hand
BelSv collected $65.50 from pot
*** SUMMARY ***
Total pot $66 | Rake $0.50
Board [Ts 3h 2d 4s Td]
Seat 1: Datumboy (big blind) mucked
Seat 2: BelSv (button) (small blind) showed [2c Tc] and won ($65.50) with a full house, Tens full of Deuces


PokerStars Hand #148123431841:  Hold'em Limit ($3/$6 USD) - 2016/02/02 14:27:51 ET
Table 'Mensa II' 6-max Seat #1 is the button
Seat 1: Datumboy ($201.95 in chips)
Seat 2: BelSv ($129.06 in chips)
Datumboy: posts small blind $1
BelSv: posts big blind $3
*** HOLE CARDS ***
Datumboy: raises $3 to $6
BelSv: raises $3 to $9
Datumboy: calls $3
*** FLOP *** [Ah As 6d]
BelSv: bets $3
Datumboy: calls $3
*** TURN *** [Ah As 6d] [Kd]
BelSv: bets $6
Datumboy: calls $6
*** RIVER *** [Ah As 6d Kd] [8h]
BelSv: checks
Datumboy: bets $6
BelSv: folds
Uncalled bet ($6) returned to Datumboy
Datumboy collected $35.50 from pot
Datumboy: doesn't show hand
*** SUMMARY ***
Total pot $36 | Rake $0.50
Board [Ah As 6d Kd 8h]
Seat 1: Datumboy (button) (small blind) collected ($35.50)
Seat 2: BelSv (big blind) folded on the River


PokerStars Hand #148123466451:  Hold'em Limit ($3/$6 USD) - 2016/02/02 14:28:22 ET
Table 'Mensa II' 6-max Seat #1 is the button
Seat 1: Datumboy ($228.09 in chips)
Seat 2: BelSv ($102.06 in chips)
Datumboy: posts small blind $1
BelSv: posts big blind $3
*** HOLE CARDS ***
Datumboy: raises $3 to $6
BelSv: folds
Uncalled bet ($3) returned to Datumboy
Datumboy collected $6 from pot
Datumboy: doesn't show hand
*** SUMMARY ***
Total pot $6 | Rake $0
Seat 1: Datumboy (button) (small blind) collected ($6)
Seat 2: BelSv (big blind) folded before Flop


PokerStars Hand #148123477824:  Hold'em Limit ($3/$6 USD) - 2016/02/02 14:28:33 ET
Table 'Mensa II' 6-max Seat #2 is the button
Seat 1: Datumboy ($231.09 in chips)
Seat 2: BelSv ($99.06 in chips)
BelSv: posts small blind $1
Datumboy: posts big blind $3
*** HOLE CARDS ***
BelSv: raises $3 to $6
Datumboy: calls $3
*** FLOP *** [Th Ks Ad]
Datumboy: bets $3
BelSv: calls $3
*** TURN *** [Th Ks Ad] [6d]
Datumboy: bets $6
BelSv: raises $6 to $12
Datumboy: folds
Uncalled bet ($6) returned to BelSv
BelSv collected $29.50 from pot
BelSv: doesn't show hand
*** SUMMARY ***
Total pot $30 | Rake $0.50
Board [Th Ks Ad 6d]
Seat 1: Datumboy (big blind) folded on the Turn
Seat 2: BelSv (button) (small blind) collected ($29.50)


PokerStars Hand #148123452436:  Hold'em Limit ($3/$6 USD) - 2016/02/02 14:28:10 ET
Table 'Mensa II' 6-max Seat #2 is the button
Seat 1: Datumboy ($219.45 in chips)
Seat 2: BelSv ($111.06 in chips)
BelSv: posts small blind $1
Datumboy: posts big blind $3
*** HOLE CARDS ***
BelSv: raises $3 to $6
Datumboy: calls $3
*** FLOP *** [Kh Ts 3s]
Datumboy: checks
BelSv: bets $3
Datumboy: raises $3 to $6
BelSv: folds
Uncalled bet ($3) returned to Datumboy
Datumboy collected $17.64 from pot
Datumboy: doesn't show hand
*** SUMMARY ***
Total pot $18 | Rake $0.36
Board [Kh Ts 3s]
Seat 1: Datumboy (big blind) collected ($17.64)
Seat 2: BelSv (button) (small blind) folded on the Flop


PokerStars Hand #148123537881:  Hold'em Limit ($3/$6 USD) - 2016/02/02 14:29:28 ET
Table 'Mensa II' 6-max Seat #2 is the button
Seat 1: Datumboy ($198.09 in chips)
Seat 2: BelSv ($131.06 in chips)
BelSv: posts small blind $1
Datumboy: posts big blind $3
*** HOLE CARDS ***
BelSv: folds
Uncalled bet ($2) returned to Datumboy
Datumboy collected $2 from pot
Datumboy: doesn't show hand
*** SUMMARY ***
Total pot $2 | Rake $0
Seat 1: Datumboy (big blind) collected ($2)
Seat 2: BelSv (button) (small blind) folded before Flop


PokerStars Hand #148123511749:  Hold'em Limit ($3/$6 USD) - 2016/02/02 14:29:04 ET
Table 'Mensa II' 6-max Seat #1 is the button
Seat 1: Datumboy ($216.09 in chips)
Seat 2: BelSv ($113.56 in chips)
Datumboy: posts small blind $1
BelSv: posts big blind $3
*** HOLE CARDS ***
Datumboy: calls $2
BelSv: raises $3 to $6
Datumboy: calls $3
*** FLOP *** [8c 3h 7c]
BelSv: checks
Datumboy: checks
*** TURN *** [8c 3h 7c] [Qs]
BelSv: bets $6
Datumboy: calls $6
*** RIVER *** [8c 3h 7c Qs] [2c]
BelSv: bets $6
Datumboy: calls $6
*** SHOW DOWN ***
BelSv: shows [9s Qh] (a pair of Queens)
Datumboy: mucks hand
BelSv collected $35.50 from pot
*** SUMMARY ***
Total pot $36 | Rake $0.50
Board [8c 3h 7c Qs 2c]
Seat 1: Datumboy (button) (small blind) mucked
Seat 2: BelSv (big blind) showed [9s Qh] and won ($35.50) with a pair of Queens


PokerStars Hand #148123543192:  Hold'em Limit ($3/$6 USD) - 2016/02/02 14:29:33 ET
Table 'Mensa II' 6-max Seat #1 is the button
Seat 1: Datumboy ($199.09 in chips)
Seat 2: BelSv ($130.06 in chips)
Datumboy: posts small blind $1
BelSv: posts big blind $3
*** HOLE CARDS ***
Datumboy: raises $3 to $6
BelSv: folds
Uncalled bet ($3) returned to Datumboy
Datumboy collected $6 from pot
Datumboy: doesn't show hand
*** SUMMARY ***
Total pot $6 | Rake $0
Seat 1: Datumboy (button) (small blind) collected ($6)
Seat 2: BelSv (big blind) folded before Flop


PokerStars Hand #148123553828:  Hold'em Limit ($3/$6 USD) - 2016/02/02 14:29:43 ET
Table 'Mensa II' 6-max Seat #2 is the button
Seat 1: Datumboy ($202.09 in chips)
Seat 2: BelSv ($127.06 in chips)
BelSv: posts small blind $1
Datumboy: posts big blind $3
*** HOLE CARDS ***
BelSv: raises $3 to $6
Datumboy: folds
Uncalled bet ($3) returned to BelSv
BelSv collected $6 from pot
BelSv: doesn't show hand
*** SUMMARY ***
Total pot $6 | Rake $0
Seat 1: Datumboy (big blind) folded before Flop
Seat 2: BelSv (button) (small blind) collected ($6)


PokerStars Hand #148123561311:  Hold'em Limit ($3/$6 USD) - 2016/02/02 14:29:49 ET
Table 'Mensa II' 6-max Seat #1 is the button
Seat 1: Datumboy ($199.09 in chips)
Seat 2: BelSv ($130.06 in chips)
Datumboy: posts small blind $1
BelSv: posts big blind $3
*** HOLE CARDS ***
Datumboy: raises $3 to $6
BelSv: raises $3 to $9
Datumboy: calls $3
*** FLOP *** [3s 5c Tc]
BelSv: bets $3
Datumboy: calls $3
*** TURN *** [3s 5c Tc] [6d]
BelSv: checks
Datumboy: bets $6
BelSv: calls $6
*** RIVER *** [3s 5c Tc 6d] [7d]
BelSv: checks
Datumboy: bets $6
BelSv: folds
Uncalled bet ($6) returned to Datumboy
Datumboy collected $35.50 from pot
Datumboy: doesn't show hand
*** SUMMARY ***
Total pot $36 | Rake $0.50
Board [3s 5c Tc 6d 7d]
Seat 1: Datumboy (button) (small blind) collected ($35.50)
Seat 2: BelSv (big blind) folded on the River


PokerStars Hand #148123592914:  Hold'em Limit ($3/$6 USD) - 2016/02/02 14:30:18 ET
Table 'Mensa II' 6-max Seat #1 is the button
Seat 1: Datumboy ($217.59 in chips)
Seat 2: BelSv ($111.06 in chips)
Datumboy: posts small blind $1
BelSv: posts big blind $3
*** HOLE CARDS ***
Datumboy: raises $3 to $6
BelSv: calls $3
*** FLOP *** [Kc Kh Ts]
BelSv: checks
Datumboy: bets $3
BelSv: folds
Uncalled bet ($3) returned to Datumboy
Datumboy collected $11.76 from pot
Datumboy: doesn't show hand
*** SUMMARY ***
Total pot $12 | Rake $0.24
Board [Kc Kh Ts]
Seat 1: Datumboy (button) (small blind) collected ($11.76)
Seat 2: BelSv (big blind) folded on the Flop


PokerStars Hand #148123613495:  Hold'em Limit ($3/$6 USD) - 2016/02/02 14:30:37 ET
Table 'Mensa II' 6-max Seat #2 is the button
Seat 1: Datumboy ($223.35 in chips)
Seat 2: BelSv ($105.06 in chips)
BelSv: posts small blind $1
Datumboy: posts big blind $3
*** HOLE CARDS ***
BelSv: raises $3 to $6
Datumboy: raises $3 to $9
BelSv: calls $3
*** FLOP *** [As Ts 3c]
Datumboy: bets $3
BelSv: folds
Uncalled bet ($3) returned to Datumboy
Datumboy collected $17.64 from pot
Datumboy: doesn't show hand
*** SUMMARY ***
Total pot $18 | Rake $0.36
Board [As Ts 3c]
Seat 1: Datumboy (big blind) collected ($17.64)
Seat 2: BelSv (button) (small blind) folded on the Flop


PokerStars Hand #148123628620:  Hold'em Limit ($3/$6 USD) - 2016/02/02 14:30:51 ET
Table 'Mensa II' 6-max Seat #1 is the button
Seat 1: Datumboy ($231.99 in chips)
Seat 2: BelSv ($96.06 in chips)
Datumboy: posts small blind $1
BelSv: posts big blind $3
*** HOLE CARDS ***
Datumboy: folds
Uncalled bet ($2) returned to BelSv
BelSv collected $2 from pot
BelSv: doesn't show hand
*** SUMMARY ***
Total pot $2 | Rake $0
Seat 1: Datumboy (button) (small blind) folded before Flop
Seat 2: BelSv (big blind) collected ($2)


PokerStars Hand #148123633586:  Hold'em Limit ($3/$6 USD) - 2016/02/02 14:30:56 ET
Table 'Mensa II' 6-max Seat #2 is the button
Seat 1: Datumboy ($230.99 in chips)
Seat 2: BelSv ($97.06 in chips)
BelSv: posts small blind $1
Datumboy: posts big blind $3
*** HOLE CARDS ***
BelSv: raises $3 to $6
Datumboy: calls $3
*** FLOP *** [Td 5s 8c]
Datumboy: checks
BelSv: bets $3
Datumboy: calls $3
*** TURN *** [Td 5s 8c] [8h]
zephyer58 joins the table at seat #3
Datumboy: checks
BelSv: checks
*** RIVER *** [Td 5s 8c 8h] [4d]
Datumboy: bets $6
BelSv: calls $6
*** SHOW DOWN ***
Datumboy: shows [8d Ts] (a full house, Eights full of Tens)
BelSv: mucks hand
Datumboy collected $29.50 from pot
*** SUMMARY ***
Total pot $30 | Rake $0.50
Board [Td 5s 8c 8h 4d]
Seat 1: Datumboy (big blind) showed [8d Ts] and won ($29.50) with a full house, Eights full of Tens
Seat 2: BelSv (button) (small blind) mucked


PokerStars Hand #148123588193:  Hold'em Limit ($3/$6 USD) - 2016/02/02 14:30:14 ET
Table 'Mensa II' 6-max Seat #2 is the button
Seat 1: Datumboy ($216.59 in chips)
Seat 2: BelSv ($112.06 in chips)
BelSv: posts small blind $1
Datumboy: posts big blind $3
*** HOLE CARDS ***
BelSv: folds
Uncalled bet ($2) returned to Datumboy
Datumboy collected $2 from pot
Datumboy: doesn't show hand
*** SUMMARY ***
Total pot $2 | Rake $0
Seat 1: Datumboy (big blind) collected ($2)
Seat 2: BelSv (button) (small blind) folded before Flop


PokerStars Hand #148123653930:  Hold'em Limit ($3/$6 USD) - 2016/02/02 14:31:14 ET
Table 'Mensa II' 6-max Seat #1 is the button
Seat 1: Datumboy ($245.49 in chips)
Seat 2: BelSv ($82.06 in chips)
Datumboy: posts small blind $1
BelSv: posts big blind $3
*** HOLE CARDS ***
Datumboy: raises $3 to $6
BelSv: raises $3 to $9
Datumboy: calls $3
*** FLOP *** [Kh 5c Ac]
samurai.ru joins the table at seat #4
BelSv: bets $3
Datumboy: calls $3
*** TURN *** [Kh 5c Ac] [6h]
BelSv: checks
Datumboy: checks
*** RIVER *** [Kh 5c Ac 6h] [Th]
BelSv: checks
Datumboy: checks
*** SHOW DOWN ***
BelSv: shows [9s Qc] (high card Ace)
Datumboy: shows [4d 5s] (a pair of Fives)
Datumboy collected $23.52 from pot
*** SUMMARY ***
Total pot $24 | Rake $0.48
Board [Kh 5c Ac 6h Th]
Seat 1: Datumboy (button) (small blind) showed [4d 5s] and won ($23.52) with a pair of Fives
Seat 2: BelSv (big blind) showed [9s Qc] and lost with high card Ace


PokerStars Hand #148124506851:  Hold'em Limit ($3/$6 USD) - 2016/02/02 14:44:13 ET
Table 'Mensa II' 6-max Seat #2 is the button
Seat 1: Datumboy ($192.58 in chips)
Seat 2: BelSv ($71.91 in chips)
BelSv: posts small blind $1
Datumboy: posts big blind $3
*** HOLE CARDS ***
BelSv: folds
Uncalled bet ($2) returned to Datumboy
Datumboy collected $2 from pot
Datumboy: doesn't show hand
*** SUMMARY ***
Total pot $2 | Rake $0
Seat 1: Datumboy (big blind) collected ($2)
Seat 2: BelSv (button) (small blind) folded before Flop


PokerStars Hand #148124486310:  Hold'em Limit ($3/$6 USD) - 2016/02/02 14:43:54 ET
Table 'Mensa II' 6-max Seat #1 is the button
Seat 1: Datumboy ($169.08 in chips)
Seat 2: BelSv ($82 in chips)
Datumboy: posts small blind $1
BelSv: posts big blind $3
*** HOLE CARDS ***
Datumboy: raises $3 to $6
BelSv: raises $3 to $9
Datumboy: calls $3
*** FLOP *** [7d 7s 5s]
BelSv: bets $3
Datumboy: calls $3
*** TURN *** [7d 7s 5s] [3d]
BelSv: checks
Datumboy: bets $6
BelSv: calls $6
*** RIVER *** [7d 7s 5s 3d] [3c]
BelSv: checks
Datumboy: bets $6
BelSv: calls $6
*** SHOW DOWN ***
Datumboy: shows [6h 6c] (two pair, Sevens and Sixes)
BelSv: mucks hand
Datumboy collected $47.50 from pot
*** SUMMARY ***
Total pot $48 | Rake $0.50
Board [7d 7s 5s 3d 3c]
Seat 1: Datumboy (button) (small blind) showed [6h 6c] and won ($47.50) with two pair, Sevens and Sixes
Seat 2: BelSv (big blind) mucked


PokerStars Hand #148124544339:  Hold'em Limit ($3/$6 USD) - 2016/02/02 14:44:48 ET
Table 'Mensa II' 6-max Seat #2 is the button
Seat 1: Datumboy ($207.08 in chips)
Seat 2: BelSv ($82 in chips)
BelSv: posts small blind $1
Datumboy: posts big blind $3
*** HOLE CARDS ***
BelSv: folds
Uncalled bet ($2) returned to Datumboy
Datumboy collected $2 from pot
Datumboy: doesn't show hand
*** SUMMARY ***
Total pot $2 | Rake $0
Seat 1: Datumboy (big blind) collected ($2)
Seat 2: BelSv (button) (small blind) folded before Flop


PokerStars Hand #148124539026:  Hold'em Limit ($3/$6 USD) - 2016/02/02 14:44:43 ET
Table 'Mensa II' 6-max Seat #1 is the button
Seat 1: Datumboy ($208.08 in chips)
Seat 2: BelSv ($81 in chips)
Datumboy: posts small blind $1
BelSv: posts big blind $3
*** HOLE CARDS ***
Datumboy: folds
Uncalled bet ($2) returned to BelSv
BelSv collected $2 from pot
BelSv: doesn't show hand
*** SUMMARY ***
Total pot $2 | Rake $0
Seat 1: Datumboy (button) (small blind) folded before Flop
Seat 2: BelSv (big blind) collected ($2)


PokerStars Hand #148124532913:  Hold'em Limit ($3/$6 USD) - 2016/02/02 14:44:37 ET
Table 'Mensa II' 6-max Seat #2 is the button
Seat 1: Datumboy ($211.08 in chips)
Seat 2: BelSv ($78 in chips)
BelSv: posts small blind $1
Datumboy: posts big blind $3
*** HOLE CARDS ***
BelSv: raises $3 to $6
Datumboy: folds
Uncalled bet ($3) returned to BelSv
BelSv collected $6 from pot
BelSv: doesn't show hand
*** SUMMARY ***
Total pot $6 | Rake $0
Seat 1: Datumboy (big blind) folded before Flop
Seat 2: BelSv (button) (small blind) collected ($6)


PokerStars Hand #148124511736:  Hold'em Limit ($3/$6 USD) - 2016/02/02 14:44:18 ET
Table 'Mensa II' 6-max Seat #1 is the button
Seat 1: Datumboy ($193.58 in chips)
Seat 2: BelSv ($70.91 in chips)
Datumboy: posts small blind $1
BelSv: posts big blind $3
*** HOLE CARDS ***
Datumboy: calls $2
BelSv: raises $3 to $6
Datumboy: calls $3
*** FLOP *** [4s 8c Ad]
BelSv: bets $3
Datumboy: raises $3 to $6
BelSv: calls $3
*** TURN *** [4s 8c Ad] [8d]
BelSv: checks
Datumboy: checks
*** RIVER *** [4s 8c Ad 8d] [8h]
BelSv: bets $6
Datumboy: calls $6
*** SHOW DOWN ***
BelSv: shows [6s 5s] (three of a kind, Eights)
Datumboy: shows [9d Qc] (three of a kind, Eights - Ace+Queen kicker)
Datumboy collected $35.50 from pot
*** SUMMARY ***
Total pot $36 | Rake $0.50
Board [4s 8c Ad 8d 8h]
Seat 1: Datumboy (button) (small blind) showed [9d Qc] and won ($35.50) with three of a kind, Eights
Seat 2: BelSv (big blind) showed [6s 5s] and lost with three of a kind, Eights


PokerStars Hand #148124549137:  Hold'em Limit ($3/$6 USD) - 2016/02/02 14:44:52 ET
Table 'Mensa II' 6-max Seat #1 is the button
Seat 1: Datumboy ($208.08 in chips)
Seat 2: BelSv ($81 in chips)
Datumboy: posts small blind $1
BelSv: posts big blind $3
*** HOLE CARDS ***
Datumboy: calls $2
BelSv: raises $3 to $6
Datumboy: calls $3
*** FLOP *** [6c Qd Kc]
BelSv: bets $3
Datumboy: calls $3
*** TURN *** [6c Qd Kc] [Qh]
BelSv: checks
Datumboy: bets $6
BelSv: calls $6
*** RIVER *** [6c Qd Kc Qh] [4d]
BelSv: checks
Datumboy: checks
*** SHOW DOWN ***
BelSv: shows [Ac 4s] (two pair, Queens and Fours)
Datumboy: shows [7c Ks] (two pair, Kings and Queens)
Datumboy collected $29.50 from pot
*** SUMMARY ***
Total pot $30 | Rake $0.50
Board [6c Qd Kc Qh 4d]
Seat 1: Datumboy (button) (small blind) showed [7c Ks] and won ($29.50) with two pair, Kings and Queens
Seat 2: BelSv (big blind) showed [Ac 4s] and lost with two pair, Queens and Fours


PokerStars Hand #148124578971:  Hold'em Limit ($3/$6 USD) - 2016/02/02 14:45:20 ET
Table 'Mensa II' 6-max Seat #1 is the button
Seat 1: Datumboy ($219.58 in chips)
Seat 2: BelSv ($81 in chips)
Datumboy: posts small blind $1
BelSv: posts big blind $3
*** HOLE CARDS ***
Datumboy: raises $3 to $6
BelSv: calls $3
*** FLOP *** [9c Qc 4c]
BelSv: checks
Datumboy: bets $3
BelSv: raises $3 to $6
Datumboy: calls $3
*** TURN *** [9c Qc 4c] [Qd]
chikokrofne joins the table at seat #3
BelSv: bets $6
Datumboy: raises $6 to $12
BelSv: calls $6
*** RIVER *** [9c Qc 4c Qd] [8d]
BelSv: checks
Datumboy: bets $6
BelSv: calls $6
*** SHOW DOWN ***
Datumboy: shows [9h Qh] (a full house, Queens full of Nines)
BelSv: mucks hand
Datumboy collected $59.50 from pot
*** SUMMARY ***
Total pot $60 | Rake $0.50
Board [9c Qc 4c Qd 8d]
Seat 1: Datumboy (button) (small blind) showed [9h Qh] and won ($59.50) with a full house, Queens full of Nines
Seat 2: BelSv (big blind) mucked


PokerStars Hand #148124573130:  Hold'em Limit ($3/$6 USD) - 2016/02/02 14:45:14 ET
Table 'Mensa II' 6-max Seat #2 is the button
Seat 1: Datumboy ($222.58 in chips)
Seat 2: BelSv ($78 in chips)
BelSv: posts small blind $1
Datumboy: posts big blind $3
*** HOLE CARDS ***
BelSv: raises $3 to $6
Datumboy: folds
Uncalled bet ($3) returned to BelSv
BelSv collected $6 from pot
BelSv: doesn't show hand
*** SUMMARY ***
Total pot $6 | Rake $0
Seat 1: Datumboy (big blind) folded before Flop
Seat 2: BelSv (button) (small blind) collected ($6)


PokerStars Hand #148124802670:  Hold'em Limit ($3/$6 USD) - 2016/02/02 14:48:44 ET
Table 'Mensa II' 6-max Seat #1 is the button
Seat 1: Datumboy ($272.50 in chips)
Seat 2: BelSv ($84.31 in chips)
Datumboy: posts small blind $1
BelSv: posts big blind $3
*** HOLE CARDS ***
Datumboy: calls $2
BelSv: checks
*** FLOP *** [9c 4h 6d]
BelSv: bets $3
Datumboy: calls $3
*** TURN *** [9c 4h 6d] [3c]
BelSv: checks
Datumboy: bets $6
BelSv: calls $6
*** RIVER *** [9c 4h 6d 3c] [2h]
BelSv: checks
Datumboy: bets $6
BelSv: folds
Uncalled bet ($6) returned to Datumboy
Datumboy collected $23.52 from pot
Datumboy: doesn't show hand
*** SUMMARY ***
Total pot $24 | Rake $0.48
Board [9c 4h 6d 3c 2h]
Seat 1: Datumboy (button) (small blind) collected ($23.52)
Seat 2: BelSv (big blind) folded on the River


PokerStars Hand #148124796629:  Hold'em Limit ($3/$6 USD) - 2016/02/02 14:48:39 ET
Table 'Mensa II' 6-max Seat #2 is the button
Seat 1: Datumboy ($271.50 in chips)
Seat 2: BelSv ($85.31 in chips)
BelSv: posts small blind $1
Datumboy: posts big blind $3
*** HOLE CARDS ***
BelSv: folds
Uncalled bet ($2) returned to Datumboy
Datumboy collected $2 from pot
Datumboy: doesn't show hand
*** SUMMARY ***
Total pot $2 | Rake $0
Seat 1: Datumboy (big blind) collected ($2)
Seat 2: BelSv (button) (small blind) folded before Flop


PokerStars Hand #148124783299:  Hold'em Limit ($3/$6 USD) - 2016/02/02 14:48:27 ET
Table 'Mensa II' 6-max Seat #1 is the button
Seat 1: Datumboy ($268.50 in chips)
Seat 2: BelSv ($88.31 in chips)
Datumboy: posts small blind $1
BelSv: posts big blind $3
*** HOLE CARDS ***
Datumboy: raises $3 to $6
BelSv: folds
Uncalled bet ($3) returned to Datumboy
Datumboy collected $6 from pot
Datumboy: doesn't show hand
*** SUMMARY ***
Total pot $6 | Rake $0
Seat 1: Datumboy (button) (small blind) collected ($6)
Seat 2: BelSv (big blind) folded before Flop


PokerStars Hand #148124766983:  Hold'em Limit ($3/$6 USD) - 2016/02/02 14:48:12 ET
Table 'Mensa II' 6-max Seat #2 is the button
Seat 1: Datumboy ($242 in chips)
Seat 2: BelSv ($115.31 in chips)
BelSv: posts small blind $1
Datumboy: posts big blind $3
*** HOLE CARDS ***
BelSv: raises $3 to $6
Datumboy: calls $3
*** FLOP *** [7d 9c 2s]
Datumboy: checks
BelSv: bets $3
Datumboy: calls $3
*** TURN *** [7d 9c 2s] [Qh]
Datumboy: checks
BelSv: bets $6
Datumboy: raises $6 to $12
BelSv: calls $6
*** RIVER *** [7d 9c 2s Qh] [5d]
Datumboy: bets $6
BelSv: calls $6
*** SHOW DOWN ***
Datumboy: shows [3d Qd] (a pair of Queens)
BelSv: mucks hand
Datumboy collected $53.50 from pot
*** SUMMARY ***
Total pot $54 | Rake $0.50
Board [7d 9c 2s Qh 5d]
Seat 1: Datumboy (big blind) showed [3d Qd] and won ($53.50) with a pair of Queens
Seat 2: BelSv (button) (small blind) mucked


PokerStars Hand #148124823482:  Hold'em Limit ($3/$6 USD) - 2016/02/02 14:49:03 ET
Table 'Mensa II' 6-max Seat #2 is the button
Seat 1: Datumboy ($284.02 in chips)
Seat 2: BelSv ($72.31 in chips)
BelSv: posts small blind $1
Datumboy: posts big blind $3
*** HOLE CARDS ***
BelSv: raises $3 to $6
Datumboy: calls $3
*** FLOP *** [2c Kd 6c]
Datumboy: checks
BelSv: bets $3
Datumboy: calls $3
*** TURN *** [2c Kd 6c] [4h]
Datumboy: checks
BelSv: checks
*** RIVER *** [2c Kd 6c 4h] [Ks]
Datumboy: checks
BelSv: checks
*** SHOW DOWN ***
Datumboy: shows [Js Tc] (a pair of Kings)
BelSv: mucks hand
Datumboy collected $17.64 from pot
*** SUMMARY ***
Total pot $18 | Rake $0.36
Board [2c Kd 6c 4h Ks]
Seat 1: Datumboy (big blind) showed [Js Tc] and won ($17.64) with a pair of Kings
Seat 2: BelSv (button) (small blind) mucked


PokerStars Hand #148124875857:  Hold'em Limit ($3/$6 USD) - 2016/02/02 14:49:51 ET
Table 'Mensa II' 6-max Seat #1 is the button
Seat 1: Datumboy ($265.66 in chips)
Seat 2: BelSv ($89.57 in chips)
Datumboy: posts small blind $1
BelSv: posts big blind $3
*** HOLE CARDS ***
Datumboy: raises $3 to $6
BelSv: calls $3
*** FLOP *** [4h 7c 6d]
BelSv: checks
Datumboy: bets $3
BelSv: calls $3
*** TURN *** [4h 7c 6d] [9h]
BelSv: checks
Datumboy: bets $6
BelSv: raises $6 to $12
Datumboy: calls $6
*** RIVER *** [4h 7c 6d 9h] [Qc]
BelSv: bets $6
Datumboy: calls $6
*** SHOW DOWN ***
BelSv: shows [Tc 8d] (a straight, Six to Ten)
Datumboy: mucks hand
BelSv collected $53.50 from pot
*** SUMMARY ***
Total pot $54 | Rake $0.50
Board [4h 7c 6d 9h Qc]
Seat 1: Datumboy (button) (small blind) mucked
Seat 2: BelSv (big blind) showed [Tc 8d] and won ($53.50) with a straight, Six to Ten


PokerStars Hand #148124854071:  Hold'em Limit ($3/$6 USD) - 2016/02/02 14:49:31 ET
Table 'Mensa II' 6-max Seat #2 is the button
Seat 1: Datumboy ($286.66 in chips)
Seat 2: BelSv ($69.07 in chips)
BelSv: posts small blind $1
Datumboy: posts big blind $3
*** HOLE CARDS ***
BelSv: raises $3 to $6
Datumboy: calls $3
*** FLOP *** [8d 3c 6h]
Datumboy: checks
BelSv: bets $3
Datumboy: calls $3
*** TURN *** [8d 3c 6h] [4d]
Datumboy: checks
BelSv: bets $6
Datumboy: calls $6
*** RIVER *** [8d 3c 6h 4d] [7d]
Datumboy: checks
BelSv: bets $6
Datumboy: calls $6
*** SHOW DOWN ***
BelSv: shows [Kc 8c] (a pair of Eights)
Datumboy: mucks hand
BelSv collected $41.50 from pot
*** SUMMARY ***
Total pot $42 | Rake $0.50
Board [8d 3c 6h 4d 7d]
Seat 1: Datumboy (big blind) mucked
Seat 2: BelSv (button) (small blind) showed [Kc 8c] and won ($41.50) with a pair of Eights


PokerStars Hand #148124840421:  Hold'em Limit ($3/$6 USD) - 2016/02/02 14:49:19 ET
Table 'Mensa II' 6-max Seat #1 is the button
Seat 1: Datumboy ($292.66 in chips)
Seat 2: BelSv ($63.31 in chips)
Datumboy: posts small blind $1
BelSv: posts big blind $3
*** HOLE CARDS ***
Datumboy: raises $3 to $6
BelSv: calls $3
*** FLOP *** [9c Qs 3h]
BelSv: checks
Datumboy: checks
*** TURN *** [9c Qs 3h] [3s]
BelSv: checks
Datumboy: checks
*** RIVER *** [9c Qs 3h 3s] [2d]
BelSv: checks
Datumboy: checks
*** SHOW DOWN ***
BelSv: shows [8c 5c] (a pair of Threes)
Datumboy: mucks hand
BelSv collected $11.76 from pot
*** SUMMARY ***
Total pot $12 | Rake $0.24
Board [9c Qs 3h 3s 2d]
Seat 1: Datumboy (button) (small blind) mucked
Seat 2: BelSv (big blind) showed [8c 5c] and won ($11.76) with a pair of Threes


PokerStars Hand #148124912953:  Hold'em Limit ($3/$6 USD) - 2016/02/02 14:50:25 ET
Table 'Mensa II' 6-max Seat #1 is the button
Seat 1: Datumboy ($256.16 in chips)
Seat 2: BelSv ($98.07 in chips)
Datumboy: posts small blind $1
BelSv: posts big blind $3
*** HOLE CARDS ***
Datumboy: folds
Uncalled bet ($2) returned to BelSv
BelSv collected $2 from pot
BelSv: doesn't show hand
*** SUMMARY ***
Total pot $2 | Rake $0
Seat 1: Datumboy (button) (small blind) folded before Flop
Seat 2: BelSv (big blind) collected ($2)


PokerStars Hand #148124896030:  Hold'em Limit ($3/$6 USD) - 2016/02/02 14:50:09 ET
Table 'Mensa II' 6-max Seat #2 is the button
Seat 1: Datumboy ($238.66 in chips)
Seat 2: BelSv ($116.07 in chips)
BelSv: posts small blind $1
Datumboy: posts big blind $3
*** HOLE CARDS ***
BelSv: raises $3 to $6
Datumboy: calls $3
*** FLOP *** [Kc 2s 5c]
Datumboy: checks
BelSv: checks
*** TURN *** [Kc 2s 5c] [8s]
Datumboy: bets $6
BelSv: calls $6
*** RIVER *** [Kc 2s 5c 8s] [Jd]
Datumboy: checks
BelSv: bets $6
Datumboy: calls $6
*** SHOW DOWN ***
BelSv: shows [7s Ts] (high card King)
Datumboy: shows [5s 7c] (a pair of Fives)
Datumboy collected $35.50 from pot
*** SUMMARY ***
Total pot $36 | Rake $0.50
Board [Kc 2s 5c 8s Jd]
Seat 1: Datumboy (big blind) showed [5s 7c] and won ($35.50) with a pair of Fives
Seat 2: BelSv (button) (small blind) showed [7s Ts] and lost with high card King


PokerStars Hand #148124943408:  Hold'em Limit ($3/$6 USD) - 2016/02/02 14:50:53 ET
Table 'Mensa II' 6-max Seat #1 is the button
Seat 1: Datumboy ($222.16 in chips)
Seat 2: BelSv ($131.57 in chips)
Datumboy: posts small blind $1
BelSv: posts big blind $3
*** HOLE CARDS ***
Datumboy: raises $3 to $6
BelSv: calls $3
*** FLOP *** [Jd 7c 4c]
BelSv: checks
Datumboy: checks
*** TURN *** [Jd 7c 4c] [7s]
BelSv: bets $6
Datumboy: calls $6
*** RIVER *** [Jd 7c 4c 7s] [As]
BelSv: bets $6
Datumboy: raises $6 to $12
BelSv: calls $6
*** SHOW DOWN ***
Datumboy: shows [5h Ah] (two pair, Aces and Sevens)
BelSv: shows [Ad 6s] (two pair, Aces and Sevens)
BelSv collected $23.75 from pot
Datumboy collected $23.75 from pot
*** SUMMARY ***
Total pot $48 | Rake $0.50
Board [Jd 7c 4c 7s As]
Seat 1: Datumboy (button) (small blind) showed [5h Ah] and won ($23.75) with two pair, Aces and Sevens
Seat 2: BelSv (big blind) showed [Ad 6s] and won ($23.75) with two pair, Aces and Sevens


PokerStars Hand #148124918005:  Hold'em Limit ($3/$6 USD) - 2016/02/02 14:50:30 ET
Table 'Mensa II' 6-max Seat #2 is the button
Seat 1: Datumboy ($255.16 in chips)
Seat 2: BelSv ($99.07 in chips)
BelSv: posts small blind $1
Datumboy: posts big blind $3
*** HOLE CARDS ***
BelSv: raises $3 to $6
Datumboy: calls $3
*** FLOP *** [3d 3c Qc]
Datumboy: checks
BelSv: bets $3
Datumboy: calls $3
*** TURN *** [3d 3c Qc] [2d]
Datumboy: checks
BelSv: bets $6
Datumboy: raises $6 to $12
BelSv: raises $6 to $18
Datumboy: calls $6
*** RIVER *** [3d 3c Qc 2d] [2s]
Datumboy: checks
BelSv: bets $6
Datumboy: calls $6
*** SHOW DOWN ***
BelSv: shows [3h 7h] (a full house, Threes full of Deuces)
Datumboy: mucks hand
BelSv collected $65.50 from pot
*** SUMMARY ***
Total pot $66 | Rake $0.50
Board [3d 3c Qc 2d 2s]
Seat 1: Datumboy (big blind) mucked
Seat 2: BelSv (button) (small blind) showed [3h 7h] and won ($65.50) with a full house, Threes full of Deuces


PokerStars Hand #148124960261:  Hold'em Limit ($3/$6 USD) - 2016/02/02 14:51:08 ET
Table 'Mensa II' 6-max Seat #2 is the button
Seat 1: Datumboy ($221.91 in chips)
Seat 2: BelSv ($131.32 in chips)
BelSv: posts small blind $1
Datumboy: posts big blind $3
*** HOLE CARDS ***
BelSv: raises $3 to $6
Datumboy: calls $3
*** FLOP *** [Kh 5d Qd]
Datumboy: checks
BelSv: checks
*** TURN *** [Kh 5d Qd] [7d]
Datumboy: bets $6
BelSv: calls $6
*** RIVER *** [Kh 5d Qd 7d] [4c]
Datumboy: checks
BelSv: checks
*** SHOW DOWN ***
Datumboy: shows [8h 7h] (a pair of Sevens)
BelSv: mucks hand
Datumboy collected $23.52 from pot
*** SUMMARY ***
Total pot $24 | Rake $0.48
Board [Kh 5d Qd 7d 4c]
Seat 1: Datumboy (big blind) showed [8h 7h] and won ($23.52) with a pair of Sevens
Seat 2: BelSv (button) (small blind) mucked


PokerStars Hand #148125029952:  Hold'em Limit ($3/$6 USD) - 2016/02/02 14:52:12 ET
Table 'Mensa II' 6-max Seat #1 is the button
Seat 1: Datumboy ($225.19 in chips)
Seat 2: BelSv ($127.08 in chips)
Datumboy: posts small blind $1
BelSv: posts big blind $3
*** HOLE CARDS ***
Datumboy: raises $3 to $6
BelSv: folds
Uncalled bet ($3) returned to Datumboy
Datumboy collected $6 from pot
Datumboy: doesn't show hand
*** SUMMARY ***
Total pot $6 | Rake $0
Seat 1: Datumboy (button) (small blind) collected ($6)
Seat 2: BelSv (big blind) folded before Flop


PokerStars Hand #148125024043:  Hold'em Limit ($3/$6 USD) - 2016/02/02 14:52:07 ET
Table 'Mensa II' 6-max Seat #2 is the button
Seat 1: Datumboy ($228.19 in chips)
Seat 2: BelSv ($124.08 in chips)
BelSv: posts small blind $1
Datumboy: posts big blind $3
*** HOLE CARDS ***
BelSv: raises $3 to $6
Datumboy: folds
Uncalled bet ($3) returned to BelSv
BelSv collected $6 from pot
BelSv: doesn't show hand
*** SUMMARY ***
Total pot $6 | Rake $0
Seat 1: Datumboy (big blind) folded before Flop
Seat 2: BelSv (button) (small blind) collected ($6)


PokerStars Hand #148125018872:  Hold'em Limit ($3/$6 USD) - 2016/02/02 14:52:02 ET
Table 'Mensa II' 6-max Seat #1 is the button
Seat 1: Datumboy ($229.19 in chips)
Seat 2: BelSv ($123.08 in chips)
Datumboy: posts small blind $1
BelSv: posts big blind $3
*** HOLE CARDS ***
Datumboy: folds
Uncalled bet ($2) returned to BelSv
BelSv collected $2 from pot
BelSv: doesn't show hand
*** SUMMARY ***
Total pot $2 | Rake $0
Seat 1: Datumboy (button) (small blind) folded before Flop
Seat 2: BelSv (big blind) collected ($2)


PokerStars Hand #148125012971:  Hold'em Limit ($3/$6 USD) - 2016/02/02 14:51:56 ET
Table 'Mensa II' 6-max Seat #2 is the button
Seat 1: Datumboy ($232.19 in chips)
Seat 2: BelSv ($120.08 in chips)
BelSv: posts small blind $1
Datumboy: posts big blind $3
*** HOLE CARDS ***
BelSv: raises $3 to $6
Datumboy: folds
Uncalled bet ($3) returned to BelSv
BelSv collected $6 from pot
BelSv: doesn't show hand
*** SUMMARY ***
Total pot $6 | Rake $0
Seat 1: Datumboy (big blind) folded before Flop
Seat 2: BelSv (button) (small blind) collected ($6)


PokerStars Hand #148125007356:  Hold'em Limit ($3/$6 USD) - 2016/02/02 14:51:51 ET
Table 'Mensa II' 6-max Seat #1 is the button
Seat 1: Datumboy ($233.19 in chips)
Seat 2: BelSv ($119.08 in chips)
Datumboy: posts small blind $1
BelSv: posts big blind $3
*** HOLE CARDS ***
Datumboy: folds
Uncalled bet ($2) returned to BelSv
BelSv collected $2 from pot
BelSv: doesn't show hand
*** SUMMARY ***
Total pot $2 | Rake $0
Seat 1: Datumboy (button) (small blind) folded before Flop
Seat 2: BelSv (big blind) collected ($2)


PokerStars Hand #148124992527:  Hold'em Limit ($3/$6 USD) - 2016/02/02 14:51:38 ET
Table 'Mensa II' 6-max Seat #2 is the button
Seat 1: Datumboy ($239.19 in chips)
Seat 2: BelSv ($113.32 in chips)
BelSv: posts small blind $1
Datumboy: posts big blind $3
*** HOLE CARDS ***
BelSv: raises $3 to $6
Datumboy: calls $3
*** FLOP *** [7s 9h 5s]
Datumboy: checks
BelSv: checks
*** TURN *** [7s 9h 5s] [Qd]
Datumboy: checks
BelSv: bets $6
Datumboy: folds
Uncalled bet ($6) returned to BelSv
BelSv collected $11.76 from pot
BelSv: doesn't show hand
*** SUMMARY ***
Total pot $12 | Rake $0.24
Board [7s 9h 5s Qd]
Seat 1: Datumboy (big blind) folded on the Turn
Seat 2: BelSv (button) (small blind) collected ($11.76)


PokerStars Hand #148124980886:  Hold'em Limit ($3/$6 USD) - 2016/02/02 14:51:27 ET
Table 'Mensa II' 6-max Seat #1 is the button
Seat 1: Datumboy ($233.43 in chips)
Seat 2: BelSv ($119.32 in chips)
Datumboy: posts small blind $1
BelSv: posts big blind $3
*** HOLE CARDS ***
Datumboy: raises $3 to $6
BelSv: calls $3
*** FLOP *** [8c 6h Qs]
BelSv: checks
Datumboy: bets $3
BelSv: folds
Uncalled bet ($3) returned to Datumboy
Datumboy collected $11.76 from pot
Datumboy: doesn't show hand
*** SUMMARY ***
Total pot $12 | Rake $0.24
Board [8c 6h Qs]
Seat 1: Datumboy (button) (small blind) collected ($11.76)
Seat 2: BelSv (big blind) folded on the Flop


PokerStars Hand #148125043136:  Hold'em Limit ($3/$6 USD) - 2016/02/02 14:52:24 ET
Table 'Mensa II' 6-max Seat #1 is the button
Seat 1: Datumboy ($225.19 in chips)
Seat 2: BelSv ($127.08 in chips)
Datumboy: posts small blind $1
BelSv: posts big blind $3
*** HOLE CARDS ***
Datumboy: raises $3 to $6
BelSv: calls $3
*** FLOP *** [9d Tc 4d]
BelSv: checks
Datumboy: bets $3
Icecold joins the table at seat #6
BelSv: calls $3
*** TURN *** [9d Tc 4d] [6s]
BelSv: checks
Datumboy: bets $6
BelSv: raises $6 to $12
Datumboy: raises $6 to $18
BelSv: calls $6
*** RIVER *** [9d Tc 4d 6s] [6c]
BelSv: checks
saut731 joins the table at seat #3
Datumboy: bets $6
BelSv: calls $6
*** SHOW DOWN ***
Datumboy: shows [9s 9c] (a full house, Nines full of Sixes)
BelSv: mucks hand
Datumboy collected $65.50 from pot
*** SUMMARY ***
Total pot $66 | Rake $0.50
Board [9d Tc 4d 6s 6c]
Seat 1: Datumboy (button) (small blind) showed [9s 9c] and won ($65.50) with a full house, Nines full of Sixes
Seat 2: BelSv (big blind) mucked


PokerStars Hand #148125035808:  Hold'em Limit ($3/$6 USD) - 2016/02/02 14:52:17 ET
Table 'Mensa II' 6-max Seat #2 is the button
Seat 1: Datumboy ($228.19 in chips)
Seat 2: BelSv ($124.08 in chips)
BelSv: posts small blind $1
Datumboy: posts big blind $3
*** HOLE CARDS ***
BelSv: raises $3 to $6
Datumboy: folds
Uncalled bet ($3) returned to BelSv
BelSv collected $6 from pot
BelSv: doesn't show hand
*** SUMMARY ***
Total pot $6 | Rake $0
Seat 1: Datumboy (big blind) folded before Flop
Seat 2: BelSv (button) (small blind) collected ($6)


