PokerStars Hand #161414125255:  Hold'em Limit ($3/$6 USD) - 2016/11/14 18:44:07 ET
Table 'Mentor' 6-max Seat #4 is the button
Seat 3: DEMONFISH1 ($67.83 in chips)
Seat 4: Actionni13 ($150 in chips)
Actionni13: posts small blind $1
DEMONFISH1: posts big blind $3
*** HOLE CARDS ***
Actionni13: raises $3 to $6
DEMONFISH1: calls $3
*** FLOP *** [7s Jd Qs]
DEMONFISH1: checks
Actionni13: bets $3
DEMONFISH1: calls $3
*** TURN *** [7s Jd Qs] [4d]
DEMONFISH1: checks
Actionni13: checks
*** RIVER *** [7s Jd Qs 4d] [Qh]
DEMONFISH1: bets $6
Actionni13: folds
Uncalled bet ($6) returned to DEMONFISH1
DEMONFISH1 collected $17.64 from pot
DEMONFISH1: doesn't show hand
*** SUMMARY ***
Total pot $18 | Rake $0.36
Board [7s Jd Qs 4d Qh]
Seat 3: DEMONFISH1 (big blind) collected ($17.64)
Seat 4: Actionni13 (button) (small blind) folded on the River


PokerStars Hand #161414108773:  Hold'em Limit ($3/$6 USD) - 2016/11/14 18:43:41 ET
Table 'Mentor' 6-max Seat #3 is the button
Seat 3: DEMONFISH1 ($68.07 in chips)
Seat 4: Actionni13 ($150 in chips)
DEMONFISH1: posts small blind $1
Actionni13: posts big blind $3
*** HOLE CARDS ***
DEMONFISH1: calls $2
Actionni13: checks
*** FLOP *** [4h 6s 7s]
Actionni13: bets $3
DEMONFISH1: calls $3
*** TURN *** [4h 6s 7s] [9c]
Actionni13: checks
DEMONFISH1: checks
*** RIVER *** [4h 6s 7s 9c] [2s]
Actionni13: bets $6
DEMONFISH1: calls $6
*** SHOW DOWN ***
Actionni13: shows [Js 7d] (a pair of Sevens)
DEMONFISH1: shows [Jd 7h] (a pair of Sevens)
Actionni13 collected $11.76 from pot
DEMONFISH1 collected $11.76 from pot
*** SUMMARY ***
Total pot $24 | Rake $0.48
Board [4h 6s 7s 9c 2s]
Seat 3: DEMONFISH1 (button) (small blind) showed [Jd 7h] and won ($11.76) with a pair of Sevens
Seat 4: Actionni13 (big blind) showed [Js 7d] and won ($11.76) with a pair of Sevens


PokerStars Hand #161414138492:  Hold'em Limit ($3/$6 USD) - 2016/11/14 18:44:27 ET
Table 'Mentor' 6-max Seat #3 is the button
Seat 3: DEMONFISH1 ($76.47 in chips)
Seat 4: Actionni13 ($150 in chips)
DEMONFISH1: posts small blind $1
Actionni13: posts big blind $3
*** HOLE CARDS ***
DEMONFISH1: calls $2
Actionni13: checks
*** FLOP *** [Kh Jd Ah]
Actionni13: checks
DEMONFISH1: bets $3
Actionni13: folds
Uncalled bet ($3) returned to DEMONFISH1
DEMONFISH1 collected $5.88 from pot
DEMONFISH1: doesn't show hand
*** SUMMARY ***
Total pot $6 | Rake $0.12
Board [Kh Jd Ah]
Seat 3: DEMONFISH1 (button) (small blind) collected ($5.88)
Seat 4: Actionni13 (big blind) folded on the Flop


PokerStars Hand #161414152378:  Hold'em Limit ($3/$6 USD) - 2016/11/14 18:44:49 ET
Table 'Mentor' 6-max Seat #3 is the button
Seat 3: DEMONFISH1 ($80.35 in chips)
Seat 4: Actionni13 ($150 in chips)
DEMONFISH1: posts small blind $1
Actionni13: posts big blind $3
*** HOLE CARDS ***
Chessnok joins the table at seat #5
DEMONFISH1: calls $2
Actionni13: checks
*** FLOP *** [5c Th 2c]
Actionni13: bets $3
DEMONFISH1: folds
Uncalled bet ($3) returned to Actionni13
Actionni13 collected $5.88 from pot
Actionni13: doesn't show hand
*** SUMMARY ***
Total pot $6 | Rake $0.12
Board [5c Th 2c]
Seat 3: DEMONFISH1 (button) (small blind) folded on the Flop
Seat 4: Actionni13 (big blind) collected ($5.88)


PokerStars Hand #161414149108:  Hold'em Limit ($3/$6 USD) - 2016/11/14 18:44:44 ET
Table 'Mentor' 6-max Seat #4 is the button
Seat 3: DEMONFISH1 ($79.35 in chips)
Seat 4: Actionni13 ($150 in chips)
Actionni13: posts small blind $1
DEMONFISH1: posts big blind $3
*** HOLE CARDS ***
Actionni13: folds
Uncalled bet ($2) returned to DEMONFISH1
DEMONFISH1 collected $2 from pot
DEMONFISH1: doesn't show hand
*** SUMMARY ***
Total pot $2 | Rake $0
Seat 3: DEMONFISH1 (big blind) collected ($2)
Seat 4: Actionni13 (button) (small blind) folded before Flop


PokerStars Hand #161414301600:  Hold'em Limit ($3/$6 USD) - 2016/11/14 18:48:44 ET
Table 'Mentor' 6-max Seat #5 is the button
Seat 4: Actionni13 ($158.46 in chips)
Seat 5: Chessnok ($60 in chips)
Chessnok: posts small blind $1
Actionni13: posts big blind $3
*** HOLE CARDS ***
Chessnok: raises $3 to $6
Actionni13: calls $3
*** FLOP *** [Js Qs Kh]
Actionni13: checks
Chessnok: bets $3
Actionni13: folds
Uncalled bet ($3) returned to Chessnok
Chessnok collected $11.76 from pot
Chessnok: doesn't show hand
*** SUMMARY ***
Total pot $12 | Rake $0.24
Board [Js Qs Kh]
Seat 4: Actionni13 (big blind) folded on the Flop
Seat 5: Chessnok (button) (small blind) collected ($11.76)


