PokerStars Hand #146947289766:  Hold'em Limit ($3/$6 USD) - 2016/01/12 20:49:27 ET
Table 'Mentor' 6-max Seat #6 is the button
Seat 4: attilarauma ($93.19 in chips)
Seat 6: grabaz ($247.47 in chips)
grabaz: posts small blind $1
attilarauma: posts big blind $3
*** HOLE CARDS ***
grabaz: raises $3 to $6
attilarauma: calls $3
*** FLOP *** [Ks As 2h]
attilarauma: bets $3
grabaz: folds
Uncalled bet ($3) returned to attilarauma
attilarauma collected $11.76 from pot
*** SUMMARY ***
Total pot $12 | Rake $0.24
Board [Ks As 2h]
Seat 4: attilarauma (big blind) collected ($11.76)
Seat 6: grabaz (button) (small blind) folded on the Flop


PokerStars Hand #146947824488:  Hold'em Limit ($3/$6 USD) - 2016/01/12 21:07:37 ET
Table 'Mentor' 6-max Seat #4 is the button
Seat 4: attilarauma ($195.70 in chips)
Seat 6: cschildm ($137.45 in chips)
Sugar_Mama2 will be allowed to play after the button
attilarauma: posts small blind $1
solin777: is sitting out
cschildm: posts big blind $3
*** HOLE CARDS ***
attilarauma: raises $3 to $6
solin777 leaves the table
cschildm: calls $3
*** FLOP *** [5c 5h 7c]
cschildm: checks
attilarauma: bets $3
cschildm: raises $3 to $6
attilarauma: folds
Uncalled bet ($3) returned to cschildm
cschildm collected $17.64 from pot
*** SUMMARY ***
Total pot $18 | Rake $0.36
Board [5c 5h 7c]
Seat 4: attilarauma (button) (small blind) folded on the Flop
Seat 6: cschildm (big blind) collected ($17.64)


PokerStars Hand #146947852169:  Hold'em Limit ($3/$6 USD) - 2016/01/12 21:08:32 ET
Table 'Mentor' 6-max Seat #4 is the button
Seat 2: Sugar_Mama2 ($102.70 in chips)
Seat 4: attilarauma ($187.70 in chips)
attilarauma: posts small blind $1
Sugar_Mama2: posts big blind $3
*** HOLE CARDS ***
attilarauma: calls $2
Sugar_Mama2: checks
*** FLOP *** [8c Ah Jh]
Sugar_Mama2: checks
attilarauma: checks
*** TURN *** [8c Ah Jh] [Ad]
Sugar_Mama2: bets $6
attilarauma: folds
Uncalled bet ($6) returned to Sugar_Mama2
Sugar_Mama2 collected $5.88 from pot
Sugar_Mama2: doesn't show hand
*** SUMMARY ***
Total pot $6 | Rake $0.12
Board [8c Ah Jh Ad]
Seat 2: Sugar_Mama2 (big blind) collected ($5.88)
Seat 4: attilarauma (button) (small blind) folded on the Turn


