PokerStars Hand #148873594276:  Hold'em Limit ($3/$6 USD) - 2016/02/15 18:19:49 ET
Table 'Mentor' 6-max Seat #5 is the button
Seat 2: Ba/\eHTuH159 ($15.46 in chips)
Seat 5: Pandakey ($106.42 in chips)
Pandakey: posts small blind $1
Ba/\eHTuH159: posts big blind $3
*** HOLE CARDS ***
Pandakey: folds
Uncalled bet ($2) returned to Ba/\eHTuH159
Ba/\eHTuH159 collected $2 from pot
Ba/\eHTuH159: doesn't show hand
*** SUMMARY ***
Total pot $2 | Rake $0
Seat 2: Ba/\eHTuH159 (big blind) collected ($2)
Seat 5: Pandakey (button) (small blind) folded before Flop


PokerStars Hand #148873588376:  Hold'em Limit ($3/$6 USD) - 2016/02/15 18:19:43 ET
Table 'Mentor' 6-max Seat #2 is the button
Seat 2: Ba/\eHTuH159 ($16.46 in chips)
Seat 5: Pandakey ($105.42 in chips)
Ba/\eHTuH159: posts small blind $1
Pandakey: posts big blind $3
*** HOLE CARDS ***
Ba/\eHTuH159: folds
Uncalled bet ($2) returned to Pandakey
Pandakey collected $2 from pot
Pandakey: doesn't show hand
*** SUMMARY ***
Total pot $2 | Rake $0
Seat 2: Ba/\eHTuH159 (button) (small blind) folded before Flop
Seat 5: Pandakey (big blind) collected ($2)


PokerStars Hand #148873569700:  Hold'em Limit ($3/$6 USD) - 2016/02/15 18:19:22 ET
Table 'Mentor' 6-max Seat #5 is the button
Seat 2: Ba/\eHTuH159 ($8.40 in chips)
Seat 5: Pandakey ($113.82 in chips)
Pandakey: posts small blind $1
Ba/\eHTuH159: posts big blind $3
*** HOLE CARDS ***
Pandakey: raises $3 to $6
Ba/\eHTuH159: calls $3
*** FLOP *** [2h 3h 6s]
Ba/\eHTuH159: bets $2.40 and is all-in
Pandakey: calls $2.40
*** TURN *** [2h 3h 6s] [Ks]
*** RIVER *** [2h 3h 6s Ks] [7s]
*** SHOW DOWN ***
Ba/\eHTuH159: shows [5s 6h] (a pair of Sixes)
Pandakey: shows [Jd 9c] (high card King)
Ba/\eHTuH159 collected $16.46 from pot
*** SUMMARY ***
Total pot $16.80 | Rake $0.34
Board [2h 3h 6s Ks 7s]
Seat 2: Ba/\eHTuH159 (big blind) showed [5s 6h] and won ($16.46) with a pair of Sixes
Seat 5: Pandakey (button) (small blind) showed [Jd 9c] and lost with high card King


PokerStars Hand #148873564829:  Hold'em Limit ($3/$6 USD) - 2016/02/15 18:19:16 ET
Table 'Mentor' 6-max Seat #2 is the button
Seat 2: Ba/\eHTuH159 ($9.40 in chips)
Seat 5: Pandakey ($112.82 in chips)
Ba/\eHTuH159: posts small blind $1
Zubasa07: is sitting out
Pandakey: posts big blind $3
*** HOLE CARDS ***
Zubasa07 leaves the table
Ba/\eHTuH159: folds
Uncalled bet ($2) returned to Pandakey
Pandakey collected $2 from pot
Pandakey: doesn't show hand
*** SUMMARY ***
Total pot $2 | Rake $0
Seat 2: Ba/\eHTuH159 (button) (small blind) folded before Flop
Seat 5: Pandakey (big blind) collected ($2)


PokerStars Hand #148873650081:  Hold'em Limit ($3/$6 USD) - 2016/02/15 18:20:52 ET
Table 'Mentor' 6-max Seat #5 is the button
Seat 2: Ba/\eHTuH159 ($16.10 in chips)
Seat 5: Pandakey ($105.18 in chips)
Pandakey: posts small blind $1
Ba/\eHTuH159: posts big blind $3
*** HOLE CARDS ***
Pandakey: folds
Uncalled bet ($2) returned to Ba/\eHTuH159
Ba/\eHTuH159 collected $2 from pot
Ba/\eHTuH159: doesn't show hand
*** SUMMARY ***
Total pot $2 | Rake $0
Seat 2: Ba/\eHTuH159 (big blind) collected ($2)
Seat 5: Pandakey (button) (small blind) folded before Flop


PokerStars Hand #148873645774:  Hold'em Limit ($3/$6 USD) - 2016/02/15 18:20:47 ET
Table 'Mentor' 6-max Seat #2 is the button
Seat 2: Ba/\eHTuH159 ($17.10 in chips)
Seat 5: Pandakey ($104.18 in chips)
Ba/\eHTuH159: posts small blind $1
Pandakey: posts big blind $3
*** HOLE CARDS ***
Ba/\eHTuH159: folds
Uncalled bet ($2) returned to Pandakey
Pandakey collected $2 from pot
Pandakey: doesn't show hand
*** SUMMARY ***
Total pot $2 | Rake $0
Seat 2: Ba/\eHTuH159 (button) (small blind) folded before Flop
Seat 5: Pandakey (big blind) collected ($2)


PokerStars Hand #148873624229:  Hold'em Limit ($3/$6 USD) - 2016/02/15 18:20:23 ET
Table 'Mentor' 6-max Seat #5 is the button
Seat 2: Ba/\eHTuH159 ($23.10 in chips)
Seat 5: Pandakey ($98.42 in chips)
Pandakey: posts small blind $1
Ba/\eHTuH159: posts big blind $3
*** HOLE CARDS ***
Pandakey: raises $3 to $6
Ba/\eHTuH159: calls $3
*** FLOP *** [Jc 2c 8h]
Ba/\eHTuH159: checks
Pandakey: checks
*** TURN *** [Jc 2c 8h] [9s]
Ba/\eHTuH159: checks
Pandakey: bets $6
Ba/\eHTuH159: folds
Uncalled bet ($6) returned to Pandakey
Pandakey collected $11.76 from pot
Pandakey: doesn't show hand
*** SUMMARY ***
Total pot $12 | Rake $0.24
Board [Jc 2c 8h 9s]
Seat 2: Ba/\eHTuH159 (big blind) folded on the Turn
Seat 5: Pandakey (button) (small blind) collected ($11.76)


PokerStars Hand #148873620178:  Hold'em Limit ($3/$6 USD) - 2016/02/15 18:20:18 ET
Table 'Mentor' 6-max Seat #2 is the button
Seat 2: Ba/\eHTuH159 ($24.10 in chips)
Seat 5: Pandakey ($97.42 in chips)
Ba/\eHTuH159: posts small blind $1
Pandakey: posts big blind $3
*** HOLE CARDS ***
Ba/\eHTuH159: folds
Uncalled bet ($2) returned to Pandakey
Pandakey collected $2 from pot
Pandakey: doesn't show hand
*** SUMMARY ***
Total pot $2 | Rake $0
Seat 2: Ba/\eHTuH159 (button) (small blind) folded before Flop
Seat 5: Pandakey (big blind) collected ($2)


PokerStars Hand #148873610784:  Hold'em Limit ($3/$6 USD) - 2016/02/15 18:20:08 ET
Table 'Mentor' 6-max Seat #5 is the button
Seat 2: Ba/\eHTuH159 ($15.46 in chips)
Seat 5: Pandakey ($106.42 in chips)
Pandakey: posts small blind $1
Ba/\eHTuH159: posts big blind $3
*** HOLE CARDS ***
Pandakey: raises $3 to $6
Ba/\eHTuH159: raises $3 to $9
Pandakey: calls $3
*** FLOP *** [2c Ac Ts]
Ba/\eHTuH159: bets $3
Pandakey: folds
Uncalled bet ($3) returned to Ba/\eHTuH159
Ba/\eHTuH159 collected $17.64 from pot
Ba/\eHTuH159: doesn't show hand
*** SUMMARY ***
Total pot $18 | Rake $0.36
Board [2c Ac Ts]
Seat 2: Ba/\eHTuH159 (big blind) collected ($17.64)
Seat 5: Pandakey (button) (small blind) folded on the Flop


PokerStars Hand #148873606530:  Hold'em Limit ($3/$6 USD) - 2016/02/15 18:20:03 ET
Table 'Mentor' 6-max Seat #2 is the button
Seat 2: Ba/\eHTuH159 ($16.46 in chips)
Seat 5: Pandakey ($105.42 in chips)
Ba/\eHTuH159: posts small blind $1
Pandakey: posts big blind $3
*** HOLE CARDS ***
Ba/\eHTuH159: folds
Uncalled bet ($2) returned to Pandakey
Pandakey collected $2 from pot
Pandakey: doesn't show hand
*** SUMMARY ***
Total pot $2 | Rake $0
Seat 2: Ba/\eHTuH159 (button) (small blind) folded before Flop
Seat 5: Pandakey (big blind) collected ($2)


PokerStars Hand #148873602649:  Hold'em Limit ($3/$6 USD) - 2016/02/15 18:19:59 ET
Table 'Mentor' 6-max Seat #5 is the button
Seat 2: Ba/\eHTuH159 ($15.46 in chips)
Seat 5: Pandakey ($106.42 in chips)
Pandakey: posts small blind $1
Ba/\eHTuH159: posts big blind $3
*** HOLE CARDS ***
Pandakey: folds
Uncalled bet ($2) returned to Ba/\eHTuH159
Ba/\eHTuH159 collected $2 from pot
Ba/\eHTuH159: doesn't show hand
*** SUMMARY ***
Total pot $2 | Rake $0
Seat 2: Ba/\eHTuH159 (big blind) collected ($2)
Seat 5: Pandakey (button) (small blind) folded before Flop


PokerStars Hand #148873598282:  Hold'em Limit ($3/$6 USD) - 2016/02/15 18:19:54 ET
Table 'Mentor' 6-max Seat #2 is the button
Seat 2: Ba/\eHTuH159 ($16.46 in chips)
Seat 5: Pandakey ($105.42 in chips)
Ba/\eHTuH159: posts small blind $1
Pandakey: posts big blind $3
*** HOLE CARDS ***
Ba/\eHTuH159: folds
Uncalled bet ($2) returned to Pandakey
Pandakey collected $2 from pot
Pandakey: doesn't show hand
*** SUMMARY ***
Total pot $2 | Rake $0
Seat 2: Ba/\eHTuH159 (button) (small blind) folded before Flop
Seat 5: Pandakey (big blind) collected ($2)


PokerStars Hand #148873671659:  Hold'em Limit ($3/$6 USD) - 2016/02/15 18:21:17 ET
Table 'Mentor' 6-max Seat #5 is the button
Seat 2: Ba/\eHTuH159 ($12.10 in chips)
Seat 5: Pandakey ($109.18 in chips)
Pandakey: posts small blind $1
Ba/\eHTuH159: posts big blind $3
*** HOLE CARDS ***
Pandakey: raises $3 to $6
Ba/\eHTuH159: calls $3
*** FLOP *** [2c 3h 9h]
Ba/\eHTuH159: bets $3
Pandakey: calls $3
*** TURN *** [2c 3h 9h] [4h]
Ba/\eHTuH159: bets $3.10 and is all-in
Pandakey: calls $3.10
*** RIVER *** [2c 3h 9h 4h] [Tc]
*** SHOW DOWN ***
Ba/\eHTuH159: shows [7d 5h] (high card Ten)
Pandakey: shows [Ah 9c] (a pair of Nines)
Pandakey collected $23.72 from pot
*** SUMMARY ***
Total pot $24.20 | Rake $0.48
Board [2c 3h 9h 4h Tc]
Seat 2: Ba/\eHTuH159 (big blind) showed [7d 5h] and lost with high card Ten
Seat 5: Pandakey (button) (small blind) showed [Ah 9c] and won ($23.72) with a pair of Nines


PokerStars Hand #148873666445:  Hold'em Limit ($3/$6 USD) - 2016/02/15 18:21:11 ET
Table 'Mentor' 6-max Seat #2 is the button
Seat 2: Ba/\eHTuH159 ($13.10 in chips)
Seat 5: Pandakey ($108.18 in chips)
Ba/\eHTuH159: posts small blind $1
Pandakey: posts big blind $3
*** HOLE CARDS ***
Ba/\eHTuH159: folds
Uncalled bet ($2) returned to Pandakey
Pandakey collected $2 from pot
Pandakey: doesn't show hand
*** SUMMARY ***
Total pot $2 | Rake $0
Seat 2: Ba/\eHTuH159 (button) (small blind) folded before Flop
Seat 5: Pandakey (big blind) collected ($2)


PokerStars Hand #148873660281:  Hold'em Limit ($3/$6 USD) - 2016/02/15 18:21:04 ET
Table 'Mentor' 6-max Seat #5 is the button
Seat 2: Ba/\eHTuH159 ($16.10 in chips)
Seat 5: Pandakey ($105.18 in chips)
Pandakey: posts small blind $1
Ba/\eHTuH159: posts big blind $3
*** HOLE CARDS ***
Pandakey: raises $3 to $6
Ba/\eHTuH159: folds
Uncalled bet ($3) returned to Pandakey
Pandakey collected $6 from pot
Pandakey: doesn't show hand
*** SUMMARY ***
Total pot $6 | Rake $0
Seat 2: Ba/\eHTuH159 (big blind) folded before Flop
Seat 5: Pandakey (button) (small blind) collected ($6)


PokerStars Hand #148873654579:  Hold'em Limit ($3/$6 USD) - 2016/02/15 18:20:57 ET
Table 'Mentor' 6-max Seat #2 is the button
Seat 2: Ba/\eHTuH159 ($17.10 in chips)
Seat 5: Pandakey ($104.18 in chips)
Ba/\eHTuH159: posts small blind $1
Pandakey: posts big blind $3
*** HOLE CARDS ***
Ba/\eHTuH159: folds
Uncalled bet ($2) returned to Pandakey
Pandakey collected $2 from pot
Pandakey: doesn't show hand
*** SUMMARY ***
Total pot $2 | Rake $0
Seat 2: Ba/\eHTuH159 (button) (small blind) folded before Flop
Seat 5: Pandakey (big blind) collected ($2)


PokerStars Hand #148873737936:  Hold'em Limit ($3/$6 USD) - 2016/02/15 18:22:32 ET
Table 'Mentor' 6-max Seat #5 is the button
Seat 2: Ba/\eHTuH159 ($45.99 in chips)
Seat 5: Pandakey ($122.56 in chips)
Pandakey: posts small blind $1
Ba/\eHTuH159: posts big blind $3
*** HOLE CARDS ***
Pandakey: folds
Uncalled bet ($2) returned to Ba/\eHTuH159
Ba/\eHTuH159 collected $2 from pot
Ba/\eHTuH159: doesn't show hand
Zubasa07 joins the table at seat #3
*** SUMMARY ***
Total pot $2 | Rake $0
Seat 2: Ba/\eHTuH159 (big blind) collected ($2)
Seat 5: Pandakey (button) (small blind) folded before Flop


PokerStars Hand #148873722455:  Hold'em Limit ($3/$6 USD) - 2016/02/15 18:22:15 ET
Table 'Mentor' 6-max Seat #2 is the button
Seat 2: Ba/\eHTuH159 ($43.11 in chips)
Seat 5: Pandakey ($125.56 in chips)
Ba/\eHTuH159: posts small blind $1
Pandakey: posts big blind $3
*** HOLE CARDS ***
Ba/\eHTuH159: calls $2
Pandakey: checks
*** FLOP *** [9d 8h 8d]
Pandakey: checks
Ba/\eHTuH159: bets $3
Pandakey: folds
Uncalled bet ($3) returned to Ba/\eHTuH159
Ba/\eHTuH159 collected $5.88 from pot
Ba/\eHTuH159: doesn't show hand
*** SUMMARY ***
Total pot $6 | Rake $0.12
Board [9d 8h 8d]
Seat 2: Ba/\eHTuH159 (button) (small blind) collected ($5.88)
Seat 5: Pandakey (big blind) folded on the Flop


PokerStars Hand #148873718498:  Hold'em Limit ($3/$6 USD) - 2016/02/15 18:22:10 ET
Table 'Mentor' 6-max Seat #5 is the button
Seat 2: Ba/\eHTuH159 ($42.11 in chips)
Seat 5: Pandakey ($126.56 in chips)
Pandakey: posts small blind $1
Ba/\eHTuH159: posts big blind $3
*** HOLE CARDS ***
Pandakey: folds
Uncalled bet ($2) returned to Ba/\eHTuH159
Ba/\eHTuH159 collected $2 from pot
Ba/\eHTuH159: doesn't show hand
*** SUMMARY ***
Total pot $2 | Rake $0
Seat 2: Ba/\eHTuH159 (big blind) collected ($2)
Seat 5: Pandakey (button) (small blind) folded before Flop


PokerStars Hand #148873702013:  Hold'em Limit ($3/$6 USD) - 2016/02/15 18:21:51 ET
Table 'Mentor' 6-max Seat #2 is the button
Seat 2: Ba/\eHTuH159 ($48.11 in chips)
Seat 5: Pandakey ($120.80 in chips)
Ba/\eHTuH159: posts small blind $1
Pandakey: posts big blind $3
*** HOLE CARDS ***
Ba/\eHTuH159: calls $2
Pandakey: raises $3 to $6
Ba/\eHTuH159: calls $3
*** FLOP *** [Ts 9d 8c]
Pandakey: checks
Ba/\eHTuH159: checks
*** TURN *** [Ts 9d 8c] [8s]
Pandakey: checks
Ba/\eHTuH159: checks
*** RIVER *** [Ts 9d 8c 8s] [4s]
Pandakey: checks
Ba/\eHTuH159: checks
*** SHOW DOWN ***
Pandakey: shows [Ad 5h] (a pair of Eights)
Ba/\eHTuH159: mucks hand
Pandakey collected $11.76 from pot
*** SUMMARY ***
Total pot $12 | Rake $0.24
Board [Ts 9d 8c 8s 4s]
Seat 2: Ba/\eHTuH159 (button) (small blind) mucked
Seat 5: Pandakey (big blind) showed [Ad 5h] and won ($11.76) with a pair of Eights


PokerStars Hand #148873847286:  Hold'em Limit ($3/$6 USD) - 2016/02/15 18:24:38 ET
Table 'Mentor' 6-max Seat #4 is the button
Seat 2: Ba/\eHTuH159 ($9.81 in chips)
Seat 4: harrydonkey ($160.02 in chips)
harrydonkey: posts small blind $1
Ba/\eHTuH159: posts big blind $3
*** HOLE CARDS ***
harrydonkey: folds
Uncalled bet ($2) returned to Ba/\eHTuH159
Ba/\eHTuH159 collected $2 from pot
Ba/\eHTuH159: doesn't show hand
*** SUMMARY ***
Total pot $2 | Rake $0
Seat 2: Ba/\eHTuH159 (big blind) collected ($2)
Seat 4: harrydonkey (button) (small blind) folded before Flop


PokerStars Hand #148873842314:  Hold'em Limit ($3/$6 USD) - 2016/02/15 18:24:32 ET
Table 'Mentor' 6-max Seat #2 is the button
Seat 2: Ba/\eHTuH159 ($10.81 in chips)
Seat 4: harrydonkey ($159.02 in chips)
Ba/\eHTuH159: posts small blind $1
Zubasa07: is sitting out
harrydonkey: posts big blind $3
*** HOLE CARDS ***
Zubasa07 leaves the table
Ba/\eHTuH159: folds
Uncalled bet ($2) returned to harrydonkey
harrydonkey collected $2 from pot
*** SUMMARY ***
Total pot $2 | Rake $0
Seat 2: Ba/\eHTuH159 (button) (small blind) folded before Flop
Seat 4: harrydonkey (big blind) collected ($2)


